4194 6184
380 212 490 268 715

1841 203 2234 263 I’RrEFATIO.

3592 211 3700 267 7η

379 326 603 383 vocibus
619 321 890 394 dictisque
911 363 924 389 ,
954 322 1009 378 in
1032 321 1229 392 quibus
1257 319 1598 392 explicandis
1627 320 1769 378 inter
1792 336 1851 378 se
1880 320 1992 377 dis-
2013 321 2070 383 Α
2098 323 2304 390 Osium,
2328 332 2375 378 et
2397 323 2546 378 illum
2575 323 2792 378 nimium
2831 324 2916 378 sui
2938 323 3166 395 sepulcri
3196 333 3452 380 amantem
3477 331 3706 399 reperia-

379 420 690 478 sentiebant
715 418 1016 474 orientales
1049 417 1298 487 Episcopi
1324 458 1337 483 ,
1364 424 1420 471 ut
1442 415 1766 472 catholicum
1794 415 1991 487 dogma

381 513 651 571 adversus
664 511 925 568 Arianam
958 510 1216 566 haeresim
1246 510 1392 565 clare
1423 519 1652 579 tutoque
1681 509 1871 565 iisdem
1901 509 1997 567 de-

383 607 693 664 clararetur
719 624 730 659 :
755 603 965 661 idcirco
982 603 1254 677 ὁμοουσίου
1277 603 1637 676 ϐῑὸμοιουσίου
1650 603 1918 659 vocabula
1939 602 1993 659 in

386 715 457 758 eo
480 699 784 770 praesertim
817 697 1156 770 expendens,
1186 696 1407 768 quinam
1437 697 1508 750 sit
1539 697 1822 766 utriusque
1847 695 1998 751 vocis

387 802 574 850 rectus
602 805 830 857 sensus,
858 806 980 860 quae
1027 803 1158 844 vera
1186 797 1240 844 et
1283 787 1548 844 catholica
1581 788 1994 857 interpretatio,

391 886 649 959 pluribus
691 884 956 940 ostendit.
989 881 1315 953 Hujusmodi
1353 890 1532 938 tamen
1563 881 1701 936 liber
1730 880 1996 937 Hilarium

391 978 449 1036 in
475 977 732 1033 invidiam
765 984 821 1031 et
841 973 1210 1045 suSpicionem
1230 973 1369 1044 apud
1388 971 1651 1043 quosdam
1673 971 1998 1038 adduxerat,

391 1071 446 1126 in
466 1069 657 1141 primis
699 1067 847 1140 apud
870 1067 1210 1132 Luciferum,
1244 1067 1331 1122 cui
1363 1065 1482 1121 haec
1515 1064 1702 1121 Hilarii
1728 1065 1892 1121 verba
1921 1065 2004 1120 vi—

393 1164 595 1220 dentur
618 1162 798 1216 minus
812 1161 1036 1232 probata
1071 1160 1274 1216 fuisse:
1306 1158 1560 1229 Exposita
1591 1158 1746 1212 unius
1768 1158 2006 1212 substan-

398 1257 501 1323 tia,
523 1273 640 1327 qua
652 1270 817 1327 graec
835 1254 1162 1309 homousion
1186 1251 1404 1317 dicitur,
1421 1260 1468 1304 et
1483 1250 1671 1304 similis
1682 1249 2003 1315 substantia,

400 1366 514 1418 qua
547 1347 891 1405 hommusion
931 1346 1253 1416 appellatur,
1280 1344 1424 1412 ﬁdeli
1447 1351 1494 1397 et
1519 1342 1607 1413 pia
1641 1341 2004 1413 intelligentia,

401 1451 500 1497 etc.
521 1443 674 1513 quasi
699 1440 1058 1497 contenderet
1079 1435 1318 1504 Lucifer,
1340 1451 1446 1490 non
1475 1436 1619 1506 piam
1639 1434 2008 1497 solummodo,

401 1537 500 1594 sed
555 1551 683 1593 vere
739 1535 1063 1591 catholicam
1115 1547 1240 1588 esse
1299 1530 1571 1584 homausii
1651 1527 2011 1600 significatio-

407 1643 566 1694 nem,
616 1642 778 1698 quam
807 1626 1046 1682 Hilarius
1097 1622 1428 1694 protulerat,
1477 1634 1578 1676 nec
1625 1620 1810 1674 similis
1856 1617 2013 1673 alteri

2097 426 2203 484 tur,
2233 415 2322 485 qui
2369 417 2642 470 tacendum
2683 432 2791 471 esse
2837 415 3092 470 existimet
3133 415 3196 478 de
3236 428 3473 487 utroque.
3513 417 3578 472 Et
3607 437 3706 488 quo

2099 509 2308 563 tandem
2339 510 2391 563 in
2418 510 2575 564 tantis
2611 510 2977 565 hareticorum
3004 509 3275 580 furoribus
3315 511 3603 566 recidemus
3623 555 3639 580 ,
3665 515 3708 566 si

2100 620 2202 658 non
2249 605 2372 658 dum
2403 614 2678 675 utrumque
2719 606 2999 674 recipimus
3023 646 3037 670 ,
3068 613 3341 676 utrumque
3389 606 3667 660 retinemus
3687 607 3714 659 .’

2104 695 2228 752 Non
2261 698 2397 752 enim
2434 696 2597 751 uideri
2643 706 2810 765 potest
2838 697 2999 766 impie
3027 697 3168 760 dici,
3216 709 3271 751 ut
3321 698 3444 766 quia
3473 707 3713 752 neutrum

2103 791 2355 858 scriptum
2377 790 2686 862 reperiatur,
2712 798 2801 843 aut
2828 797 3067 844 neutrum
3087 790 3439 857 conﬁtendum
3468 807 3596 856 esse,
3623 801 3715 845 aut

2102 892 2393 953 utrumque.
2427 884 2499 938 At
2526 881 2780 937 Lucifero
2820 880 3055 936 fortasse
3086 895 3192 936 non
3226 881 3430 951 placuit
3463 882 3712 937 instituta

2105 979 2248 1034 inter
2266 994 2458 1034 vocem
2483 986 2770 1048 utramque
2792 976 3160 1047 comparatio;
3187 976 3347 1045 longe
3365 975 3509 1030 enim
3529 976 3716 1046 diSpar

2108 1084 2229 1130 erat
2260 1075 2550 1145 utriusque
2581 1073 2720 1128 ratio
2746 1091 2757 1128 :
2784 1072 3085 1126 homousion
3109 1071 3458 1126 sanctissimo
3478 1085 3716 1128 mcumc-

2109 1169 2540 1226 meniciconcilii
2559 1168 2872 1224 testimonio
2892 1177 3008 1223 erat
3022 1167 3292 1229 innixum,
3311 1166 3512 1220 nullam
3529 1165 3718 1236 hujus-

2112 1263 2257 1317 modi
2274 1263 2657 1318 auctoritatem
2674 1262 2991 1316 Itomausion
3005 1275 3114 1330 pra:
3130 1275 3189 1316 se
3205 1259 3434 1325 ferebat;
3461 1260 3589 1314 illud
3602 1275 3720 1316 cer-

2115 1364 2167 1408 ta
2216 1363 2334 1409 erat
2379 1353 2796 1410 Catholicorum
2831 1364 3074 1420 tessera,
3103 1354 3352 1424 quamvis
3383 1354 3628 1408 nonnulli
3670 1354 3724 1408 in

2117 1466 2342 1519 pravum
2375 1466 2597 1506 sensum
2618 1450 2765 1506 illius
2797 1450 3218 1520 explicationem
3249 1447 3727 1516 torquerent;hoe

2120 1546 2504 1601 haereticorum
2519 1545 2797 1600 hominum
2814 1554 2938 1599 nota
2951 1544 3083 1613 ,qui,
3102 1558 3225 1597 cum
3245 1542 3546 1598 abArianis
3558 1556 3731 1598 seces-

2120 1639 2330 1694 sionem
2350 1639 2637 1705 fecissent,
2671 1637 2995 1694 Semiariani
3019 1636 3145 1691 inde
3175 1635 3307 1690 dicti
3332 1635 3577 1703 fuerant,
3602 1634 3730 1704 quia

406 1722 675 1793 quispiam
715 1735 842 1776 esse
895 1729 1083 1790 posset
1125 1725 1316 1772 “3mm
1345 1756 1359 1780 ’
1390 1714 1481 1786 qni
1522 1729 1629 1769 "0"
1658 1721 1808 1770 esset
1851 1713 2013 1768 etiam
2046 1720 2093 1781 Β
2122 1745 2178 1792 et
2207 1735 2530 1791 Itomausion
2553 1731 2912 1802 rejiciebant,
2946 1740 3001 1786 et
3025 1731 3343 1802 imperfecta
3369 1729 3728 1784 similitudinis

411 1816 627 1886 aqualis
647 1857 662 1881 ,
703 1824 762 1870 ut
793 1815 909 1884 ipse
951 1811 1188 1868 Hilarius
1233 1810 1536 1880 intelligere
1564 1823 1625 1864 se
1657 1807 1928 1862 fatebatur
1959 1807 2014 1862 in

415 1909 608 1965 eodem
628 1907 764 1963 libro
786 1905 999 1962 :Testor
1029 1903 1198 1959 Deum
1225 1903 1341 1957 cali
1371 1913 1417 1955 et
1447 1912 1618 1967 terra,
1647 1916 1729 1954 me
1756 1916 1872 1954 cum
1895 1916 2021 1953 neu-

2122 1847 2284 1888 sensu
2329 1830 2601 1884 docebant
2635 1841 2757 1882 esse
2806 1824 3150 1880 solummodo
3190 1825 3510 1878 Itomausion
3564 1824 3730 1879 Patri.

2124 1924 2442 1995 Respondet
2459 1919 2877 1992 igiturI-Iilarius
2903 1918 2954 1972 in
2973 1916 3288 1986 Apologet.:
3311 1916 3454 1970 Satis
3481 1915 3732 1980 absolute,

416 2001 1078 2068 truntaudissem,semper
1105 2005 1275 2050 tamen
1309 2004 1582 2062 utrumque
1613 1992 2026 2062 seusisse,quod
2128 1992 2348 2072 Dan'ﬁne
2388 2021 2549 2088 frater
2587 2012 2816 2080 Lua-rer,
2851 2011 3093 2080 cognosci
3139 2010 3355 2079 palm.“
3383 2008 3598 2062 invitum
3655 2023 3736 2060 me

417 2110 510 2164 per
540 2091 870 2147 homousion
903 2088 1252 2154 bommqsion
1282 2094 1484 2155 oportet
1528 2084 1750 2154 intelligi
1797 2100 1809 2135 :
1855 2083 1910 2136 id
1951 2093 2025 2138 est

417 2189 554 2243 nihil
598 2187 764 2242 simile
805 2185 907 2240 sibi
950 2183 1238 2240 secundum
1283 2189 1524 2234 naturam
1562 2195 1668 2234 esse
1713 2193 1893 2249 posse,
1927 2178 2027 2231 nisi

421 2283 562 2353 quod
594 2291 720 2336 esset
741 2296 805 2336 ea:
831 2278 1011 2334 eadem
1034 2285 1247 2330 natura.
1278 2274 1464 2344 Itaque
1491 2272 1726 2328 Hilarius
1758 2272 1810 2326 in
1841 2271 2029 2340 apolo-

423 2374 607 2445 geticis
652 2372 720 2425 ad
765 2368 1185 2441 Reprehensores
1229 2367 1345 2420 libri
1392 2364 1456 2419 de
1503 2363 1735 2434 Synodis
1770 2362 2032 2433 responsis

425 2467 543 2524 haec
573 2467 640 2522 ad
671 2465 981 2522 Luciferum
1026 2461 1219 2518 scribit
1247 2477 1260 2512 :
1294 2458 1415 2513 Non
1445 2467 1572 2530 pulo
1603 2472 1911 2526 quemquam
1941 2454 2034 2508 ad-

426 2561 738 2616 monendum
768 2559 824 2611 in
866 2557 964 2610 Itoc
1009 2555 1154 2619 loco,
1206 2561 1262 2606 ut
1303 2551 1598 2620 expendat,
1627 2564 1786 2619 quare
1816 2546 2038 2601 dixerint

428 2652 634 2708 similis
659 2649 981 2706 substantia:
1025 2647 1166 2716 piam
1209 2643 1623 2713 intelligentiam
1643 2681 1658 2707 ,
1684 2640 1784 2694 nisi
1805 2640 1926 2711 quia
1955 2641 2035 2692 in.

433 2747 714 2817 telligerem
739 2753 785 2797 et
817 2742 1070 2813 impiam;
1103 2749 1152 2794 et
1196 2738 1392 2793 idcirco
1423 2735 1661 2792 similem
1683 2774 1699 2801 ,
1747 2750 1849 2788 non
1875 2733 2044 2787 solum

437 2840 728 2912 aequalem,
756 2838 846 2894 sed
873 2837 1030 2892 etiam
1057 2832 1306 2890 eamdem
1334 2831 1552 2895 dixisse,
1586 2838 1640 2883 ut
1667 2845 1831 2900 neque
1853 2828 2047 2882 simili-

438 2932 706 2997 tudinem,
739 2947 894 3002 quam
917 2939 995 2990 tu,
1014 2927 1177 2997 frater
1210 2924 1443 2994 Lucifer,
1475 2922 1752 2992 pradicari
1783 2920 2043 2986 uolueras,

437 3029 809 3099 improbarent,
857 3035 904 3079 et
934 3032 1104 3078 tamen
1131 3021 1299 3076 solam
1337 3019 1482 3089 piam
1529 3033 1636 3072 esse
1669 3014 2050 3071 similitudinis

442 3120 862 3190 intelligentiam
896 3117 1226 3171 admonerem
1245 3153 1260 3179 ,
1288 3126 1409 3182 quae
1434 3109 1699 3165 unitatem
1727 3106 2050 3162 substantiae
2077 3105 2123 3170 C

444 3216 753 3287 pradicant
785 3230 803 3268 :
835 3220 1067 3267 noverat
1111 3207 1256 3265 enim
1290 3205 1529 3262 Hilarius
1559 3204 1761 3276 quibus
1789 3201 2054 3272 ambigui-

443 3311 649 3366 tatibus
699 3307 950 3364 subesset
994 3301 1332 3359 vocabulum
1376 3297 1678 3362 .‘iomausii,
1713 3309 1889 3363 neque
1930 3307 2055 3349 esse

446 3400 586 3457 illud
637 3398 975 3470 probandum
1022 3392 1368 3457 affirmabat,
1420 3388 1526 3443 nisi
1567 3385 1927 3442 similitudinis
1958 3397 2057 3439 no-

450 3495 600 3552 mine
647 3496 890 3565 perfecta
941 3486 1243 3543 substantia
1299 3481 1570 3554 aqualitas
1619 3476 2055 3548 significaretur;

450 3603 561 3662 quo
592 3597 774 3644 tamen
800 3581 1163 3641 confidentius
1189 3577 1444 3634 utebatur
1466 3571 1707 3636 Lucifer,
1735 3578 1792 3624 ut
1810 3566 2056 3638 ejusdem

453 3697 671 3759 qquue
703 3677 956 3736 vocabuli
989 3673 1379 3732 communione
1407 3667 1591 3724 allecti
1622 3665 1881 3721 libentius
1909 3677 1972 3718 se
1999 3675 2058 3716 se

455 3754 577 3850 conj
589 3783 854 3850 ungerent
883 3769 1181 3831 Catholicis
1203 3767 1274 3835 ii,
1294 3765 1388 3837 qui
1418 3760 1607 3818 Ariani
1635 3759 1844 3815 erroris
1871 3754 2063 3826 impie-

455 3880 624 3927 tatem
643 3864 1035 3939 detegerejam
1052 3867 1360 3932 caperent,
1385 3863 1444 3911 et
1465 3853 1533 3908 ab
1563 3850 1955 3906 haereticorum
1973 3861 2064 3901 so-

461 3967 661 4023 cietate
683 3970 860 4020 semet
878 3959 1192 4030 disjungere
1207 3952 1463 4016 avebant,
1484 3948 1588 4004 nisi
1609 3950 1843 4003 obscura
1855 3951 1910 3999 et
1935 3956 2064 3998 con-

462 4058 580 4114 fusa
615 4070 810 4113 vocum
839 4052 1068 4122 ambage
1098 4045 1298 4103 irretiti
1326 4042 1581 4107 fuissent,
1616 4053 1750 4106 quas
1772 4037 1839 4092 de
1867 4044 2066 4091 natura

464 4162 522 4208 et
550 4147 854 4206 substantia
874 4142 1044 4202 Verbi
1074 4141 1249 4197 Divini
1282 4152 1381 4209 pro
1416 4134 1686 4205 cujusque
1721 4145 1887 4186 sensu
1915 4138 1970 4184 et
2001 4128 2071 4184 li-

466 4245 600 4302 bera
645 4238 1096 4311 interpretatione
1126 4231 1382 4304 usurpari
1432 4230 1487 4284 in
1521 4226 1716 4295 vulgus
1749 4221 2068 4278 audiebant.

470 4337 669 4395 Aiebat
694 4342 956 4406 praeterea
981 4329 1243 4394 Hilarius,
1276 4321 1542 4379 homoeusii
1580 4331 1770 4373 vocem
1813 4330 1920 4370 non
1947 4327 2073 4370 esse

471 4433 680 4490 idcirco
701 4427 1077 4499 rejiciendam,
1103 4423 1227 4494 quia
1251 4420 1436 4491 plures
1462 4422 1671 4478 essent,
1696 4410 1786 4481 qui
1817 4408 1965 4464 illius
1996 4407 2073 4463 si-

472 4523 826 4598 gnificatione
846 4520 1234 4580 abuterentur;
1261 4527 1383 4568 nam
1402 4519 1457 4566 et
1479 4505 1738 4562 homousii
1754 4501 2074 4557 vocabulum
2102 4499 2158 4562 D

474 4592 654 4675 uitiosa
675 4614 1176 4684 interpretabantur
1203 4621 1311 4663 non
1336 4603 1490 4675 pauci
1512 4643 1526 4666 ,
1546 4600 1674 4655 licet
1701 4595 1907 4652 Nicmni
1938 4592 2082 4649 Con-

479 4713 592 4770 cilii
606 4706 1067 4767 auctoritasillius
1080 4713 1132 4758 et
1160 4713 1381 4756 sensum
1394 4705 1450 4753 et
1467 4707 1626 4750 usum
1644 4686 2081 4758 comprobasset;

480 4821 659 4877 neque
706 4802 966 4859 indictum
1015 4796 1083 4851 de
1129 4789 1413 4848 homausio
1460 4781 1739 4841 silentium
1788 4777 2078 4849 quidquam

483 4872 680 4956 obesse
709 4902 921 4967 poterat
948 4887 1235 4946 catholicae
1283 4879 1530 4952 ejusdem
1561 4874 1712 4930 vocis
1755 4872 2086 4938 interpreta-

482 4991 623 5047 tioni
643 5034 657 5056 ,
679 4964 880 5060 quippe
906 4985 1069 5040 etiam
1091 4980 1158 5034 de
1178 4974 1444 5032 ltomousio
1463 4965 1753 5025 tacendum
1771 4964 2092 5018 decreverat

485 5052 739 5159 Synodus
764 5052 1080 5138 Sirmiensis
1105 5071 1232 5128 anni
1261 5069 1389 5127 557.
1413 5064 1520 5120 Sed
1549 5066 1713 5159 forte,
1739 5055 1917 5159 inquit
1944 5052 2090 5159 lIil'a—

489 5143 625 5246 rius,
641 5178 841 5232 dicetur
869 5171 995 5226 mihi
1015 5185 1032 5225 :
1049 5165 1224 5237 Aliqui
1247 5161 1398 5217 hodie
1423 5175 1486 5214 ea:
1503 5156 1606 5220 his,
1626 5153 1713 5224 qui
1732 5143 2091 5246 tumSgnpdo,

492 5273 550 5331 id
581 5283 662 5329 est
683 5271 940 5332 Nic-ante,
968 5266 1317 5335 interfuerunt
1346 5255 1556 5325 (Osium
1588 5248 1843 5304 nimirum
1867 5240 2094 5304 indicat,

493 5368 586 5440 qui
631 5364 911 5432 silentium
953 5330 1208 5414 vocabuli
1249 5346 1556 5404 homousion
1587 5342 1644 5396 in
1688 5335 1960 5440 Concilio.
1985 5330 2101 5386 Sir-

495 5426 696 5522 mieusi
719 5456 1028 5532 probavit),
1061 5447 1333 5506 tacendum
1377 5444 1439 5496 de
1467 5434 1760 5495 homousio
1791 5445 1900 5484 esse
1927 5426 2104 5532 decre-

496 5517 700 5615 uerunt.
720 5517 802 5608 'Et
829 5566 924 5622 ego
950 5517 1139 5602 inuitus
1167 5543 1285 5596 licet
1315 5530 1634 5605 respondebo
1663 5522 1857 5579 dicenti
1881 5535 1898 5574 :
1931 5517 2106 5570 Num-

499 5655 624 5728 quid
652 5669 756 5707 non
784 5659 830 5705 et
852 5613 954 5720 ipsi
976 5639 1250 5699 tacendum
1271 5635 1334 5689 de
1361 5623 1670 5728 IIOIIKBUSI‘O.
1697 5634 1806 5676 esse
1831 5613 2110 5669 constitue-

2130 2107 2744 2166 hommusiimentionem
2762 2103 2966 2157 habere.
2996 2101 3103 2156 Sed
3124 2103 3245 2170 quia
3269 2111 3321 2154 tu
3349 2101 3738 2154 similitudinem

2133 2203 2265 2258 Filii
2295 2203 2363 2256 ad
2413 2200 2625 2255 Patrem
2665 2197 3004 2267 pradicabas,
3040 2194 3412 2248 demonstratio
3439 2195 3554 2261 eius
3584 2210 3615 2245 a
3661 2209 3743 2246 me

2137 2301 2235 2372 fuit
2259 2297 2564 2369 exponenda
2591 2298 2702 2349 sine
2723 2292 2867 2346 vitio.
2903 2289 3055 2346 Unde
3089 2288 3292 2356 liquet,
3329 2286 3639 2342 Luciferum
3671 2286 3745 2341 ita

2139 2390 2409 2445 homausii
2433 2403 2622 2443 vocem
2655 2381 3052 2441 admittendam
3081 2380 3450 2443 concessisse,
3478 2388 3536 2432 ut
3564 2379 3752 2448 catho-

2138 2483 2246 2539 lico
2299 2496 2464 2537 sensu
2524 2478 2923 2547 intelligeretur
2955 2473 3256 2543 permissa;
3305 2470 3545 2526 Hilarius
3596 2487 3749 2537 vero,

2144 2585 2202 2632 ut
2245 2589 2441 2631 omnes
2487 2587 2680 2628 vocum
2714 2569 3042 2623 tollerentur
3070 2566 3327 2635 ambages
3351 2605 3364 2623 ,
3397 2575 3455 2619 et
3505 2563 3750 2632 ejusdem

2145 2669 2398 2726 vocabuli
2429 2663 2746 2721 communio
2775 2661 3026 2732 ejusdem
3073 2673 3292 2729 quoque
3338 2656 3490 2711 Fidei
3523 2656 3759 2712 serieta-

2149 2775 2258 2821 tem
2277 2768 2562 2835 pareretet
2584 2755 3025 2814 dissentientium
3044 2751 3350 2806 animorum
3377 2748 3750 2812 concordiam,

2151 2859 2383 2930 longiori
2426 2853 2803 2924 diSputatione
2826 2849 3206 2912 demonstrat,
3233 2860 3355 2914 qua:
3385 2859 3547 2914 prava
3577 2850 3756 2909 esset,

2152 2968 2273 3024 qum
2303 2958 2451 3007 recta
2479 2947 2632 3003 vocis
2664 2945 2952 3012 utriusque
2980 2939 3326 3010 signiﬁcatio,
3361 2953 3423 2992 ac
3456 2937 3587 2992 licet
3623 2938 3764 2991 iuvi-

2156 3059 2243 3105 tus
2267 3044 2538 3101 ltomausii
2577 3054 2797 3110 quoque
2825 3051 2979 3092 usqu
3005 3049 3108 3091 suo
3135 3034 3252 3105 ipse
3274 3047 3524 3090 assensu.
3553 3044 3763 3099 suoque

2159 3140 2475 3201 testimonio
2505 3136 2829 3198 confirmat,
2863 3147 2931 3186 ne
2961 3128 3256 3201 quidquam
3289 3142 3431 3178 vera:
3462 3123 3620 3179 Fidei
3651 3131 3764 3176 sta-

2153 3234 2446 3300 biliendae,
2478 3240 2534 3286 et
2582 3224 2906 3285 revocandae
2955 3223 3070 3290 paci
3123 3220 3176 3274 in
3228 3217 3531 3271 Ecclesium
3580 3219 3766 3284 posset

2157 3330 2386 3391 obesse;
2413 3325 2488 3380 ita
2513 3321 2660 3392 quod
2686 3314 2906 3374 Lucifer
2931 3311 3167 3381 simplici
3191 3308 3423 3381 quadam
3447 3305 3616 3362 animi
3639 3320 3769 3360 con-

2160 3421 2377 3478 ﬁdentia
2410 3414 2715 3488 probabat,
2747 3406 2984 3464 Hilarius
3010 3402 3188 3460 doctis
3211 3416 3427 3472 quoque
3479 3413 3771 3470 argumen-

2161 3518 2230 3574 tis
2262 3525 2427 3584 atque
2455 3505 2762 3564 rationibus
2793 3499 3045 3557 sufi'ulsit.
3070 3497 3254 3566 Neque
3273 3495 3408 3551 levis
3431 3503 3514 3549 est
3548 3493 3770 3562 conjec-

2163 3623 2283 3668 tura
2305 3607 2432 3663 inde
2449 3602 2707 3663 deducta,
2737 3595 3071 3656 Luciferum,
3097 3592 3188 3661 qui
3214 3601 3336 3661 post
3358 3586 3548 3643 Hilarii
3573 3587 3769 3643 librum
3858 3613 3864 3617 -

2163 3707 2232 3763 de
2257 3699 2527 3775 Synodis,
2559 3708 2690 3751 suos
2718 3693 2836 3762 ipse
2865 3704 2961 3759 pro
2987 3687 3047 3743 S.
3079 3682 3386 3741 Athanasio
3421 3680 3772 3750 composuit,

2164 3799 2312 3855 illius
2357 3793 2606 3850 doctrina
2645 3796 2702 3844 et
2747 3781 2969 3840 monitis
3015 3777 3311 3835 adductum
3351 3776 3539 3830 similis
3583 3788 3774 3828 vocem

2166 3909 2290 3951 cum
2317 3886 2584 3946 vocabulo
2614 3879 2827 3953 aqualis
2857 3871 3210 3944 conjunxisse
3258 3870 3313 3924 in
3357 3866 3575 3922 laudato
3606 3880 3772 3935 supe-

2168 3990 2285 4047 rius
2306 3979 2642 4046 testimonio,
2675 3991 2785 4048 quo
2815 3969 3020 4028 clarior
3046 3966 3201 4022 ﬁeret
3234 3971 3291 4020 et
3315 3961 3517 4018 mentis
3554 3967 3778 4016 senten-

2172 4085 2244 4142 tia
2275 4094 2330 4139 et
2354 4079 2504 4137 vocis
2534 4070 2879 4147 significatio.

2245 4180 2516 4236 Caeterum
2536 4186 2643 4227 non
2662 4167 2860 4224 desunt
2883 4158 3138 4218 Lucifero
3165 4153 3476 4210 locutiones
3506 4149 3651 4214 aliae,
3674 4163 3783 4205 eae-

2177 4288 2282 4346 que
2311 4264 2668 4342 gravissimae,
2688 4274 2810 4329 quae
2831 4255 3039 4311 Ariano
3067 4247 3244 4306 errori
3270 4245 3636 4346 adversantpr
3656 4255 3780 4310 per-

2179 4329 2392 4439 spicue,
2409 4373 2548 4432 quas
2568 4329 2714 4411 inter
2735 4349 2844 4405 vim
2875 4346 3039 4400 habet
3067 4339 3358 4395 maximam
3378 4334 3534 4387 unius
3562 4329 3782 4383 Deitatis

2181 4422 2491 4518 cbnfessio,
2541 4464 2647 4519 qua
2688 4438 2990 4511 saepissime
3032 4447 3166 4488 usus
3213 4437 3326 4492 est,
3382 4435 3441 4480 ut
3480 4422 3672 4493 quavis
3710 4436 3781 4475 ex

2187 4514 2338 4626 parte
2365 4514 2590 4615 impiam
2619 4532 2871 4592 haeresim
2897 4531 3261 4597 oppugnaret.
3288 4519 3422 4574 Cum
3451 4516 3599 4572 enim
3627 4514 3790 4568 Arius

2186 4608 2415 4704 alienum
2448 4608 2849 4697 externumque,
2874 4632 3125 4690 quantum
3164 4615 3232 4670 ad
3275 4610 3616 4668 substantiam
3660 4608 3786 4660 atti-

2188 4703 2308 4807 net,
2357 4738 2570 4793 Patrem
2600 4746 2632 4782 a
2662 4722 2805 4778 Filio
2835 4733 2956 4774 esse
2994 4714 3248 4775 doceret,
3285 4707 3414 4762 inde
3457 4703 3790 4774 sequebatur

2189 4796 2472 4901 utriusque
2502 4833 2723 4881 naturas
2750 4815 2966 4887 penitus
2993 4822 3114 4865 esse
3137 4801 3453 4862 dissimiles.
3476 4808 3532 4855 et
3559 4796 3791 4901 invicem

2192 4950 2222 4988 a
2251 4886 2736 4992 sese‘disjunctas;
2789 4920 2845 4966 et
2885 4916 3100 4969 tamen,
3147 4912 3256 4970 quo
3300 4901 3422 4951 erat
3467 4886 3791 4992 ingenionad

2189 4979 2504 5083 fallendum.
2521 5008 2836 5070 vat'errimo,
2865 5000 2918 5054 in
2942 4993 3170 5066 epistola
3191 4989 3260 5045 ad
3281 4985 3645 5083 Alexandrum

2445 5107 2668 5177 scripta,
2698 5112 2819 5168 qua:
2847 5092 3049 5162 legitur
3077 5082 3300 5188 et-apud
3330 5075 3674 5188 Athapatin
3699 5072 3793 5188 lib.

2200 5164 2526 5278 degssi"
2560 5164 2627 5253 ἐι
2654 5164 2804 5264 apud
2833 5185 3099 5243 Ililarium
3132 5180 3184 5234 in
3233 5176 3327 5278 lib.
3358 5186 3410 5273 tv
3462 5169 3547 5278 αξ.
3569 5164 3798 5268 'I'riuit.,

2202 5309 2279 5364 ait
2323 5257 2382 5359 se
2425 5257 2632 5356 idcirco
2689 5257 2799 5344 non
2843 5278 3094 5338 divisisse
3143 5265 3335 5342 μονάδα
3385 5264 3441 5315 in
3477 5257 3803 5364 Divinitpte;

2203 5349 2660 5474 quemadmodum
2681 5375 2952 5437 Sabelli-ts
2979 5366 3262 5426 diviserat,
3289 5358 3416 5411 licet
3441 5365 3606 5407 unum
3635 5349 3806 5402 idem-

2898 5463 2995 5474 .a...
3137 5471 3151 5474 -
3172 5451 3363 5474 -__--..:.
3431 5447 3486 5474 As
3517 5444 3806 5474 itm-arm...

2207 5444 2312 5570 ξιξ
2345 5477 2468 5549 esse
2495 5485 2709 5540 pawn,
2738 5485 2862 5528 cum
2898 5463 3039 5521 Filio
3066 5451 3389 5513 asseruerit.
3422 5447 3492 5502 At
3517 5444 3810 5570 haereticus

2763 5563 2818 5570 --.
2884 5558 2895 5570 .
3040 5543 3431 5570 κεμμέΠΛιιοῖΛηΔ
3472 5549 3668 5570 ams-nnc:
3716 5542 3771 5570 at

2212 5533 2728 5646 liii‘mbvvocabulum
2763 5558 2898 5618 illud
2939 5571 3000 5610 ea
3033 5543 3431 5622 significatione
3461 5533 3800 5646 rusurpabat,

2345 5628 2681 5748 singularum
2698 5651 3040 5723 intelligitur,
3059 5654 3113 5701 et
3131 5637 3435 5748 perfectam
3461 5628 3809 5688 Divinitatem

502 5697 664 5806 :unt?
695 5743 803 5799 Oro
826 5697 915 5796 sors
945 5753 1006 5792 ne
1046 5734 1318 5804 quisquam
1368 5725 1503 5779 alius
1532 5734 1594 5775 ea:
1618 5714 1698 5770 his
1725 5717 1913 5784 prater
1941 5717 2111 5760 senem
2213 5697 2318 5757 qua
2345 5697 2681 5748 διπςαιαηιυ·
2700 5697 3040 5723 ¹¹¹“’··“υ“’“·⁷
3067 5697 3109 5701 ’ν
3133 5697 3150 5713 ⁵
3165 5730 3246 5792 23

944 5829 1222 5890 PATBOL.
1271 5815 1450 5880 XIII.
