4194 6184
434 226 541 291 71⁷

1866 238 2258 303 ΡΒΒΙΡΑἹῚΟ.

3632 260 3737 320 718

433 354 674 415 terprete
701 345 894 414 latino,
926 348 1096 405 Deum
1117 350 1207 422 qui
1234 354 1414 424 genuit
1443 350 1736 410 Filium...
1766 371 1869 411 non
1916 358 2031 429 opi-
2058 362 2112 425 Α
2139 359 2374 419 Basilius
2419 362 2475 420 in
2518 365 2680 436 epist.
2714 366 2805 436 78,
2849 368 2923 423 al.
2959 369 3094 439 125;
3128 375 3385 443 paulatim
3417 384 3594 436 autem
3617 397 3731 437 cre-

428 436 583 492 uione
607 437 803 508 factum
828 448 920 494 aut
945 441 1249 514 coqitatum,
1280 443 1372 498 sed
1400 460 1456 498 re
1485 460 1609 500 vero
1636 447 1991 504 subsistentem
2012 491 2027 516 ,

426 545 647 602 eumque
675 532 958 589 subsistere
985 536 1108 608 fecit
1144 553 1242 591 sua
1270 536 1570 606 voluntate;
1601 556 1723 612 qua:
1756 543 1808 596 in
1836 540 2031 599 Graeco

426 622 741 695 huiusmodi
772 636 921 692 sunt,
943 628 1005 685 οὐ
1033 627 1262 697 δοκήσει,
1282 631 1408 688 ἀλλὰ
1426 632 1631 710 itineris;
1653 635 2028 695 ὑποστήσαντα

425 713 543 790 ἰδίῳ
570 718 807 792 θελήματι
827 736 840 774 :
863 718 929 775 de
952 737 1060 791 quo
1082 730 1263 779 tamen
1292 733 1507 781 veteres
1524 725 1717 783 Patres
1734 725 2028 799 aliquando

426 808 573 866 inter
600 825 658 866 se
683 812 1063 883 disputarunt,
1086 830 1207 871 cum
1236 816 1331 872 alii
1360 816 1668 886 docuerint,
1700 817 1895 875 Filium
1927 837 2024 874 ua-

428 903 669 959 turaliter
690 921 751 959 ac
775 906 887 963 sine
916 907 1180 963 uoluntate
1200 951 1216 976 ,
1244 911 1338 966 alii
1366 927 1469 966 non
1495 913 1786 969 necessario
1804 954 1819 981 ,
1847 929 1908 969 ac
1937 930 2023 969 uo—

424 993 624 1049 luntate
667 998 911 1068 genitum
954 1000 1153 1069 fuisse;
1201 1016 1431 1074 quorum
1470 1006 1777 1061 sententias
1817 1006 2026 1078 optime

419 1084 688 1158 explicat,
717 1099 773 1149 et
798 1091 941 1149 inter
966 1109 1027 1149 se
1057 1108 1117 1153 se
1143 1096 1424 1168 coniungit
1449 1098 1705 1156 Petavius
1738 1101 1788 1155 in
1846 1099 1939 1154 lib.
1974 1117 2023 1155 vr

420 1192 541 1253 cap.
567 1178 624 1248 8,
644 1197 794 1237 num.
814 1182 916 1239 22:
940 1180 1158 1256 Utrique
1178 1186 1323 1243 enim
1346 1205 1459 1244 eam
1481 1191 1793 1245 voluntatem
1814 1207 1872 1247 re
1897 1208 2021 1247 vera

418 1270 737 1341 admittunt,
766 1292 881 1347 qua:
908 1281 1200 1335 necessaria
1230 1281 1329 1347 sit;
1356 1291 1404 1335 et
1431 1280 1577 1337 illuni
1608 1285 1852 1357 rejiciunt
1879 1302 1911 1339 a
1934 1302 2023 1358 ge-

418 1369 685 1423 neratione
714 1365 882 1437 Filii,
912 1387 1027 1443 qua
1068 1373 1136 1427 sit
1181 1374 1371 1445 libera,
1402 1386 1449 1429 et
1479 1392 1591 1431 cum
1621 1376 2019 1446 deliberatione,

416 1469 572 1529 atque
616 1461 914 1519 utriuslibet
968 1474 1217 1536 potestate
1263 1471 1583 1542 conjuncta;
1633 1485 1742 1540 quo
1783 1471 2023 1527 maxime

416 1556 701 1627 spectabat
743 1556 859 1612 Arii
889 1557 1176 1624 doctrina.
1212 1557 1349 1615 hanc
1379 1560 1607 1617 liberam
1638 1562 1691 1617 in
1721 1560 1883 1619 Patre
1928 1579 2023 1620 vo-

415 1646 683 1705 luntatem
715 1647 885 1709 t‘uiSSe
912 1653 1231 1724 impiissime
1251 1653 1531 1710 afﬁrmans
1553 1655 1619 1709 ad
1648 1657 2018 1728 generandum

2131 454 2325 509 scentia
2364 455 2646 527 impietatis
2672 461 2893 528 semina,
2919 479 3037 535 qute
3072 468 3223 538 prius
3249 470 3312 524 ab
3361 462 3488 527 Aria
3524 474 3735 532 heresis

2130 556 2337 603 auctore
2356 551 2529 622 jacta,
2557 563 2733 623 postea
2760 570 2880 611 uero
2901 557 2964 611 ab
2988 558 3172 631 iis.qui
3209 563 3353 619 illius
3392 582 3591 622 errores
3632 570 3732 624 im-

2130 640 2287 709 probe
2316 656 2647 716 exceperunt,
2676 647 2747 703 ad
2787 647 3145 708 Ecclesiarum
3193 656 3472 726 perniciem
3511 664 3737 718 enutrita

2127 742 2281 803 sunt,
2308 735 2523 808 ipsaque
2548 736 2829 808 impietatis
2854 744 3008 800 series
3036 747 3091 801 in
3137 748 3508 819 blasphemiam
3551 765 3731 812 contra

2129 821 2387 918 Spiritum
2430 839 2661 886 sanctum
2690 836 2882 904 erupit.
2917 835 3055 894 Hinc
3083 840 3245 911 igitur
3273 842 3510 913 Lucifer,
3552 848 3643 918 qui
3675 849 3729 905 in

2125 914 2450 1010 ilonstantio
2477 924 2723 993 Augusto
2751 926 3083 998 impietatem
3101 931 3435 1004 iniquissimi
3460 914 3733 1010 dogmatis

2124 1006 2516 1081 insequebatur
2535 1016 2702 1074 veluti
2726 1018 2944 1077 Arianre
2974 1022 3204 1082 limosis
3226 1026 3438 1087 lautore
3466 1006 3733 1102 potentis-

2125 1103 2287 1172 simo,
2319 1105 2434 1162 haec
2457 1109 2636 1166 eidem
2658 1110 2978 1172 Constantio
2999 1119 3299 1189 exprobrat
3323 1124 3375 1179 iu
3407 1124 3503 1183 lib.
3528 1126 3597 1183 de
3622 1144 3727 1186 non

2127 1211 2287 1253 conv.
2318 1215 2440 1255 cum
2472 1202 2663 1259 haeret.
2694 1223 2705 1258 :
2730 1204 2884 1263 Illico
2910 1219 2964 1263 ut
2995 1215 3262 1281 occupasti
3292 1212 3505 1272 Italiam
3529 1262 3545 1285 ,
3573 1214 3732 1276 eccle-

2125 1292 2257 1346 siam
2300 1293 2413 1364 ejus
2439 1298 2646 1353 tentasti
2689 1311 2913 1365 uertere;
2945 1304 3125 1359 dixisti
3160 1306 3328 1363 Deum
3366 1308 3581 1366 Patrem
3626 1332 3729 1370 non

2126 1401 2233 1441 esse
2259 1402 2435 1443 verum
2463 1387 2631 1445 Deum
2651 1390 2885 1460 Patrem,
2911 1397 3125 1452 unicum
3146 1402 3257 1471 ejus
3282 1418 3476 1474 negans
3504 1402 3729 1473 Filium,

2124 1478 2384 1549 oﬂirmans
2412 1497 2514 1537 non
2542 1499 2650 1539 esse
2667 1485 2815 1540 illum
2836 1503 3010 1542 verum
3026 1487 3259 1560 Filium;
3278 1497 3548 1552 astruxisti
3578 1501 3731 1555 etiam

2126 1570 2380 1629 Sanctum
2422 1574 2760 1635 Paracletutn
2785 1578 3039 1652 Spiritum
3068 1586 3376 1657 fabricatum
3400 1608 3513 1647 esse
3538 1608 3604 1649 ea:
3646 1598 3729 1650 ni-

2124 1662 2256 1732 hilo,
2284 1668 2590 1726 descendere
2634 1688 2699 1727 ea:
2742 1673 2943 1743 nihilo;
2983 1677 3038 1733 in
3083 1682 3305 1738 ceteris
3344 1692 3527 1741 autem
3574 1686 3731 1745 libris

416 1737 614 1798 Filium
642 1759 654 1797 :
689 1740 963 1811 Quocirca,
993 1757 1117 1803 utor
1144 1745 1351 1803 Petavii
1380 1748 1563 1804 verbis
1605 1764 1755 1805 num.
1801 1749 1894 1817 2|,
1925 1752 2021 1807 ad-
2050 1765 2101 1826 Β
2125 1758 2388 1831 Spiritum
2407 1774 2653 1822 sanctum
2682 1737 2945 1839 aequalem
2978 1771 3125 1830 Patri
3152 1790 3217 1831 ac
3237 1737 3728 1850 Filiovteternitate:

416 1847 593 1889 uersus
625 1834 873 1891 Arianam
895 1838 1279 1894 cavillationem
1307 1839 1407 1895 hac
1433 1857 1488 1895 se
1527 1844 1916 1915 prazscriptione
1942 1855 2023 1900 tu-

422 1932 517 1985 tati
543 1942 663 1986 sunt
690 1942 881 1988 ueteres
909 1934 1072 2004 aliqui
1093 1978 1107 2003 ,
1140 1946 1193 1990 ut
1226 1936 1420 1993 Filium
1451 1938 1620 2009 ipsam
1648 1955 1758 1995 esse
1782 1940 2021 1995 volunta—

418 2032 517 2077 tem
549 2022 726 2079 Patris
746 2069 759 2091 ,
785 2026 1055 2097 ipsumque
1081 2028 1307 2085 dicerent
1337 2046 1446 2086 esse
1473 2031 1749 2086 consilium
1771 2049 1790 2085 :
1817 2048 1881 2086 ex
1918 2049 2019 2103 quo

414 2118 472 2173 id
502 2120 812 2191 rﬂiciebant,
844 2139 946 2177 non
974 2139 1032 2178 eo
1073 2124 1300 2194 priorem
1331 2141 1440 2179 esse
1469 2123 1710 2192 Patrem,
1756 2127 1879 2197 quia
1910 2127 2021 2180 sine

416 2216 683 2270 uoluntate
705 2218 1025 2285 consilioque
1047 2234 1155 2273 esse
1183 2235 1284 2273 non
1326 2221 1517 2290 potuit.
1563 2219 1674 2277 lluc
1700 2229 2019 2294 argumento

416 2307 505 2363 usi
543 2320 669 2364 sunt
696 2309 887 2365 Patres
915 2310 1147 2382 aliquot,
1179 2327 1317 2382 quos
1361 2311 1563 2369 ibidem
1609 2313 1859 2370 Petavius
1886 2330 2020 2370 Ctttl-

412 2412 624 2468 Inerat;
680 2406 731 2457 in
779 2403 972 2472 primis
1014 2402 1255 2478 Cyrillus
1285 2406 1684 2462 Alexandrinus
1718 2408 1768 2463 in
1804 2407 1897 2462 lib.
1950 2424 2019 2464 vn

412 2494 681 2552 Tltesaur.
708 2495 902 2553 Filium
930 2499 1121 2567 vivens,
1147 2499 1243 2565 ait,
1264 2516 1371 2555 esse
1398 2499 1575 2554 Patris
1598 2503 1894 2569 consilium,
1928 2507 2027 2573 per

412 2591 553 2662 quod
574 2593 812 2649 universa
839 2595 981 2666 fecit.
1005 2595 1178 2661 Quare
1207 2597 1251 2650 si
1280 2597 1554 2651 consilium
1577 2608 1625 2652 et
1646 2599 1884 2653 voluntas
1910 2596 2019 2655 Pa-

413 2687 510 2741 tris
539 2694 654 2753 est,
680 2688 936 2757 quomodo
963 2692 1347 2760 generationem
1386 2705 1532 2745 suam
1562 2690 1797 2746 voluntas
1824 2708 2020 2760 praece-

413 2780 732 2854 det?quam
766 2783 1021 2855 loquendi
1069 2784 1331 2840 rationem
1375 2782 1561 2839 laudat
1602 2784 1937 2858 Augustinus
1963 2788 2016 2842 in

412 2874 511 2930 lib.
545 2890 613 2931 xv
644 2875 715 2933 de
742 2874 941 2935 Trinit.
992 2891 1116 2949 cap.
1146 2877 1259 2945 30;
1290 2877 1492 2934 rectius
1521 2886 1700 2936 tamen
1728 2878 1834 2935 dici
1864 2879 2013 2934 afﬁr-

410 2974 526 3022 mat
569 2968 846 3023 consilium
890 2968 955 3024 de
981 2970 1219 3033 consilio.
1271 2970 1584 3025 uoluntatem
1624 2970 1687 3025 de
1729 2971 2013 3026 voluntate.

2124 1853 2374 1922 potentia,
2405 1857 2790 1928 magnitudine,
2838 1862 3192 1922 dominatione
3220 1883 3343 1926 esse
3395 1880 3581 1929 tuetur
3609 1893 3622 1930 :
3653 1878 3733 1931 sic

2221 1946 2319 2004 lib.
2353 1964 2371 2003 ι
2411 1963 2510 2019 pro
2539 1950 2602 2008 S.
2627 1952 2831 2011 Athan.
2865 1973 3027 2013 unam
3047 1964 3334 2032 potentiam
3362 1966 3582 2036 habere,
3610 1973 3687 2027 ait
3711 2015 3726 2039 ,

2125 2038 2341 2097 Patrem
2358 2051 2404 2099 et
2428 2041 2632 2101 Filium
2654 2056 2703 2102 et
2731 2048 2989 2119 Spiritum
3014 2066 3280 2125 sanctum;
3310 2067 3364 2115 et
3395 2062 3451 2116 in
3490 2079 3525 2119 ιι
3568 2081 3729 2119 unam

2119 2134 2455 2190 wternitatem
2476 2136 2666 2194 habere
2694 2137 2905 2198 Patrem
2927 2154 2974 2198 et
2998 2143 3201 2202 Filium
3227 2159 3275 2204 et
3306 2150 3569 2223 Spiritum
3611 2175 3728 2214 san-

2121 2234 2259 2278 ctum
2290 2226 2632 2285 clamantibus
2669 2234 2835 2287 sacris
2866 2233 3191 2307 Scripturis;
3215 2250 3273 2297 et
3303 2245 3356 2298 in
3386 2244 3485 2302 lib.
3518 2247 3588 2303 de
3617 2265 3729 2305 non

2123 2336 2271 2390 pare.
2303 2323 2357 2377 in
2382 2323 2551 2380 Deum
2584 2326 2791 2398 delinq.
2820 2348 2832 2381 :
2868 2328 3014 2386 Tunc
3036 2350 3150 2387 cum
3179 2352 3487 2408 cognoscere
3516 2346 3731 2413 carperis

2122 2410 2299 2469 Patris
2323 2424 2371 2471 et
2390 2414 2523 2471 Filii
2556 2430 2600 2472 et
2634 2419 2865 2490 Spiritus
2911 2428 3081 2479 sancti
3099 2444 3255 2483 unam
3280 2448 3374 2487 nos
3401 2445 3538 2489 recte
3567 2410 3731 2506 conﬁ-

2120 2509 2587 2577 terimlernitalem,
2611 2528 2728 2568 cum
2749 2515 2926 2571 uidere
2944 2522 3157 2587 carperis
3167 2527 3307 2595 quod
3325 2542 3431 2581 una
3443 2529 3511 2583 sit
3523 2534 3697 2602 magni
3704 2564 3727 2572 -

2120 2601 2245 2656 tudo
2270 2618 2471 2675 unaque
2501 2609 2729 2676 potentia
2748 2610 2800 2664 in
2828 2608 2988 2668 Putre
3008 2625 3055 2668 et
3078 2616 3133 2669 in
3161 2618 3314 2673 unico
3338 2622 3457 2692 ejus
3485 2601 3648 2693 Filio,
3680 2640 3727 2681 et

2119 2693 2172 2748 in
2196 2706 2377 2751 sancto
2396 2694 2673 2754 Paracleto
2692 2698 2925 2771 Spiritu,
2941 2714 3046 2761 etc.
3063 2707 3196 2776 Qute
3220 2711 3289 2767 ad
3313 2713 3727 2784 signiﬁcandam

2120 2787 2368 2843 eamdem
2416 2788 2472 2844 in
2519 2790 2732 2861 Spiritu
2774 2805 2967 2853 sancto
3016 2811 3255 2858 naturam
3306 2815 3362 2860 et
3394 2807 3726 2869 Diuinitatem

2119 2892 2240 2932 cum
2262 2878 2423 2935 Patre
2452 2891 2506 2937 et
2535 2882 2670 2938 Filio
2702 2887 2809 2941 vim
2843 2887 3046 2947 habent
3068 2895 3384 2966 maximam,
3415 2906 3724 2972 praesertim

2119 2984 2187 3026 ex
2212 2971 2484 3044 adiunctis
2516 2976 2701 3034 Sancti
2744 2988 2801 3036 et
2833 2979 3116 3056 Paracleti,
3148 2999 3206 3046 ut
3235 2971 3434 3063 probat
3471 2998 3728 3059 Petavius

411 3060 665 3129 Quidam,
694 3062 873 3135 inquit
894 3102 911 3126 .
944 3078 1010 3119 ne
1037 3059 1239 3118 Filium
1267 3064 1473 3119 consilii
1500 3065 1577 3119 uel
1603 3064 1887 3119 uoluntatis
1921 3062 2016 3121 Dei
2046 3148 2086 3161 Α
2121 3076 2368 3124 veterum
2399 3067 2623 3128 Patrum
2672 3079 3003 3136 auctoritate
3051 3082 3101 3139 in
3134 3059 3299 3143 lib.—u
3326 3103 3447 3161 cap.
3500 3094 3586 3148 l5.
3618 3096 3723 3152 Sed

407 3155 600 3212 diceret
643 3156 965 3230 unigenitum
1007 3155 1247 3224 Verbum,
1282 3158 1451 3231 ipsum
1480 3159 1780 3225 consilium,
1808 3175 1899 3214 seu
1928 3173 2014 3214 vo-
2040 3148 2088 3213 Ο
2119 3157 2173 3213 in
2202 3160 2395 3231 primis
2426 3162 2571 3218 laudi
2607 3166 2957 3228 tribuendum
2987 3184 3071 3230 est
3096 3148 3554 3253 Lucilerofquod
3585 3148 3725 3245 unus

405 3249 663 3306 luntatem
694 3248 872 3305 Patris
912 3251 1049 3305 idem
1086 3247 1311 3305 Verbum
1336 3266 1444 3306 esse
1481 3246 1745 3306 dixerunt.
1778 3250 1885 3306 Sed
1907 3268 2013 3307 me-

405 3341 536 3409 lius,
567 3354 823 3414 quantum
852 3345 1119 3409 existimo,
1147 3343 1425 3398 consilium
1456 3342 1519 3397 de
1549 3344 1796 3409 consilia,
1839 3354 1885 3398 et
1922 3360 2011 3400 vo-

403 3436 578 3493 luntas
607 3437 672 3492 de
701 3438 986 3504 voluntate,
1016 3438 1147 3492 sicut
1171 3438 1459 3492 substantia
1498 3437 1563 3493 de
1587 3437 1900 3504 substantia,
1924 3456 2009 3494 sa-

404 3530 601 3598 pientia
632 3531 694 3586 de
716 3531 989 3604 sapientia.
1032 3530 1110 3586 Ex
1153 3531 1348 3601 quibus
1375 3538 1626 3597 constat,
1670 3544 1831 3601 quam
1858 3540 2006 3587 recta

403 3624 474 3681 sit
502 3623 744 3683 Luciferi
769 3625 997 3693 locutio,
1023 3634 1076 3680 et
1092 3624 1159 3680 ad
1188 3623 1451 3680 tallendas
1478 3622 1859 3695 arcendasque
1890 3622 2004 3680 Arii

399 3717 626 3774 insidias
652 3732 716 3776 ac
736 3717 894 3775 dulos
923 3716 1224 3789 aptissima,
1258 3730 1490 3789 quasque
1517 3716 1743 3774 omnino
1766 3718 1816 3773 iu
1844 3732 2001 3774 suum

399 3809 578 3867 locum
605 3811 802 3867 debeat
832 3810 1036 3868 ideirco
1069 3811 1297 3867 restitui.

471 3904 716 3960 Alterura
763 3905 981 3962 Arianze
1026 3905 1252 3963 haeresis
1278 3907 1473 3979 dogma
1509 3908 1917 3979 primigenium,
1948 3918 2005 3964 et

398 4012 555 4070 teque
585 3995 873 4069 nefarium,
901 3999 1049 4072 quod
1078 4000 1223 4056 illius
1252 4010 1444 4056 auctor
1482 4002 1649 4075 impie
1674 4002 2003 4059 dissemina-

394 4090 500 4159 vit,
533 4094 636 4150 hoc
664 4101 808 4161 erat,
837 4092 1096 4166 Spiritum
1123 4105 1359 4151 sanctum
1382 4112 1489 4151 esse
1517 4113 1549 4150 a
1576 4094 1720 4151 Filio
1745 4107 1999 4153 creatura:

397 4194 731 4254 creaturam,
792 4196 853 4244 ut
903 4188 1066 4245 tradit
1115 4189 1374 4246 Petavius
1412 4190 1468 4247 in
1527 4190 1625 4247 lib.
1668 4208 1685 4246 ι
1733 4206 1858 4262 cap.
1906 4190 1993 4258 14,

280 4264 293 4277 ’
394 4293 548 4336 num.
574 4281 663 4344 l3.
693 4279 1011 4337 auctoribus
1038 4280 1348 4354 Epiphanio
1374 4282 1440 4338 ad
1466 4281 1657 4338 bares.
1687 4282 1778 4349 69,
1808 4293 1863 4339 et
1889 4285 1997 4338 Au-

391 4372 611 4442 gustino
660 4372 714 4428 in
759 4372 851 4430 lib.
878 4372 949 4430 de
975 4373 1176 4431 haeres.
1226 4390 1348 4446 cap.
1394 4375 1483 4432 69.
1519 4374 1788 4446 Equidem
1835 4377 1995 4432 Arius

391 4465 693 4537 scripserat
714 4467 767 4523 in
793 4466 1006 4536 Thalia,
1028 4467 1335 4525 Trinitatem
1361 4487 1468 4526 esse
1491 4487 1593 4526 non
1619 4470 1779 4526 simili
1804 4471 1991 4541 majes-

393 4567 517 4627 tate,
551 4569 598 4614 et
635 4561 1026 4633 impermixtiles
1069 4563 1283 4618 inuicem
1309 4579 1490 4619 eorum
1516 4565 1844 4636 hypostases,
1873 4563 1987 4619 sive

390 4658 452 4706 ut
490 4650 822 4710 Athanasius
866 4655 1261 4728 interpretatur
1291 4658 1534 4716 ba:retici
1558 4658 1881 4715 sententiam
1930 4656 1983 4712 in

391 4742 543 4799 Orat.
574 4743 606 4798 Ξ
631 4756 779 4802 cont.
813 4747 1067 4814 Arianos,
1094 4749 1294 4806 alienas
1322 4752 1544 4808 vicissim
1568 4763 1614 4807 et
1645 4750 1989 4806 incommuni—

389 4837 576 4894 cabiles
594 4855 701 4895 esse
720 4840 1029 4898 substantias
1055 4843 1228 4899 Patris
1249 4854 1295 4899 et
1316 4842 1445 4899 Filii
1471 4857 1518 4899 et
1542 4844 1771 4916 Spiritus
1787 4844 1983 4910 sancti;

386 4927 533 4985 unde
574 4931 761 4987 Ariani
790 4947 822 4988 a
872 4932 1158 5006 Fulgentio
1188 4934 1450 4991 Triusiani
1477 4936 1608 4992 dicti
1642 4937 1695 4990 in
1727 4950 1979 5006 respons.

384 5022 455 5081 ad
484 5022 695 5096 Object.
746 5027 777 5081 7
810 5027 999 5085 Arian.
1026 5031 1224 5100 quippe
1252 5041 1351 5086 tres
1380 5032 1433 5085 in
1460 5029 1714 5087 Trinitate
1738 5032 1985 5085 essentias

385 5132 419 5170 a
447 5132 501 5171 se
543 5118 837 5188 distinctas,
866 5133 914 5179 et
938 5124 1157 5179 alteram
1206 5125 1369 5179 altera
1402 5124 1760 5195 perfectiorem
1799 5122 1983 5179 inesse

378 5207 673 5279 iactabant.
699 5213 872 5272 Porro
898 5216 1150 5273 Petavius
1174 5225 1322 5274 recte
1347 5217 1589 5290 coniicit,
1616 5218 1805 5273 Arium
1824 5230 1981 5271 suam

381 5306 642 5365 adversus
669 5306 932 5377 Spiritum
966 5322 1217 5368 sanctum
1247 5312 1643 5384 hlasiihcnsiam
1670 5312 1849 5383 palam
1870 5326 1977 5366 non

378 5400 637 5460 docuisse
661 5404 729 5461 ab
752 5405 928 5474 initio,
964 5422 1085 5461 cum
1108 5405 1256 5461 nulla
1286 5406 1445 5477 huius
1478 5410 1685 5464 mentio
1715 5407 1808 5463 iiut
1832 5408 1885 5462 in
1913 5406 1979 5461 il-

377 5496 487 5556 lius
537 5500 790 5571 epistolis
839 5517 903 5557 ac
944 5501 1167 5566 libellis.
1198 5517 1373 5571 neque
1420 5500 1705 5557 inlitteris
1732 5500 1977 5557 Alexan-

375 5590 459 5648 dri
491 5604 683 5649 centra
725 5592 915 5651 Arium
940 5635 956 5660 ,
1001 5594 1279 5651 Nicmnuui
1327 5603 1508 5650 autem
1540 5592 1847 5649 Concilium
1892 5592 1974 5648 ni-

374 5682 455 5739 hil
485 5686 758 5757 praecipue
781 5688 1029 5745 sanxerit
1054 5687 1125 5745 de
1150 5687 1447 5745 Divinitate
1473 5686 1709 5758 Spiritus
1757 5686 1929 5742 sancti
1954 5728 1970 5747 .

373 5786 437 5834 Co
479 5778 621 5848 quod
658 5778 887 5834 nondum
918 5790 1038 5837 tunc
1064 5790 1193 5837 esset
1218 5782 1325 5837 hazc
1352 5794 1489 5836 mota
1516 5780 1758 5851 quaestio,
1803 5778 1974 5849 inquit

2114 3267 2180 3308 ex
2208 3255 2394 3325 paucis
2419 3257 2614 3326 fuerit,
2639 3261 2729 3333 qui
2751 3300 2767 3328 ,
2798 3261 3013 3322 furente
3045 3270 3153 3325 sub
3174 3270 3497 3331 Constantio
3518 3282 3720 3338 Ariana

2114 3345 2312 3404 bzeresi
2334 3390 2349 3415 ,
2389 3349 2621 3422 Spiritus
2648 3356 2817 3410 sancti
2842 3356 3099 3416 Deitatem
3147 3365 3331 3434 palam
3362 3377 3418 3426 et
3442 3378 3719 3442 expressis

2111 3438 2295 3496 verbis
2332 3450 2561 3499 testatus
2603 3445 2695 3501 sit.
2743 3447 2879 3506 llinc
2911 3451 3060 3510 illius
3098 3459 3431 3519 auctoritate
3459 3438 3589 3522 usus
3637 3480 3723 3525 est

2110 3531 2272 3589 etiam
2300 3532 2555 3591 Petavius
2589 3537 2640 3591 in
2670 3537 2767 3595 lib.
2792 3556 2877 3610 tu,
2910 3557 3035 3616 cap.
3065 3546 3095 3600 7
3124 3564 3277 3605 num.
3312 3552 3403 3621 14,
3432 3554 3561 3611 dum
3591 3560 3721 3630 reji-

2106 3623 2182 3681 cit
2211 3637 2591 3697 argumentum
2640 3628 2869 3689 Joannis
2915 3636 3107 3695 Crellii
3139 3642 3405 3702 adversus
3452 3623 3713 3719 Spiritum

2106 3727 2351 3775 sanctum
2380 3719 2730 3793 dcsumptum
2763 3739 2831 3782 ex
2856 3728 3099 3800 antiquis
3128 3729 3415 3804 Patribus,
3462 3756 3598 3811 quos
3628 3744 3713 3799 in-

2104 3811 2328 3883 quiebat
2375 3828 2553 3870 novus
2599 3814 2703 3873 iste
2732 3815 2970 3876 Arianus
3010 3837 3301 3896 summm
3351 3829 3446 3885 Dei
3490 3836 3712 3892 nomine

2102 3905 2409 3974 appellasse
2438 3906 2699 3978 Spiritum
2734 3920 2983 3969 sanctum
3015 3932 3184 3988 usque
3215 3919 3282 3975 ad
3313 3931 3531 3980 tentem
3563 3925 3714 3984 Hila-

2102 3998 2170 4055 rii
2203 3999 2560 4059 Pictavieusis
2587 4020 2599 4056 :
2626 4002 2878 4063 Petavius
2905 4008 3049 4064 enim
3078 4011 3307 4081 plurima
3337 4031 3405 4072 ex
3428 4020 3712 4079 veteribus

2098 4091 2321 4151 Patrum
2371 4098 2595 4168 scriptis
2644 4100 2959 4156 testimonia
3012 4105 3258 4178 colligit,
3304 4126 3423 4180 qua:
3470 4112 3708 4184 Spiritus

2098 4192 2270 4246 sancti
2298 4190 2651 4250 Divinitatem
2676 4196 2965 4267 perspicue
2991 4206 3285 4270 testantur,
3306 4204 3593 4277 ipsumque
3614 4208 3708 4265 Hi-

2095 4282 2294 4341 larium
2324 4300 2354 4341 a
2377 4286 2666 4343 calumniis
2697 4288 2976 4355 defendit.
3008 4307 3148 4362 quas
3179 4294 3231 4349 in
3259 4296 3438 4367 ipsum
3478 4300 3705 4372 ejusque

2095 4375 2268 4433 libros
2317 4378 2384 4433 de
2435 4378 2708 4435 Trinitate
2740 4381 3022 4453 ingessere
3070 4384 3334 4444 Erasmus
3371 4399 3427 4445 et
3469 4391 3703 4461 ipsemet

2094 4469 2367 4537 Crellius;
2419 4482 2530 4528 tum
2585 4472 2814 4543 subdit,
2863 4474 3077 4546 Lucifer
3123 4477 3459 4538 Calaritauus
3502 4485 3702 4545 Hilarii

2092 4565 2309 4637 a’qualis
2334 4566 2583 4636 loquitur,
2615 4566 2732 4623 Una
2774 4577 2856 4624 est
2884 4569 3067 4625 divina
3095 4572 3404 4632 sublimitas
3434 4577 3613 4637 Patris
3643 4594 3698 4640 et

2094 4659 2215 4714 Filii
2246 4669 2301 4715 ct
2327 4660 2571 4731 Spiritus
2596 4663 2794 4717 sancti.
2825 4662 3023 4719 Verum
3059 4666 3161 4723 hoc
3190 4656 3565 4730 testimonium
3596 4676 3696 4735 Pe-

2093 4752 2235 4808 tavio
2265 4768 2369 4809 non
2405 4753 2655 4825 prodest;
2684 4770 2805 4810 nam
2828 4756 3084 4813 mendum
3117 4759 3573 4832 interpunctinnis
3606 4771 3694 4828 hic

2090 4847 2269 4913 inest,
2299 4847 2378 4902 uti
2411 4846 2606 4919 legitur
2634 4846 2687 4902 in
2731 4847 2973 4905 editione
3020 4849 3265 4920 Titiana;
3296 4858 3398 4912 nisi
3439 4863 3562 4931 quia
3589 4880 3693 4920 una

2088 4941 2154 4995 sit
2179 4940 2465 4997 sublimitas
2497 4940 2671 4995 Patris
2710 4950 2761 4998 et
2808 4941 2937 4998 Filii
2961 4946 3129 5001 sancti
3157 4946 3416 5019 Spiritus,
3446 4954 3500 5009 in
3544 4958 3692 5012 beata

2090 5050 2300 5090 manens
2320 5032 2885 5105 Apostolo,ete.Quod
2910 5038 3171 5094 mendum
3197 5039 3252 5094 in
3282 5042 3382 5097 bac
3412 5058 3559 5099 nova
3573 5046 3689 5102 edi-

2088 5127 2236 5182 tione
2265 5125 2537 5181 sublatum
2588 5134 2677 5181 est
2717 5125 2917 5182 Latiuii
2963 5129 3319 5201 auctoritate,
3360 5137 3453 5204 qui
3498 5150 3692 5196 censet

2085 5226 2347 5290 punctum
2362 5216 2633 5289 figendum
2651 5233 2775 5275 esse
2793 5228 2917 5291 post
2932 5236 3120 5277 vocent
3138 5219 3352 5288 Filii,et
3366 5237 3536 5294 recte;
3557 5244 3681 5288 cum

2084 5312 2301 5371 [dlcifer-
2332 5331 2387 5386 p.
2415 5312 2611 5387 25(hic
2634 5313 2736 5370 col.
2792 5314 2949 5386 l025)
2976 5315 3091 5371 hzec
3118 5328 3400 5385 praeponat
3444 5320 3685 5381 interro-

2076 5422 2247 5480 guns:
2278 5408 2418 5474 Quid
2463 5418 2567 5475 est,
2604 5407 2709 5475 Qui
2734 5422 2859 5462 cum
2887 5408 2939 5461 in
2986 5407 3161 5462 {arma
3193 5409 3289 5463 Dei
3333 5415 3518 5469 essu?
3563 5424 3675 5473 tum

2077 5502 2327 5573 subiicit;
2356 5502 2456 5555 nisi
2480 5498 2620 5571 quod
2646 5501 2815 5564 ipsum
2843 5500 3247 5554 inaccessibilem
3295 5503 3459 5560 lucem
3486 5507 3681 5568 habitet

2075 5589 2271 5657 Filius,
2297 5609 2451 5665 quant
2473 5601 2520 5646 et
2540 5590 2734 5657 Pater;
2760 5590 2858 5645 nisi
2885 5591 3008 5663 quia
3032 5607 3135 5646 una
3158 5594 3225 5647 sit
3251 5594 3425 5651 diuina
3443 5602 3677 5659 sublimi.

2075 5696 2153 5742 tas
2189 5687 2358 5743 Patris
2399 5698 2445 5742 et
2473 5684 2623 5740 Filii.
2670 5684 2895 5742 Sanetus
2938 5684 3169 5756 Spiritus
3196 5689 3250 5744 in
3290 5690 3443 5747 beate
3464 5712 3675 5754 manens

2075 5779 2343 5851 Apostolo,
2375 5791 2473 5835 clc.
2497 5780 2631 5836 Alite
2679 5788 2867 5836 tatnen
2906 5790 3027 5837 sunt
3066 5781 3299 5842 Luciferi
3335 5785 3672 5863 locutiones,
