4194 6184
432 262 536 318 719

1438 257 1746 316 LUCIFER
1784 256 2165 315 EPISCOPUS
2204 254 2708 315 CALARITANUS.

3632 258 3740 315 720

431 394 554 447 qum
586 377 789 432 clarius
821 374 1068 432 indicant
1096 374 1429 429 Diriuitalem
1471 374 1708 444 Spiritus
1737 374 1909 429 sancti
1938 416 1952 439 ,
1985 382 2039 429 et
2066 376 2119 438 Α
2145 374 2348 443 fecisset
2394 373 2627 442 conferre.
2650 387 2703 426 se
2727 370 2797 425 ad
2826 369 3068 435 Arianos,
3100 388 3201 426 non
3231 374 3345 445 ejus
3371 373 3468 439 ﬁlii
3495 388 3737 444 regnare-

433 471 610 539 ipsnm
654 467 822 523 Deum
849 483 980 523 vere
1021 468 1337 533 nominant,
1373 481 1435 521 ac
1481 466 1781 537 pchpicuis
1814 466 2029 530 verbis;

432 560 634 616 ctenim
671 561 721 614 in
768 560 863 614 lib.
899 560 969 615 de
1008 574 1115 614 non
1147 574 1380 614 conven.
1414 574 1536 612 eum
1586 558 1773 612 lueret.
1805 556 2031 611 scribit:

432 651 594 707 Fides
644 653 943 723 Apostolica
990 653 1293 707 Trinitatem
1342 652 1614 722 confitetur
1634 655 1945 723 perfectam,
1988 658 2034 704 et

428 746 636 802 unicam
680 744 937 801 Deitatem
984 750 1173 817 fatetur
1222 745 1396 799 Putris
1445 754 1493 798 et
1540 741 1669 797 Filii
1716 753 1762 797 et
1807 743 2033 815 Spiritus

428 840 625 905 sancti;
650 848 705 895 et
736 840 953 907 iterum,
988 857 1144 893 unam
1164 856 1271 894 esse
1296 839 1535 892 deitatem
1564 837 1735 891 Patris
1765 848 1810 891 et
1836 834 1967 892 Filii
1989 845 2036 891 et

432 934 667 1005 Spiritus
684 938 944 1002 sancti;ac
972 936 1022 988 in
1043 935 1169 989 lib.t
1193 934 1360 1005 proS.
1380 933 1742 988 Athan.unam
1770 933 1893 985 item
1912 928 2037 983 Dei-

431 1040 587 1084 tatem
618 1029 750 1084 dicit
779 1029 957 1083 Patris
988 1038 1035 1083 et
1079 1026 1208 1083 Filii
1234 1038 1279 1083 et
1320 1028 1547 1099 Spiritus
1576 1028 1775 1093 sancti;
1812 1038 1863 1081 et
1888 1027 1940 1080 in
1972 1042 2033 1092 ιι,

426 1140 588 1177 unum
616 1123 804 1178 habere
838 1122 1089 1177 Deitatem
1122 1122 1336 1177 Patrem
1381 1140 1441 1175 ac
1466 1120 1513 1173 F
1521 1123 1665 1176 ilium
1705 1131 1749 1174 et
1780 1121 2035 1189 Spiritum

429 1225 686 1271 sanctum.
721 1216 965 1270 Dicimus
995 1226 1176 1269 autem
1209 1231 1372 1270 unum
1407 1216 1573 1269 fuisse
1603 1215 1912 1269 Luciferum
1970 1229 2037 1268 ex

430 1311 639 1378 paucis,
658 1310 745 1381 qui
778 1326 876 1379 per
906 1326 968 1365 ea
998 1320 1243 1380 tempora
1260 1309 1585 1364 Dirinitatem
1606 1308 2037 1381 SpiritusSancti

431 1403 614 1473 palam
648 1412 702 1457 et
746 1412 935 1473 aperte
965 1404 1349 1472 profiteretur;
1376 1403 1517 1472 quod
1549 1419 1613 1457 ex
1658 1403 1877 1457 Petavio
1901 1416 2037 1456 con-

430 1499 705 1563 firmatur,
755 1509 809 1552 ct
860 1514 925 1552 ex
966 1496 1249 1551 Monachis
1295 1496 1552 1550 Maurinis
1600 1495 1652 1549 in
1705 1495 1923 1550 Prmfat.
1971 1494 2039 1549 ad

371 1588 378 1594 ’
431 1590 588 1645 Tom.
629 1588 693 1645 111
721 1588 858 1659 Opp.
896 1590 962 1643 D.
995 1590 1207 1655 Basilii;
1240 1589 1329 1643 ille
1364 1588 1531 1652 enim,
1568 1587 1899 1652 Nonnullos,
1926 1584 2036 1653 ait,

429 1682 705 1752 ceteroqui
751 1681 1040 1737 Catholicos
1068 1698 1157 1748 per
1203 1681 1339 1735 idem
1374 1692 1573 1749 tempus
1606 1680 1859 1752 Spiritum
1884 1695 2037 1733 sanc-

2136 482 2290 531 mus;
2321 464 2476 535 queis
2527 464 2660 519 nihil
2692 474 2877 520 contra
2931 464 3125 533 objicit
3180 465 3396 521 Lucifer
3434 482 3532 536 pro
3576 482 3738 522 causa

2138 559 2482 615 Constantini
2509 560 2729 616 tuenda.
2756 560 2891 615 Tum
2933 560 3030 616 lib.
3062 578 3079 615 ι
3111 578 3210 625 pro
3240 562 3297 618 S.
3340 562 3546 618 Athan.
3584 580 3637 635 p.
3668 563 3730 619 9i

2140 652 2243 723 (hic
2269 654 2375 708 col.
2406 649 2531 722 857)
2555 670 2567 705 :
2587 651 2668 706 Tu
2691 654 2875 707 etenim
2901 654 3011 725 ipse
3029 655 3169 707 testis
3200 672 3271 721 es,
3303 655 3478 726 inquit
3502 655 3569 711 ad
3596 654 3741 711 Con-

2139 753 2419 819 stantium,
2439 752 2578 825 quod
2597 751 2731 805 enim
2760 762 2968 823 propter
2982 752 3160 822 fidem,
3180 767 3334 822 quam
3354 766 3561 820 semper
3582 750 3745 804 tenuit

2138 843 2376 899 Ecclesia
2418 862 2478 899 ac
2522 854 2677 909 tenet,
2717 844 2855 917 quod
2902 861 3015 898 eam
3043 844 3293 897 damnare
3321 844 3542 897 noluerit
3575 842 3745 898 Atha-

2139 939 2341 1003 nasius,
2362 939 2543 992 missus
2563 938 2716 1009 fuerit
2735 937 2802 989 ad
2824 936 3082 1001 exsilium,
3101 938 3225 1008 quia
3254 936 3489 989 videlicet
3513 936 3742 991 noluerit

2139 1048 2248 1086 esse
2277 1031 2497 1085 Arianus
2522 1046 2541 1085 :
2564 1030 2756 1084 idcirco
2779 1047 2999 1101 namque
3026 1031 3362 1084 Athanasium
3390 1045 3624 1097 perosum
3646 1030 3743 1083 ha-

2141 1126 2300 1179 bitum
2328 1142 2358 1179 a
2400 1137 2546 1196 patre
2575 1134 2662 1177 tuo
2689 1140 2790 1178 non
2821 1124 2950 1193 fugit
2974 1134 3057 1189 te;
3082 1122 3495 1194 quandoquidem
3524 1132 3570 1176 et
3602 1134 3656 1177 tu
3686 1124 3741 1176 in

2141 1236 2201 1274 ea
2232 1236 2346 1273 eum
2391 1218 2618 1289 digneris
2646 1218 2880 1289 persequi
2922 1233 3098 1281 causa,
3132 1216 3185 1269 in
3215 1232 3317 1287 qua
3346 1218 3503 1287 fuerit
3542 1226 3589 1270 et
3625 1224 3741 1271 tuus

2143 1322 2289 1382 pater
2316 1321 2635 1381 persecutus.
2659 1313 2733 1366 Ac
2764 1311 2815 1365 itt
2842 1310 2935 1364 lib.
2968 1326 3003 1364 tt
3035 1324 3095 1365 se
3123 1309 3307 1380 inique
3333 1318 3568 1365 testatur
3598 1308 3747 1364 dam-

2142 1416 2395 1461 natttrum
2443 1406 2613 1461 fuisse
2658 1404 3046 1470 Athanasium,
3092 1404 3135 1458 si
3164 1404 3476 1460 Constantii
3507 1414 3555 1459 et
3585 1405 3747 1475 patris
3778 1406 3779 1409 “

2143 1503 2255 1573 ejus
2286 1500 2540 1554 roluntati
2593 1498 3043 1554 obsecundasset.
3080 1498 3216 1554 llinc
3259 1496 3532 1553 Baronius
3562 1499 3626 1551 ad
3650 1514 3741 1553 an.
3776 1490 3777 1493 “

2143 1590 2268 1655 556,
2300 1607 2449 1645 num.
2477 1589 2565 1656 Η,
2599 1592 2794 1645 merito
2820 1589 3126 1644 Luciferum
3147 1589 3521 1660 reprehendit,
3546 1588 3747 1661 quippe

2145 1700 2207 1739 ea
2241 1686 2556 1755 scripserit,
2588 1701 2705 1756 qua:
2730 1702 2758 1737 a
2787 1685 2999 1737 veritate
3021 1684 3220 1753 penitus
3252 1682 3564 1749 abhorrent;
3593 1693 3647 1737 at
3676 1682 3743 1737 ad

430 1794 536 1831 ltt'lt
564 1778 736 1847 palam
764 1787 1038 1847 aperteque
1067 1774 1233 1830 Deum
1264 1776 1521 1830 nominari
1562 1792 1661 1829 non
1694 1776 1956 1838 sinebant,
1987 1784 2035 1828 et
2065 1779 2114 1840 B
2140 1793 2228 1832 an.
2249 1779 2372 1845 52’s,
2402 1778 2491 1833 ubi
2510 1777 2724 1831 disserit
2752 1776 2820 1831 de
2843 1776 3093 1831 Romano
3110 1775 3454 1831 Constantini
3477 1776 3746 1845 baptismo

428 1872 517 1942 qui
544 1887 725 1925 vocare
752 1872 827 1925 sic
853 1870 1141 1936 auderent,
1173 1871 1246 1925 eis
1270 1881 1529 1940 tamquam
1574 1868 1855 1923 Catholicae
1883 1865 2039 1922 Fidei

430 1965 653 2019 inimicis
678 1964 1056 2037 obstrepebant.
1083 1964 1222 2029 Alii,
1248 1964 1342 2017 etsi
1375 1962 1537 2016 Deum
1564 1978 1669 2017 esse
1694 1979 1797 2015 non
1827 1961 2036 2014 dubita-

428 2070 542 2114 i:nt
562 2102 576 2126 ,
626 2060 767 2129 pacis
793 2077 854 2114 ac
893 2058 1188 2115 concordice
1213 2059 1407 2121 studio,
1438 2069 1482 2112 et
1510 2076 1572 2113 ne
1597 2059 1875 2114 malevolos
1912 2058 2039 2112 istos

435 2152 787 2219 ti’lcnrlerent,
833 2154 1036 2223 publice
1073 2152 1127 2205 id
1158 2154 1366 2206 minime
1398 2152 1793 2221 proﬁtebantur.
1826 2152 2037 2207 Primos

430 2245 712 2315 redarguit
735 2244 966 2299 Basilius
996 2244 1046 2298 in
1072 2244 1165 2298 lib.
1188 2245 1255 2297 de
1270 2244 1460 2313 Spirit.
1486 2246 1696 2309 Sanct.,
1720 2253 1776 2299 et
1799 2245 1849 2298 in
1872 2245 2034 2313 epist.

429 2355 547 2402 vat.
598 2342 671 2395 al.
708 2338 833 2406 Ml,
876 2339 1076 2410 scripta
1109 2355 1198 2393 an.
1232 2340 1357 2395 560.
1392 2338 1611 2395 Alteros
1650 2354 1779 2393 vero
1810 2339 2040 2394 Basilius

431 2435 552 2505 igsc
599 2434 841 2488 imitatus
888 2444 969 2488 est
1016 2432 1328 2501 aliquando,
1361 2434 1563 2486 duabus
1612 2433 1933 2502 potissimum
1978 2433 2042 2486 de

432 2527 621 2582 causis.
650 2525 835 2580 Prima
860 2536 972 2579 erat
997 2536 1051 2579 ut
1077 2526 1298 2593 inﬁrmis
1321 2527 1640 2592 consuleret,
1673 2528 1843 2579 altera
1874 2536 1927 2579 ut
1959 2527 2043 2595 fu-

430 2620 659 2674 rentibus
679 2620 933 2674 Iuereticis
959 2620 1129 2674 lorttm
1152 2621 1451 2689 prceriperet
1476 2620 1842 2688 perturbanda'
1862 2628 1908 2674 et
1929 2635 2044 2673 ras-

432 2712 605 2768 tanda:
630 2712 995 2785 Cappadociae,
1026 2716 1275 2785 iuquittnt
1301 2714 1533 2769 Maurini
1564 2714 1816 2769 Editores
1847 2716 1900 2769 in
1924 2714 2041 2769 lau-

433 2810 559 2861 data
592 2805 810 2861 Praifat.
843 2823 991 2861 num.
1025 2807 1080 2873 5,
1106 2808 1200 2877 qui
1231 2807 1412 2861 Basilii
1444 2808 1729 2861 consilium
1764 2806 1879 2862 fuse
1913 2823 2038 2862 eru-

435 2903 657 2973 tltteque
687 2912 924 2957 tuentur.
957 2904 1025 2957 At
1051 2902 1267 2957 Lucifer
1295 2917 1401 2973 quo
1431 2911 1551 2958 erat
1580 2903 1763 2957 animo
1794 2903 2038 2972 fervens,

436 3005 490 3051 et
521 2998 655 3050 mira
704 2997 757 3050 itt
808 2996 1341 3051 dicendo'libertate
1369 3038 1382 3061 ,
1422 2997 1579 3051 unice
1623 2996 1773 3050 Fidei
1821 3011 2043 3051 causam

434 3089 744 3158 spectabat,
774 3098 830 3142 et
859 3087 1139 3157 quibusvis
1190 3099 1406 3157 poterat
1453 3088 1627 3143 modis
1678 3088 1792 3142 sive
1824 3103 1882 3143 re
1928 3089 2043 3143 sive

2143 1888 2293 1926 num.
2329 1871 2426 1926 51:
2465 1871 2673 1927 Scimus
2703 1870 2843 1941 apud
2874 1870 3173 1941 Luciferum
3202 1870 3560 1925 Caluritanum
3608 1870 3745 1925 Con-

2140 1966 2423 2019 stantinum
2474 1963 2851 2036 Imperatorem
2904 1966 3123 2037 infamia
3174 1965 3383 2019 lucresis
3440 1964 3703 2020 laborasse
3731 2008 3745 2033 ,

2141 2058 2282 2129 quod
2311 2057 2372 2112 S.
2404 2056 2749 2111 Athanasium
2780 2058 3021 2112 exsulare
3052 2058 3316 2124 jussisset.
3360 2057 3553 2112 Verum
3583 2059 3748 2129 magis

2140 2152 2245 2220 ipsi
2269 2150 2527 2204 credimus
2559 2150 2864 2216 Athanasio,
2889 2152 2978 2221 qui
3002 2167 3117 2204 cum
3141 2167 3278 2219 swpe
3307 2163 3538 2217 excusat,
3568 2162 3615 2205 et
3636 2162 3749 2222 post

2144 2243 2339 2296 obitum
2367 2242 2756 2298 Constantinum
2790 2245 2954 2313 pium,
2985 2245 3152 2315 felicis
3182 2245 3466 2311 mcntoria’,
3496 2255 3646 2317 atque
3670 2262 3750 2300 re-

2145 2336 2533 2407 ligiosissimum
2555 2337 2808 2404 nominat,
2833 2347 2974 2392 orat.
3003 2338 3026 2391 1
3056 2337 3178 2391 adv.
3211 2339 3398 2392 Arian.
3432 2348 3481 2393 et
3517 2339 3745 2410 Apolog.

2146 2428 2211 2483 ad
2239 2428 2624 2483 Constantium
2647 2471 2661 2497 ,
2688 2440 2797 2485 tum
2824 2429 2877 2483 in
2910 2431 3075 2500 epist.
3103 2430 3169 2485 ad
3199 2431 3528 2498 Solitarios,
3558 2433 3609 2487 in
3641 2446 3747 2501 qua

2147 2521 2228 2574 sui
2254 2521 2438 2575 exsilii
2469 2537 2689 2576 causam
2718 2522 2771 2577 in
2803 2523 3046 2577 fraudem
3078 2533 3128 2579 et
3164 2523 3388 2579 insidias
3416 2524 3745 2581 Arianorum

2146 2612 2343 2682 reiicit.
2372 2614 2634 2682 Equidem
2666 2624 2879 2671 veteres
2909 2616 3100 2672 Patres
3129 2633 3236 2673 non
3266 2622 3420 2688 pauci
3448 2618 3748 2674 catholicos

2148 2706 2490 2762 Constantini
2515 2723 2709 2763 sensus
2733 2752 2747 2774 ,
2780 2720 2827 2765 et
2867 2719 3029 2765 rectm.
3057 2709 3208 2775 Fidei
3238 2710 3548 2767 conformes
3577 2711 3745 2782 pluri-

2146 2798 2249 2854 bus
2281 2799 2528 2867 laudant,
2561 2809 2617 2855 et
2648 2801 2889 2857 Hilarius
2933 2804 2983 2856 iu
3022 2802 3116 2858 lib.
3163 2820 3179 2859 t
3220 2804 3441 2860 advers.
3475 2804 3745 2861 Constan-

2148 2894 2281 2947 tium
2317 2893 2458 2977 hunc
2500 2894 2706 2963 pietatis
2740 2905 2969 2964 paterna:
3006 2896 3263 2952 htcredem
3293 2898 3531 2953 rebellem
3560 2901 3749 2969 appel—

2148 2986 2253 3051 lat,
2285 2996 2339 3042 et
2370 2986 2638 3058 Epiphan.
2658 2988 2852 3045 ltzeres.
2881 2991 2974 3055 69,
3002 2990 3382 3048 Constantium
3412 2995 3539 3050 item
3574 2995 3750 3052 incre-

2150 3086 2270 3147 pat,
2297 3079 2438 3148 quod
2468 3096 2570 3133 non
2594 3080 2880 3135 secundum
2908 3083 3061 3151 ﬁdem
3094 3086 3257 3155 patris
3280 3087 3549 3155 processit.
3587 3086 3755 3143 Erant

438 3185 621 3239 verbis
645 3186 763 3240 sive
790 3184 1028 3254 scriptis,
1066 3195 1122 3237 ut
1147 3185 1292 3240 illam
1321 3184 1536 3253 publice
1565 3194 1619 3238 et
1646 3184 1767 3239 sine
1794 3184 1900 3239 ulla
1924 3199 2045 3239 ver—
2072 3154 2117 3218 Ο
2152 3181 2331 3229 tamen
2357 3174 2636 3254 nonnulli.
2662 3176 2752 3245 Qui
2784 3191 2849 3230 ex
2880 3175 2964 3242 iis,
2988 3194 3106 3247 quze
3130 3190 3241 3234 tum
3272 3180 3629 3250 gerebatllﬂl'.
3667 3196 3755 3237 ευ·

440 3278 635 3331 horum
669 3279 900 3348 ambage
942 3285 1256 3341 testaretur,
1304 3285 1363 3331 ut
1409 3277 1642 3331 Ariauos
1671 3276 1738 3330 ad
1786 3276 2045 3345 ejuranda

444 3369 608 3438 impia
642 3370 915 3425 ltmrt-seos
962 3370 1215 3440 dogmata
1264 3369 1544 3438 adigeret,
1593 3377 1704 3423 tota
1751 3368 1956 3439 ingenii
1994 3369 2047 3424 vi

443 3465 761 3520 conabatur.
799 3464 1092 3533 Propterea
1137 3463 1205 3518 de
1250 3462 1382 3518 Fide
1421 3461 1660 3517 Luciferi
1697 3478 1760 3516 ac
1798 3462 2048 3518 doctrina

446 3556 567 3611 haec
613 3559 807 3612 merito
838 3556 1169 3611 Athanasius
1216 3557 1439 3625 scripsit
1486 3556 1539 3610 itt
1571 3558 1742 3611 altera
1784 3555 1850 3609 ad
1896 3555 2047 3610 illum

450 3648 683 3717 epistola
713 3665 725 3700 :
759 3647 888 3715 Quis
916 3664 1015 3701 non
1045 3646 1306 3719 pervidet,
1340 3648 1560 3718 exceptis
1594 3648 1801 3701 Arionis
1822 3690 1836 3713 ,
1870 3663 1933 3701 ex
1961 3657 2050 3701 tua

448 3740 685 3793 doctrina
711 3755 883 3792 veram
908 3737 1112 3810 quidem
1143 3738 1318 3806 ﬁdem,
1351 3740 1611 3793 maculam
1636 3748 1806 3793 autem
1834 3738 2052 3793 Ariano-

445 3850 559 3887 rum
580 3832 606 3886 1’
636 3832 803 3887 Valde
832 3844 879 3887 et
911 3832 1309 3898 admirabiliter,
1343 3847 1399 3887 ut
1438 3843 1515 3889 est
1546 3834 1715 3887 lumen
1738 3851 1769 3887 a
1797 3833 2049 3900 tenebris,

449 3930 522 3981 i'a
545 3931 795 3998 separasti
831 3929 1094 3983 veritatem
1125 3945 1155 3981 a
1179 3929 1463 3983 calliditate
1486 3938 1534 3983 et
1562 3928 1825 3999 hypocrisi
1850 3928 2053 3982 lucreti-

449 4038 651 4085 rorum,
684 4022 967 4093 defendisti
995 4022 1303 4076 catholicam
1326 4022 1637 4089 Ecclesium,
1670 4022 1897 4091 probasti
1925 4021 2056 4076 nihil

450 4130 588 4177 csse,
630 4113 719 4167 sed
748 4124 944 4167 tantum
976 4115 1302 4179 phantasiam
1333 4114 1645 4167 Arianorum
1690 4114 1863 4168 verba.
1913 4113 2056 4169 Inte-

451 4222 603 4273 ιιι-λιιι
636 4205 867 4261 Luciferi
899 4205 1085 4261 Fidem
1117 4206 1296 4261 laudat
1331 4208 1494 4261 etiam
1516 4206 1837 4263 Ambrosius
1866 4207 1919 4262 in
1954 4207 2050 4263 lib.

451 4301 517 4352 tlt‘.
548 4314 777 4354 excessu
813 4297 997 4353 fratris
1033 4299 1119 4353 sui
1168 4298 1390 4369 Satyri;
1436 4298 1589 4368 cujus
1638 4297 1794 4354 Fidei
1828 4299 2055 4354 heredes

449 4396 627 4462 ipsum
674 4391 908 4447 affirmat
961 4393 1276 4463 reliquisse,
1312 4407 1539 4462 eamque
1568 4392 1825 4462 gravibus
1872 4392 2056 4448 verbis

448 4485 834 4541 commendant
884 4485 1173 4541 Faustinus
1226 4494 1282 4541 et
1334 4485 1675 4541 Marcellinus
1740 4485 1794 4541 in
1848 4484 2057 4542 Libello

450 4579 506 4631 Ρ.
525 4595 679 4634 ecum
709 4622 721 4645 ,
754 4588 887 4646 etc..

544 4672 572 4741 §
607 4670 695 4725 111.
728 4702 797 4710 --
830 4670 1058 4736 Qutcstio
1079 4672 1262 4725 critica
1290 4672 1343 4725 in
1369 4672 1564 4741 aliquot
1588 4670 1823 4741 Luciferi
1845 4672 1978 4726 loca.

522 4763 677 4830 Quod
710 4763 776 4817 ad
806 4763 945 4819 hanc
976 4764 1317 4819 Prtefationis
1348 4776 1557 4834 partem
1591 4766 1817 4831 attinet,
1849 4781 1912 4821 ea
1945 4766 2057 4837 pri-

452 4871 623 4919 tuum,
652 4870 771 4926 qua»
802 4854 872 4911 de
904 4872 1133 4911 numero
1161 4857 1577 4927 Episcoporum,
1610 4858 1700 4929 qui
1728 4859 1780 4913 in
1805 4859 2055 4915 Concilio

452 4948 673 5005 Mediol.
700 4947 1069 5004 interfuerunt
1089 4963 1176 5003 an.
1198 4948 1567 5014 555,diximus
1584 4951 1669 5006 hic
1691 4952 2051 5007 examinanda

452 5059 579 5100 esse
594 5054 719 5100 nota
740 5043 983 5113 subjecta
1001 5058 1056 5113 p.
1076 5044 1133 5097 Η
1157 5042 1263 5115 (hic
1290 5042 1388 5097 col.
1423 5044 1525 5098 777
1554 5055 1661 5099 not.
1696 5045 1772 5113 a),
1803 5046 2051 5115 vidcjam

457 5146 685 5192 tractata
721 5136 771 5190 in
800 5138 911 5206 ipsa
944 5134 1178 5189 Luciferi
1207 5134 1349 5202 Vita,
1382 5134 1549 5191 veluti
1581 5137 1787 5206 aptiore
1812 5136 1865 5189 in
1896 5136 2016 5189 loco
2037 5178 2051 5201 ,

456 5230 527 5283 ttti
560 5229 723 5284 etiam
773 5242 856 5294 ea,
906 5243 1024 5298 qua:
1051 5226 1118 5281 de
1148 5226 1339 5282 Edicto
1368 5227 1671 5282 ConStantii
1702 5227 2053 5294 Imperatoris

452 5322 755 5389 sepissime
785 5321 1002 5377 Lucifer
1056 5322 1282 5386 scribit,
1337 5320 1644 5391 prmsertim
1699 5320 1799 5373 sub
1840 5320 2052 5375 initium

457 5412 634 5468 ltb.de
663 5431 765 5468 non
789 5431 930 5483 parc.
955 5414 1007 5466 in
1032 5411 1196 5467 Deum
1222 5413 1414 5483 deliuq.
1435 5412 1671 5467 Primum
1704 5412 1867 5481 igitur
1891 5412 2050 5481 hujus

453 5507 769 5567 tittaistionis
800 5508 975 5561 locuut
1008 5506 1110 5560 sibi
1154 5506 1393 5560 vindicat
1424 5504 1656 5562 Luciferi
1685 5505 1951 5560 sententia
1982 5507 2049 5562 de

451 5595 815 5654 Constantino
843 5600 1007 5669 Aug.,
1037 5615 1197 5670 quem
1227 5599 1347 5655 labe
1374 5600 1559 5655 Ariani
1592 5600 1795 5656 erroris
1815 5600 2054 5670 aspergit

453 5686 505 5739 in
532 5687 619 5741 lib.
637 5691 700 5742 de
720 5692 1171 5762 Reg.Apost.p.59
1188 5693 1295 5764 (hic
1308 5694 1565 5766 col.804),
1587 5695 1638 5749 in
1657 5710 1764 5764 quo
1787 5692 2053 5749 Constan-

448 5781 580 5836 tium
630 5782 746 5838 haec
784 5785 1096 5853 loquentem
1130 5787 1341 5844 inducit
1377 5807 1389 5843 :
1418 5790 1539 5845 Nisi
1590 5799 1734 5860 pater
1764 5806 1903 5845 meus
1933 5789 2057 5845 bene

2148 3267 2445 3335 spicionem
2467 3248 2949 3339 facilecapiebaot,
2972 3272 3177 3342 quippe
3209 3248 3392 3327 rerum
3415 3273 3591 3329 minus
3616 3248 3754 3329 cou-

2149 3360 2282 3425 scii,
2314 3360 2382 3416 de
2414 3360 2568 3417 Fidei
2616 3362 2926 3432 integritate
2977 3365 3028 3418 in
3078 3364 3478 3434 Constantino;
3527 3382 3648 3422 nam
3698 3376 3753 3423 et

2150 3454 2432 3511 Athanasii
2481 3457 2769 3524 exsilium,
2816 3467 2870 3514 et
2900 3459 3014 3514 Arii
3062 3460 3128 3515 ad
3170 3461 3574 3520 CatholiCorum
3604 3479 3754 3520 com-

2152 3551 2464 3607 munionetn
2518 3554 2851 3608 restitutioa
2904 3552 3265 3610 Constantino
3318 3557 3749 3614 Eusebianorum

2150 3643 2278 3698 dolo
2306 3646 2536 3715 probata
2567 3645 2759 3701 dubios
2792 3646 2934 3701 haud
2968 3647 3164 3717 injuria
3194 3660 3513 3705 cunctorum
3541 3653 3755 3708 animos

2152 3737 2208 3793 in
2237 3754 2296 3793 re
2340 3750 2445 3794 tam
2478 3740 2630 3811 gravi
2661 3741 2952 3797 tenebant:
2989 3759 3160 3814 quare
3210 3746 3256 3799 is
3285 3747 3444 3801 morti
3477 3748 3756 3817 proximus

2153 3828 2271 3885 hare
2302 3831 2467 3887 verba
2501 3833 2889 3902 pronuntiasse
2918 3834 3120 3890 dicitur
3164 3838 3233 3892 ab
3264 3836 3501 3894 Eusebio
3533 3840 3587 3895 in
3636 3841 3757 3909 ejus

2158 3921 2386 3977 Vitalib.
2415 3939 2488 3989 Iv,
2514 3938 2633 3993 Cap.
2658 3923 2727 3979 62
2752 3944 2764 3980 :
2792 3932 2868 3987 Μή
2896 3925 2958 3986 δή
2984 3922 3073 3982 οὖν
3099 3930 3377 4003 ἀμφιϐολία
3404 3953 3483 3992 τις
3500 3935 3754 4007 γίγνηται,

2156 4012 2322 4068 Nulla
2344 4017 2460 4086 jam
2489 4013 2746 4070 dubitatio
2772 4018 2876 4083 sit;
2900 4034 3130 4088 quorum
3162 4027 3431 4075 verborum
3459 4040 3638 4078 sensus
3666 4041 3758 4079 sa-

2156 4109 2220 4163 tis
2247 4118 2322 4162 est
2352 4108 2595 4164 obscurus
2616 4153 2630 4175 ,
2662 4110 2847 4166 subdit
2892 4112 3143 4169 Valesius
3173 4115 3226 4170 in
3273 4117 3477 4172 Annot.
3518 4134 3585 4172 an
3623 4118 3761 4173 Con-

2152 4205 2372 4259 stantius
2404 4205 2458 4259 id
2485 4207 2646 4260 roluit
2674 4207 2884 4262 dicere?
2919 4227 2937 4260 ι
2975 4207 3201 4264 Cessent
3228 4210 3340 4279 jam
3370 4225 3561 4268 omnes
3600 4212 3762 4268 dubi-

2162 4316 2183 4351 ι
2218 4308 2335 4355 tare
2363 4300 2431 4357 de
2462 4316 2548 4357 me
2567 4342 2580 4366 ,
2609 4311 2791 4357 utrum
2823 4318 2883 4359 re
2908 4319 3037 4359 vera
3062 4302 3404 4361 Christianus
3430 4305 3565 4373 sim;
3598 4322 3762 4363 nemo

2164 4413 2183 4447 ‹
2222 4394 2273 4449 in
2304 4405 2583 4467 posterum
2612 4398 2941 4470 suspicetur,
2970 4413 3054 4454 me
3092 4399 3271 4456 verbis
3303 4400 3617 4470 dumtaxat,
3649 4417 3759 4458 non

2170 4505 2185 4539 t
2222 4502 2289 4543 ex
2320 4489 2513 4545 intimo
2541 4490 2723 4545 cordis
2758 4484 2955 4546 aﬂ‘e'ctu
2993 4491 3182 4548 Fidem
3209 4492 3413 4549 Christi
3444 4494 3759 4564 amplexum

2166 4599 2184 4633 ι
2223 4581 2395 4638 fuisse
2419 4624 2432 4637 .
2472 4603 2489 4635 1
2526 4584 2788 4650 Quamvis
2829 4583 3015 4640 Grazca
3052 4601 3151 4642 vox
3175 4589 3445 4661 ἀμφιϐολία
3474 4589 3634 4658 possit
3658 4588 3758 4643 hoc

2158 4674 2268 4728 loco
2292 4675 2431 4728 sumi
2451 4690 2543 4745 pro
2564 4677 2803 4738 ἀναϐολὴ.
2833 4676 2887 4730 id
2909 4688 2983 4732 est
3004 4678 3181 4733 omnis
3207 4695 3382 4746 mora,
3412 4684 3590 4736 omnis
3609 4696 3763 4736 amo-

2156 4775 2349 4821 veatur
2374 4766 2593 4833 dilatio;
2627 4771 2716 4840 qui
2739 4768 2947 4839 quidem
2974 4787 3152 4825 sensus
3184 4773 3347 4844 magis
3380 4775 3602 4827 coha’ret
3642 4790 3761 4829 cum

2155 4860 2561 4929 prwcedentibus
2588 4860 2658 4917 de
2682 4862 2952 4932 baptismo
2976 4865 3188 4921 scilicet
3214 4866 3279 4921 ad
3326 4877 3556 4922 mortem
3588 4883 3763 4939 usque

2155 4953 2343 5008 dilato.
2398 4954 2536 5010 llinc
2568 4954 2836 5010 Barooius
2885 4957 2953 5011 ad
2986 4972 3074 5012 an.
3108 4958 3212 5013 556
3253 4959 3565 5016 Luciferum
3612 4960 3764 5017 hisce

2156 5056 2414 5103 excusat:
2452 5046 2619 5102 Porro
2649 5065 2821 5103 rerum
2850 5060 2971 5105 tunc
3000 5061 3258 5122 gestarant
3301 5069 3518 5121 prorsus
3543 5054 3763 5124 ignarus

2154 5141 2265 5206 ille,
2289 5142 2428 5213 quod
2455 5143 2665 5210 scisset,
2696 5140 3090 5198 Constantinum
3120 5144 3528 5201 Eusebianorum
3551 5162 3766 5216 persua-

2154 5236 2299 5289 sione
2321 5278 2335 5299 ,
2365 5235 2646 5307 itidemque
2674 5238 2991 5292 Arianorum
3012 5280 3027 5303 ,
3059 5238 3403 5294 Athanasium
3437 5242 3489 5294 in
3520 5238 3763 5295 exsilium

2156 5327 2209 5381 in
2238 5325 2442 5381 Gallias
2464 5328 2793 5395 amandasse,
2815 5330 3036 5385 credidit
3059 5333 3269 5387 omnino
3296 5332 3352 5385 id
3382 5336 3596 5401 factum,
3623 5330 3765 5402 quod

2157 5417 2524 5475 Constantinus
2552 5422 2822 5476 transisset
2850 5424 2917 5477 ad
2949 5425 3196 5479 Arianam
3225 5425 3505 5491 httresim;
3532 5424 3683 5495 idque
3706 5424 3762 5477 in

2154 5529 2269 5567 eum
2295 5514 2586 5569 inconsulto
2617 5516 2771 5571 nimis
2802 5518 3089 5573 declamare
3121 5535 3223 5573 non
3251 5518 3467 5574 destitit.
3492 5517 3761 5573 Praeterea

2153 5623 2275 5676 qua:
2317 5609 2369 5661 in
2424 5609 2613 5680 vulgus
2643 5618 2772 5665 tunc
2802 5609 3135 5675 ferebantur,
3168 5610 3311 5676 quod
3338 5610 3598 5665 Arianunt
3630 5608 3762 5678 bap-

2157 5699 2317 5753 tisma
2350 5701 2397 5755 is
2440 5702 2779 5770 suscepisset
2802 5702 2872 5757 ab
2914 5701 3155 5757 Eusebio
3194 5702 3464 5772 Episcopo
3512 5700 3768 5757 Nicome-

2159 5790 2363 5859 diensi,
2396 5802 2450 5848 et
2488 5801 2757 5863 suspectae
2789 5794 3069 5865 religionis
3105 5795 3347 5860 homine,
3389 5794 3479 5866 qui
3511 5793 3766 5849 morienti
