4194 6184
493 264 591 323 721

1959 268 2357 327 PREFATIO.

3636 232 3639 237 λ
3680 275 3787 332 72s.

490 386 735 456 Augusto
762 385 1040 453 adfuerat,
1075 396 1183 441 tum
1213 386 1355 457 quod
1386 395 1743 442 testamentum
1789 386 2090 441 tradidisset
2116 390 2171 450 Α
2198 388 2315 443 loco
2343 387 2465 443 libri
2497 388 2566 443 de
2595 389 2729 458 Reg.
2760 390 2953 459 Apost.
2989 403 3111 459 pag.
3140 388 3210 447 40
3241 388 3352 457 (hic
3378 388 3479 445 col.
3515 388 3665 461 805),
3696 391 3789 445 ubi

489 480 785 552 presbytero
826 481 1043 536 cuidam
1073 482 1184 535 Arii
1216 482 1510 547 laudatori,
1538 498 1686 553 quem
1718 490 1773 535 ut
1800 482 1967 535 virum
2000 481 2089 535 bo-

440 642 447 643 ,
490 590 614 628 num
656 590 803 628 soror
829 576 992 644 ipsius
1019 573 1320 641 Constantia
1358 575 1580 629 moriens
1626 576 1671 629 ei
1701 573 2089 628 commendave-

492 676 610 732 rat,
653 676 712 721 ut
750 668 941 723 scribit
978 668 1196 723 Sozom.
1225 668 1318 722 lib.
1348 684 1387 741 ιι
1419 683 1539 738 cap.
1577 669 1669 732 Si,
1702 682 1768 722 co
1798 668 1967 739 magis
1996 682 2087 722 su—

490 761 785 831 spicionem
817 762 870 816 in
896 762 1313 818 Constantinum
1344 764 1645 832 augebant;
1672 771 1730 816 ut
1762 762 1896 817 nihil
1928 777 2089 832 prop-

493 862 636 909 terea
669 853 949 918 miretnur,
983 855 1027 910 si
1050 854 1265 910 Lucifer
1296 855 1345 909 in
1381 871 1499 910 eam
1530 856 1839 925 opinionem
1871 855 2088 926 prolap-

489 962 583 1004 sus
610 948 713 1013 sit,
741 964 902 1020 quam
934 950 1188 1006 audiebat
1229 950 1456 1005 aliorum
1486 965 1583 1005 ore
1626 962 1681 1005 et
1725 964 1996 1005 consensu
2029 949 2085 1004 in

444 1106 449 1107 γ
488 1040 715 1110 privatis
758 1041 1043 1096 hominum
1102 1041 1417 1113 colloquiis,
1448 1052 1506 1097 ut
1547 1045 1715 1097 moris
1742 1057 1864 1097 esse
1910 1041 2082 1106 solet,

487 1135 795 1205 pervagari.
826 1134 971 1191 Sane
996 1135 1363 1209 Hieronymus
1394 1138 1447 1191 in
1472 1136 1674 1191 Chron.
1705 1136 1818 1190 haec
1840 1136 1908 1191 de
1938 1134 2085 1191 Con-

446 1280 447 1283 η
483 1226 725 1280 stantino
755 1225 973 1295 scripsit
997 1244 1010 1279 :
1036 1224 1400 1281 Constantinus
1428 1238 1652 1281 extremo
1681 1227 1797 1281 vita:
1821 1242 1930 1280 sua:
1960 1236 2085 1280 tent-

486 1335 610 1388 pore
639 1320 703 1373 ab
734 1318 955 1374 Eusebio
1001 1318 1393 1374 Nicomediensi
1422 1318 1683 1389 Episcopo
1711 1318 2000 1383 baptizatus
2030 1319 2084 1371 in

485 1409 740 1465 Arianum
783 1410 974 1481 dogma
1014 1411 1273 1478 declinat;
1307 1427 1427 1482 quae
1462 1412 1512 1466 in
1553 1411 1804 1466 omnibus
1855 1410 2084 1478 hujusce

482 1502 737 1559 Chronici
791 1506 1200 1577 exemplaribus
1235 1508 1345 1576 jam
1390 1506 1585 1571 editis,
1636 1515 1691 1561 et
1719 1507 1773 1560 iu
1804 1522 1875 1560 vtt
1910 1501 2079 1560 Vatic.

486 1611 616 1652 mss.
652 1598 929 1669 leguntur,
955 1601 1029 1655 uti
1058 1600 1441 1657 animadvertit
1468 1602 1735 1656 Pontacus
1766 1602 1818 1655 in
1851 1601 1993 1655 notis
2015 1600 2081 1655 ad

441 1769 445 1773 ἡ
485 1690 629 1746 hunc
658 1690 869 1758 locum;
905 1709 1069 1748 unum
1098 1703 1276 1749 tamen
1311 1694 1631 1749 LodonenSe
1662 1710 1763 1749 ms.
1792 1695 1871 1750 sic
1891 1695 2079 1769 eadem

2196 479 2499 548 perspicuis
2522 479 2702 534 verbis
2727 479 2990 550 Josaphat
3008 480 3413 535 sanctissimum
3439 496 3622 552 regem
3646 480 3788 536 Juda

2193 582 2477 641 comparat
2519 588 2642 628 eum
2688 573 3041 637 Constantio,
3071 584 3127 629 et
3154 584 3452 645 utrumque
3478 577 3792 645 sacrilegum

2191 667 2484 723 manifesto
2521 670 2758 739 appellat
2792 689 2804 723 :
2839 670 3063 737 Quando
3095 670 3387 724 consideres
3417 671 3575 724 etiam
3616 671 3791 739 ﬁlium

2189 760 2327 815 Basa
2340 763 2491 815 annis
2515 763 2725 835 triginta
2738 765 3106 833 quinque,cum
3123 765 3275 835 fuerit
3301 774 3353 817 ut
3383 774 3439 817 tu
3461 764 3779 835 sacrilegus,

2188 868 2431 923 regnasse
2447 856 2590 924 apud
2612 854 2850 908 Judwos.
2871 856 3035 909 Error
3049 855 3267 924 quidem
3286 856 3426 910 inest
3445 857 3650 911 nomini
3668 856 3793 912 huic

2190 946 2330 1000 Basa
2360 948 2475 1003 sive
2498 949 2812 1019 interpretis
2843 950 2957 1004 sive
2988 950 3200 1005 librarii
3232 950 3389 1020 culpa
3412 993 3425 1016 ,
3454 967 3576 1005 cum
3609 952 3663 1006 in
3695 966 3783 1007 sa-

2188 1041 2299 1096 cris
2332 1041 2484 1096 libris
2502 1052 2653 1110 pater
2679 1042 2940 1111 Josaphat
2964 1042 3163 1111 ultique
3193 1043 3297 1096 Asa
3323 1044 3654 1113 appelletur,
3674 1055 3726 1099 et
3754 1061 3786 1100 ει

2189 1132 2427 1202 Joscpho
2457 1134 2507 1187 in
2538 1134 2629 1189 lib.
2649 1150 2739 1188 vm
2759 1135 2920 1205 Autiq
2950 1133 3211 1204 Jud.cap.
3231 1147 3339 1190 net
3363 1151 3479 1204 seq.
3502 1138 3701 1191 Asanus
3729 1146 3786 1191 et

2188 1226 2419 1281 Assanus
2456 1228 2662 1297 absque
2690 1228 2800 1282 ullo
2846 1238 3091 1283 veterum
3124 1227 3375 1283 codicum
3425 1228 3781 1285 discrimine:

2187 1322 2392 1375 erravit
2422 1333 2600 1376 autem
2630 1322 2847 1377 Lucifer
2875 1324 2928 1377 in
2970 1322 3358 1393 consignandis
3393 1326 3547 1391 regni
3585 1325 3741 1378 annis
3767 1366 3784 1392 ,

2188 1414 2275 1483 qui
2305 1412 2565 1483 Josapltat
2594 1416 2938 1480 tribuuntur;
2964 1432 3087 1469 nam
3121 1418 3245 1470 anni
3281 1416 3499 1486 triginta
3521 1417 3782 1487 quinque.

2186 1520 2321 1574 quos
2346 1508 2396 1561 in
2431 1508 2549 1577 ejus
2580 1524 2744 1579 regno
2772 1519 3061 1578 supputat,
3087 1513 3265 1564 artatis
3287 1511 3413 1564 anni
3444 1520 3567 1565 sunt
3586 1554 3599 1575 ,
3623 1528 3786 1582 quam

2187 1610 2298 1655 tum
2330 1600 2585 1669 gerebat,
2614 1617 2734 1657 eum
2764 1602 2829 1657 ad
2862 1618 3087 1674 regnum
3129 1612 3353 1657 evectus
3381 1602 3514 1669 fuit,
3546 1612 3604 1657 ιιι
3641 1606 3788 1659 clare

2184 1704 2402 1750 constat
2444 1712 2508 1750 ex
2550 1696 2592 1750 ll
2632 1696 2870 1765 Paralip.
2922 1712 3043 1766 cap.
3081 1714 3151 1751 xx
3195 1698 3336 1766 apud
3379 1698 3782 1769 Septuaginta:

483 1783 777 1841 describit:
807 1785 1174 1842 Constantinus
1215 1801 1437 1842 extremo
1468 1790 1583 1843 vita:
1609 1804 1716 1843 sua:
1756 1798 1981 1859 tempore
2019 1787 2070 1840 ai

2190 1793 2279 1844 Καὶ
2304 1790 2635 1844 ἐϐασίλευσεν
2651 1788 2900 1862 Ἰωσαφάτ
2928 1793 3011 1845 ἐπὶ
3028 1793 3114 1845 τὸν
3136 1790 3325 1845 ἰουδάν
3344 1832 3359 1857 ,
3393 1791 3460 1845 ὥν
3488 1794 3613 1847 ἐτῶν
3634 1813 3784 1867 τρια·

439 1943 446 1949 .
487 1876 708 1933 Eusebio
742 1877 999 1951 Episcopo
1043 1880 1429 1936 Nicomediensi
1472 1882 1793 1953 baptizatus,
1825 1880 2079 1935 Eusebius

482 1974 535 2027 in
565 1974 815 2029 Arianum
857 1977 1045 2048 dogma
1071 1977 1315 2031 declinat.
1350 1979 1419 2033 Et
1447 1979 1840 2035 Alcobaciense
1876 1993 1977 2033 ms.
2026 1988 2081 2033 et

436 2142 439 2143 ν
482 2064 659 2121 Vatic.
692 2083 857 2123 unum
889 2084 990 2139 pro
1016 2067 1377 2126 Constantino
1416 2069 1769 2126 Constantium
1795 2071 2075 2138 nominat,

434 2224 439 2227 τ
479 2161 567 2229 qui
589 2169 767 2216 tamen
792 2161 1105 2218 Nicomedia
1134 2166 1319 2235 procul
1345 2165 1646 2234 baptizatus
1674 2164 1771 2219 luit
1788 2165 1856 2219 ab
1879 2165 2078 2234 Euzojo

480 2254 747 2325 Ερίεεονο
765 2256 990 2324 Ariano,
1009 2271 1231 2313 auctore
1257 2258 1557 2313 Athanasio
1587 2260 1636 2313 in
1656 2259 1753 2314 lib.
1776 2258 1844 2313 de
1867 2259 2073 2331 Synod.

475 2348 744 2404 Baronius
790 2350 857 2405 ad
898 2366 987 2407 an.
1024 2353 1151 2417 32.5,
1182 2362 1332 2422 putat
1361 2368 1425 2408 ea
1461 2354 1626 2407 verba
1661 2352 1918 2408 Chronici
1952 2352 2077 2409 Hie-

475 2444 782 2515 ronymiani
811 2459 937 2500 esse
979 2446 1338 2517 expungeuda
1365 2488 1377 2509 ,
1409 2446 1609 2516 quippe
1631 2446 1963 2519 Hieronymo
1994 2446 2077 2501 af-

472 2535 600 2592 ﬁcta
626 2578 639 2599 ,
672 2538 813 2607 quod
847 2546 1026 2593 tamen
1057 2539 1331 2595 Pontacus
1379 2538 1600 2595 efﬁcere
1644 2555 1807 2595 ausus
1850 2555 1958 2595 non
1991 2550 2074 2595 est

467 2642 658 2687 contra
687 2647 817 2687 mss.
846 2632 1106 2687 Codicum
1140 2633 1321 2700 fidem,
1349 2633 1473 2689 licet
1507 2634 1721 2688 Baronii
1746 2634 2069 2689 sententiam

427 2766 431 2769 .
468 2734 728 2793 sequatur
755 2724 826 2779 de
856 2725 1019 2781 unico
1044 2725 1387 2781 Constantini
1421 2726 1691 2794 baptismo
1736 2726 1922 2780 Roma:
1951 2740 2071 2780 sus-

466 2829 625 2888 cepto
678 2834 775 2889 per
820 2819 1084 2890 Sylrestri
1146 2820 1430 2874 Pontiticis
1480 2819 1869 2874 ministerium.
1932 2818 2071 2874 Nos-

468 2921 609 2968 trum
650 2913 895 2984 profecto
926 2928 1032 2966 non
1055 2923 1139 2969 est
1168 2912 1309 2967 bauc
1348 2913 1781 2968 controversiam
1810 2913 2065 2982 aggredi,

464 3019 586 3074 qua:
609 3019 805 3076 magno
828 3005 1099 3076 utrimque
1122 3006 1352 3076 partium
1376 3006 1557 3060 studio
1587 3006 1766 3076 agitur
1791 3007 1934 3062 inter
1963 3005 2066 3060 Ec-

463 3095 803 3152 clesiasticos
835 3098 1166 3167 Scriptores,
1198 3108 1377 3153 utrum
1402 3098 1609 3153 scilicet
1638 3098 1970 3155 Nicomediae
1996 3113 2063 3152 an

2185 1884 2483 1938 κοντὰπεντε
2510 1884 2556 1936 ἐν
2582 1891 2653 1953 τῷ
2683 1884 2991 1955 βασιλεῦσαι
3022 1886 3173 1939 αὐτὸν
3210 1882 3311 1938 :Et
3347 1885 3575 1952 regnavit
3623 1884 3781 1939 Josa-

2182 1974 2306 2045 pltat
2337 1992 2489 2044 super
2506 1974 2719 2037 ludam,
2739 1992 2854 2029 cum
2871 1986 3000 2029 esset
3032 1992 3290 2029 annorum
3318 1977 3531 2047 triginta
3552 1978 3779 2047 quinque

2179 2070 2232 2122 in
2260 2069 2520 2141 regnando
2543 2070 2747 2136 ipsum;
2778 2070 2921 2140 quod
2952 2070 3154 2124 ibidem
3190 2070 3417 2140 Vulgata
3447 2070 3776 2136 confirmat;

2178 2176 2349 2216 annos
2376 2177 2503 2215 vero
2529 2177 2785 2233 regnasse
2810 2163 2996 2232 viginti
3026 2165 3268 2233 quinque
3289 2171 3562 2217 testantur
3584 2164 3777 2220 itidem

2180 2252 2530 2324 Septuaginta
2559 2264 2669 2308 tum
2713 2256 2765 2307 in
2796 2270 2917 2320 cap.
2957 2255 3149 2308 eodem
3194 2255 3317 2309 libri
3348 2254 3391 2309 ιι
3441 2256 3771 2326 Paralipom.

2178 2349 2258 2401 καὶ
2294 2344 2455 2402 εἴκοσι
2480 2351 2568 2403 καὶ
2594 2349 2739 2404 πέντε
2770 2346 2857 2405 ἔτη
2878 2348 3231 2412 ἐϐασίλευσεν,
3265 2356 3313 2401 et
3344 2348 3525 2420 viginti
3551 2362 3597 2404 et
3623 2352 3779 2420 quin-

2177 2456 2274 2511 que
2299 2457 2460 2494 annos
2489 2441 2749 2510 regnavit;
2780 2451 2889 2495 tum
2922 2439 2975 2494 in
3003 2441 3093 2494 lib.
3125 2439 3189 2494 Ill
3221 2439 3353 2510 Reg.
3383 2455 3481 2510 cap
3504 2456 3626 2507 χιιι,
3651 2443 3775 2512 qui-

2176 2533 2402 2590 buscum
2448 2535 2722 2595 consentit
2758 2534 3021 2605 Vulgata,
3079 2547 3130 2589 et
3175 2534 3452 2603 Josephus
3495 2537 3546 2591 in
3585 2536 3680 2591 lib.
3721 2555 3774 2593 ix

2176 2641 2297 2697 cap.
2348 2628 2414 2693 5,
2470 2626 2561 2697 qui
2613 2628 2804 2681 scribit
2850 2642 3032 2696 regem
3090 2625 3269 2690 hunc,
3321 2636 3503 2682 exacto
3561 2629 3773 2697 quidem

2174 2722 2289 2775 vita:
2333 2736 2442 2775 sua:
2513 2737 2650 2774 anno
2708 2721 3063 2790 sexagesimo,
3118 2720 3261 2791 regni
3349 2736 3466 2774 vero
3522 2722 3770 2791 vigesimo

2173 2814 2352 2883 quinto
2385 2814 2523 2867 diem
2553 2826 2864 2878 supremum
2898 2814 3132 2868 abiisse:
3170 2812 3311 2867 unde
3342 2812 3591 2869 Latinius
3623 2825 3771 2870 recte

2174 2909 2428 2978 coitjicit,
2460 2908 2773 2963 Luciferum
2811 2909 2949 2961 haud
2978 2924 3290 2964 assecutum
3340 2909 3514 2964 fuisse
3544 2925 3769 2965 sensum

2173 3001 2338 3070 hujus
2370 3001 2663 3056 testimonii
2695 3000 2832 3056 adeo
2875 3001 2928 3055 in
2970 3003 3143 3057 sacris
3192 3002 3347 3057 libris
3394 3004 3765 3072 perspicuum.

2173 3095 2348 3150 Porro
2397 3095 2623 3151 dubium
2676 3104 2934 3161 nonest,
2965 3095 3093 3165 quin
3144 3095 3364 3151 Lucifer
3407 3094 3768 3167 Josaphatum

430 3244 437 3250 ,
462 3186 651 3243 Romae
672 3163 1060 3245 Constantinus
1107 3190 1433 3259 baptismum
1483 3193 1791 3260 susceperit
1825 3211 1836 3245 :
1873 3190 2064 3247 Daniel
2093 3163 2139 3227 Ο
2172 3188 2411 3243 innuerit
2433 3188 2499 3243 iis
2522 3188 2722 3256 verbis,
2750 3206 2871 3259 qua:
2900 3205 2970 3244 ex
3000 3205 3155 3244 sacro
3185 3190 3461 3244 volumine
3478 3190 3763 3257 describit,

465 3292 642 3339 tamen
676 3284 1079 3355 Papebrochius
1105 3285 1157 3339 iu
1189 3284 1403 3340 Comm.
1438 3286 1573 3340 Hist.
1607 3286 1675 3341 de
1701 3285 1764 3342 S.
1796 3288 2068 3341 Constan-

462 3376 579 3430 tino
625 3376 694 3430 Μ.
726 3376 980 3445 imperat.
1013 3376 1079 3430 ad
1118 3375 1266 3431 diem
1315 3378 1377 3431 ‘zl
1410 3376 1533 3431 Maii
1566 3378 1704 3432 Boll.
1734 3392 1854 3447 cap.
1886 3378 1943 3445 ἓ,
1976 3376 2070 3432 Ni-

462 3470 814 3527 comediense
844 3471 1110 3540 baptisma
1156 3479 1337 3525 tuetur
1362 3470 1627 3526 adversus
1652 3470 1944 3525 Baronium
1966 3513 1980 3537 ,
2011 3480 2067 3525 et

464 3562 781 3635 Hieronymi
813 3564 994 3620 verbis
1027 3564 1167 3619 hanc
1200 3562 1706 3633 interpretationem
1755 3579 2066 3619 accommo-

461 3658 554 3713 dat
585 3677 597 3712 :
630 3657 698 3711 ld
720 3667 794 3712 est
814 3701 827 3724 ,
860 3660 1111 3713 inclinare
1139 3659 1277 3712 uisus
1304 3667 1377 3712 est
1418 3655 1784 3712 Constantinus
1806 3659 1858 3712 in
1886 3675 2063 3712 eorum

432 3796 435 3803 ,
461 3752 765 3805 sententiam
788 3792 801 3816 ,
828 3752 918 3822 qui
946 3750 1228 3822 ὁμοουσίου
1270 3750 1515 3805 uocabulo
1539 3749 1900 3804 abstinendum
1946 3766 2065 3803 cen-

428 3906 433 3911 ι
459 3844 635 3898 sebant
656 3885 669 3907 ,
700 3860 801 3897 non
837 3852 891 3897 ut
921 3844 1161 3897 Imetico
1191 3842 1280 3897 sed
1319 3854 1373 3896 ut
1413 3859 1565 3903 novo,
1596 3843 1815 3912 ideoque
1844 3842 2063 3896 scanda-

461 3936 568 3989 lum
597 3944 869 4007 generante
892 3934 1035 4003 apud
1065 3952 1176 4002 eos,
1202 3936 1291 4004 qui
1319 3934 1549 3989 Nicaeae:
1575 3933 1733 3988 Fidei
1763 3928 1969 3988 omnino
2008 3950 2063 3987 se

430 4028 727 4085 .adhterere
757 4027 1152 4098 proﬁtebantur,
1198 4028 1669 4097 persuadebantque
1708 4026 2059 4095 Imperatori,

461 4134 518 4177 ut
548 4122 805 4188 crederet,
832 4138 938 4186 eos,
968 4122 1057 4192 qui
1084 4122 1394 4173 vocabantur
1420 4120 1636 4182 Ariani,
1663 4136 1781 4173 voce
1819 4120 1913 4172 illa
1938 4136 2063 4190 sup-

462 4233 638 4284 pressa
660 4216 727 4268 ad
750 4214 1078 4269 concordiam
1107 4213 1367 4268 redituros
1389 4228 1407 4265 :
1436 4222 1519 4276 et,
1557 4212 1731 4267 Simili
1762 4212 1917 4265 modo
1935 4211 2061 4265 alibi

428 4374 433 4379 ι
463 4306 812 4377 Hieronymus
842 4308 1049 4376 scripsit
1078 4318 1290 4375 propter
1318 4313 1573 4373 receptam
1606 4302 1841 4357 Valentis
1870 4313 1916 4356 et
1960 4300 2061 4357 Ur-

426 4454 431 4457 .
460 4404 586 4455 socii
613 4402 985 4472 confessionem
1010 4402 1063 4453 in
1084 4402 1253 4469 specie
1275 4398 1593 4453 Catholicam
1613 4440 1625 4461 ,
1652 4396 1793 4468 quod
1819 4397 2061 4467 ingemis-

364 4555 371 4560 I
424 4550 427 4553 ,
459 4509 578 4549 cens
599 4494 734 4547 orbis
766 4506 1021 4545 terrarum
1047 4493 1266 4545 miratus
1290 4500 1363 4545 est
1403 4506 1457 4543 se
1481 4505 1590 4543 esse
1629 4489 1900 4543 Arianum.
1932 4488 2059 4542 Haec

2173 3292 2227 3338 et
2253 3283 2319 3337 ad
2345 3284 2488 3338 hunc
2516 3299 2697 3353 regem
2732 3286 3023 3352 pertinent,
3050 3283 3116 3337 Ill
3165 3284 3296 3353 Reg.
3335 3300 3423 3339 xvr
3454 3286 3598 3351 apud
3632 3287 3769 3356 Sep-

2175 3376 2445 3447 tuaginta:
2508 3376 2570 3430 Et
2610 3378 2662 3429 in
2685 3393 2823 3430 anno
2846 3377 3115 3429 undecimo
3161 3375 3337 3429 Ambri
3384 3386 3565 3447 regnat
3603 3377 3765 3435 Josa-

2172 3470 2297 3537 pltat
2328 3470 2467 3535 ﬁlius
2510 3470 2685 3523 Asa...
2712 3479 2761 3524 et
2798 3469 3072 3522 ambulavit
3100 3470 3153 3523 in
3182 3470 3265 3523 via
3290 3470 3395 3523 Asa
3450 3472 3613 3541 patris
3636 3475 3720 3527 sui
3743 3514 3759 3539 ,

2170 3572 2219 3615 et
2272 3577 2373 3614 non
2429 3562 2709 3616 declinavit
2757 3563 2819 3615 ab
2858 3579 2947 3627 ea,
2988 3564 3227 3634 faciendo
3277 3574 3471 3618 rectum
3535 3566 3590 3619 in
3639 3583 3765 3622 con-

2169 3665 2342 3720 spectu
2366 3652 2600 3711 Domini.
2630 3654 2847 3708 Tantum
2875 3657 3077 3710 excelsa
3097 3672 3199 3710 non
3220 3657 3561 3713 abstulerunt.
3591 3660 3772 3714 Sacri-

2168 3750 2394 3819 ﬁcabant
2449 3751 2503 3803 in
2547 3750 2789 3819 excelsis,
2848 3762 2893 3803 et
2958 3750 3270 3816 adolebant;
3326 3767 3447 3821 quae
3505 3754 3760 3823 leguntur

2169 3843 2397 3910 repetita
2426 3856 2548 3911 cap.
2578 3858 2687 3896 ιλιι
2712 3860 2724 3897 ;
2759 3839 2826 3896 Ει
2854 3844 3131 3897 ambulavit
3153 3845 3208 3897 in
3235 3845 3376 3910 omni
3416 3844 3496 3899 uia
3528 3846 3633 3899 Asa
3670 3864 3767 3915 pa-

2168 3934 2261 3987 tris
2275 3934 2355 3987 sui
2375 3949 2393 3987 :
2417 3951 2521 3988 non
2550 3934 2822 3988 declinavit
2840 3934 2899 3987 ab
2918 3951 2995 3996 ea,
3021 3934 3262 4005 faciendo
3290 3946 3487 3989 rectum
3516 3937 3571 3991 in
3593 3939 3760 3995 oculis

2168 4025 2399 4081 Domini.
2454 4026 2820 4082 Verumtamen
2867 4028 3070 4082 excelsa
3140 4046 3243 4082 non
3294 4028 3527 4083 abstulit.
3579 4030 3764 4085 Adhuc

2167 4120 2392 4190 papulas
2413 4120 2762 4189 sacriﬁcabat,
2785 4131 2831 4174 et
2864 4104 3137 4174 adolebant
3170 4121 3223 4174 in
3253 4121 3486 4176 excelsis.
3518 4122 3643 4177 llaec
3668 4140 3766 4179 au-

2167 4220 2276 4266 tem
2308 4213 2452 4268 laudi
2499 4213 2742 4282 profecm
2771 4213 3090 4268 tribuuntur
3137 4212 3383 4281 piissimo
3412 4213 3523 4285 regi
3569 4225 3768 4285 praeter

2165 4304 2336 4371 illud,
2390 4306 2534 4374 quod
2578 4321 2773 4376 passus
2804 4306 2972 4361 fuerit
3013 4307 3179 4376 impia
3222 4306 3459 4361 Deorum
3500 4322 3655 4363 sacra
3698 4309 3767 4364 ab

2169 4400 2402 4456 Hebraeo
2451 4403 2651 4471 populo
2681 4402 3038 4471 frequentari,
3067 4418 3171 4457 nec
3206 4403 3466 4471 profanos
3511 4402 3687 4470 lucos,
3711 4414 3769 4459 et

2165 4502 2348 4547 erecta
2390 4494 2443 4545 in
2487 4493 2555 4546 iis
2604 4492 2902 4546 Numiuunt
2950 4492 3176 4547 delubra
3226 4493 3442 4559 penitus
3484 4495 3767 4550 everterit.

423 4643 431 4647 _
458 4590 551 4646 ille
580 4605 678 4661 pro
709 4589 1065 4659 Hieronymo,
1098 4603 1216 4657 qua:
1248 4585 1500 4642 Lucifero
1540 4588 1715 4655 aptari
1748 4593 2057 4654 nequeunt,
2087 4558 2141 4617 D
2170 4584 2308 4640 Hinc
2359 4585 2525 4653 igitur
2573 4584 2788 4640 Lucifer
2819 4600 3039 4640 causam
3097 4602 3158 4641 se
3198 4558 3417 4641 nactum
3463 4588 3763 4657 putaverit,

424 4734 433 4739 -
460 4697 636 4753 neque
667 4681 978 4737 testimonio
1011 4678 1202 4734 [sideri
1237 4680 1290 4732 in
1329 4678 1533 4733 Chron.
1561 4677 1708 4748 quod
1750 4676 2059 4745 hujusmodi

423 4829 431 4832 ,
458 4784 542 4830 est
566 4792 579 4827 :
610 4773 979 4828 Constantinus
1010 4774 1063 4825 in
1086 4781 1314 4826 extremo
1340 4770 1458 4825 vita:
1478 4786 1587 4825 sua:
1611 4771 1673 4824 ab
1703 4768 1931 4824 Eusebio
1958 4769 2059 4824 Ni-

457 4869 767 4922 comediensi
790 4866 1048 4937 EpiscOpo
1070 4866 1360 4935 baptizatus
1383 4866 1437 4918 in
1460 4866 1711 4919 Arianum
1738 4867 1926 4935 dogma
1949 4882 2064 4920 con-

424 4998 427 5007 λ
459 4963 691 5016 vertitur.
740 4959 857 5015 Heu
888 4960 1016 5032 prolt
1041 4958 1228 5013 dolor!
1258 4960 1387 5012 bono
1419 4975 1543 5012 usus
1583 4959 1842 5027 principio
1881 4968 1929 5012 et
1960 4958 2064 5026 ﬁne

423 5110 429 5115 ,
460 5056 627 5122 malo;
659 5056 731 5108 al.
762 5054 923 5109 bonus
954 5054 1238 5124 principio,
1277 5061 1326 5107 et
1372 5052 1475 5121 ﬁne
1517 5052 1718 5117 malus;
1746 5052 1902 5121 queis
1945 5052 2061 5106 bare

454 5147 642 5203 subdit
666 5146 901 5203 Jacobus
934 5146 1183 5201 Breulius
1224 5145 1276 5199 in
1329 5147 1473 5199 notis
1510 5162 1522 5197 :
1562 5143 1711 5198 Hanc
1754 5144 2060 5198 sententiam

459 5241 608 5295 docte
622 5240 813 5309 refellit
836 5237 1102 5293 Cedrenus
1125 5238 1179 5291 in
1201 5234 1488 5307 Compend.
1507 5235 1712 5291 Hister.
1736 5238 1789 5290 in
1802 5238 1903 5290 vita
1926 5232 2061 5290 Con-

454 5344 613 5389 stant.
648 5335 714 5389 At
746 5332 835 5398 hi,
861 5332 990 5387 licet
1028 5330 1363 5397 erraverint,
1403 5344 1557 5385 error
1589 5345 1656 5384 ex
1692 5330 1941 5399 pepulari
1972 5346 2061 5385 so-

456 5427 737 5483 lummodo
766 5426 902 5482 fama
932 5436 1157 5482 exortus
1188 5423 1485 5480 errantium
1519 5424 1733 5493 culpam
1768 5424 2057 5493 plurimum

456 5520 764 5584 imminuit;
797 5518 942 5587 quod
972 5518 1224 5573 Lucifero
1269 5525 1318 5572 et
1364 5514 1572 5572 Isidoro
1607 5516 1875 5571 accidisse
1906 5529 2060 5586 puta.

457 5628 600 5669 mus.
644 5613 719 5668 De
743 5613 892 5668 cultu
916 5612 974 5667 S.
1022 5609 1363 5666 Constantini
1410 5608 1482 5663 Μ.
1515 5608 1659 5678 apud
1689 5606 1912 5665 Graecos
1942 5610 2062 5666 vide

459 5707 892 5779 Papebrochium
920 5708 977 5763 in
1001 5706 1125 5762 loco
1150 5703 1387 5760 laudato.

533 5802 702 5860 Multo
722 5800 1095 5861 estdiftlcilius
1110 5795 1351 5858 Luciferi
1368 5811 1592 5855 sensum
1616 5796 1895 5869 explicare
1922 5798 1974 5854 in
1999 5816 2065 5857 eo

2165 4696 2263 4735 cur
2296 4689 2479 4750 posset
2524 4680 2881 4750 .losaphatum
2934 4696 3058 4736 cum
3086 4681 3408 4737 Constantio
3466 4682 3765 4750 conferre;

2134 4790 2233 4831 ne
2271 4774 2479 4848 scilicet
2555 4775 2749 4829 mirum
2808 4773 2932 4828 huic
2978 4774 3278 4841 videretur,
3333 4775 3379 4830 si
3430 4777 3763 4834 catholicam

2170 4865 2327 4920 fidem
2360 4882 2456 4935 pro
2485 4866 2688 4920 Ariana
2722 4866 2915 4922 haeresi
2952 4866 3153 4922 tuenda
3182 4867 3465 4925 insecutus
3494 4870 3765 4939 tranquil-

2172 4961 2226 5014 lo
2249 4960 2619 5031 diuturnoque
2642 4977 2809 5031 regno
2844 4961 3138 5024 frueretur,
3158 4977 3280 5017 cum
3304 4972 3359 5019 et
3380 4980 3475 5019 rex
3506 4962 3772 5032 Josaphat

2170 5055 2261 5125 qui
2302 5054 2372 5108 ob
2422 5057 2744 5129 permissum
2790 5053 2959 5109 nimia
3013 5056 3067 5109 in
3106 5056 3367 5125 populum
3425 5052 3769 5123 indulgentia

2172 5147 2442 5203 idolorum
2470 5147 2679 5202 cultum
2712 5147 2983 5203 vindicem
3023 5150 3075 5204 in
3100 5164 3159 5203 se
3188 5148 3283 5201 Dei
3335 5148 3471 5201 iram
3505 5159 3771 5215 provoca-

2170 5243 2285 5309 bat,
2312 5242 2577 5298 diutinam
2616 5252 2795 5299 tamen
2835 5242 2888 5297 in
2922 5242 3099 5314 regno
3139 5241 3457 5296 felicitatem
3508 5239 3767 5296 obtinuit.

2172 5334 2283 5391 Nec
2330 5337 2473 5392 inter
2502 5336 2791 5405 utriusque
2818 5336 3029 5391 crimen
3070 5331 3409 5402 comparatio
3438 5346 3498 5385 re
3522 5346 3652 5386 vera
3686 5330 3774 5387 in-

2180 5431 2449 5497 stituitur,
2480 5430 2576 5486 sed
2626 5432 2767 5485 inter
2813 5444 3137 5500 prosperum
3164 5428 3290 5480 vitae
3330 5440 3573 5489 cursum,
3607 5440 3772 5495 quem

2177 5533 2411 5594 uterque
2451 5523 2667 5591 exegit;
2702 5522 2831 5575 licet
2872 5528 2928 5575 et
2960 5517 3314 5574 Constantius
3335 5532 3464 5571 vere
3489 5517 3777 5589 sacrilegus

2176 5616 2389 5673 debitas
2418 5616 2519 5670 sibi
2553 5630 2583 5668 a
2621 5614 2733 5669 Deo
2767 5628 2957 5681 pennas
3010 5613 3119 5683 jau.
3176 5611 3507 5683 promeritus
3556 5612 3657 5678 sit,
3714 5622 3774 5667 et

2172 5711 2438 5783 Josaphat
2472 5753 2488 5778 ,
2536 5710 2628 5779 qui
2674 5706 2965 5777 sacrilegia
3018 5706 3203 5777 populi
3266 5705 3577 5772 tolerabat,
3625 5704 3777 5787 jus’ta

2182 5821 2296 5863 suae
2330 5805 2512 5875 culpa
2556 5800 3035 5859 animadversione
3066 5798 3374 5872 puniendus
3428 5796 3645 5856 fuisset.
3703 5792 3781 5861 Ψ
