4194 6184
437 256 547 313 ’123

1458 252 1760 312 LUCIF'ER
1802 250 2181 312 EPISCOPUS
2219 250 2733 313 CALARITANUS.

3640 256 3751 318 τα

434 374 654 447 quidem
691 375 740 428 in
788 374 932 429 libro
973 372 1146 428 Eccli.
1179 386 1299 447 cap.
1326 387 1471 439 χιιι,
1504 371 1562 440 li,
1604 372 1719 428 haec
1758 372 2029 453 legimus:
2060 375 2113 438 Α
2139 369 2234 427 Est
2262 368 2443 424 Helias
2466 367 2653 423 de'Dei
2674 369 2901 439 gaudens
2928 368 3252 436 amicitiis,“
3279 378 3350 422 est
3380 366 3555 424 Achab
3582 374 3753 427 exsol-

440 467 637 523 Praeter
684 466 851 521 David
886 476 934 520 et
978 465 1255 521 Ezechiam
1289 478 1338 522 et
1372 464 1577 522 Josiam
1620 483 1799 521 omnes
1852 466 2036 539 (reges

443 561 604 631 Juda)
640 569 906 631 peccatum
937 560 1335 627 commiserunt;
1361 560 1516 631 queis
1546 558 1843 625 advertens
1873 558 2037 614 Luci-

438 653 538 718 fer,
586 660 640 706 et
675 652 791 706 acri
826 658 996 706 aestus
1026 651 1076 705 vi
1122 651 1419 719 abreptus,
1465 660 1527 706 ut
1564 650 1637 721 pii
1684 651 1848 707 etiam
1894 651 2040 725 regis

439 743 695 813 exemplo
726 742 978 798 fidentem
1011 742 1117 798 sibi
1149 745 1364 798 inanem
1392 741 2039 813 Constantiijactantiam

437 835 775 905 retunderet,
803 838 1113 907 sacrilegum
1145 836 1281 893 dixit
1312 835 1665 905 Josaphatum
1686 879 1700 904 ,
1734 837 1818 891 cui
1849 850 2041 905 pecca-

437 942 551 986 tum
600 931 850 1000 permissi
890 932 1090 1011 populo
1122 931 1397 1011 sacrilegii
1423 930 1681 986 tribuitur
1716 931 1784 986 iis
1820 930 2035 985 verbis:

452 1024 813 1078 Verumtamen
831 1023 1034 1079 excelsa
1063 1042 1167 1079 non
1196 1024 1409 1079 abstulit
1431 1038 1584 1079 :cum
1613 1024 1953 1096 caeteroquin
1984 1023 2039 1081 in

440 1120 569 1175 Iib.t
595 1134 693 1189 pro
707 1118 766 1175 S.
802 1117 1003 1183 Athan.
1026 1136 1085 1188 p.
1108 1118 1169 1174 81
1197 1119 1305 1193 (hic
1334 1117 1436 1173 col.
1461 1117 1613 1186 847),
1638 1116 1903 1183 Josapbat
1930 1117 2041 1171 Deo

440 1212 673 1265 dicatum
703 1226 886 1282 regem
934 1209 1074 1266 Juda
1106 1210 1489 1278 commendet,
1514 1211 1741 1287 ejusque
1769 1207 1957 1264 laudes
1986 1217 2044 1263 ut

440 1303 545 1358 viri
575 1301 684 1358 Deo
705 1304 863 1359 dicati
909 1301 1028 1359 fuse
1057 1311 1446 1375 persequatur.
1488 1300 1620 1377 Quae
1666 1300 1934 1356 hactenus
1975 1299 2044 1356 tle

442 1406 624 1453 mente
655 1396 888 1452 Luciferi
920 1396 1023 1452 hoc
1057 1398 1110 1452 in
1149 1396 1271 1451 loco
1300 1397 1370 1450 ita
1408 1395 1666 1450 duximus
1697 1393 2042 1465 explicanda,

444 1501 501 1546 ιιι
529 1490 707 1545 omnis
745 1490 813 1546 de
843 1490 963 1560 ejus
1002 1489 1273 1560 religione
1314 1503 1445 1560 erga
1479 1502 1669 1544 sacros
1701 1488 1872 1543 libros
1902 1528 1914 1552 ,
1951 1487 2046 1556 qui

447 1582 591 1653 regis
616 1582 843 1653 hujusce
872 1582 1132 1654 pietatem
1165 1580 1413 1651 pluribus
1444 1579 1748 1647 celebrant,
1776 1580 2049 1650 ambigui-

448 1686 550 1739 tas,
576 1683 632 1730 et
659 1675 839 1730 omnis
869 1674 937 1729 ab
974 1674 1216 1747 ejusdem
1246 1673 1407 1728 libris
1433 1673 1697 1743 antilogia
1735 1671 2040 1728 auferatur.

2140 480 2260 519 oens
2306 472 2578 533 perpetuas
2620 477 2814 531 partas.
2851 459 2968 515 Erit
3009 463 3121 517 sine
3147 461 3307 516 dubio
3337 462 3657 518 Athanasius
3697 468 3754 520 in

2142 557 2370 611 convivio
2402 556 2488 610 ubi
2514 565 2587 609 est
2640 553 2840 620 Helias,
2870 564 2919 610 et
2960 564 3015 609 tu
3047 556 3146 609 eris
3183 556 3237 609 in
3268 556 3381 611 loco
3406 556 3498 611 illo
3529 567 3756 613 tormen-

2143 657 2331 721 torum,
2374 658 2469 702 etc.
2503 647 2655 701 Istud
2680 656 2755 700 est
2786 662 2986 719 sapere,
3017 657 3074 700 ut
3104 646 3347 718 elegisses
3396 648 3756 718 infelicitatem

2141 750 2387 795 mternam
2411 739 2584 795 Achab
2609 739 2777 812 regis,
2810 740 2975 813 magis
2999 755 3155 813 quam
3194 740 3302 810 frui
3336 740 3588 812 felicitate
3638 758 3759 814 per-

2142 846 2333 910 petua,
2378 852 2533 907 quam
2572 846 2645 891 est
2698 846 2997 892 consecutus
3049 835 3275 892 Helias?
3321 834 3455 904 Quae
3507 839 3758 909 profecto

2144 926 2413 996 ejusmodi
2443 938 2569 981 sunt
2596 969 2610 993 ,
2642 936 2700 983 ut
2750 926 2994 982 indicent
3021 969 3036 994 ,
3066 926 3241 983 Ellam
3271 938 3534 985 aeternam
3558 929 3758 1001 gloria

2143 1022 2384 1077 cmlestis
2427 1022 2749 1077 felicitatem
2800 1021 3058 1093 adeptum
3087 1023 3198 1092 jam
3239 1037 3383 1079 esse.
3408 1022 3599 1078 Plures
3622 1023 3754 1095 qui-

2144 1113 2268 1169 dem
2299 1114 2555 1169 feruntur
2584 1116 2869 1170 sententia:
2910 1116 3053 1171 inter
3084 1116 3422 1190 interpretes
3463 1131 3650 1176 sacros
3693 1128 3757 1175 et

2144 1206 2459 1279 Theologos
2481 1208 2547 1264 de
2575 1208 2723 1276 ioco,
2751 1210 2803 1263 in
2835 1226 2998 1280 quem
3028 1211 3327 1275 translatus
3359 1210 3527 1275 fuerit
3571 1211 3753 1278 Elias;

2144 1303 2234 1355 sed
2262 1311 2455 1355 certum
2485 1318 2642 1357 mora:
2668 1304 2867 1367 locum,
2904 1302 2993 1358 ubi
3025 1302 3174 1358 Elias
3226 1313 3280 1359 et
3332 1304 3521 1365 Enocli
3550 1303 3760 1377 degunt

2146 1410 2426 1465 numquam
2469 1394 2754 1466 designavit
2784 1394 3042 1461 Ecclesia,
3070 1396 3244 1466 inquit
3271 1395 3554 1452 Calmetus
3584 1397 3651 1451 ad
3684 1393 3755 1453 IV

2148 1485 2279 1559 Reg.
2306 1502 2359 1541 st
2384 1505 2398 1553 ;
2426 1487 2823 1559 improbantque
2850 1488 2912 1545 S.
2941 1491 3261 1561 Augustinus
3294 1491 3384 1546 lib.
3432 1506 3468 1546 ιι
3504 1491 3567 1545 de
3606 1507 3752 1560 pecc.

2149 1580 2335 1650 origin.
2360 1596 2477 1647 cap.
2522 1582 2575 1645 5,
2630 1577 2691 1635 S.
2734 1578 3128 1651 Chrysostomus
3158 1580 3300 1636 hom.
3343 1581 3409 1637 2i
3444 1584 3497 1637 in
3538 1578 3667 1638 Gen.
3706 1592 3757 1639 et

2149 1670 2221 1726 22
2246 1673 2299 1727 in
2321 1672 2469 1741 epist.
2491 1672 2561 1727 ad
2583 1671 2748 1727 Hebr.
2779 1682 2827 1728 et
2862 1671 3217 1729 Theodoretus
3243 1685 3428 1746 qua’st.
3454 1673 3525 1731 45
3547 1677 3601 1729 in
3617 1674 3753 1731 Gen.

446 1767 662 1823 Addere
692 1768 778 1823 hic
824 1767 973 1823 lubet
1015 1777 1068 1821 et
1109 1766 1277 1821 alium
1319 1766 1554 1821 Luciferi
1584 1764 1765 1821 iocum
1786 1806 1799 1830 ,
1843 1766 1896 1820 in
1933 1780 2043 1836 quo
2074 1761 2122 1822 B
2149 1780 2326 1818 eorum
2357 1764 2636 1831 licentiam,
2659 1767 2748 1832 qui
2774 1766 2827 1820 in
2852 1775 2994 1820 tanto
3012 1766 3410 1839 Scripturarum
3436 1786 3502 1824 ea
3523 1770 3587 1824 de
3608 1786 3663 1824 re
3684 1769 3759 1825 si-

448 1860 752 1923 bianassem
778 1876 994 1934 quoque
1020 1876 1202 1930 regem
1230 1858 1369 1915 inda
1398 1873 1724 1930 comparans
1751 1873 1873 1914 cum
1900 1857 2049 1913 Con-

446 1951 651 2007 stantio
679 1952 732 2005 in
762 1951 904 2007 libro
932 1950 1002 2007 de
1032 1950 1169 2024 Reg.
1204 1954 1398 2022 Apost.
1434 1965 1490 2022 p.
1515 1949 1586 2006 46
1615 1950 1725 2025 (hic
1755 1950 1854 2005 col.
1886 1949 2045 2022 811),

449 2043 564 2098 hrcc
622 2042 942 2113 imperamri
995 2043 1279 2097 minitatur
1321 2060 1333 2095 :
1369 2041 1497 2096 Noli
1560 2040 1649 2095 tibi
1671 2041 1781 2112 ipse
1817 2041 2053 2096 misereri

448 2145 502 2189 ut
526 2147 675 2190 temet
710 2136 779 2189 ad
807 2134 970 2191 Deum
1021 2147 1217 2202 vertas,
1246 2138 1353 2191 noli
1399 2137 1656 2209 corrigere
1703 2135 1930 2206 nefarios
1964 2151 2053 2190 ac-

451 2243 533 2287 tus
589 2244 703 2287 tuos
738 2274 752 2301 ,
809 2244 858 2287 et
921 2233 1146 2286 invenies
1198 2242 1246 2286 te
1290 2233 1518 2305 torqueri
1583 2247 1698 2285 cum
1767 2229 2053 2295 Hanasse;

451 2341 596 2397 quae,
627 2326 673 2381 si
706 2325 773 2381 de
806 2336 1012 2381 aeterna
1044 2324 1311 2381 Manassis
1344 2338 1503 2397 ptena
1532 2324 1760 2395 intelligi
1790 2324 2049 2389 velimus,

452 2418 519 2473 iis
550 2418 792 2495 profecto
849 2434 955 2474 non
997 2418 1298 2485 cohmrent,
1323 2433 1445 2490 quae
1486 2417 1556 2473 de
1591 2417 1916 2489 ptenitentia
1955 2415 2053 2470 hu-

451 2514 605 2583 jusce
649 2513 792 2587 regis
828 2528 1001 2569 sacra:
1046 2513 1242 2568 littera:
1278 2518 1556 2568 testantur
1596 2510 1636 2566 ll
1665 2509 1903 2581 Paralip.
1928 2525 2052 2581 cap.

457 2623 623 2662 xxxnt
642 2626 653 2662 :
674 2606 776 2675 Qui
786 2619 1056 2679 postquam
1078 2615 1451 2678 coangustatus
1473 2615 1565 2673 est,
1593 2605 1756 2659 orauit
1775 2604 2055 2658 Dominum

456 2716 606 2753 suum
628 2741 642 2765 ,
678 2710 722 2754 et
756 2702 857 2771 cgit
900 2701 1247 2769 pwnitentiam
1277 2699 1427 2753 valde
1479 2713 1652 2754 coram
1688 2695 1799 2751 Deo
1847 2705 2056 2767 patrum

458 2810 690 2848 suorum.
728 2792 1148 2864 Deprecatusque
1171 2803 1245 2847 est
1275 2808 1412 2856 eum,
1446 2801 1493 2845 et
1519 2790 1806 2844 obsecravit
1828 2789 2056 2843 intente:

459 2896 506 2941 et
547 2888 811 2942 exaudirit
858 2890 1141 2943 orationem
1168 2888 1277 2959 cjns
1300 2928 1315 2959 ,
1346 2886 1654 2955 reduxitque
1680 2900 1799 2939 eum
1837 2882 2058 2937 Jerusa-

459 2981 557 3032 lem
579 2980 630 3032 in
662 2995 874 3049 regnum
906 2996 1076 3041 suum,
1105 2990 1152 3032 et
1179 2978 1416 3051 cegnovit
1447 2976 1741 3043 Manasses,
1782 2976 1921 3045 quod
1951 2973 2055 3029 Do-

461 3078 629 3130 minus
658 3078 766 3152 ipse
811 3088 939 3132 esset
972 3073 1130 3130 Deus.
1164 3074 1303 3131 Tum
1332 3090 1453 3145 quur
1493 3072 1580 3142 pie
1610 3082 1907 3142 sancteque
1931 3086 2057 3141 ges-

2153 1857 2309 1912 lentio
2330 1858 2699 1930 magistrorum
2743 1874 2885 1912 more
2910 1860 3215 1914 sententiam
3242 1860 3491 1915 audacter
3519 1877 3758 1931 pronun-

2152 1951 2303 2007 tiant.
2340 1951 2418 2006 Es
2450 1951 2697 2008 Hebrmis
2726 1952 2950 2031 quidam
2985 1996 2999 2019 ,
3035 1969 3268 2025 quorum
3309 1954 3601 2026 opiniones
3627 1954 3763 2021 εσθ-

2154 2052 2281 2099 runt
2330 2043 2641 2100 Munsterus
2686 2054 2742 2100 et
2784 2044 3091 2113 Vatabius,
3148 2058 3528 2121 censuerunt,
3576 2046 3760 2105 Ellam

2154 2138 2205 2190 in
2236 2138 2413 2208 ipsum
2457 2154 2514 2194 re
2548 2154 2673 2194 vera
2702 2139 2901 2196 omium
2926 2182 2941 2206 ,
2984 2140 3194 2195 scilicet
3233 2140 3550 2195 Paradisum
3577 2182 3593 2208 ,
3630 2156 3762 2219 rap-

2156 2239 2269 2286 tum
2298 2229 2492 2297 luisse,
2523 2240 2578 2288 et
2606 2241 2786 2288 vestes
2815 2246 3123 2303 corpusque
3144 2233 3266 2302 ejus
3292 2233 3345 2287 in
3373 2232 3590 2304 sphaera
3618 2233 3763 2303 ignis

2156 2325 2325 2381 fuisse
2352 2324 2658 2397 absumpta;
2681 2325 2777 2381 sed
2808 2325 2911 2382 hos
2941 2327 3026 2381 vel
3056 2341 3160 2380 una
3193 2324 3419 2395 Josephi
3460 2325 3762 2381 auctoritas

2155 2427 2336 2490 potest
2380 2416 2664 2483 refellere,
2701 2419 2793 2488 qui
2836 2419 2891 2473 in
2918 2417 3015 2472 lib.
3042 2433 3098 2472 ιι
3139 2417 3325 2488 Antiq.
3366 2432 3488 2488 cap.
3523 2416 3596 2486 2,
3648 2416 3762 2473 Sub

2156 2508 2293 2563 idem
2317 2517 2539 2579 tempus.
2565 2496 2760 2578 inquit,
2792 2506 2943 2563 Ellas
2964 2524 3029 2563 ea:
3055 2508 3322 2563 hominum
3337 2519 3614 2577 conspectu
3639 2506 3765 2563 sub-

2157 2601 2297 2655 latus
2338 2611 2459 2655 est:
2500 2618 2592 2655 nec
2637 2601 2690 2655 in
2733 2599 3042 2656 hodiernum
3101 2616 3267 2672 usque
3311 2601 3447 2654 diem
3488 2600 3760 2670 quisquam

2159 2698 2298 2751 novit
2324 2697 2411 2767 qui
2440 2697 2597 2768 fuerit
2630 2699 2745 2769 ejus
2770 2697 2959 2751 exitus.
3005 2696 3122 2751 Non
3156 2696 3380 2751 defuere
3406 2706 3585 2749 tamen
3619 2695 3763 2752 inter

2158 2774 2502 2846 Christianos
2543 2791 2854 2861 Scriptores
2883 2832 2896 2855 ,
2938 2791 3028 2861 qui
3085 2804 3403 2860 persuasum
3462 2790 3759 2859 haberent,

2162 2883 2443 2939 Enocltum
2472 2894 2525 2939 et
2552 2884 2727 2938 Eliam
2755 2883 3001 2938 absoluta
3033 2884 3199 2938 animi
3225 2894 3279 2938 et
3302 2884 3555 2953 corporis
3582 2884 3761 2954 gloria

2160 2978 2348 3031 beatos
2375 2990 2530 3042 esse;
2566 2977 2644 3031 ita
2671 2976 2817 3031 enim
2850 2975 3014 3030 sentit
3056 2974 3355 3046 Procopius
3385 2975 3551 3040 Gasa,
3581 2976 3673 3047 qui
3706 2977 3762 3032 in

2160 3071 2467 3128 Comment.
2502 3072 2567 3126 ad
2591 3071 2793 3128 Cenes.
2828 3071 3088 3145 affirmat,
3109 3083 3402 3141 utrumque
3425 3072 3599 3127 uidere
3626 3071 3762 3126 divi-

459 3171 531 3224 sit
564 3172 614 3223 in
640 3141 828 3235 regno,
861 3168 1060 3224 ibidem
1090 3141 1386 3222 narrantur
1408 3141 1531 3221 cum
1558 3164 1750 3228 laude;
1784 3141 1925 3217 unde
1965 3176 2058 3216 co-
2086 3141 2133 3202 Ο
2164 3181 2281 3219 nam
2302 3165 2659 3233 essentiam,et
2672 3165 2723 3219 in
2740 3164 3042 3234 corporibus
3058 3141 3301 3237 gloriosis
3317 3179 3435 3217 cum
3452 3161 3657 3218 Christo
3671 3179 3761 3217 re-

457 3275 692 3331 gnoscas
737 3259 1001 3315 Mauassis
1059 3260 1438 3329 paenitentiam
1467 3257 1737 3311 sinceram
1773 3253 1970 3320 misse;
2003 3264 2061 3310 et

459 3366 722 3407 concessa
746 3352 921 3407 eidem
951 3367 979 3406 a
1008 3354 1115 3406 Deo
1141 3350 1295 3406 venia
1342 3348 1654 3419 probatam,
1684 3354 1744 3401 ut
1778 3345 2060 3402 Calmetus

459 3446 622 3499 etiam
651 3442 1033 3498 animadvertit
1054 3445 1119 3498 ad
1142 3446 1338 3498 librum
1368 3442 1438 3498 iV
1466 3442 1600 3512 Reg.
1625 3455 1746 3510 cap.
1774 3456 1897 3505 xxr;
1927 3441 2059 3512 quin

462 3534 628 3593 immo
658 3554 685 3591 a
719 3550 975 3609 suscepto
1006 3538 1119 3607 jam
1153 3538 1423 3607 religiosm
1470 3536 1592 3590 vita:
1633 3537 1883 3591 instituto
1915 3535 2060 3591 haud

461 3630 861 3699 ampliusiilum
890 3631 1120 3699 legimus
1151 3627 1441 3686 deﬂexisse
1468 3647 1479 3681 :
1515 3640 1566 3683 et
1586 3627 1858 3700 Iosephus
1884 3629 1979 3683 lib.
2026 3644 2060 3684 ι

462 3720 644 3790 Antiq.
684 3735 806 3789 cap.
832 3721 865 3775 ὅ
913 3720 1028 3775 lucc
1065 3720 1133 3776 de
1167 3720 1413 3776 Manasse
1464 3720 1743 3776 memoria:
1782 3720 2057 3791 prodidit:

464 3815 618 3881 Atqui
660 3830 779 3867 vero
828 3814 881 3867 in
919 3814 1034 3868 istis
1080 3822 1310 3868 mutatus
1350 3814 1402 3867 in
1456 3814 1639 3867 melius
1678 3815 1753 3867 ita
1805 3813 2061 3883 reliquum

460 3907 577 3959 vitta
606 3906 729 3977 egit,
761 3916 818 3959 ut
858 3906 1181 3961 beatissimus
1216 3906 1508 3977 dignusque
1532 3907 1826 3961 imitatione
1853 3922 1919 3961 ea:
1966 3908 2061 3962 illo

460 4005 687 4064 tempore
718 3978 922 4049 habitus
944 3997 1123 4067 fuerit,
1148 4012 1249 4067 quo
1275 3999 1427 4068 carpit
1455 3998 1697 4066 pietatem
1733 4013 1853 4068 erga
1892 3996 2060 4053 Deum

459 4090 650 4139 colere.
681 4086 886 4151 Verum
919 4086 1138 4157 quidem
1176 4097 1293 4153 est,
1325 4087 1577 4142 Manasse
1618 4096 1740 4149 post
1764 4090 2060 4159 captivita-

463 4188 571 4235 tem
602 4190 880 4250 regnante,
905 4180 1153 4251 populum
1182 4180 1482 4235 immolasse
1506 4181 1559 4235 in
1586 4182 1805 4238 excelsis
1834 4180 2061 4240 Domino

462 4270 575 4326 Deo
595 4288 687 4328 suo
717 4270 911 4328 illicito
943 4272 1091 4328 cultu
1117 4289 1131 4339 ;
1165 4273 1255 4328 sed
1293 4274 1427 4328 illud
1449 4273 1580 4330 huic
1610 4275 1722 4346 regi
1775 4277 2062 4333 incommo-

459 4368 583 4421 dum
612 4368 845 4439 contigit,
865 4367 1050 4424 subdit
1081 4368 1573 4426 ibidcmtlalmetus
1596 4384 1743 4426 vers.
1763 4370 1849 4439 i7,
1877 4380 1931 4427 ut
1958 4374 2060 4428 mi-

461 4462 578 4516 nori
609 4460 821 4531 polleret
840 4446 1162 4515 auctoritate
1182 4504 1197 4527 ,
1230 4478 1386 4531 quam
1419 4477 1549 4531 opus
1589 4462 1773 4530 [uisset
1794 4504 1808 4529 ,
1852 4472 1910 4517 ut
1944 4481 2061 4529 eum

459 4556 677 4609 abusum
702 4556 930 4610 aboleret
956 4598 969 4622 ,
1020 4554 1147 4611 licet
1185 4555 1231 4610 is
1259 4555 1562 4626 praceperit
1586 4555 1744 4610 Iuda:
1765 4595 1781 4622 ,
1812 4566 1870 4611 ut
1895 4559 2055 4612 servi-
2088 4532 2138 4592 Β

460 4655 538 4701 ret
566 4647 789 4701 Domino
822 4645 1024 4713 Israel,
1048 4658 1191 4702 teste
1212 4661 1372 4703 sacro
1397 4646 1683 4717 Scriptore
1701 4661 1845 4702 vers.
1881 4648 1971 4718 16,
2004 4660 2060 4706 et

457 4740 589 4795 inde
612 4754 721 4795 non
752 4740 1105 4810 consequitur
1146 4748 1326 4806 certe,
1364 4747 1627 4793 internum
1667 4737 1901 4795 Maiiassi
1926 4754 2057 4813 sup-

459 4834 681 4907 plicium
704 4848 733 4887 a
759 4832 873 4889 Deo
914 4832 1180 4888 inuictum
1201 4833 1401 4903 iluisse.
1438 4833 1514 4888 De
1534 4848 1645 4905 quo
1674 4849 1798 4889 cum
1832 4835 1966 4891 nihil
1997 4820 2061 4891 li-

460 4945 579 4991 ceat
607 4932 915 4996 afﬁrmare,
949 4928 1153 4984 divinis
1184 4928 1339 4985 libris
1365 4929 1590 4985 omnino
1617 4929 1934 4997 silentibus,
1969 4944 2064 5003 ap-

458 5029 570 5085 tius
593 5037 783 5082 nostro
806 5021 1245 5093 quidemjudieio
1261 5020 1443 5078 iocum
1465 5020 1704 5078 Luciferi
1722 5024 2056 5093 interpreta-

459 5120 629 5187 beris,
644 5119 687 5174 si
709 5127 886 5189 putes,
905 5114 1084 5185 ipsum
1100 5114 1486 5185 temporariam
1503 5114 1825 5171 Constantio
1838 5127 2056 5185 ptenam

461 5213 735 5279 minitari,
769 5212 847 5267 uti
876 5208 1156 5265 Manasses
1211 5224 1381 5280 regno
1437 5208 1688 5279 dejectus
1741 5196 2057 5263 diuturnam

458 5305 603 5378 apud
652 5302 985 5376 Babylonios
1024 5309 1080 5358 et
1108 5299 1633 5359 aerumnosissimam
1681 5299 2057 5369 captivitatem

461 5397 683 5453 subivit.
719 5395 1038 5451 Postremus
1080 5392 1316 5449 Luciieri
1380 5392 1535 5447 locus
1587 5391 1679 5463 qui
1717 5391 2051 5462 singularem

463 5492 699 5560 posmiat
718 5486 1247 5545 animadversionem
1273 5485 1339 5540 ad
1369 5484 1542 5540 Ellam
1584 5490 1818 5555 spectat,
1848 5483 1918 5539 de
1945 5499 2054 5554 quo

462 5582 580 5635 haec
608 5579 740 5635 lib.t
774 5596 871 5650 pro
893 5579 955 5634 Β.
984 5578 1217 5643 Atinam,
1239 5591 1295 5648 p.
1323 5576 1513 5649 “(hic
1540 5575 1642 5632 sol.
1667 5574 1818 5647 845),
1847 5575 2058 5633 Heliam

458 5672 1025 5740 conspicetranslatum
1046 5671 1115 5725 ad
1141 5671 1393 5725 amicitias
1426 5667 1521 5726 Dei
1542 5672 1883 5742 perfruendas
1904 5680 2055 5726 cter-

465 5781 558 5822 nas
574 5782 594 5831 ,'
626 5776 671 5821 et
711 5779 847 5819 nunc
872 5766 1043 5821 Achab
1068 5773 1333 5835 torquetur
1361 5767 1414 5820 in
1442 5767 1782 5822 exterioribus
1811 5767 2049 5824 tenebris.

458 5982 489 5997 λ

2163 3272 2360 3333 gnare;
2384 3256 2715 3328 Procopium
2757 3271 2888 3311 vero
2916 3242 3089 3313 secuti
3128 3266 3249 3311 sunt
3280 3254 3618 3327 Augustinus
3647 3253 3759 3311 Eu-

2164 3336 2397 3420 gubiuus
2430 3350 2482 3404 in
2536 3348 2818 3420 Recognit.
2858 3347 2976 3402 Vel.
3012 3348 3162 3403 Test.
3191 3346 3258 3401 ad
3301 3362 3423 3418 cap.
3458 3362 3495 3401 ιι
3525 3346 3662 3403 Cen.
3704 3356 3761 3404 et

2161 3441 2491 3498 Ctharinus
2526 3444 2578 3496 in
2626 3457 2818 3512 opusc.
2865 3441 2935 3497 de
2972 3454 3277 3497 consulum.
3318 3442 3489 3512 gloria
3516 3438 3761 3510 Christi,

2164 3549 2349 3594 contra
2379 3552 2515 3608 quos
2537 3536 2808 3591 uberrime
2840 3534 3065 3591 disserit
3086 3534 3414 3590 Franciscus
3457 3534 3658 3589 Suam
3704 3534 3765 3591 in

2165 3642 2301 3689 sect.
2333 3632 2358 3686 1
2393 3630 2596 3701 disput.
2633 3631 2702 3686 55
2727 3630 2795 3685 ad
2830 3630 2863 3685 5
2901 3639 3042 3701 part.
3089 3629 3151 3684 D.
3186 3628 3384 3684 'ihom.
3425 3637 3619 3698 qua‘si.
3664 3627 3761 3696 19,

2164 3734 2268 3781 art.
2318 3724 2372 3790 3,
2406 3722 2577 3794 _'l‘om.
2601 3738 2723 3778 «νη
2746 3722 2887 3794 Opp.
2915 3723 2985 3778 Et
3026 3722 3153 3778 illos
3185 3723 3239 3778 in
3273 3736 3395 3778 eam
3431 3721 3763 3777 sententiam

2166 3818 2397 3873 fortasse
2418 3816 2646 3871 adduxit
2675 3827 2786 3871 tum
2832 3814 3202 3872 Ecclesiastici
3232 3815 3607 3870 testimonium
3635 3828 3761 3887 cap.

2167 3921 2309 3972 xuv,
2337 3906 2423 3959 ubi
2452 3906 2687 3976 legitur:
2722 3904 2945 3960 Henoclt
2986 3905 3266 3961 translatus
3313 3914 3387 3960 est
3429 3906 3486 3960 in
3526 3903 3763 3959 Paradi-

2164 4014 2309 4065 sum,
2340 4006 2451 4051 tum
2482 3996 2839 4067 quorumdam
2873 3997 3095 4054 Patrum
3134 3998 3441 4053 locutiones
3471 4012 3498 4051 a
3542 3997 3765 4055 Lucife-

2164 4089 2334 4146 rianis
2365 4088 2508 4144 haud
2548 4088 2862 4145 absimiles:
2919 4104 3042 4145 nam
3092 4089 3461 4161 Hieronymus
3502 4090 3555 4144 in
3598 4088 3760 4159 epist.

2165 4183 2231 4239 ad
2275 4182 2687 4240 Pammachium
2730 4184 2919 4239 Enoch
2952 4195 3004 4239 et
3045 4184 3220 4239 Ellam
3270 4183 3511 4255 appellat
3534 4184 3766 4256 paradisi

2166 4281 2400 4359 colonos,
2429 4281 2521 4352 qui
2542 4279 2713 4335 divino
2738 4279 2999 4334 consortio
3022 4287 3068 4334 et
3094 4279 3286 4333 cmlesti
3332 4294 3467 4351 pane
3490 4278 3762 4349 fruuntur,

2166 4383 2221 4431 et
2246 4385 2550 4431 saturantur
2601 4373 2742 4429 omni
2772 4374 2923 4428 uerbo
2958 4370 3055 4427 Dei
3086 4372 3330 4428 habentes
3377 4372 3611 4427 eumdem
3654 4370 3766 4426 Do-

2167 4475 2363 4528 minum
2383 4516 2397 4539 ,
2428 4488 2580 4544 quem
2603 4480 2650 4526 et
2678 4472 2882 4538 cibum;
2915 4483 2968 4524 et
2999 4470 3324 4527 Ambrosius
3353 4472 3405 4525 in
3440 4470 3532 4525 lib.
3568 4469 3637 4525 de
3659 4467 3767 4526 lia-

2166 4565 2296 4621 both
2327 4579 2447 4633 cap.
2484 4578 2550 4618 xv
2600 4578 2787 4632 atque,
2821 4577 2885 4617 ac
2916 4562 3153 4625 Lucifer,
3195 4562 3387 4618 scribit
3424 4561 3599 4617 Eliam
3630 4577 3766 4631 prte-

2166 4658 2267 4729 mio
2297 4664 2599 4710 coronatum
2623 4668 2744 4711 esse
2772 4664 2984 4709 (eterna.
3014 4652 3123 4711 Sed
3150 4653 3295 4724 quod
3328 4653 3395 4709 ad
3423 4653 3600 4709 locum
3632 4654 3765 4709 atti-

2169 4757 2261 4805 net
2289 4789 2303 4815 ,
2329 4746 2381 4801 in
2404 4762 2512 4818 quo
2539 4745 2704 4802 ambo
2742 4756 3053 4811 versantur,
3088 4745 3298 4816 optime
3335 4746 3530 4817 probat
3563 4746 3768 4803 Suare-

2166 4842 2285 4898 eius
2309 4841 2529 4897 Patrum
2557 4841 2887 4896 auctoritate
2928 4854 3053 4897 esse
3083 4838 3227 4894 hunc
3262 4850 3506 4895 secretam
3534 4842 3768 4909 aliquam

2164 4936 2424 5009 regionem
2450 4944 2622 4998 terras,
2648 4934 2897 5005 optimam
2921 4942 3089 4988 tamen
3120 4949 3182 4988 ac
3204 4933 3578 5005 felicissimam,
3612 4943 3768 5007 prout

2164 5014 2376 5082 illorum
2411 5026 2571 5081 statui
2618 5026 2871 5089 convenit,
2903 5026 3019 5080 sive
3069 5023 3289 5080 demum
3346 5025 3438 5080 illa
3488 5026 3767 5083 terrestris

2166 5119 2457 5187 Paradisus
2482 5119 2575 5188 sit,
2599 5120 2714 5174 sive
2738 5118 2864 5173 huic
2886 5118 3085 5175 similis
3112 5119 3289 5191 regio;
3316 5118 3385 5175 de
3419 5119 3525 5173 vita
3552 5126 3761 5187 autem,

2166 5229 2325 5287 quam
2353 5222 2519 5284 agunt
2544 5255 2557 5277 ,
2591 5213 2943 5270 sentiendum
2980 5214 3208 5271 omnino
3234 5225 3317 5271 est
3340 5232 3459 5272 eam
3490 5216 3765 5287 ejusmodi

2164 5323 2306 5375 esse,
2337 5316 2394 5363 ut
2420 5322 2649 5378 corpore
2678 5307 2861 5363 divina
2894 5309 3098 5365 virtute
3131 5309 3474 5380 incorrupto,
3501 5318 3556 5365 et
3575 5324 3605 5364 ι
3634 5324 3767 5365 con-

2153 5400 2489 5471 cupiscentia
2531 5415 2596 5455 ac
2645 5399 2897 5455 humanis
2953 5401 3212 5457 aerumnis
3266 5402 3493 5457 immuni
3562 5418 3654 5470 per
3700 5402 3766 5472 ﬁ-

2158 5494 2277 5549 dem
2303 5503 2349 5549 et
2404 5494 2769 5549 abstractivam
2807 5494 3161 5567 c0gnitionem
3199 5490 3298 5549 Dei
3328 5495 3766 5565 contemplatione

2156 5596 2204 5643 et
2256 5601 2432 5641 amore
2474 5586 2760 5651 fruantur;
2818 5585 2962 5658 quod
3013 5586 3203 5643 Patres
3251 5588 3438 5660 plures
3485 5597 3766 5658 asserunt,

2154 5681 2283 5734 dum
2344 5690 2580 5759 negant,
2632 5679 2762 5735 illos
2812 5689 3072 5736 aeternam
3136 5681 3287 5761 regni
3341 5680 3588 5737 cmlestis
3633 5680 3768 5739 bea-

2158 5772 2449 5831 titudinem
2477 5772 2704 5847 adeptos
2725 5787 2869 5831 esse.
2904 5773 3070 5832 Docet
3091 5784 3272 5833 autem
3303 5773 3447 5834 idem
3472 5772 3765 5833 Suamius
