4194 6184
460 278 565 337 ⁸125

1915 262 2307 326 ΡΒΜΔἹΊΟ.

3655 264 3767 327 Μ

459 399 512 453 in
543 406 695 452 tomo
732 395 923 468 lOpp.
967 395 1063 452 lib.
1112 408 1183 461 ll,
1216 407 1337 463 cap.
1376 392 1480 459 5t),
1517 390 1639 445 Non
1685 404 1793 444 esse
1820 386 2055 443 absolute
2083 387 2131 445 Α
2154 385 2308 453 jussu
2338 384 2584 455 adactus,
2606 396 2666 442 ut
2681 386 2862 444 innuit
2888 386 3132 444 illiarlus
3148 388 3206 444 in
3223 387 3301 445 lib
3338 402 3359 444 ι
3404 387 3473 446 ad
3491 386 3766 446 Constan-

453 488 780 560 impossibile
807 488 1068 543 hominem
1094 487 1148 541 in
1177 501 1396 556 corpore
1420 481 1629 537 mortali
1656 480 1845 535 elevari
1874 494 2055 532 secun-

454 583 580 636 dum
629 592 849 637 mentem
882 582 951 635 ad
986 579 1268 633 videndum
1295 576 1482 641 Deum,
1513 576 1642 630 licet
1693 572 1759 626 de
1798 570 2057 624 communi

456 676 569 746 lege
595 684 641 729 et
669 676 899 745 potentia
927 688 1030 726 non
1057 671 1375 725 concedatur
1415 666 1711 722 hominibus
1748 663 2056 717 mortalibus

455 767 602 820 clara
647 766 776 820 cisio
808 765 1002 818 divinis
1039 763 1311 828 essentite;
1356 769 1413 815 et
1446 759 1491 812 si
1519 758 1605 813 cui
1630 755 1850 811 videtur
1884 753 2057 809 fuisse

456 872 716 913 coitcessa
739 898 753 923 ,
778 865 836 910 ut
866 855 1073 927 Moysi,
1106 861 1161 908 et
1194 854 1254 907 D.
1286 851 1509 917 Paullo,
1543 848 1595 903 id
1617 863 1707 919 per
1733 847 1881 900 breue
1928 854 2057 899 tem-

457 967 559 1023 pus
590 959 638 1006 et
666 949 816 1021 quasi
867 950 919 1001 in
970 948 1196 1001 transitu
1218 944 1470 1001 obtinere
1517 948 1877 1004 meruerunt;
1931 952 2054 992 nam

456 1042 603 1114 quod
640 1042 829 1113 aliquis
855 1042 1008 1094 homo
1038 1049 1145 1094 toto
1175 1052 1400 1109 tempore
1427 1037 1547 1091 vita
1586 1032 1825 1087 mortalis
1848 1030 1927 1085 vel
1962 1046 2057 1101 pro

457 1135 636 1206 aliqua
656 1150 847 1206 magna
876 1142 1023 1203 parte
1061 1132 1176 1202 ejus
1204 1130 1438 1184 habuerit
1468 1128 1616 1182 illam
1646 1125 1893 1179 visionem
1934 1138 2055 1189 per-

454 1236 723 1282 manenter
759 1235 806 1281 et
851 1223 1270 1286 immutabiliter,
1312 1223 1364 1275 in
1401 1222 1497 1274 hoc
1539 1234 1692 1274 sensu
1737 1227 1935 1273 certum
1981 1224 2059 1271 est

454 1338 555 1376 non
574 1338 685 1377 esse
705 1322 895 1390 factam
916 1319 1373 1389 dispensationem.
1389 1316 1582 1386 igitur,
1597 1314 1797 1369 utbiuc
1818 1313 1885 1366 ad
1900 1310 2060 1367 Luci-

452 1417 627 1472 t'erum
654 1400 962 1480 redeamus,
991 1414 1059 1468 ita
1083 1413 1200 1483 ejus
1227 1411 1390 1466 verba
1418 1419 1577 1465 erunt
1610 1401 1979 1478 intelligenda,
1999 1413 2060 1461 ut

452 1508 773 1581 singularem
793 1510 1068 1577 quamdam
1092 1504 1456 1575 perfectionem
1479 1502 1664 1555 divinae
1677 1498 2061 1569 contemplatio.

451 1604 534 1656 nis
564 1599 892 1671 signiﬁcent,
920 1596 1376 1668 quemadmodum
1418 1597 1581 1651 etiam
1608 1594 1920 1665 Hieronymi
1948 1600 2058 1647 tes-

450 1695 735 1749 timonium
765 1693 1002 1762 explicat
1025 1690 1349 1755 Suarezius;
1378 1698 1435 1744 et
1454 1704 1549 1757 per
1564 1687 1848 1759 prolepsin
1874 1699 2058 1756 quam-

2160 481 2316 543 tiam,
2347 480 2611 537 etdeeem
2641 490 2767 552 post
2794 482 2913 539 dies
2954 482 3023 538 ab
3052 482 3171 554 ejus
3194 484 3433 539 adventu
3455 484 3515 539 in
3552 483 3760 540 Conci-

2160 571 2291 627 lium
2315 572 2609 629 advocatus
2625 574 2760 630 fuit:
2792 574 3057 631 Eusebius
3095 575 3437 631 Vareelleasis
3463 573 3764 646 Episcopus

2158 665 2237 718 uir
2262 674 2338 718 est
2369 667 2509 720 omni
2538 668 2644 722 uita
2674 665 2786 722 Deo
2813 670 3059 724 serviens.
3094 668 3203 724 Iste
3248 678 3366 741 post
3410 668 3760 725 Arelatensem

2162 757 2452 828 Synodum,
2494 776 2613 814 cum
2646 761 2925 817 Paullinus
2980 761 3275 833 Episcopus
3330 764 3487 820 tantis
3534 765 3757 819 istorum

2158 849 2437 905 sceleribus
2466 854 2794 920 contraisset,
2830 854 3190 910 Mediolanum
3218 856 3390 911 venire
3428 858 3757 927 praecipitur.

2160 938 2350 995 Coacta
2368 945 2487 1015 jam
2526 944 2641 998 illic
2680 946 3082 1016 malignantium
3104 963 3371 1019 synagoga
3393 987 3408 1015 ,
3437 947 3615 1002 decem
3644 949 3758 1003 die-

2160 1036 2253 1091 bus
2278 1036 2347 1090 ad
2378 1035 2667 1093 Ecclesium
2697 1041 2882 1094 uetitas
2911 1050 2988 1095 est
3018 1041 3294 1109 accedere,
3337 1041 3461 1094 dum
3505 1042 3758 1096 adversus

2161 1140 2264 1187 tant
2290 1142 2523 1188 sanctum
2550 1135 2718 1188 uirum
2739 1135 2937 1188 malitia
2968 1150 3021 1189 se
3042 1149 3285 1207 peruersa
3309 1136 3585 1190 consumit.
3620 1133 3760 1206 Sup-

2159 1226 2361 1296 puratis
2387 1226 2574 1279 deinde
2602 1227 2833 1281 consiliis
2874 1218 3146 1291 omnibus,
3179 1228 3266 1281 ubi
3293 1226 3497 1281 libitum
3522 1236 3597 1282 est
3617 1268 3631 1291 ,
3662 1228 3759 1282 ad-

2162 1327 2392 1371 vocatur.
2423 1318 2568 1383 Quas
2597 1319 2862 1388 temporis
2885 1327 3076 1382 notas,
3108 1326 3165 1374 et
3193 1318 3501 1386 intervalla,
3532 1318 3759 1389 quasin-

2163 1420 2246 1465 ter
2276 1410 2503 1480 primam
2531 1409 2858 1466 Arianorum
2882 1412 2950 1466 ad
2976 1412 3269 1467 Eusebium
3300 1412 3587 1482 epistolam
3608 1411 3757 1467 tion-

2162 1502 2276 1557 cilii
2304 1504 2555 1568 nomine,
2596 1512 2652 1558 et
2680 1503 2910 1559 alteram
2941 1502 3207 1571 Luciferi,
3236 1518 3302 1558 ac
3353 1505 3569 1559 tertiam
3619 1505 3759 1560 Con-

2161 1595 2345 1650 stantii
2368 1637 2381 1661 ,
2414 1604 2525 1650 tum
2576 1596 2793 1651 Eusebii
2823 1610 3008 1651 moras
3028 1604 3085 1651 et
3123 1597 3249 1661 iter,
3280 1595 3564 1666 ipsamque
3585 1595 3758 1651 Attia-

2164 1687 2299 1742 nasii
2330 1686 2736 1743 damnationem
2761 1688 3075 1743 necessario
3098 1690 3492 1756 intercurrunt,
3517 1688 3564 1744 si
3594 1689 3762 1746 simul

449 1787 571 1842 dum
616 1784 837 1856 scripsit
888 1783 1105 1839 Lucifer
1124 1824 1139 1850 ,
1167 1783 1245 1837 uti
1278 1782 1618 1845 Ambrosius,
1649 1780 1822 1834 Etiam
1846 1787 2056 1834 tolerate
2083 1765 2131 1826 Β
2157 1778 2408 1834 conteras
2434 1820 2448 1844 ,
2476 1778 2722 1849 profecto
2739 1780 3028 1850 dignosces
3057 1778 3295 1835 Luciferi
3338 1780 3408 1835 ad
3458 1780 3757 1837 Eusebium

450 1895 509 1935 re
526 1894 652 1935 vera
670 1879 765 1934 Dei
785 1878 1031 1933 amicitia:
1050 1876 1362 1947 copulatum
1386 1876 1511 1931 ineo
1529 1872 1764 1929 conuiuio
1781 1872 1891 1943 jam
1908 1885 2051 1938 esse,

449 1974 536 2026 ubi
561 1974 661 2028 erit
698 1973 812 2026 sine
848 1969 1005 2025 dubio
1048 1969 1405 2033 Athanasius;
1443 1967 1570 2037 quia
1617 1967 1672 2019 in
1717 1964 2059 2021 translatione

447 2064 563 2137 ipsa
610 2064 950 2134 conﬁrmatus
981 2064 1037 2117 in
1079 2063 1251 2132 gratia
1279 2069 1327 2115 et
1354 2062 1406 2115 in
1438 2060 1590 2126 bona,
1610 2070 1836 2115 auctore
1854 2057 2058 2115 Suare-

450 2162 539 2214 aio
569 2202 581 2224 ,
612 2159 681 2214 de
712 2159 895 2213 iutnra
939 2157 1117 2213 beata:
1171 2155 1497 2210 :cternitatis
1530 2155 1875 2224 possessione
1924 2155 2057 2210 vivit

452 2268 703 2309 securus.
740 2252 1013 2307 Caeterum
1052 2250 1192 2305 duos
1238 2249 1405 2305 hosce
1447 2249 1599 2303 viros
1637 2256 1840 2304 aeterna
1879 2248 2055 2319 gloria

451 2348 651 2419 potitos
692 2360 802 2403 non
830 2361 953 2401 esse
983 2356 1216 2417 quatuor
1258 2344 1372 2399 haec
1398 2354 1720 2414 argumenta
1742 2342 1901 2398 facile
1932 2358 2055 2413 per-

450 2439 722 2507 suadent;
753 2438 898 2510 quod
927 2453 993 2493 eo
1033 2438 1267 2509 primum
1300 2451 1409 2491 non
1446 2424 1824 2506 ingrediuntur
1853 2449 2053 2503 corpo-

451 2547 508 2587 ra
540 2532 642 2587 nisi
671 2532 1006 2603 gloriﬁcata;
1034 2531 1232 2587 deinde
1256 2530 1400 2601 quod
1433 2530 1612 2585 aditus
1637 2530 1689 2584 in
1717 2529 1888 2585 castos
1920 2543 2056 2582 non-

451 2626 580 2681 dum
611 2624 786 2680 iuerat
830 2634 1083 2695 apertus;
1117 2625 1279 2679 tertio
1316 2623 1462 2694 quod
1498 2620 1748 2677 Christus
1794 2637 1936 2676 unus
1984 2622 2057 2678 sit

452 2719 852 2790 resurgentium
887 2718 1179 2789 primitiae;
1214 2717 1432 2771 demum
1482 2714 1627 2786 quod
1679 2725 1909 2786 uterque
1949 2715 2053 2770 sub

457 2818 630 2887 ipsum
673 2815 857 2871 mundi
906 2815 1132 2870 exitium
1181 2820 1237 2868 et
1274 2813 1436 2867 tinem
1470 2810 1891 2881 praenuntiaturi
1939 2810 2053 2865 sint

455 2910 623 2965 divini
661 2908 868 2965 iudicis
922 2908 1252 2974 adventum,
1280 2922 1401 2976 qua:
1433 2905 1683 2961 sententia
1708 2913 1796 2957 aut
1828 2903 1892 2957 de
1920 2902 2054 2958 Fide

453 3013 549 3067 est,
573 3009 661 3055 aut
692 2999 843 3055 Fidei
865 3001 1017 3055 valde
1043 3000 1298 3068 proxima,
1333 3008 1388 3053 et
1414 2998 1650 3067 glorioso
1671 2998 1722 3051 in
1747 2995 2055 3051 Antichris-

458 3104 567 3149 tum
587 3096 884 3150 certamine
903 3103 1131 3148 mortem
1165 3090 1459 3164 oppetituri
1484 3090 1596 3155 ;‘dc
1623 3104 1731 3159 quo
1759 3088 1881 3143 vide
1910 3103 2050 3158 prae-

454 3188 613 3257 cipue
640 3186 918 3241 laudatum
950 3186 1266 3242 Suarezium
1316 3186 1368 3238 in
1422 3190 1556 3239 sect.
1585 3182 1621 3236 2
1643 3182 1801 3237 dictae
1841 3181 2045 3251 disput.

455 3278 545 3334 55.
578 3279 754 3349 Atque
784 3278 933 3334 hisce
954 3277 1244 3347 expeditis,
1266 3285 1516 3347 superest
1538 3274 1774 3345 denique
1796 3283 1853 3329 ut
1877 3274 2052 3344 inqui-

455 3386 643 3427 ramus
676 3390 691 3427 2

529 3462 556 3533 ᾗ
613 3464 797 3519 ιν.-
829 3463 906 3519 De
954 3472 1183 3534 tempore
1214 3504 1227 3530 ,
1270 3478 1369 3533 quo
1411 3463 1603 3531 singuli
1644 3461 1875 3532 Luciferi
1930 3463 2052 3518 libri

1083 3558 1262 3628 scripti
1292 3565 1431 3611 sunt.

528 3651 714 3722 Itaque
742 3648 813 3706 ad
856 3649 1143 3720 epistolam
1188 3649 1328 3718 quod
1380 3649 1596 3714 attinet,
1628 3662 1786 3716 quam
1834 3648 2051 3705 Lucifer

455 3746 674 3816 scripsit
713 3729 948 3800 Eusebio
988 3743 1258 3815 Episcopo
1296 3742 1631 3799 Vercellensi
1656 3784 1669 3809 ,
1704 3753 1762 3797 ιιι
1805 3741 2052 3799 Concilio

455 3838 742 3892 llediotani
767 3838 877 3907 jam
908 3836 1048 3890 inito
1078 3837 1388 3901 interesset,
1421 3834 1581 3891 facile
1606 3836 1930 3905 conjicimus
1955 3835 2052 3889 da—

456 3941 561 3985 tam
600 3930 767 3986 l‘uisse
800 3945 990 3986 mense
1031 3932 1254 3985 circiter
1300 3930 1468 4001 Aprili
1500 3929 1731 4001 hujusce
1762 3930 1886 3985 anni
1914 3931 2047 3986 585.

457 4024 670 4079 Etenim
696 4022 890 4094 Pagius
922 4023 973 4077 in
1016 4021 1153 4077 Crit.
1182 4023 1378 4077 Baron.
1423 4022 1489 4077 ad
1513 4040 1601 4076 ait.
1644 4023 1897 4078 eumdem
1930 4023 2050 4076 ani-

456 4117 745 4171 madvertit
769 4130 837 4171 ex
884 4116 977 4170 lib.
1010 4115 1301 4187 Theophili
1331 4115 1667 4170 Patriarcbze
1695 4114 2050 4169 Alexandrini

456 4210 519 4262 de
544 4208 929 4262 conversatione
949 4218 996 4261 et
1029 4208 1336 4276 partirulari
1368 4208 1471 4260 vita
1500 4205 1813 4261 Sanctorum
1848 4205 2049 4259 Paelic-

455 4301 542 4352 mii
572 4309 618 4353 et
652 4297 913 4352 Theodori
937 4313 1059 4367 cap.
1092 4299 1145 4365 4,
1176 4297 1533 4352 Athanasium
1572 4306 1697 4350 ante
1727 4295 1870 4350 diem
1904 4297 2050 4351 vice-

454 4394 647 4447 simum
671 4398 921 4464 quintum
946 4393 1061 4445 Maii
1086 4392 1401 4446 damnatum
1428 4390 1597 4445 fuisse
1620 4391 1670 4444 in
1693 4405 1759 4445 eo
1778 4387 2048 4455 Concilio,

455 4486 597 4553 quod
630 4487 792 4555 igitur
822 4484 993 4555 Aprili
1040 4499 1229 4539 mense
1271 4494 1522 4538 coactum
1557 4483 1668 4551 jam
1699 4490 1849 4544 erat;
1876 4481 2050 4550 siqni-

456 4533 580 4633 tlem
627 4533 901 4633 Eusebiusr
938 4577 1135 4635 litteris
1175 4575 1490 4631 Antistitum
1522 4572 1849 4629 Arianorum
1880 4575 2051 4628 totius
2079 4533 2133 4597 Ι)
2158 4557 2683 4626 οΙῙεοιίνοναιίοηίόω
2710 4578 2809 4618 αισι
2847 4601 2859 4615 ο
2896 4601 2907 4616 ο
2938 4602 2951 4616 ι

453 4670 688 4725 Concllii
712 4669 956 4735 nomine,
981 4680 1091 4723 tum
1122 4668 1358 4724 Luciferi
1384 4668 1640 4737 acceptis,
1671 4666 1930 4721 Vercellis
1953 4665 2051 4721 ad-
2098 4706 2101 4707 ν

456 4764 562 4818 huc
584 4761 848 4828 substitit,
877 4770 930 4816 et
952 4760 1253 4815 Constantii
1293 4760 1510 4815 domum
1555 4759 1788 4828 epistola
1838 4772 2054 4828 pernic-

458 4865 567 4919 tus,
591 4868 653 4907 ac
681 4862 969 4924 postquam
992 4852 1044 4908 ei
1068 4851 1473 4920 respondisset,
1507 4850 1870 4906 Mediolanum
1902 4864 2056 4906 com-

458 4948 618 5004 mode
658 4948 954 5018 proiectus,
1000 4949 1070 5019 ibi
1117 4948 1235 5003 dies
1281 4949 1470 5003 decem
1507 4957 1637 5002 ante
1680 4958 2052 5003 commoratus

458 5053 572 5107 est,
620 5055 785 5113 quam
810 5041 863 5096 in
881 5040 1172 5097 concilium
1227 5041 1616 5106 advocaretur,
1664 5047 1725 5096 ιιι
1770 5038 2058 5095 Athanasii

457 5134 791 5189 damnationi
824 5134 1218 5191 subscriberet.
1264 5133 1532 5187 Barcinus
1562 5133 1628 5187 ad
1672 5133 1823 5187 illum
1853 5146 2057 5188 annum

456 5236 647 5280 censet
674 5224 914 5280 Luciferi
943 5225 1156 5278 litteras
1186 5222 1253 5277 ad
1279 5224 1570 5278 Eusebium
1607 5225 1841 5293 scriptus
1888 5223 2058 5280 ﬁnisse

460 5326 580 5385 post
605 5317 905 5387 epistolam
945 5316 1258 5381 Constantii
1293 5334 1307 5370 :
1340 5316 1436 5372 sed
1470 5318 1736 5379 nsebias
1769 5319 1886 5388 ipse
1911 5317 2058 5373 Con-

458 5412 664 5471 stantio
692 5409 999 5481 respondit,
1023 5425 1083 5465 se
1110 5410 1399 5480 suscepisse
1423 5410 1581 5464 etiam
1599 5410 1801 5463 litteras
1833 5412 2059 5481 fratrum

457 5512 505 5558 et
525 5505 956 5576 coepiscoporum
1011 5520 1256 5571 summm,
1284 5506 1469 5568 quibus
1485 5503 1848 5559 hocintimare
1876 5505 2063 5576 digna-

458 5598 500 5650 ti
528 5607 669 5664 sunt,
696 5608 756 5651 ut
789 5601 944 5667 plena
979 5598 1106 5651 mihi
1124 5639 1138 5662 ,
1168 5597 1371 5662 subdit,
1404 5596 1594 5653 relatio
1620 5612 1711 5665 per
1742 5597 1903 5666 ipsos,
1932 5611 2062 5663 quos

460 5699 561 5749 tum
583 5706 769 5759 parere
782 5690 1015 5761 jussioni
1045 5692 1099 5743 in
1130 5690 1225 5744 ltoc
1246 5690 1595 5744 necessarium
1626 5689 1776 5754 dumi,
1802 5686 2063 5743 Mediola-

464 5799 587 5841 num
616 5785 789 5837 υεηίη
817 5797 1150 5855 properarem
1173 5798 1192 5848 δ
1217 5796 1285 5837 eo
1310 5790 1493 5837 autem
1520 5780 1739 5838 advenit
1759 5779 2063 5837 Constantii

2160 1874 2369 1928 litteras
2395 1873 2448 1927 in
2478 1886 2721 1929 mensem
2748 1874 2992 1943 Aprilem
3021 1888 3146 1932 esse
3171 1873 3528 1944 rejlciendas:
3553 1885 3610 1931 et
3628 1874 3759 1934 hinc

2158 1964 2560 2021 Mediolanense
2578 1965 2884 2022 Concilium
2907 1981 3013 2022 non
3043 1966 3144 2022 sub
3165 1967 3345 2037 ipsum
3372 1967 3600 2024 omnino
3622 1970 3755 2026 anui

2159 2058 2266 2113 355
2292 2057 2605 2125 exordium,
2653 2065 2715 2113 ut
2733 2058 3091 2114 Coosttmtius
3119 2072 3191 2113 ex
3213 2059 3578 2129 eruditorum,
3606 2061 3757 2133 quod

2159 2151 2275 2220 ipse
2294 2151 2390 2215 ait,
2413 2151 2680 2206 sententia
2703 2150 2939 2206 al’lirmat
2964 2152 3015 2205 in
3041 2159 3169 2206 nota
3185 2151 3435 2221 epistola
3460 2152 3662 2210 Liberii
3685 2156 3756 2212 ad

2158 2242 2466 2300 Luciferum
2496 2244 2761 2315 subjecta,
2794 2246 2891 2301 sed
2920 2245 3009 2301 vel
3027 2247 3132 2301 sub
3154 2246 3360 2302 exitum
3385 2249 3593 2304 mensis
3616 2248 3759 2306 Mar-

2158 2336 2240 2399 tii,
2267 2338 2351 2393 vel
2377 2338 2480 2394 sub
2509 2338 2723 2393 initium
2754 2340 2957 2411 Aprilis
2979 2340 3274 2411 inemptum
3302 2340 3479 2398 fuisse
3498 2352 3751 2421 oportet;

2155 2446 2264 2501 quo
2284 2446 2449 2487 sensu
2482 2432 2629 2504 Pasti
2657 2448 2877 2504 quoque
2904 2434 3070 2489 verba
3095 2433 3474 2505 intelligimus,
3499 2438 3589 2508 qui
3610 2436 3752 2493 Con-

2157 2522 2338 2577 ailiuot
2370 2523 2757 2583 lediolanense
2783 2526 3039 2581 currentis
3059 2527 3184 2580 anni
3230 2526 3337 2582 886
3359 2528 3509 2583 initio
3528 2529 3754 2584 celebra-

2158 2625 2266 2669 tuus
2294 2616 2486 2670 scribit
2515 2615 2635 2672 loco
2659 2615 2898 2672 laudato.

2230 2706 2358 2761 Post
2384 2706 2787 2764 Mediolanense
2800 2706 3110 2765 Concilium
3141 2710 3282 2767 Maio
3307 2725 3504 2769 menso
3528 2712 3755 2769 circiter

2157 2796 2487 2864 absolutum,
2520 2798 2777 2855 Lucifero
2795 2809 2850 2855 et
2881 2801 3003 2856 aliis
3019 2801 3327 2859 Catholiels
3348 2802 3635 2875 Bpiseopls
3654 2818 3756 2861 ex.

2157 2888 2285 2944 silio
2311 2889 2583 2949 damnatis
2606 2933 2622 2957 ,
2656 2892 2908 2948 Liberius
2941 2893 3218 2952 Romanus
3252 2894 3507 2952 Pontifex
3532 2911 3663 2953 suas
3683 2898 3754 2953 ad

2158 2982 2279 3038 illos
2305 2982 2514 3039 litteras
2551 2986 2793 3056 scripsit,
2826 3001 2947 3057 qua:
2971 2988 3025 3043 in
3053 2989 3303 3045 editione
3324 2999 3512 3045 nostra
3540 2989 3759 3046 Lucita-

2160 3077 2365 3132 rianam
2401 3078 2686 3148 epistolam
2718 3082 2970 3150 proximo
3010 3083 3438 3155 subsequuntur.
3487 3084 3756 3142 Damius

2155 3171 2224 3226 ad
2252 3186 2342 3226 an.
2372 3173 2478 3233 556
2507 3174 2785 3230 existimat
2808 3174 3110 3243 Liberium,
3137 3193 3280 3245 eum,
3311 3192 3429 3246 qua
3451 3178 3510 3232 in
3530 3194 3617 3233 eos
3638 3194 3754 3251 ges-

2153 3271 2207 3317 ta
2258 3264 2513 3334 fuissent,
2542 3268 2861 3339 accepisset,
2896 3284 3038 3335 mea,
3070 3268 3287 3324 litteras
3338 3270 3503 3324 hasce
3529 3268 3599 3323 ad
3633 3269 3753 3324 sin-

2153 3355 2310 3426 gulos
2329 3366 2460 3412 ante
2488 3358 2661 3412 Roma
2692 3359 2939 3426 misisse,
2970 3374 3132 3430 quam
3162 3359 3527 3416 Mediolanum
3553 3361 3621 3416 ad
3647 3360 3753 3417 im-

2155 3457 2462 3518 peratorem
2490 3450 2875 3519 deduceretur,
2908 3461 2965 3507 et
2994 3450 3347 3508 Constantius
3384 3454 3439 3508 in
3464 3460 3591 3508 nota
3624 3453 3759 3509 sub-

2149 3539 2292 3609 jecta
2314 3542 2452 3595 circa
2476 3543 2700 3599 medium
2720 3560 2915 3598 annum
2940 3544 3048 3600 565
3073 3555 3287 3616 tempus
3313 3546 3621 3617 consignat,
3643 3557 3754 3616 quo

2154 3634 2356 3691 iuerint
2385 3637 2624 3706 scripta.
2654 3637 2799 3691 Nihil
2828 3637 3048 3707 quidem
3079 3639 3214 3693 certi
3249 3638 3354 3693 bac
3383 3639 3437 3694 in
3468 3640 3753 3695 recensit-

2157 3737 2307 3783 tuere
2336 3743 2643 3798 possumus,
2673 3744 2794 3785 cum
2814 3729 2929 3800 ipsa
2958 3730 3206 3800 epistolae
3240 3730 3404 3787 verba
3434 3732 3751 3803 ambiguum

2154 3818 2284 3890 quid
2312 3836 2423 3889 prae
2444 3835 2505 3875 se
2547 3821 2692 3881 ferte
2726 3822 3037 3890 videantur,
3062 3823 3189 3879 illos
3212 3825 3361 3879 enim
3404 3824 3475 3878 ad
3510 3826 3746 3895 [almam

2153 3912 2376 3984 gloriam
2419 3923 2668 3985 martyres
2710 3915 2997 3971 destinatos
3035 3917 3312 3987 appellat;
3362 3924 3476 3973 tum
3523 3917 3748 3973 subdit:

2157 4004 2281 4059 Scio
2310 4005 2432 4059 hinc
2459 4022 2554 4075 ,me
2590 4006 2941 4077 probabiliora
2979 4007 3119 4063 vobis
3151 4007 3393 4064 exhibere
3425 4009 3617 4065 solatia
3643 4052 3657 4076 ,
3705 4011 3751 4064 si

2156 4098 2377 4153 credatis
2407 4112 2485 4152 me
2502 4099 2558 4152 in
2580 4100 2819 4154 exsiliunt
2844 4100 3002 4154 simul
3034 4101 3299 4159 vobiscum
3326 4117 3435 4157 esse
3457 4102 3747 4158 detrusum.

2156 4188 2391 4258 Denique
2405 4206 2485 4251 me
2500 4190 2672 4247 adhuc
2683 4193 2735 4248 in
2748 4194 2862 4264 ipsa
2882 4194 3263 4263 exspectatione
3276 4195 3597 4265 pendentem,
3614 4197 3752 4262 quod

2155 4298 2188 4336 a
2215 4284 2472 4338 consortio
2499 4294 2664 4339 uestro
2693 4287 2874 4339 durior
2921 4287 3197 4342 necessitas
3235 4288 3445 4341 interim
3469 4287 3748 4356 distrahit,

2156 4377 2282 4430 satis
2324 4376 2619 4431 contristor.
2660 4378 2973 4447 Optaverunt
3023 4379 3161 4431 enim
3206 4378 3351 4447 prim
3379 4393 3476 4447 pro
3522 4378 3758 4433 omnibus

2156 4466 2295 4521 vobis
2334 4466 2586 4535 impendi,
2610 4475 2706 4520 ete.
2754 4466 2860 4522 Et:
2911 4466 3047 4532 Quia
3094 4467 3431 4536 praestatione
3480 4470 3600 4522 estis
3642 4467 3757 4524 Deo

3001 4562 3279 4628 sublevate,
3307 4571 3364 4617 ut
3389 4567 3757 4634 supervenien-

2160 4662 2233 4709 tes
2262 4654 2500 4726 impetus,
2524 4657 2613 4727 qui
2628 4657 2691 4712 de
2707 4657 2790 4712 die
2816 4657 2870 4711 in
2891 4657 3048 4721 diem,
3070 4672 3189 4711 cum
3214 4659 3613 4725 enituntiantur,
3633 4677 3758 4732 gra-

2162 4748 2306 4801 uiora
2341 4748 2553 4805 uulnera
2589 4749 2834 4820 inﬂigunt
2856 4790 2870 4815 ,
2910 4750 3249 4804 tolerabiliter
3291 4753 3427 4823 ferre
3470 4754 3752 4825 possimus.

2161 4841 2330 4910 igitur
2348 4841 2597 4899 audierat
2635 4843 3062 4909 Liberius,7'cum
3087 4844 3205 4904 haec
3233 4844 3525 4912 scriberet,
3568 4846 3753 4903 exsilii

2165 4952 2379 5008 pinnam
2411 4938 2464 4992 in
2496 4936 2826 5005 Luciferum,
2857 4938 3106 5009 aliosque
3137 4939 3440 5009 Eptscopos
3474 4938 3754 4993 decretam

2161 5028 2371 5094 fuisse;
2405 5045 2465 5084 se
2496 5030 2616 5099 ipso
2645 5030 2865 5099 quidem
2895 5032 3061 5089 animi
3088 5029 3287 5086 electu
3316 5030 3373 5084 in
3420 5018 3614 5086 exsilio
3650 5047 3759 5085 una

2160 5139 2283 5179 eum
2315 5123 2420 5178 illis
2464 5123 2669 5179 versari
2715 5123 2953 5185 affirmat
2979 5166 2995 5190 ,
3026 5125 3169 5195 quod
3204 5124 3356 5194 prior
3386 5122 3502 5190 Ipse
3526 5118 3760 5180 subiisse

2159 5219 2435 5289 cupiebat,
2459 5227 2517 5275 at
2547 5220 2751 5275 incerta
2776 5220 3183 5289 exspectatione
3211 5214 3471 5287 pondere,
3493 5216 3622 5272 dum
3654 5216 3759 5272 lm-

2161 5312 2462 5383 pendentes
2497 5313 2599 5367 sibi
2645 5311 2897 5382 procellas
2945 5311 3180 5379 impetus
3225 5306 3527 5377 prospicit,
3578 5314 3635 5361 et
3687 5307 3756 5363 ad

2167 5405 2420 5475 graviora
2444 5402 2635 5457 indies
2664 5401 2803 5456 mala
2833 5397 3114 5455 toleranda
3144 5397 3387 5454 animum
3416 5405 3572 5467 parat
3598 5413 3611 5462 ;
3636 5413 3759 5468 qua:

2167 5498 2386 5567 quidem
2420 5495 2600 5551 omnia
2633 5495 2687 5549 in
2709 5494 2762 5549 id
2786 5502 3003 5562 tempus
3026 5500 3176 5546 recte
3197 5490 3448 5547 conteras
3474 5533 3487 5558 ,
3512 5506 3621 5563 quo
3649 5501 3760 5549 sta-

2169 5592 2268 5646 tim
2302 5600 2422 5662 post
2459 5587 2763 5643 Concilium
2796 5583 3062 5639 Eusebius
3108 5582 3413 5640 Eunuchus
3458 5582 3690 5639 Romam
3730 5602 3760 5641 a

2168 5680 2491 5738 Cotistantio
2516 5679 2718 5735 missus
2734 5685 2838 5742 est,
2863 5682 2922 5730 ιιι
2944 5673 3222 5730 Liberium
3245 5672 3592 5744 Imperatoris
3608 5676 3764 5748 jussu

2169 5779 2236 5839 ad
2267 5779 2592 5834 Arianorum
2610 5771 3049 5830 communionem
3076 5771 3405 5845 impelleret,
3435 5782 3492 5828 et
3512 5772 3579 5827 ad
3602 5772 3767 5829 Atha-
