4194 6184
438 266 544 324 737

1443 265 1748 324 LUCIFER
1789 265 2163 328 LPISCOPUS
2201 267 2712 328 CALARITANUS.

3632 268 3742 328 728

438 387 653 442 nasium
681 385 1158 443 condemnandum
1187 383 1460 455 adigeret;
1493 383 1637 441 unde
1663 395 1774 441 tum
1803 401 1947 442 saeva
1982 387 2036 442 in
2066 393 2118 452 Α
2143 387 2353 454 debuit,
2384 403 2546 458 quam
2574 395 2633 442 ut
2658 385 2869 442 consilii
2896 385 2981 442 sui
3009 427 3024 453 ,
3057 401 3354 459 rerumque
3384 387 3454 443 ab
3474 402 3534 445 se
3560 388 3613 444 in
3643 403 3747 444 eo-

441 477 754 533 Catholicos
805 477 1083 532 Romanos
1137 485 1464 546 tempestate
1519 489 1753 543 exorta,
1797 479 2045 535 Liberius

440 571 628 639 paullo
658 579 781 640 post
807 586 944 641 argre
964 571 1144 642 populi
1186 581 1322 624 metu
1345 613 1359 636 ,
1391 571 1479 640 qui
1501 574 1611 644 ejus
1649 588 1824 627 umore
1851 573 2047 644 ﬂagra-

441 663 546 729 bat,
565 680 682 716 cum
696 680 882 734 magna
910 664 1225 734 difﬁcultate
1272 665 1438 717 noctis
1461 665 1630 718 medio
1650 669 1816 737 potuit
1838 665 2048 722 Medio-

439 758 621 812 lanum
671 771 861 812 mense
887 756 1051 811 Junio
1081 757 1302 812 circiter
1334 759 1637 826 asportari,
1681 773 1790 827 quo
1835 776 1866 812 a
1912 756 2047 813 Con-

439 851 627 904 stantio
651 852 784 903 mitti
811 861 1100 921 prwceptus
1125 855 1326 922 fuerat,
1360 851 1538 922 inquit
1565 851 1914 908 Marcellinus
1944 853 2041 908 lib.

441 958 512 997 xv
540 957 661 1013 cap.
697 944 747 996 7.
776 943 955 1011 Quare
979 953 1032 998 et
1065 943 1296 998 Baronio
1346 943 1490 1015 quod
1518 945 1586 998 ad
1618 945 1816 1010 locum,
1838 945 2047 1002 eidem-

446 1051 556 1106 que
586 1046 642 1090 ct
674 1036 995 1092 Coustantio
1025 1037 1170 1108 quod
1215 1038 1280 1092 ad
1307 1049 1523 1106 tempus
1545 1037 1772 1104 attinet,
1794 1053 1902 1108 quo
1931 1039 2046 1109 epi-

447 1131 586 1185 stola
604 1131 802 1200 scripta
828 1131 950 1196 fuit,
971 1132 1317 1186 assentimur.
1345 1131 1587 1186 Hilarius
1616 1131 1668 1185 in
1693 1135 1807 1186 suis
1829 1131 2044 1202 Fragm.

448 1222 505 1276 in
539 1221 694 1276 Tom.
740 1238 773 1276 ιι
801 1223 938 1293 Opp.
967 1223 1112 1279 Edit.
1142 1223 1312 1279 Maur.
1339 1222 1452 1278 haec
1476 1224 1774 1294 praeposuit
1799 1225 2048 1294 epistolae

449 1314 756 1372 Liberianaa
787 1315 1070 1386 inFragm.
1115 1332 1166 1370 vt
1193 1334 1205 1369 :
1233 1315 1467 1370 Liberius
1509 1328 1783 1381 antequam
1821 1319 1889 1372 ad
1915 1321 2051 1374 exsi-

449 1409 580 1463 lium
605 1410 721 1470 iret,
745 1409 878 1463 hanc
900 1412 1212 1481 uniformem
1231 1410 1506 1480 epistolam
1534 1412 1741 1480 scripsit
1772 1410 2050 1482 Confessa-

449 1500 609 1566 ribus,
637 1501 694 1554 id
726 1511 830 1566 est,
855 1501 1096 1568 Eusebio,
1131 1500 1383 1572 Dionysio
1405 1544 1419 1567 ,
1443 1512 1488 1556 et
1519 1501 1764 1574 Lucifero
1786 1504 1840 1556 in
1869 1503 2051 1558 exsilio

451 1596 778 1660 constitutis;
815 1595 910 1650 sed
946 1612 1008 1650 ea
1039 1595 1515 1662 verba,antequom
1542 1597 1610 1650 ad
1638 1598 1882 1652 exsilium
1922 1599 2046 1664 iret,

453 1684 529 1740 ita
553 1695 830 1755 nequeunt
864 1687 1114 1755 intelligi,
1141 1687 1464 1742 utLiberius
1496 1689 1786 1760 epistolam
1818 1688 2052 1759 scripse-

2152 479 2276 535 dem
2291 479 2536 535 Concilio
2557 489 2832 551 gestarum
2859 479 2996 534 ratio
3017 479 3272 535 omnibus
3297 487 3530 551 pateret,
3559 488 3614 536 et
3633 495 3748 536 suae

2151 587 2329 628 causa:
2370 572 2688 643 aequitatem
2747 580 3012 627 tueretur.
3047 572 3223 628 Aliter
3247 572 3471 643 quidem
3520 581 3750 628 censent

2152 664 2528 721 Tillemontius
2555 665 2607 720 in
2651 663 2811 720 Tom.
2842 662 2932 720 Vll
2965 671 3083 719 not.
3135 665 3158 718 1
3218 673 3273 719 et
3315 663 3752 722 Montfauconius

2152 758 2205 813 in
2236 760 2346 813 vita
2377 757 2436 815 S.
2483 758 2769 814 Athanasii
2798 800 2812 824 ,
2841 759 2933 829 qui
2993 757 3232 813 Luciferi
3258 758 3429 814 libros
3456 773 3649 814 omnes
3687 759 3755 814 ab

2150 865 2217 906 eo
2258 850 2597 922 compositos
2629 851 2797 906 fuisse
2831 851 3120 921 perhibent
3144 865 3235 905 an.
3260 851 3393 916 560;
3418 850 3565 920 quod
3595 851 3662 905 de
3693 850 3757 905 li-

2149 943 2262 999 bris
2309 944 2521 998 duobus
2554 958 2652 1015 pro
2697 943 2756 999 S.
2806 943 3108 999 Athanasio
3156 953 3210 998 et
3240 958 3337 998 nos
3369 943 3712 998 aflirmamus
3738 985 3754 1010 ,

2151 1039 2291 1094 haud
2322 1040 2394 1094 ita
2427 1039 2496 1095 de
2536 1039 2781 1109 reliquis.
2812 1037 2939 1100 Nec
2980 1038 3252 1093 Gallandii
3303 1037 3614 1107 opinionem
3663 1052 3754 1093 se-

2150 1133 2388 1204 quimur,
2441 1132 2528 1187 cui
2561 1132 2748 1196 lubet,
2781 1141 2906 1201 post
2950 1130 3106 1186 binos
3129 1131 3196 1186 de
3245 1129 3540 1186 Athanasio
3581 1130 3755 1186 libros

2151 1227 2407 1296 scriptos,
2439 1234 2499 1279 ut
2519 1226 2616 1290 ait,
2641 1239 2732 1278 an.
2761 1223 3088 1295 360,paulto
3123 1233 3238 1294 post
3267 1232 3324 1278 et
3375 1222 3512 1279 alios
3549 1239 3755 1277 succes—

2151 1319 2254 1373 sive
2275 1317 2578 1386 descriptos
2609 1317 2749 1370 intra
2771 1332 2965 1370 annum
2993 1316 3123 1380 561;
3159 1315 3247 1385 qui
3270 1321 3526 1372 auctores
3549 1316 3756 1372 nullum

2155 1426 2254 1482 pro
2277 1425 2375 1465 sua
2422 1409 2694 1466 sententia
2725 1416 3105 1479 argumentum
3134 1407 3457 1478 praeferunt.
3492 1407 3758 1465 Baronius

2150 1504 2217 1559 ad
2248 1520 2340 1559 an.
2372 1504 2481 1560 556
2512 1503 2640 1559 huic
2671 1503 2785 1560 fere
2817 1518 2958 1558 anno
2986 1503 3237 1558 attribuit
3269 1504 3485 1574 priores
3523 1513 3755 1575 quatuor

2153 1596 2390 1652 Luciferi
2413 1597 2582 1653 libros
2604 1605 2712 1651 vet.
2737 1596 2900 1663 edit.,
2924 1594 3122 1666 quibus
3143 1597 3187 1651 is
3210 1607 3333 1666 post
3355 1596 3758 1654 Mediolancnse

2155 1690 2459 1747 Concilium
2485 1691 2767 1746 Athanasii
2797 1700 2852 1747 et
2899 1689 3022 1746 fidei
3063 1704 3280 1746 causam
3320 1690 3609 1747 defendit:
3655 1693 3758 1760 Qui

454 1780 530 1834 rit
553 1791 673 1850 post
706 1781 807 1835 iter
833 1781 1329 1847 Mediolanense,et
1355 1783 1550 1838 exsilio
1576 1783 1689 1852 jam
1719 1782 2010 1838 damnatus
2035 1824 2050 1849 ,
2087 1780 2133 1841 B
2159 1785 2432 1840 Athanasii
2459 1785 2661 1839 tuenda:
2700 1785 3009 1838 innocentia:
3029 1800 3189 1838 causa
3218 1784 3448 1854 episcopi
3472 1786 3584 1855 jam
3606 1795 3759 1838 antea

455 1890 583 1929 cum
617 1876 668 1929 in
700 1876 789 1929 illa
809 1890 1010 1946 cupere
1042 1891 1100 1932 se
1134 1886 1386 1944 tesletur,
1426 1885 1485 1931 ιιι
1514 1893 1690 1948 parem
1721 1877 1787 1931 iis
1818 1877 2057 1947 dignetur

455 1967 610 2023 illum
639 1966 896 2024 Dominus
938 1971 1179 2038 efﬁcere,
1225 1971 1468 2040 martyrii
1514 1971 1725 2026 scilicet
1765 1972 1962 2026 merito
2003 1981 2057 2026 et

457 2062 697 2128 honore;
729 2079 831 2120 nec
890 2065 1187 2121 verisimile
1217 2076 1320 2132 est,
1353 2066 1686 2132 Luciferum,
1719 2067 1795 2122 uti
1819 2075 1874 2122 et
1894 2076 2061 2122 caste-

458 2168 550 2209 ros
579 2196 594 2219 ,
621 2155 732 2222 jam
770 2163 881 2210 tum
907 2155 974 2210 ad
1003 2157 1235 2226 primum
1268 2157 1352 2212 sui
1390 2159 1566 2214 exsilii
1613 2160 1666 2214 in
1715 2159 2058 2230 Cappadocia

458 2246 636 2300 locum
671 2246 974 2302 Mediolano
1005 2248 1416 2306 dissitissimum
1443 2254 1790 2321 pervenisse,
1816 2246 1940 2309 cum
1972 2253 2061 2307 Li-

459 2339 645 2394 berius
673 2339 860 2395 Romze
883 2341 1060 2396 adhuc
1088 2341 1349 2412 degebat:
1376 2361 1544 2416 quare
1572 2345 1814 2401 Hilarius
1842 2347 1910 2401 iis
1933 2361 2058 2401 ver-

458 2429 543 2488 bis
573 2433 624 2485 in
652 2433 837 2487 exsilio
869 2435 1163 2488 constitutis
1193 2435 1418 2504 indicat,
1444 2436 1615 2493 fuisse
1639 2438 1692 2493 in
1731 2439 1859 2494 illos
1887 2439 2064 2494 exsilii

463 2541 684 2596 pinnam
716 2527 1025 2594 decretam;
1056 2540 1150 2584 aut
1178 2542 1328 2586 certe
1351 2533 1504 2586 exsul
1527 2541 1582 2588 et
1607 2533 1740 2603 ipse,
1765 2545 1820 2589 et
1847 2550 2061 2600 eorum,

467 2634 589 2689 qua:
623 2622 675 2674 in
708 2621 857 2677 Italia
883 2623 1238 2693 gerebantur,
1272 2641 1462 2695 parum
1503 2628 1756 2683 conscius
1783 2630 2068 2684 existima-

466 2713 567 2778 vit,
597 2713 805 2770 litteras
837 2731 866 2769 a
889 2715 1112 2773 Liberio
1135 2726 1248 2772 tum
1276 2720 1509 2790 scriptas
1539 2719 1726 2786 fuisse,
1760 2735 1885 2776 cum
1918 2737 2068 2777 sanc-

465 2806 504 2859 ti
536 2805 882 2864 confessores
916 2810 968 2863 in
1010 2809 1301 2865 destinatis
1333 2811 1668 2882 singulorum
1712 2813 1909 2869 exsilio
1935 2815 2068 2870 locis

467 2899 850 2954 constiterant.
903 2900 1093 2956 Utrum
1127 2918 1291 2972 porro
1320 2904 1537 2960 Lucifer
1577 2905 1780 2977 aliique
1814 2907 2068 2978 Episcopi

469 2994 648 3048 adhuc
693 2992 982 3048 Mediolani
1020 3005 1245 3061 essent,
1293 3012 1359 3051 au
1399 2997 1451 3052 in
1509 2999 1706 3055 itinere
1735 3000 1804 3054 ad
1851 3001 2070 3056 decreta

473 3087 703 3158 singulis
733 3087 914 3142 exsilii
947 3087 1065 3143 loca
1097 3088 1435 3155 abducendi,
1467 3105 1589 3145 cum
1621 3091 1872 3148 Liberius
1899 3093 2071 3164 scrip-

2159 1881 2433 1949 proscripti
2461 1882 2697 1950 fuerant,
2731 1879 2842 1948 qui,
2874 1881 3107 1949 inquam,
3141 1894 3204 1932 ne
3228 1881 3281 1932 in
3327 1877 3477 1932 illum
3523 1880 3644 1933 lata:
3693 1879 3759 1932 ab

2160 1972 2369 2026 Arionis
2389 1969 2653 2025 sententiae
2667 1969 3060 2034 subscriberent,
3080 1970 3132 2023 in
3145 1969 3386 2023 exsiliunt
3409 1985 3473 2024 ea:
3495 1967 3554 2022 Μ
3557 1970 3762 2024 ediola-

2161 2064 2307 2116 nensi
2345 2061 2702 2117 Conciliabula
2731 2063 2782 2115 in
2810 2061 3012 2116 diversa
3060 2062 3177 2115 loca
3216 2061 3427 2131 fuerant
3469 2062 3760 2131 deportati,

2162 2154 2537 2225 quantumlibet
2567 2156 2702 2208 inter
2748 2157 2938 2218 hostes,
2961 2164 3133 2208 tamen
3154 2170 3258 2208 non
3291 2154 3490 2208 desiere
3531 2155 3764 2225 ejusdem

2164 2246 2434 2302 Athanasii
2479 2249 2825 2302 innocentiam
2877 2248 3202 2318 praedicare,
3251 2255 3402 2317 atque
3441 2263 3558 2300 cum
3588 2248 3764 2302 liceret

2166 2341 2319 2394 etiant
2364 2341 2546 2395 litteris
2593 2341 2907 2395 contestari:
2951 2341 3089 2411 quod
3134 2340 3266 2394 inter
3315 2340 3511 2409 primos
3564 2341 3768 2414 egregie

2167 2434 2406 2503 prwstitit
2458 2432 2669 2504 Lucifer
2714 2431 3008 2505 EpiscOpus
3053 2433 3408 2488 Cularitanus.
3465 2432 3565 2488 Hic
3620 2435 3756 2488 enim

2167 2542 2286 2580 cum
2313 2527 2460 2581 exsul
2499 2535 2710 2598 ageret,
2761 2544 2854 2597 pro
2896 2527 3181 2582 Athanasio
3218 2527 3476 2597 imprimis
3525 2528 3768 2582 adversus

2170 2619 2526 2674 Constantium
2573 2621 2702 2674 duos
2746 2621 2905 2676 libros
2943 2623 3294 2693 conscripsit,
3339 2623 3545 2676 tertium
3590 2633 3774 2677 contra

2171 2715 2404 2771 eumdem
2431 2716 2494 2768 de
2534 2732 2637 2770 non
2670 2716 3102 2770 communicando
3129 2732 3246 2769 cum
3282 2715 3559 2782 hwreticis,
3589 2733 3772 2770 rursus

2171 2811 2394 2864 alterum
2425 2809 2489 2862 de
2513 2809 2741 2881 Regibus
2763 2808 3096 2879 Apostaticis.
3128 2807 3272 2875 Quas
3300 2807 3508 2878 quidem
3537 2825 3657 2862 suos
3695 2810 3776 2863 lu-

2171 2904 2493 2958 cubrationes
2524 2918 2846 2975 nequaquam
2886 2903 3029 2974 apud
3049 2918 3103 2954 se
3146 2901 3362 2955 retinuit
3393 2901 3616 2956 edendas
3660 2913 3776 2973 post

2172 3005 2384 3050 mortem
2401 2995 2741 3064 Imperatoris
2756 3010 2905 3064 quem
2920 2992 3237 3048 vehementer
3250 2993 3432 3046 iisdem
3446 2994 3776 3065 exagitasset,

2171 3089 2265 3144 sed
2295 3098 2431 3143 certo
2457 3086 2654 3142 homini
2682 3087 2854 3154 dedit,
2887 3087 2974 3153 qui
2997 3101 3083 3140 eas
3119 3086 3221 3156 ipsi
3269 3085 3494 3155 deferret
3538 3084 3777 3157 Impera-

469 3181 580 3247 sit,
624 3189 680 3235 et
725 3180 928 3236 Liberii
951 3197 1094 3238 anne
1134 3183 1346 3238 litteras
1386 3185 1586 3253 singuli
1618 3187 1932 3256 acceperint
1959 3228 1973 3253 ,
2000 3204 2070 3243 ne
2097 3165 2142 3229 Ο
2177 3183 2298 3236 tori.
2332 3181 2534 3238 Verum
2565 3181 2690 3237 libri
2716 3195 2816 3251 pro
2837 3179 3137 3235 Athanasio
3165 3179 3218 3233 in
3242 3193 3334 3233 an.
3367 3178 3505 3234 circ.
3538 3179 3644 3233 560
3661 3193 3779 3233 om-

471 3275 784 3342 conjectura
816 3275 1041 3345 quidem
1065 3277 1287 3346 assequi
1320 3276 1620 3347 quidquam
1644 3278 1801 3344 licet;
1829 3280 1959 3334 illud
1994 3290 2074 3336 ta-

471 3380 600 3420 men
623 3374 832 3420 certum
874 3366 1145 3421 Ammiani
1180 3367 1478 3424 Marcellini
1506 3410 1521 3432 ,
1555 3369 1793 3437 Baronii,
1823 3371 2029 3427 Petavii
2057 3413 2072 3436 ,

475 3465 532 3513 et
569 3455 716 3524 Pagii
758 3459 1086 3514 auctoritate
1119 3500 1132 3523 ,
1170 3459 1445 3516 Liberium
1473 3461 1664 3518 eodem
1709 3478 1802 3518 an.
1861 3464 1967 3519 555
2020 3466 2074 3520 in

473 3548 772 3606 Bonnense
800 3551 1048 3607 exsilium
1075 3553 1288 3622 pulsum
1318 3553 1518 3622 fuisse,
1547 3570 1658 3612 non
1688 3572 1819 3612 vero
1850 3573 1943 3612 an.-
1968 3557 2076 3614 556

478 3641 557 3694 uti
587 3643 800 3696 censuit
833 3642 1098 3699 Henricus
1126 3643 1374 3700 Valesius
1416 3647 1468 3700 in
1509 3657 1623 3703 not.
1651 3647 1720 3704 ad
1766 3648 1864 3703 lib.
1897 3665 1935 3705 ιι
1977 3650 2079 3705 So-

479 3734 645 3792 cratis
682 3750 802 3806 cap.
839 3736 931 3790 57.

550 3828 680 3883 Post
705 3828 820 3884 haec
843 3828 1060 3885 Lucifer
1081 3829 1192 3901 jam
1216 3833 1369 3888 exsul
1401 3834 1540 3890 inter
1563 3834 2081 3906 gravissimas'exsi-

476 3919 536 3974 lii
574 3936 847 3977 aerumnas
874 3923 1060 3977 animo
1107 3923 1342 3980 invictus
1383 3926 1766 3982 etvchementi
1794 3928 2080 3983 catholicae

478 4010 762 4080 religionis
791 4013 1005 4068 tuendze
1043 4015 1240 4070 ardore
1289 4015 1547 4072 incensus
1575 4018 1808 4088 primum
1841 4019 1908 4074 ad
1939 4019 2083 4076 Con-

477 4104 734 4157 stantium
762 4105 960 4159 librum
987 4107 1204 4176 scripsit
1231 4147 1247 4173 ,
1272 4109 1362 4163 cui
1395 4111 1584 4164 titulus
1611 4120 1698 4166 est
1727 4111 1793 4164 de
1821 4128 1923 4166 non
1957 4130 2083 4168 con-

480 4198 729 4252 veniendo
761 4215 874 4252 cum
906 4201 1185 4254 haereticis.
1212 4202 1270 4256 ιιι
1299 4217 1365 4257 eo
1391 4212 1538 4259 totus
1564 4215 1669 4269 est,
1696 4213 1755 4259 ut
1773 4206 1927 4276 gravi
1951 4221 2080 4262 ora-

479 4291 644 4346 tionis
667 4291 833 4362 stylo,
882 4301 935 4347 et
976 4294 1252 4362 congestis
1273 4309 1552 4351 sacrorum
1577 4295 1874 4353 Bibliorum
1893 4313 2080 4354 exem-

482 4383 622 4451 plis,
671 4384 997 4439 teSIimOniis
1039 4396 1096 4442 et
1135 4388 1558 4444 auctoritatibus
1583 4389 1778 4460 probet
1803 4433 1818 4456 ,
1873 4391 1978 4447 sibi
2029 4402 2084 4447 et

478 4476 776 4533 Catholicis
806 4478 1089 4550 Episcopis
1133 4479 1288 4536 nefas
1330 4479 1502 4539 fuisse
1533 4499 1656 4538 cum
1687 4484 1910 4540 Arianis
1952 4502 2082 4543 con-

2129 3313 2133 3316 -
2182 3277 2311 3332 nino
2337 3275 2622 3346 rejiciendi
2654 3284 2820 3341 sunt;
2852 3283 2941 3340 et,
2971 3283 3149 3328 utrum
3177 3287 3302 3327 cum
3332 3272 3418 3348 his
3447 3280 3504 3328 et
3539 3272 3630 3327 alii
3669 3266 3804 3327 duo'

2181 3370 2247 3424 ad
2271 3370 2660 3439 Imperatorem
2691 3368 2858 3424 delati
2888 3367 3114 3433 fuerint,
3147 3381 3246 3421 suo
3275 3366 3396 3422 loco
3426 3367 3777 3438 inquiremus.

2181 3464 2314 3519 Cum
2349 3464 2579 3519 Baronio
2600 3463 2764 3519 etiam
2797 3459 3203 3532 Papebrocbius
3232 3459 3466 3530 primum
3491 3460 3675 3516 tribuit
3701 3460 3783 3514 lo-

2181 3573 2303 3614 cum
2335 3559 2488 3613 libris
2511 3573 2608 3627 pro
2637 3556 2935 3612 Athanasio
2956 3554 3286 3625 conscriptis
3317 3553 3373 3608 in
3403 3569 3525 3626 cap.
3561 3554 3618 3610 li
3645 3551 3783 3608 Vita

2182 3651 2240 3707 S.
2273 3650 2512 3707 Luciferi
2540 3650 2697 3705 Tom.
2730 3649 2796 3704 IV
2826 3648 2948 3704 Maii
2980 3647 3153 3713 Bol|.;
3193 3656 3389 3717 etcap.
3415 3646 3471 3712 4,
3506 3655 3670 3716 negat
3699 3656 3786 3702 to-

2186 3755 2298 3800 tum
2328 3745 2564 3799 volumen
2605 3760 2708 3798 uno
2741 3753 2910 3798 tractu
2948 3741 3262 3815 Imperatori
3289 3740 3593 3796 Constantio
3622 3742 3786 3812 fuisse

2183 3841 2556 3903 continuatum,
2585 3841 2659 3893 uti
2691 3837 2865 3893 Tilius
2887 3837 3224 3894 existimavit
3247 3855 3260 3904 ;
3293 3853 3417 3893 cum
3445 3837 3536 3892 alii
3561 3847 3787 3908 quatuor

2188 3931 2305 3985 libri
2333 3948 2425 3984 nec
2450 3948 2553 3985 uno
2577 3947 2752 3986 omnes
2774 3932 2886 3985 loco
2907 3973 2922 3996 ,
2955 3946 3049 3984 nec
3079 3940 3308 3998 tempore
3331 3970 3345 3994 ,
3373 3929 3465 3983 sed
3500 3930 3788 3984 successive

2187 4023 2367 4090 scripti
2393 4021 2494 4075 sint
2517 4039 2534 4087 ;
2561 4037 2761 4076 annum
2782 4037 2936 4088 vero,
2960 4036 3069 4091 quo
3094 4019 3296 4076 fuerint
3321 4020 3650 4098 elucubrati,
3675 4034 3786 4074 non

2187 4113 2452 4183 assignat.
2487 4112 2556 4167 At
2591 4113 2738 4168 enim
2779 4127 2880 4168 nos
2923 4113 3252 4182 conjicimus
3293 4112 3441 4168 hunc
3476 4111 3674 4167 librum
3723 4113 3789 4166 de.

2188 4220 2291 4259 non
2319 4205 2668 4259 conveniendo
2697 4220 2813 4260 cum
2836 4205 3090 4260 htereticis
3119 4205 3384 4274 scriptum
3411 4203 3582 4260 fuisse
3605 4219 3635 4258 a
3680 4203 3787 4259 Lu-

2186 4295 2382 4362 cifero,
2414 4312 2540 4353 cum
2570 4297 2933 4354 Germanicite
2979 4298 3278 4363 essularet.
3309 4297 3402 4353 ubi
3431 4297 3661 4353 Eudoxii
3712 4301 3786 4352 A-

2189 4392 2327 4448 riani
2351 4392 2884 4449 Germaniciensium
2910 4393 3163 4464 Episcopi
3199 4394 3579 4451 crudelitatem
3619 4406 3786 4466 atque

2188 4487 2454 4542 saevitiem
2480 4501 2772 4557 perpessus
2788 4497 2903 4553 est;
2929 4497 3048 4544 erat
3070 4489 3271 4560 quippe
3295 4490 3573 4547 Eudoxius
3593 4491 3789 4546 Catho-

476 4571 682 4626 sentire
711 4571 765 4626 in
789 4569 1036 4627 Concilio
1065 4572 1474 4636 Mediolauensi.
1518 4592 1748 4646 quorum
1781 4576 2000 4635 fraudes
2023 4589 2078 4635 et
2105 4559 2157 4618 Ῑ)
2185 4578 2415 4634 licorum
2443 4579 2618 4634 hostis
2637 4559 3135 4644 infensissimus,ut
3157 4559 3468 4652 propterea,
3488 4584 3565 4638 ait
3592 4583 3787 4640 Petrus

475 4665 661 4734 iniqua
713 4666 940 4720 consilia
990 4676 1252 4729 noverat.
1309 4677 1364 4722 et
1404 4669 1551 4737 pacis
1601 4685 1725 4725 esse
1777 4681 2072 4736 auctores,

478 4771 638 4825 quam
669 4754 969 4823 Imperator
999 4756 1209 4813 nefario
1235 4759 1470 4830 fictoque
1502 4761 1685 4817 animo
1715 4763 1968 4820 studebat
1998 4766 2077 4820 iu-

478 4859 562 4904 ter
589 4858 797 4918 partem
827 4857 1111 4921 utramque
1131 4852 1445 4908 conciliare.
1464 4853 1608 4924 Lege
1633 4871 1754 4926 quae
1777 4859 2078 4926 prmsertim

479 4943 572 4999 lib.
626 4944 689 4997 de
746 4959 849 4998 non
935 4959 1071 5000 com.
1127 4962 1242 4999 cum
1313 4947 1490 5003 lueret.
1579 4949 1630 5004 in
1689 4949 2074 5005 Constantium

475 5038 785 5094 ctArianos
803 5039 1002 5094 acriter
1028 5039 1302 5108 intorquet
1326 5042 1488 5096 verba
1534 5053 1589 5099 et
1611 5059 1804 5109 sensa;
1839 5044 1963 5100 hinc
1996 5053 2079 5099 to-

481 5139 567 5184 tus
595 5130 733 5185 liber
759 5130 1052 5200 quamdam
1075 5133 1388 5202 suimet,qui
1406 5136 1678 5204 pontificio
1698 5139 1918 5192 nomine
1933 5139 2080 5193 Con-

480 5222 612 5278 cilio
635 5222 944 5292 praefuerat,
971 5233 1134 5296 atque
1163 5226 1438 5281 sociorum
1461 5244 1680 5283 suorum
1706 5231 1869 5284 veluti
1893 5228 2082 5286 defen~

482 5312 691 5370 sionem
715 5317 1117 5386 complectitur.
1145 5319 1277 5386 Qua:
1304 5321 1532 5389 proinde
1554 5337 1715 5377 causa
1732 5324 2080 5394 nosiinpulit,

483 5417 540 5459 ut
573 5407 698 5461 huic
727 5408 864 5463 libro
892 5411 1192 5481 principem
1224 5428 1334 5481 pra:
1361 5415 1576 5470 cmtcris
1600 5415 1778 5469 locum
1810 5417 2081 5472 tribuere-

483 5513 624 5563 mus;
650 5515 771 5554 cum
805 5502 975 5568 prima
1001 5503 1116 5558 hmc
1135 5504 1442 5560 Conatantii
1474 5521 1603 5562 cura
1633 5507 1817 5574 fuerit,
1849 5517 1906 5562 ut
1936 5510 1987 5562 in
2012 5524 2080 5564 eo

482 5589 724 5645 Concilio
741 5594 1004 5650 Catholici
1027 5595 1282 5668 Episcopi
1297 5615 1417 5655 cum
1435 5599 1655 5656 Arianis
1671 5602 1722 5656 in
1737 5617 1902 5656 unum
1927 5600 2078 5658 Fidei

481 5695 704 5735 sensum
730 5722 744 5745 ,
767 5699 830 5739 ac
869 5689 1176 5744 animorum
1208 5695 1712 5764 sententiarumque
1759 5695 2078 5751 societatem

477 5775 871 5840 convenirent;
904 5789 959 5833 et
987 5780 1239 5837 Lucifero
1271 5785 1405 5840 nihil
1455 5796 1604 5841 certe
1633 5787 1908 5858 antiquius
1952 5804 2076 5845 esse

2179 4671 2444 4727 Boschius
2464 4673 2515 4725 in
2543 4671 2682 4726 llist.
2708 4672 3282 4731 Patriarch.Antioch.
3313 4677 3380 4731 ad
3395 4676 3555 4733 Tom.
3581 4676 3650 4733 ιν
3673 4677 3785 4732 .1ιιΙ.

2182 4765 2456 4830 Bolland.,
2491 4764 2800 4822 Luciferum
2841 4766 3229 4823 Germaniciam
3261 4781 3527 4841 tamquam
3556 4772 3611 4825 in
3635 4772 3792 4826 tutis-

2183 4859 2371 4912 simam
2417 4859 2714 4913 custodiam
2746 4859 2815 4913 od
2853 4859 3158 4915 Eudoxium
3217 4863 3459 4934 princeps
3514 4862 3790 4920 hereticus

2183 4947 2541 5006 Constantius
2567 4951 3057 5024 destinarit;quem
3087 4956 3168 5008 sui
3199 4956 3380 5010 exsilii
3400 4956 3577 5012 locum
3607 4957 3791 5013 innuit

2190 5041 2406 5098 Lucifer
2437 5043 2532 5099 lib.
2569 5059 2583 5096 ι
2615 5058 2718 5113 pro
2746 5043 2806 5100 S.
2824 5043 3025 5099 Athan.
3060 5059 3116 5115 p.
3141 5045 3212 5102 65
3229 5045 3336 5116 (hic
3365 5045 3466 5100 col.
3495 5048 3647 5113 830).
3673 5047 3790 5104 Hoc

2191 5144 2373 5190 autem
2395 5136 2446 5190 in
2463 5135 2602 5189 libro
2625 5150 2784 5204 quam
2797 5136 3100 5192 crudeliter
3125 5152 3313 5194 secum
3329 5139 3785 5210 agerentAriani,

2189 5233 2307 5303 ipse
2321 5231 2576 5286 describit
2593 5232 2714 5300 μη
2741 5231 2846 5302 (hic
2858 5232 3225 5303 c.775).hisce
3239 5235 3420 5290 verbis
3433 5235 3501 5290 ad
3513 5232 3788 5291 Conslan-

2192 5330 2324 5383 tium
2347 5345 2361 5381 :
2381 5325 2669 5394 Propterea
2697 5326 2813 5379 adis
2841 5328 3096 5397 nos,quia
3125 5329 3406 5382 concilium
3435 5338 3658 5383 vestrum
3679 5345 3791 5383 ma-

2187 5419 2494 5488 lignantium
2505 5435 2853 5484 exsecrentur;
2865 5430 3136 5491 propterea
3150 5423 3203 5474 in
3213 5422 3398 5476 exsilio
3411 5438 3608 5488 sumus,
3625 5438 3759 5493 prop
3769 5451 3790 5464 -

2187 5520 2327 5566 terea
2352 5513 2406 5564 in
2439 5528 2646 5566 carcere
2674 5527 2937 5578 necantur,
2970 5523 3244 5583 propterea
3268 5513 3415 5568 nobis
3454 5516 3583 5569 solis
3611 5513 3793 5585 prohi-

2188 5605 2334 5660 bet-ur
2363 5616 2696 5678 conspectus;
2723 5607 2918 5660 idcirco
2964 5609 3157 5661 reclusi
3204 5609 3257 5661 in
3288 5608 3525 5663 tenebras
3551 5610 3789 5664 custodi-

2187 5713 2304 5750 mur
2351 5697 2546 5766 ingenti
2590 5698 2848 5753 custodia.
2907 5697 3127 5769 Annus)
3177 5713 3342 5768 porro
3399 5711 3620 5766 certus,
3681 5716 3793 5771 quo

2188 5790 2438 5846 eumdem
2467 5789 2661 5844 librum
2688 5789 2903 5848 Lucifer
2927 5793 3256 5862 composuit.
3276 5794 3535 5849 constitui
3562 5794 3746 5865 nequit
3770 5813 3786 5860 ;
