4194 6184
374 272 483 332 729

1806 272 2204 334 PREFATIO.

3562 282 3669 339 750

369 394 638 468 siquidem
669 403 789 467 post
813 394 1048 465 primum
1072 395 1126 451 in
1140 394 1481 466 Cappadocia
1503 375 1787 461 exsilium,
1810 394 1972 451 illud-
1998 420 2049 482 Α
2078 396 2412 453 auctoritate
2434 406 2599 469 atque
2623 398 2921 454 sententia.
2948 397 3003 454 Id
3035 398 3211 470 ipsum
3241 398 3421 455 innuit
3448 398 3680 457 Marcel-

370 505 476 563 que
500 489 910 556 brevissimum,
936 497 997 545 ut
1024 488 1435 561 Papebrocbius
1492 490 1882 547 animadvertit
1913 492 1966 547 in

369 586 493 658 ejus
522 584 646 642 Vita
669 600 789 657 cap.
810 586 859 651 1,
882 585 1287 642 Germaniciam
1316 585 1584 642 abductus
1618 584 1719 641 fuit
1739 583 1964 652 an.556,

358 688 498 749 post
518 689 839 751 occupatam
861 694 892 734 a
920 679 1160 750 Georgio
1176 678 1506 750 Cappadoce
1539 678 1964 734 Alexandrinam

371 770 862 843 Ecelesiam,quod
884 783 939 827 et
964 773 1018 826 in
1051 770 1174 827 Vita
1198 770 1434 827 Luciferi
1454 783 1506 826 et
1531 786 1650 842 pag.
1679 771 1771 836 66,
1797 777 1910 825 not.
1934 771 1961 825 1

372 866 483 937 (hic
520 864 621 921 col.
654 865 780 931 851,
810 873 919 919 not.
949 864 1025 936 c),
1056 863 1256 920 dictum
1286 874 1399 933 est;
1436 874 1489 920 et
1535 864 1816 919 Eudoxius
1855 862 1967 919 An-

369 956 679 1013 tiochenum
708 955 1095 1027 Episcopatum
1122 957 1227 1012 sibi
1251 957 1361 1026 jam
1387 956 1695 1027 arripuerat
1712 972 1802 1011 an.
1827 956 1959 1011 circ.

366 1051 475 1109 558
514 1052 739 1107 ineunte
760 1092 775 1116 ,
804 1059 865 1106 ut
895 1051 1057 1107 tradit
1087 1051 1280 1108 Petrus
1310 1051 1577 1109 Boschius
1602 1069 1617 1118 ;
1645 1067 1768 1107 cum
1802 1051 1962 1107 Vale-

367 1146 483 1201 sius
509 1143 564 1200 in
594 1153 712 1200 not.
742 1143 812 1200 ad
842 1144 936 1200 lib.
970 1160 1023 1200 tv
1067 1146 1289 1200 Sozam.
1338 1160 1459 1215 cap.
1491 1146 1545 1213 1,
1575 1144 1683 1200 hoc
1731 1143 1964 1201 Eudoxii

367 1237 577 1294 facinus
606 1237 820 1308 rejiciat
850 1237 903 1293 in
943 1253 1033 1293 an.
1064 1240 1172 1295 557
1203 1239 1429 1295 dimidia
1474 1239 1693 1311 quidem
1723 1240 1808 1294 sui
1842 1254 1965 1309 par-

368 1339 422 1386 te
452 1330 733 1401 elapsum:
765 1344 934 1400 quare
955 1331 1095 1386 intra
1118 1331 1223 1386 hoc
1253 1340 1489 1401 tempus,
1525 1331 1669 1402 quod
1697 1333 1963 1387 intercur-

365 1422 438 1479 rit
488 1422 559 1479 ab
592 1438 683 1478 an.
736 1422 843 1479 556
872 1423 1080 1494 aliquot
1119 1424 1404 1481 mensibus
1428 1439 1721 1496 progresso
1758 1423 1824 1479 ad
1867 1439 1957 1479 an.

366 1515 496 1583 557,
524 1532 632 1573 non
655 1518 882 1572 omnino
904 1517 1213 1573 absolutum
1231 1558 1247 1583 ,
1275 1525 1367 1572 aut
1391 1518 1667 1572 ineuntem
1693 1517 1821 1583 558,
1854 1516 1962 1572 Lu-

366 1607 506 1664 cifer
531 1622 685 1663 suum
710 1608 762 1663 in
792 1606 982 1678 primis
1004 1607 1205 1663 librum
1229 1608 1516 1679 scripsisse
1537 1610 1698 1665 nobis
1720 1610 1957 1675 videtur;

366 1709 424 1757 et
460 1700 513 1756 in
545 1700 651 1756 hac
676 1699 886 1772 epocha
936 1715 1060 1757 cum
1104 1702 1340 1759 Baronio
1386 1703 1789 1774 quodammodo
1830 1719 1960 1760 con-

364 1793 651 1851 sentimus.

404 1886 637 1958 Scripsit
651 1888 1064 1958 posteaLucifer
1075 1889 1304 1946 alterum
1318 1890 1516 1946 librum
1533 1892 1598 1947 de
1610 1890 1738 1962 Reg.
1750 1891 1931 1962 Apost.
1942 1934 1956 1959 ,

364 1992 596 2050 eumque
617 1995 646 2034 a
668 1982 893 2037 caeteris
917 1981 1249 2050 seiunctum,
1300 1992 1356 2038 ut
1384 1984 1500 2053 ipse
1524 1993 1753 2040 testatur
1780 1985 1833 2039 in
1856 1984 1957 2040 lib.

366 2068 698 2126 Moriendum
718 2088 828 2129 esse
849 2091 944 2146 pro
969 2074 1115 2129 Filio
1145 2076 1270 2143 Dei,
1299 2092 1351 2146 p.
1382 2076 1485 2131 261
1516 2077 1621 2149 (hic
1639 2077 1742 2132 col.
1774 2077 1957 2151 1051).

364 2161 539 2233 Ilujus
567 2175 949 2235 argumentum
976 2176 1030 2222 et
1056 2182 1267 2223 summa
1295 2176 1402 2235 est,
1427 2177 1521 2237 ut,
1554 2172 1833 2241 proposito
1860 2173 1962 2227 im-

364 2254 577 2324 piorum
635 2271 825 2328 regum
869 2259 1158 2330 exemplo,
1187 2259 1280 2330 qui
1311 2260 1439 2315 licet
1472 2263 1763 2331 pessimam
1792 2262 1957 2318 vitam

361 2348 573 2419 egerint
596 2360 648 2406 et
676 2350 941 2407 idolorum
970 2352 1177 2408 cultum
1217 2354 1576 2423 probaverint
1599 2398 1614 2424 ,
1643 2356 1958 2414 diutissime

362 2440 414 2495 in
444 2457 615 2513 regno
644 2442 985 2512 ﬂoruerunt,
1004 2446 1260 2501 ostendat
1287 2446 1608 2503 Constantio
1630 2465 1822 2505 verum
1852 2466 1957 2507 non

359 2549 483 2591 esse
508 2535 627 2606 ejus
652 2537 821 2593 animi
850 2553 1094 2606 sensum,
1113 2555 1223 2611 quo
1252 2556 1319 2596 ex
1344 2540 1734 2597 florentissimo
1762 2543 1845 2598 sui
1874 2559 1959 2599 re-

359 2628 448 2699 gni
476 2639 621 2685 statu
667 2632 971 2702 arguebat,
996 2647 1057 2688 se
1098 2645 1249 2690 recte
1277 2634 1537 2690 Arianam
1585 2637 1726 2693 tueri
1757 2638 1917 2693 fidem
1941 2679 1957 2703 ,

358 2729 414 2777 et
438 2720 713 2779 Nicanam
739 2724 996 2781 insectari
1019 2743 1031 2777 :
1062 2726 1359 2782 identidem
1382 2743 1515 2783 vero
1538 2729 1786 2800 quaedam
1808 2747 1961 2802 repe-

360 2813 458 2881 tit,
492 2832 613 2886 qute
637 2817 994 2877 Constantius
1036 2820 1092 2875 in
1139 2820 1453 2877 Luciferum
1501 2822 1774 2893 jaclabat,
1808 2836 1861 2880 et
1892 2826 1959 2881 ad

340 2911 477 2964 ’acta
502 2909 726 2967 Concilii
755 2912 977 2969 Mediol.
1013 2913 1274 2970 videntur
1294 2930 1419 2971 esse
1449 2917 1765 2984 referenda;
1799 2918 1872 2973 ita
1902 2934 1958 2989 p.

358 3000 429 3057 55
456 3002 565 3074 (hic
608 3004 711 3058 col.
736 3004 903 3076 796):
932 3006 993 3062 Si
1022 3007 1157 3061 male
1173 3008 1413 3079 egissem,
1439 3009 1507 3076 si,
1541 3010 1799 3077 quomodo
1831 3011 1961 3067 dicit

340 3092 589 3165 Lucifer,
607 3112 767 3152 essem
786 3098 1083 3165 haereticus,
1092 3101 1210 3171 jam
1236 3100 1366 3154 mihi
1390 3102 1688 3157 abstulisset
1715 3101 1858 3158 Deus
1878 3120 1960 3159 re-

2074 490 2220 547 linus
2248 492 2301 547 in
2329 491 2425 548 lib.
2457 508 2552 561 xv,
2578 507 2700 563 cap.
2735 493 2801 559 8,
2836 492 2931 548 ubi
2966 494 3081 549 hate
3106 493 3175 549 de
3200 492 3420 550 Liberio
3450 493 3679 550 Pontifi-

2070 597 2173 641 ce:
2242 584 2601 641 Athanasium
2657 602 2749 656 per
2794 585 3221 659 subscriptionem
3276 586 3499 660 abjicere‘
3552 587 3673 641 sedc

2070 676 2407 743 sacerdotali,
2433 679 2586 749 paria
2612 678 2839 733 sentiens
2868 679 3088 744 caeteris,
3110 677 3202 749 qui
3233 678 3558 745 renuebant,
3577 682 3673 753 ju-

2070 768 2217 825 bente
2239 768 2513 841 Principe,
2544 770 2779 826 Liberius
2818 772 3080 836 monitus;
3111 782 3493 842 perseveranter
3528 773 3668 828 reni-

2070 861 2300 928 tebatur,
2330 879 2425 917 nec
2453 864 2621 917 uisum
2653 864 2930 941 horninem,
2979 882 3073 920 nec
3118 865 3354 920 auditum
3395 868 3663 937 damnare,

2068 960 2214 1026 nefas
2254 956 2495 1010 ultimum
2535 973 2673 1025 stupe
2710 958 3036 1023 exclamans,
3063 968 3240 1029 aperte
3264 959 3465 1014 scilicet
3494 962 3664 1014 recal-

2068 1049 2260 1104 citrans
2288 1048 2631 1122 Imperatoris
2675 1049 2910 1104 arbitrio.
2944 1049 3062 1118 Quo
3099 1050 3151 1105 in
3201 1049 3324 1105 loco
3363 1050 3435 1105 ita
3460 1049 3662 1106 Linde-

2066 1143 2322 1215 brogius:
2350 1142 2627 1213 lpsissima
2652 1142 2844 1198 Liberii
2868 1142 3115 1216 EpiscOpi
3135 1143 3287 1198 verba
3309 1144 3378 1198 ad
3391 1143 3659 1199 Constant.

2067 1238 2267 1309 Imper.
2306 1238 2509 1306 Adiecit
2548 1237 2806 1292 Theodor.
2853 1236 3057 1292 Histor.
3094 1237 3185 1292 lib.
3221 1253 3255 1292 ιι
3280 1254 3397 1307 cap.
3425 1237 3515 1303 16,
3550 1237 3659 1294 οὐδὲ

2065 1335 2166 1407 γὰρ
2209 1327 2308 1387 οἷόν
2337 1353 2392 1387 τε
2442 1330 2885 1404 καταψηφίζεσθαι
2926 1329 3107 1407 ἀνδρὸς
3149 1329 3201 1385 ὃν
3240 1332 3328 1386 οὐκ
3373 1331 3656 1407 ἐκρίναμεν.

2067 1423 2184 1490 Quo
2210 1424 2367 1478 etiam
2387 1424 2661 1494 pertinent,
2676 1439 2792 1493 qua:
2808 1421 3020 1492 Lucifer
3044 1420 3377 1477 Calaritanus
3391 1437 3485 1491 pro
3500 1422 3635 1476 Atha
3647 1452 3663 1466 ο

2066 1516 2216 1570 nasia
2248 1516 2475 1588 scripsit.
2513 1514 2758 1569 Sciebant
2784 1514 2866 1569 illi
2887 1530 2989 1568 non
3022 1514 3195 1569 divina
3217 1514 3385 1568 solum
3406 1514 3537 1584 lege.
3568 1515 3661 1569 sed

2065 1609 2221 1663 etiam
2250 1624 2323 1664 xn
2356 1608 2539 1662 Tabul.
2562 1610 2775 1662 vetitum
2794 1608 2995 1663 indicta
3012 1624 3169 1661 causa
3184 1625 3492 1680 quemquam
3515 1610 3656 1663 occi-

2064 1703 2206 1759 dere.
2236 1703 2384 1758 Salv.
2419 1701 2624 1757 Massil.
2658 1702 2881 1758 lib.vm.
2901 1700 3499 1772 Basil.MagnusEpist.
3528 1717 3649 1768 Lxx,

1989 1808 2035 1869 Β
2066 1814 2185 1867 pag.
2220 1795 2344 1851 518.
2362 1797 2652 1873 Κακούργθς
2677 1798 2768 1868 μὲν
2791 1793 2954 1857 οὐδεὶς
2981 1792 3102 1852 ἄνευ
3134 1796 3362 1869 ἐλέγχων
3386 1794 3659 1852 καταδικά-

2063 1896 2223 1956 ζεται.
2258 1890 2548 1962 Saerilegis
2571 1899 2628 1946 et
2659 1888 3026 1958 proditoribus
3047 1901 3101 1944 et
3128 1888 3386 1944 veneficis
3416 1898 3659 1959 potestas

2064 1983 2391 2039 defendendi
2413 1985 2495 2040 sui
2514 1985 2696 2050 datur,
2714 1998 2814 2039 nec
2833 1982 3196 2053 prtedamnari
3220 1998 3545 2054 quemquam
3576 1982 3657 2037 in-

2062 2076 2279 2147 cognita
2311 2090 2502 2131 caussa
2536 2076 2683 2132 licet.
2714 2076 2954 2132 Lactant.
2974 2077 3064 2131 lib.
3091 2076 3346 2149 v,cap.l.
3372 2075 3658 2131 Horumli-

2063 2169 2284 2225 brorum
2307 2184 2519 2226 summa
2548 2183 2802 2227 accurate
2840 2171 3073 2227 coniecit
3103 2171 3505 2240 Papebrocbius
3531 2186 3654 2242 cap.

2061 2265 2096 2320 5
2122 2264 2260 2319 Viue
2289 2264 2499 2330 Lucil.;
2531 2275 2584 2319 et
2606 2279 2733 2335 cap.
2758 2266 2815 2330 4,
2840 2264 3074 2319 affirmat
3100 2263 3321 2319 eosdem
3340 2265 3663 2333 conscriptas

2060 2372 2125 2411 ac
2149 2358 2512 2412 verasimiliter
2532 2357 2753 2422 oblatos,
2793 2368 2841 2412 et
2872 2373 2964 2428 per
2987 2356 3312 2411 Florentium
3342 2356 3511 2412 denuo
3538 2360 3657 2412 red-

2061 2452 2197 2507 ditos
2224 2452 2408 2516 uideri,
2441 2470 2556 2508 eum
2584 2452 2756 2507 adhuc
2778 2454 3119 2508 Germanicia:
3141 2462 3269 2507 esset
3290 2451 3536 2521 Sanctus,
3563 2452 3656 2506 sub

2064 2543 2307 2599 Eudoxio
2337 2545 2530 2599 Ariona
2562 2544 2819 2615 Episcopo
2844 2546 3027 2599 exsul:
3060 2546 3111 2598 in
3140 2559 3301 2615 quam
3330 2543 3655 2600 sententiam

2061 2639 2329 2695 adductus
2353 2638 2453 2695 fuit
2472 2640 2642 2709 ipsius
2665 2640 2899 2694 Luciferi
2922 2639 3106 2695 verbis
3122 2639 3175 2694 in
3192 2640 3227 2694 Ι.
3246 2656 3261 2694 I
3280 2638 3529 2711 p.65(hic
3548 2638 3651 2694 col.

2062 2730 2209 2803 830):
2239 2731 2329 2787 Vel
2340 2732 2409 2785 ad
2424 2749 2574 2803 quem
2598 2749 2678 2786 me
2690 2732 2961 2785 destinasti
2985 2731 3659 2797 Gernmniciensium,Ado-

2060 2824 2221 2887 :cius;
2249 2823 2337 2878 ubi
2378 2822 2822 2879 Germaniciense
2863 2824 3079 2894 quidem
3125 2825 3377 2880 exsilium
3415 2824 3655 2890 indicat,

2061 2915 2207 2987 quod
2240 2925 2400 2971 antea
2422 2916 2729 2987 pertulerit,
2764 2932 2870 2971 non
2899 2932 3029 2972 vero
3049 2918 3193 2987 quod
3223 2926 3335 2973 tum
3367 2918 3663 2989 perferret,

2061 3024 2184 3066 cum
2213 3010 2331 3065 hmc
2370 3010 2680 3067 scribebat:
2731 3012 2934 3067 etenim
2967 3026 3091 3083 pag.
3128 3012 3188 3067 91
3230 3012 3336 3083 (hic
3364 3010 3465 3065 cal.
3495 3010 3655 3081 857),

2062 3113 2256 3175 aperte
2282 3104 2576 3175 signiﬁcat,
2606 3104 2806 3160 bellum
2839 3113 2949 3157 tum
2992 3105 3133 3158 inter
3158 3104 3432 3158 llomanos
3458 3113 3515 3158 et
3535 3104 3663 3158 Per-

356 3206 540 3261 gnum;
559 3200 674 3262 etp.
693 3191 877 3264 58(In'c
893 3194 993 3249 col.
1013 3193 1246 3264 805):Si
1263 3194 1479 3265 fuissem
1492 3195 1788 3264 hwreticus,
1809 3199 1876 3263 si,
1901 3209 1956 3251 ut
1986 3190 2031 3255 C
2062 3210 2151 3252 sas
2174 3198 2371 3252 iterum
2404 3199 2719 3262 exarsisse;
2746 3196 3039 3266 Soporinus
3074 3195 3353 3249 Persarum
3388 3210 3479 3248 rex
3528 3210 3665 3247 nunc

358 3283 539 3338 dicunt
571 3284 804 3357 Lucifer,
827 3285 1170 3353 Pancratius,
1196 3297 1246 3341 et
1285 3287 1548 3352 Hilarius,
1568 3289 1663 3344 Dei
1684 3291 1958 3363 impugna-

356 3393 465 3431 rem
488 3378 810 3451 religionem,
838 3383 953 3453 jam
968 3382 1022 3435 in
1042 3398 1120 3435 me
1142 3382 1325 3452 fuisset
1344 3382 1681 3438 vindicatum.
1713 3384 1959 3454 Scriptus

357 3466 460 3523 luit
491 3468 580 3526 hic
620 3469 757 3526 liber
806 3480 930 3542 post
954 3472 1467 3539 {Alexandrinorum
1499 3474 1705 3531 caedem
1730 3491 1757 3529 a
1785 3475 1958 3532 Geor-

356 3560 447 3631 gio
471 3561 795 3633 Cappadoce
822 3573 877 3619 et
892 3562 1128 3635 Syriano
1155 3564 1467 3621 Constantii
1499 3566 1646 3623 Duce
1685 3576 1957 3638 patratam

355 3670 447 3710 an.
478 3655 584 3711 556
618 3664 675 3711 et
719 3666 1047 3713 commotam
1098 3658 1152 3713 in
1182 3657 1497 3715 Catholicos
1523 3675 1621 3730 per
1660 3660 1955 3732 Egyptum

361 3746 642 3804 Antistitcs
673 3748 1029 3806 fmdissimam
1062 3760 1444 3822 tempestatem
1473 3793 1487 3817 ,
1530 3769 1691 3824 quam
1743 3754 1958 3811 Lucifer

357 3850 691 3913 memoratp.
707 3842 897 3913 45(hic
920 3860 965 3897 c.
993 3844 1143 3915 808),
1160 3853 1218 3900 et
1239 3845 1306 3899 ad
1329 3860 1419 3899 an.
1438 3844 1542 3901 558
1569 3846 1763 3902 referri
1781 3856 1959 3916 potest

355 3932 741 4003 chronologiea
754 3933 999 4003 ejusdem
1018 3934 1141 3989 libri
1163 3944 1310 3999 nota,
1328 3951 1593 4007 quoanno
1605 3936 1957 3995 Constantius

356 4026 635 4082 Sarmatas
666 4028 899 4097 primum
929 4038 984 4084 et
1019 4028 1239 4098 Quados
1280 4032 1503 4086 omnino
1553 4034 1790 4105 subegit,
1827 4034 1955 4091 dein

358 4122 690 4195 Limigantes
714 4123 997 4181 Sarmatas
1032 4126 1237 4196 ingenti
1271 4127 1498 4182 victoria
1531 4143 1563 4183 e
1591 4130 1702 4184 suis
1738 4130 1958 4185 sedibus

355 4219 538 4290 ejecit,
559 4217 702 4273 unde
726 4217 1052 4274 Sarmaticus
1077 4221 1376 4290 appellatus
1405 4237 1470 4275 ea:
1496 4223 1746 4276 vocabulo
1774 4224 1959 4277 subac-

355 4320 547 4379 torum,
589 4310 766 4382 inquit
793 4311 1139 4367 Marcellinus
1164 4312 1201 4366 l.
1238 4328 1362 4378 xvn,
1398 4327 1450 4368 e.
1485 4312 1553 4368 12
1585 4323 1638 4368 et
1671 4313 1736 4369 15
1769 4331 1781 4366 :
1818 4313 1958 4369 hanc

354 4403 558 4459 etenim
599 4403 888 4461 victoriam
922 4406 1153 4461 innuere
1181 4405 1397 4462 videtur
1421 4407 1538 4475 ipse
1566 4405 1788 4462 Lucifer
1815 4421 1867 4476 p.
1886 4406 1958 4460 42

357 4496 467 4567 (hic
486 4497 590 4551 col.
616 4496 743 4566 807)
775 4495 877 4551 :Ut
907 4498 1067 4567 igitur
1097 4496 1247 4551 illum
1276 4497 1514 4569 (Achab)
1544 4499 1739 4563 eripuit
1765 4497 1906 4552 Deus
1926 4516 1958 4552 a

355 4590 466 4660 ﬁlio
481 4588 689 4644 Jadcris
703 4589 874 4662 Syriae
886 4591 1127 4662 regis,sic
1144 4592 1297 4645 etiam
1313 4600 1361 4644 te
1375 4591 1437 4646 ab
1451 4592 1689 4646 omnibus
1700 4591 1951 4660 perimere
1978 4580 2032 4641 D

357 4686 676 4754 cupientibus
705 4686 894 4755 eripuit
921 4694 1073 4755 atque
1108 4686 1442 4754 eripit....ud
1468 4685 1563 4740 hoc
1610 4694 1666 4739 ut
1701 4686 1956 4755 conjicere

357 4778 526 4847 possis
550 4794 651 4832 non
674 4794 770 4849 pro
786 4778 986 4832 meritis
1000 4776 1123 4845 fidei
1140 4787 1245 4831 tua!
1257 4794 1320 4831 ac
1331 4779 1451 4831 viae
1463 4778 1553 4831 tibi
1575 4779 1841 4832 victoriam
1868 4778 1960 4831 tri-

332 4871 570 4935 butam;
600 4870 702 4925 nisi
727 4870 857 4926 velit
880 4871 926 4925 is
953 4884 1216 4926 revocare
1242 4871 1295 4925 in
1327 4872 1646 4925 memoriam
1677 4868 1953 4926 Constan-

358 4963 435 5019 tio
488 4963 773 5019 victoriam
821 4962 892 5018 de
953 4962 1261 5030 Magnentio
1306 4962 1564 5033 Tyranno
1616 4962 1845 5017 relatam
1899 4964 1952 5017 in

358 5054 641 5111 Pannonia
686 5054 827 5125 apud
858 5052 1091 5109 Mursam
1140 5069 1233 5109 an.
1263 5053 1391 5110 551.
1422 5052 1642 5109 Lucifer
1680 5055 1780 5108 hoc
1810 5069 1955 5109 anno

356 5145 487 5211 558,
514 5146 734 5201 tertium
763 5144 874 5215 jam
893 5144 1145 5201 exsilium
1174 5144 1581 5216 Eleutheropoli
1601 5145 1954 5202 invictissime

357 5240 588 5298 ferebat.

431 5333 637 5392 Eodem
666 5334 719 5389 in
753 5334 872 5389 loco
900 5332 1037 5389 duos
1084 5332 1256 5389 libros
1277 5332 1449 5390 edidit
1472 5348 1570 5405 pro
1619 5334 1680 5391 S.
1715 5334 1955 5391 Athana-

356 5431 464 5496 sio,
489 5429 646 5499 cujus
675 5441 923 5483 caussam
948 5427 1021 5483 ita
1049 5435 1232 5484 tuetur
1246 5428 1591 5500 gravissimis
1618 5429 1954 5500 argumentis

357 5536 414 5582 et
442 5538 725 5580 sacrorum
750 5523 1019 5580 librorum
1048 5523 1399 5591 testimoniis,
1419 5533 1479 5579 ut
1511 5525 1647 5579 mira
1678 5524 1882 5595 ingenii
1904 5524 1953 5579 vi

359 5619 521 5677 facile
549 5622 843 5674 convincat
874 5617 1230 5674 Athanasium
1276 5632 1378 5673 nec
1413 5619 1588 5673 visum
1640 5616 1916 5673 hominem
1937 5660 1953 5685 ,

359 5726 464 5769 nec
492 5711 737 5767 auditum
784 5712 840 5766 in
868 5709 1077 5780 judicio
1103 5708 1349 5765 damnari
1381 5724 1487 5766 non
1527 5710 1773 5781 potuisse
1796 5752 1811 5778 ,
1845 5719 1899 5767 et
1924 5726 1956 5767 e

359 5798 458 5859 sua
483 5805 613 5861 sede
636 5804 801 5875 dejici
823 5802 1247 5861 Mediolaneusis
1266 5805 1491 5863 Concilii
1522 5816 1576 5863 et
1606 5805 1955 5877 Imperatoris

2063 3297 2245 3343 contra
2285 3299 2335 3343 te
2363 3290 2498 3359 gerit
2535 3288 2793 3356 prwlium.
2833 3287 3031 3342 Verum
3086 3295 3206 3354 post
3253 3285 3657 3340 Mediolanense

2060 3378 2369 3435 Concilium
2398 3390 2451 3435 et
2479 3396 2570 3435 an.
2601 3381 2727 3447 555,
2759 3389 2967 3450 paeane
2994 3378 3231 3433 induciis
3260 3393 3349 3433 res
3382 3378 3550 3434 fuisse
3582 3380 3659 3433 vi-

2062 3472 2261 3528 dentur
2280 3487 2403 3527 cum
2430 3472 2644 3537 Persis;
2676 3472 2842 3527 immo
2865 3472 2934 3527 de
2962 3486 3092 3542 pace
3116 3481 3297 3525 aetum
3338 3470 3436 3526 fuit
3460 3487 3488 3525 a
3514 3469 3658 3527 Con-

2061 3564 2265 3620 stantio
2295 3579 2385 3618 an.
2416 3564 2521 3622 556
2548 3606 2564 3631 ,
2590 3565 2815 3619 omnino
2856 3564 3117 3619 firmanda
3145 3578 3266 3618 cum
3304 3563 3497 3619 iisdem
3524 3603 3539 3628 ,
3568 3563 3660 3631 qui

2058 3659 2115 3712 in
2145 3657 2355 3713 Oriente
2377 3675 2467 3726 per
2488 3663 2629 3731 furta
2653 3670 2701 3712 et
2731 3659 3008 3713 latrocinia
3038 3658 3211 3728 potius
3228 3696 3242 3720 ,
3269 3672 3424 3727 quam
3445 3698 3459 3721 ,
3490 3664 3547 3709 ut
3575 3672 3659 3710 so-

2060 3750 2231 3807 lebant
2253 3762 2425 3815 antea,
2449 3768 2541 3823 per
2565 3753 2978 3806 concursatorias
3006 3765 3205 3820 pugnas
3228 3749 3492 3802 hominum
3520 3764 3655 3815 pra:-

2060 3843 2156 3898 das
2185 3843 2449 3918 agitabant
2476 3853 2524 3898 et
2545 3859 2809 3914 pecorum.
2838 3844 3009 3911 inquit
3035 3841 3376 3896 Marcellinus
3405 3839 3501 3895 lib.
3534 3854 3620 3895 va
3641 3879 3656 3901 .

2060 3951 2182 4007 cap.
2216 3937 2273 4004 9,
2305 3946 2361 3991 et
2386 3936 2487 3991 sub
2512 3937 2718 3992 exitum
2744 3936 2871 3991 anni
2901 3936 3027 3999 557,
3061 3950 3124 3989 ac
3146 3934 3359 3988 initium
3392 3947 3484 3989 an.
3516 3932 3654 3997 558,

2062 4028 2254 4085 littera:
2291 4031 2545 4100 utrinque
2583 4040 2639 4086 et
2678 4030 2835 4101 legati
2867 4029 3019 4083 missi
3049 4030 3303 4091 fuerunt,
3328 4039 3437 4097 quo
3463 4024 3657 4081 stabile

2058 4122 2276 4178 demum
2305 4123 2481 4180 fmelus
2511 4124 2762 4191 iniretur,
2808 4124 2884 4178 uti
2929 4122 3070 4177 idem
3114 4128 3343 4176 testatur
3370 4120 3465 4177 lib.
3511 4134 3651 4185 xvu,

2059 4234 2180 4289 cap.
2201 4220 2254 4275 5.
2280 4220 2351 4275 At
2370 4218 2603 4274 Romani
2626 4220 2834 4290 negotio
2854 4218 3121 4273 redierunt
3145 4218 3337 4289 infecto
3359 4231 3388 4270 e
3408 4214 3652 4281 Perside,

2060 4311 2247 4367 subdit
2284 4313 2332 4367 is
2353 4327 2473 4381 cap.
2502 4312 2591 4378 14,
2619 4321 2672 4367 et
2704 4311 2879 4380 Sapor
2913 4310 3202 4365 Persarum
3248 4324 3341 4363 rex
3367 4349 3382 4374 ,
3426 4321 3653 4375 compo-

2059 4406 2160 4459 sita
2181 4420 2313 4475 pace
2338 4419 2461 4459 cum
2485 4402 2775 4470 Chionitis,
2796 4413 2851 4457 et
2873 4402 3115 4466 Gelanis,
3139 4408 3329 4454 contra
3352 4414 3488 4468 quos
3502 4398 3656 4452 bien-

2064 4500 2155 4554 nio
2188 4497 2303 4554 fere
2328 4507 2457 4553 ante
2486 4496 2688 4553 bellum
2720 4503 2965 4566 gesserat
2986 4534 2999 4555 ,
3038 4508 3127 4546 an.
3159 4491 3297 4557 559,
3331 4490 3457 4546 totis
3483 4489 3655 4559 impe-

2058 4597 2122 4652 rii
2172 4595 2376 4651 viribus
2439 4593 2715 4649 Romanos
2764 4602 3052 4661 aggressus
3114 4595 3240 4654 est,
3297 4594 3351 4641 et
3404 4595 3653 4639 autumno

2058 4690 2312 4743 introrsus
2357 4687 2592 4742 tendente
2624 4684 2887 4741 Amidam
2941 4681 3229 4737 obsidione
3268 4680 3473 4745 cinxit;
3531 4695 3651 4749 qua:

2060 4782 2180 4838 fuse
2212 4790 2399 4837 narrat
2425 4780 2677 4836 laudatus
2713 4785 2907 4833 auctor
2931 4785 3044 4830 toto
3072 4776 3165 4829 lib.
3198 4790 3353 4829 xvm.
3393 4773 3528 4829 Hinc
3549 4773 3653 4843 igi-

2062 4888 2149 4933 tur
2176 4875 2440 4945 conjicias
2469 4875 2633 4939 licet,
2666 4885 2956 4942 utrumque
2992 4884 3091 4940 pro
3119 4869 3418 4925 Athanasio
3455 4869 3652 4924 librum

2059 4970 2325 5037 scriptum
2359 4966 2529 5021 fuisse
2558 4981 2588 5019 a
2627 4964 2879 5020 Lucifero
2908 4973 3145 5018 exeunte
3164 4964 3295 5018 circ.
3321 4977 3410 5017 an.
3444 4958 3570 5021 559,
3600 4968 3657 5013 et

2059 5062 2278 5131 incepto
2306 5075 2396 5115 an.
2429 5059 2564 5125 560,
2599 5070 2659 5114 ut
2681 5058 3101 5123 Tillemontius,
3134 5051 3571 5112 Momfauconius
3600 5060 3655 5105 et

2058 5152 2380 5210 Gallandius
2410 5162 2561 5208 recte
2582 5150 2879 5206 affirmant.
2918 5151 3085 5206 Paulo
3114 5148 3365 5221 superius
3408 5142 3657 5199 animad-

2058 5244 2323 5299 vertimus
2349 5244 2639 5299 Baronium
2665 5244 2718 5299 in
2749 5258 2812 5300 ea
2842 5257 2964 5298 esse
3012 5242 3297 5311 Opinione,
3345 5235 3515 5291 libros
3555 5249 3657 5306 pro

2061 5336 2361 5394 Athanasio
2409 5354 2515 5394 una
2549 5353 2672 5395 cum
2714 5338 2930 5392 duobus
2961 5336 3083 5390 aliis
3125 5335 3191 5390 de
3221 5348 3323 5386 non
3370 5330 3658 5385 communi-

2062 5432 2228 5487 cando
2257 5448 2377 5486 cum
2406 5432 2662 5486 haereticis
2689 5442 2744 5485 et
2775 5431 2839 5483 de
2873 5429 3098 5499 Regibus
3126 5425 3441 5491 Apostaticis
3460 5424 3652 5480 eodem

2068 5535 2313 5598 tempore
2342 5523 2663 5597 Imperatori
2694 5525 2911 5579 oblatos
2938 5524 3141 5588 fuisse;
3171 5533 3223 5578 et
3249 5520 3659 5592 Papebrocbius

2064 5634 2186 5688 cap.
2218 5634 2294 5685 IV,
2328 5617 2809 5689 veriusjessejjaitj,
2847 5617 3007 5687 quod,
3029 5615 3363 5671 Constantius
3403 5615 3663 5688 prioribus

2065 5715 2241 5778 libris,
2282 5711 2492 5768 scilicet
2530 5726 2632 5783 pro
2664 5709 2722 5767 S.
2748 5709 3078 5779 Athanasio,
3126 5711 3388 5779 una?cum
3414 5710 3659 5768 Auctoris

2063 5806 2383 5877 confessione
2409 5803 2865 5877 receptis,longius
2887 5820 3001 5859 runt
3031 5804 3305 5877 transferri
3322 5808 3545 5876 jusserit
3570 5818 3655 5861 se-
