4148 6186
511 261 606 316 731

1511 257 1716 316 LUCIF
1723 258 1813 315 ER
1854 254 2232 315 EPISCOPUS
2266 257 2775 316 CALARITANUS.

3714 252 3825 313 759

511 379 609 431 met
631 377 940 446 it.=runtque.
965 373 1075 430 Sed
1107 373 1206 430 hac
1237 375 1290 429 in
1323 388 1380 429 re
1413 389 1590 444 neque
1617 373 1878 430 Florentii
1908 371 1975 428 ad
2002 372 2108 430 Lu-
2136 373 2189 444 Α
2211 374 2476 435 resistunt.
2509 383 2558 428 et
2585 373 2760 445 qualis
2790 373 2857 430 sit
2889 373 3178 431 commissis
3204 371 3301 429 sibi
3320 371 3531 444 populis
3561 371 3821 438 induant,

507 473 737 526 cil'erum
769 469 998 538 epistola
1024 468 1318 539 quidquam
1345 469 1478 528 certi
1504 469 1662 526 nobis
1689 467 1932 526 indicare
1955 466 2102 523 uides

507 575 633 625 tur;
667 562 832 616 codex
855 563 1001 616 enim
1029 605 1044 628 ,
1069 562 1222 630 cujus
1249 562 1498 617 meminit
1523 604 1537 626 ,
1571 571 1623 616 et
1652 577 1818 616 unum
1841 571 1893 615 et
1921 561 2108 631 plures

507 655 678 709 libros
705 653 994 723 complecti
1035 661 1272 724 poterat,
1317 654 1360 708 si
1404 654 1695 722 genuinam
1739 652 1980 710 nominis
2008 655 2108 706 ιιιιρ

505 747 660 818 jusce
710 745 1162 817 signiﬁcationem
1210 743 1488 814 inspicias.
1548 744 1674 801 llaec
1726 754 1904 803 tamen
1952 743 2110 801 ebis

510 841 803 907 sententia,
838 849 932 896 aut
955 883 970 904 .
997 840 1043 897 si
1069 841 1238 896 mavis
1262 880 1278 907 ,
1306 841 1621 909 conjectura
1653 840 1791 895 inest
1819 880 1832 903 ,
1864 839 2110 908 singulos

511 935 747 992 seorsim
782 933 990 1000 libros,
1041 944 1098 988 ut
1141 935 1194 990 in
1229 947 1372 987 nova
1404 932 1562 996 edit.,
1606 931 1674 988 ad
1724 930 2110 988 Constantium

510 1027 679 1082 fuisse
709 1027 1040 1091 delatos;et
1079 1028 1322 1096 priorum
1369 1025 1606 1081 lectione
1650 1024 2028 1086 vehementius
2055 1023 2110 1081 in

514 1119 828 1176 Luciferum
871 1120 950 1174 ira
979 1134 1240 1175 accensus
1275 1117 1616 1176 Germanicis
1647 1118 2110 1188 Eleuthcmpolim

512 1216 565 1271 iu
597 1214 961 1270 aerumnosius
984 1213 1256 1274 exsilium.
1291 1213 1696 1283 inde,aceeptis
1724 1213 1878 1271 libris
1909 1228 2008 1283 pro
2035 1215 2108 1268 Ατ

509 1310 758 1366 thanasio
778 1309 1018 1378 scriptis,
1039 1308 1106 1364 ad
1125 1319 1379 1382 quartum
1399 1307 1579 1364 exsilii
1603 1307 1655 1364 in
1676 1307 1912 1380 Egypto
1933 1308 2110 1378 locum

513 1405 706 1460 abduci
737 1404 962 1473 jusserit
993 1401 1398 1457 sanctissimum
1430 1402 1744 1464 Antistitem
1777 1419 1790 1456 :
1816 1400 1888 1457 de
1917 1401 2114 1472 quibus

515 1497 566 1551 in
598 1495 833 1551 Luciferi
886 1495 1000 1550 Vita
1033 1493 1342 1548 accuratius
1382 1492 1759 1548 disseruimus.
1795 1491 2115 1548 Franctscus

517 1591 712 1662 Pagius
741 1590 793 1644 in
815 1586 1000 1643 Critic.
1029 1587 1326 1642 Baruniiad
1342 1603 1430 1641 an.
1449 1585 1752 1652 554,allert
1773 1601 1836 1640 ex
1866 1585 1960 1642 lib.
1980 1601 1995 1639 ι
2018 1585 2118 1640 Lu-

511 1684 664 1738 cit’eri
691 1699 787 1752 pro
813 1683 870 1737 3.
903 1681 1196 1741 Athanasio
1224 1682 1400 1734 locum
1433 1679 1754 1748 quemdam.
1783 1692 1892 1747 quo
1922 1679 2115 1746 probet

2210 469 2408 539 ipsique
2431 477 2754 540 meatorum
2783 484 3002 525 suorum
3042 468 3312 539 explicant
3341 467 3724 532 enormitatem,
3755 482 3824 526 ac

2211 563 2534 633 grauitatem,
2566 581 2660 618 suo
2700 564 2851 634 fungi
2880 563 3078 635 efﬁcio.
3119 579 3212 617 nec
3255 561 3404 616 aliud
3451 577 3622 631 agere,
3663 575 3824 630 quam

2217 654 2492 722 Protrltctte
2517 665 2564 712 et
2597 657 2832 728 Apostoli
2865 657 3084 727 fecerint
3125 657 3181 712 in
3208 653 3464 728 ejusmodi
3505 653 3776 714 occasione
3805 667 3824 705 :

2213 749 2429 820 denique
2455 767 2559 805 non
2587 750 2992 808 contumeliosos
3033 767 3165 813 esse,
3195 749 3285 804 sed
3327 763 3557 810 veraces,
3583 757 3631 802 et
3661 746 3823 802 nerui-

2215 859 2327 898 netn
2357 844 2460 898 nisi
2492 843 2657 898 Deutn
2685 845 2940 908 timentes,
2972 853 3126 914 atque
3149 843 3338 898 animo;
3365 844 3477 913 ejus
3507 839 3667 897 saluti
3694 855 3822 895 con-

2215 936 2383 990 sulere
2408 953 2425 988 :
2451 936 2564 1005 ﬁnit
2590 945 2762 994 autem
2802 937 2856 991 in
2883 935 3119 1005 exemplo
3148 943 3342 1006 septeni
3393 931 3825 988 Machabcorunt

2216 1029 2488 1095 Antiocho,
2517 1045 2669 1098 quens
2697 1029 3000 1084 imitabatur
3045 1027 3405 1087 Constantius,
3443 1025 3600 1082 libere
3630 1039 3826 1094 expro-

2216 1123 2499 1178 brantium.
2533 1122 2606 1177 De
2634 1122 2776 1182 libro
2801 1122 2996 1178 eodem
3025 1122 3145 1178 haec
3174 1119 3443 1176 Baronius
3469 1119 3534 1177 ad
3567 1135 3655 1174 an.
3687 1117 3826 1186 556,

2217 1231 2364 1274 num.
2397 1215 2468 1270 68
2486 1233 2497 1269 :
2513 1215 2767 1270 Craterum
2781 1215 3028 1270 aduersus
3047 1214 3467 1284 reprehensorcm
3489 1229 3637 1268 suum
3662 1211 3829 1266 ινδιξ-

2217 1309 2384 1376 ferum
2411 1309 2769 1378 eupostulasse
2794 1307 3180 1376 Constantium,
3213 1309 3322 1362 illis
3352 1307 3500 1362 lectis
3523 1306 3688 1370 libris,
3713 1305 3828 1374 ipse

2219 1399 2428 1471 Lucifer
2447 1417 2504 1456 eo
2533 1403 2923 1466 commentario,
2956 1417 3108 1472 quem
3137 1409 3314 1470 postea
3340 1401 3394 1455 in
3418 1399 3654 1454 eumdem
3678 1399 3828 1469 inge-

2217 1496 2420 1550 minans
2451 1496 2678 1566 scripsit,
2726 1494 2794 1550 de
2841 1511 2950 1551 non
2985 1494 3264 1565 parcendo
3312 1494 3367 1548 in
3423 1494 3589 1548 Deum
3640 1491 3825 1548 delin-

2217 1587 2536 1657 quentibus,
2567 1588 3008 1644 demonstrat.....
3038 1587 3206 1642 Porro
3234 1585 3556 1659 grauioribus
3588 1601 3702 1639 eum
3732 1584 3829 1638 illo

2220 1682 2350 1736 libro
2387 1683 2611 1754 exagitat
2641 1683 2922 1738 invectivis.
2972 1681 3266 1745 Baronius,
3298 1679 3446 1748 quod
3477 1677 3543 1732 ad
3585 1687 3827 1746 tempus,

517 1775 809 1844 Georgium
839 1772 1216 1844 Cappadocem
1239 1781 1364 1831 ante
1388 1769 1788 1832 Mediolattense
1816 1770 2114 1832 Concilium
2149 1771 2194 1830 Β
2222 1789 2329 1844 quo
2366 1774 2504 1830 liber
2536 1773 2624 1828 hic
2655 1773 2964 1844 descriptus
2994 1773 3116 1838 fuit,
3149 1773 3437 1827 nobiscum
3472 1771 3661 1834 sentit,
3699 1784 3829 1826 cum

518 1868 642 1922 anui
673 1868 778 1930 555
801 1909 815 1933 ,
853 1866 1221 1936 episcopalem
1276 1864 1747 1922 consecrationem
1788 1864 2110 1932 accepisse:

522 1958 731 2026 Lucifer
765 1956 1096 2018 Caloritouus
1120 1998 1134 2022 ,
1167 1958 1256 2027 qui
1291 1955 1522 2016 Consilio
1545 1954 1925 2012 Mediolonensi
1958 1955 2118 2011 inter.

517 2056 639 2124 fuit,
665 2055 716 2108 in
748 2053 1001 2125 Apologia
1026 2071 1118 2119 pro
1146 2050 1449 2114 Athanasio,
1477 2049 1567 2105 lib.
1602 2065 1612 2104 t
1637 2094 1650 2116 ,
1682 2059 1916 2116 testatur,
1947 2047 2116 2108 Geor.

518 2149 658 2220 gium
697 2156 815 2202 aute
841 2146 1130 2204 Concilium
1163 2143 1547 2201 Mediolanense
1579 2145 1873 2202 ordinatum
1904 2160 2039 2210 esse,
2070 2153 2119 2200 et

522 2240 602 2296 Itis
623 2240 784 2294 verbis
805 2237 1163 2294 Constantium
1181 2238 1465 2308 alloquitur
1490 2255 1507 2298 _.°
1536 2255 1553 2290 t
1590 2238 1944 2308 Persequeris
1967 2252 2118 2305 eum,

525 2347 549 2382 ι
597 2344 695 2399 per
718 2343 881 2399 quem
922 2337 974 2384 te
1002 2327 1192 2387 audire
1226 2327 1551 2399 praeceperit
1583 2328 1879 2394 Dominus.
1926 2337 2123 2398 agente

530 2441 548 2482 ς
593 2437 660 2478 eo
698 2422 752 2477 in
783 2420 946 2478 rebus
978 2419 1252 2486 humanis,
1282 2436 1392 2490 quo
1422 2420 1740 2482 hiereticum
1773 2431 1921 2483 tuum
1953 2420 2125 2479 Geor.—

531 2535 550 2570 ι
595 2515 742 2585 gium
777 2514 951 2573 mittis
997 2528 1399 2580 successorem,
1432 2529 1556 2570 cum
1599 2515 1817 2572 tametsi
1863 2514 2126 2576 liberatus

535 2627 552 2662 ι
599 2608 792 2668 fuisset
839 2607 1175 2669 Athanasius
1220 2622 1251 2666 θ
1301 2622 1558 2676 corpore,
1614 2607 1711 2664 tibi
1765 2622 1871 2668 non
1912 2606 2127 2670 licuerit

533 2719 552 2752 ι
599 2700 839 2758 mittere.
875 2698 1068 2755 Paullo
1091 2709 1200 2771 post
1230 2717 1247 2754 :
1293 2699 1569 2770 Numquid
1603 2709 1781 2770 potest
1815 2700 1958 2760 Deus
2007 2714 2128 2764 esse

534 2811 553 2845 ι
602 2808 725 2850 cum
780 2793 1002 2854 inimico
1046 2791 1329 2863 Georgio?
1360 2791 1634 2862 Numquid
1687 2794 1762 2859 oi,
1803 2807 1966 2863 quem
2017 2807 2128 2854 non

535 2903 554 2944 ς
601 2884 964 2952 ordinaverit,
997 2900 1159 2954 quem
1189 2901 1298 2941 non
1329 2886 1577 2955 elegerit,
1609 2886 1811 2954 poterit
1841 2900 1968 2946 esse
2001 2899 2128 2955 pro-

537 2998 554 3032 t
607 2978 800 3049 pitius,
846 2988 961 3036 etc.
1010 2997 1028 3034 ι
1063 2978 1134 3036 At
1159 2980 1284 3049 quis
1307 2995 1370 3036 ex
1397 2977 1547 3038 hisco
1586 2979 1882 3050 quidquam
1913 2989 2130 3042 certum

531 3073 733 3132 inferat
782 3087 881 3143 pro
911 3074 1184 3132 sententia
1217 3072 1409 3142 Pagii?
1446 3087 1572 3132 eum
1605 3087 1738 3142 vaga
1776 3073 2002 3132 omnino
2038 3073 2128 3140 sit,

2219 1875 2467 1923 autumet
2519 1875 2634 1936 post
2700 1863 3344 1938 Constantinopolitanum
3411 1861 3832 1920 Conciliabulum

2221 1959 2446 2029 hujusce
2477 1961 2602 2016 anni
2649 1961 2754 2016 560
2806 1959 3120 2016 confectum
3151 1958 3363 2014 fuisse:
3413 1965 3604 2012 censet
3644 1964 3830 2010 tamen

2219 2052 2538 2120 Gsllandius
2570 2055 2887 2123 praeclarum
2919 2054 3022 2108 hoc
3051 2066 3188 2122 opus
3230 2066 3262 2106 a
3290 2049 3546 2118 Lucifero
3574 2047 3832 2103 elabora-

2221 2156 2334 2202 tum
2359 2163 2449 2202 an.
2478 2146 2604 2213 361,
2638 2147 2732 2201 sed
2761 2147 2983 2202 nimium
3016 2161 3174 2210 sero;
3212 2153 3498 2214 postquam
3537 2142 3682 2196 enim
3712 2141 3834 2209 ejus

2224 2240 2345 2296 libri
2381 2257 2477 2308 pro
2508 2240 2567 2296 S.
2602 2241 2902 2296 Athanasio
2923 2240 2990 2302 ad
3017 2239 3396 2295 Constantium
3423 2237 3591 2298 delati
3611 2238 3836 2290 luerunt

2224 2333 2327 2388 sub
2347 2333 2500 2390 initia
2531 2348 2620 2388 an.
2656 2333 2762 2388 560
2791 2374 2806 2397 ,
2856 2342 3070 2387 tantum
3101 2330 3365 2400 temporis
3416 2330 3601 2399 nequit
3653 2330 3833 2384 inter-

2224 2427 2481 2492 cessisse,
2521 2435 2582 2480 ut
2630 2425 2983 2496 Imperatoris
3015 2436 3278 2490 mentem,
3323 2438 3655 2492 sensusque,
3689 2433 3745 2477 et
3779 2423 3833 2476 in

2229 2534 2288 2574 se
2311 2529 2604 2590 conceptos
2622 2519 2785 2573 animi
2805 2519 3022 2574 furores
3047 2533 3113 2573 ex
3137 2532 3330 2572 eorum
3357 2516 3593 2571 lectione
3614 2513 3837 2572 Lucifer

2229 2614 2548 2683 cognoverit
2584 2614 2728 2667 circa
2771 2613 3018 2683 ejusdem
3067 2613 3200 2667 anni
3246 2612 3480 2677 exitum,
3530 2616 3586 2665 et
3633 2622 3837 2668 novum

2232 2705 2375 2766 hunc
2403 2706 2601 2762 librum
2635 2706 2900 2760 adversus
2928 2706 3082 2760 illum
3118 2703 3432 2760 exaraverit
3459 2717 3603 2756 anno
3629 2704 3838 2756 solum-

2234 2802 2394 2856 modo
2422 2801 2552 2865 3lil,
2583 2801 2884 2870 praesertim
2909 2815 3033 2855 cum
3065 2797 3558 2869 postremusliher,
3590 2795 3679 2849 cui
3710 2794 3838 2848 titu-

2235 2898 2340 2961 lus,
2377 2895 2703 2954 Moriendum
2723 2911 2834 2949 esse
2857 2911 2949 2965 pro
2995 2892 3134 2948 Filio
3170 2891 3290 2960 Dei,
3323 2890 3480 2946 initio
3513 2888 3677 2958 hujus
3706 2887 3837 2944 anni

2236 2988 2334 3045 36l
2371 2988 2552 3043 editus
2575 2989 2666 3052 sit,
2720 2997 2774 3043 et
2795 2987 2986 3042 eodem
3016 2999 3159 3040 anno
3185 2984 3388 3050 scripta
3414 2982 3580 3037 fuerit
3608 2981 3838 3052 epistola

2239 3079 2542 3145 Athanasii,
2569 3095 2673 3150 qua
2707 3079 2961 3134 Lucifero
2989 3094 3118 3140 suos
3152 3079 3204 3132 in
3250 3076 3637 3132 Constantium
3672 3075 3842 3130 libros

533 3177 590 3224 et
621 3168 752 3226 nulli
801 3168 1066 3226 obstricta
1120 3167 1240 3222 loco
1271 3166 1507 3229 Luciieri
1554 3167 1772 3231 oratio;
1811 3181 2047 3236 cumque
2078 3166 2130 3224 id
2157 3162 2202 3224 C
2237 3187 2428 3228 omnes
2457 3187 2518 3227 se
2551 3172 2831 3242 accepisse
2861 3180 3111 3232 testatur.

536 3277 702 3316 unttm
729 3260 796 3316 iis
824 3261 1009 3318 verbis
1031 3259 1576 3329 reprehendat,quod
1593 3259 1848 3320 nimirum
1863 3259 2134 3328 Georgius

533 3355 824 3410 haereticus
879 3354 1042 3409 homo
1095 3354 1224 3408 vivo
1283 3353 1588 3414 Athanasio
1641 3352 1900 3411 sull‘ectus
1958 3354 2030 3410 sit
2079 3354 2132 3410 in

538 3445 973 3502 Alexandrinum
1003 3446 1387 3516 Episcopatutn
1417 3454 1713 3515 :pratterea
1740 3445 1867 3502 huic
1895 3444 2134 3504 Luciferi

541 3539 879 3604 testimonio,
915 3550 972 3592 ut
1003 3554 1028 3594 θ
1060 3537 1226 3607 Pugio
1259 3538 1603 3607 producitur,
1650 3539 1858 3608 aliquot
1904 3539 2138 3596 subsunt

541 3630 834 3688 verborum
867 3639 922 3684 et
946 3639 1276 3688 commntum
1311 3631 1527 3695 menda,
1559 3646 1682 3700 qum
1707 3647 1926 3688 sensum
1958 3633 2133 3700 scrip-

539 3727 675 3780 turis
698 3723 1064 3780 iuterturbant
1089 3740 1104 3794 ;
1129 3740 1299 3795 quare
1329 3725 1458 3782 illud
1492 3727 1681 3782 confer
1705 3741 1828 3796 eum
1853 3726 2019 3785 editis
2047 3726 2138 3783 hic

544 3834 664 3890 pag.
695 3816 764 3873 64
788 3818 895 3890 (hic
932 3816 1034 3872 col.
1053 3817 1206 3889 829).

617 3913 820 3968 Eodem
853 3912 984 3967 circ.
1034 3928 1180 3968 anno
1221 3912 1326 3968 560
1356 3913 1594 3982 scriptus
1630 3914 1729 3970 fuit
1768 3915 1906 3969 liber
1932 3915 1996 3970 de
2035 3932 2139 3974 non

543 4005 797 4074 parcendo
824 4004 878 4056 in
908 4001 1079 4056 Deum
1107 4001 1519 4072 delinyucrttilttts
1537 4046 1550 4070 ,
1576 4004 1732 4074 cujus
1760 4006 1899 4060 titttli
1941 4020 2138 4062 sensus

543 4107 652 4162 est,
697 4097 853 4151 nefas
870 4113 993 4152 esse
1034 4098 1345 4169 Episcopis,
1385 4111 1628 4163 errores,
1672 4107 1729 4154 et
1774 4100 1953 4168 iniqua
1998 4099 2138 4155 facta

547 4190 828 4246 hominum
903 4193 1208 4262 praesertim
1279 4192 1666 4250 haereticorum
1747 4193 1840 4250 vili
1904 4192 2138 4264 quadam

547 4283 839 4348 timiditate
894 4295 948 4338 et
999 4286 1268 4355 injurioso
1334 4285 1387 4341 in
1448 4286 1614 4344 Deum
1686 4286 1911 4344 silentio
1968 4285 2138 4342 dissi-

547 4378 774 4446 tnulare,
817 4380 1017 4449 quippe
1042 4394 1169 4435 cum
1199 4394 1390 4436 eorum
1425 4381 1670 4437 muneris
1701 4379 1773 4436 sit
1801 4378 2139 4438 Catholicam

549 4473 706 4536 fidem
773 4474 950 4543 palam
1012 4471 1176 4538 tueri,
1235 4483 1288 4528 et
1351 4473 1640 4545 impiorum
1698 4474 1908 4532 scelera
1967 4473 2140 4530 libere

2312 3264 2630 3332 Postremus
2654 3264 2792 3322 liber
2817 3277 2846 3319 ο
2875 3262 3130 3318 Lucifero
3160 3261 3426 3318 adversus
3451 3258 3841 3316 Constantium

2236 3357 2574 3426 compositus
2605 3357 2652 3415 is
2677 3367 2782 3422 est,
2806 3372 2915 3426 quo
2943 3355 3187 3419 ostendit,
3219 3353 3564 3416 moriendum
3594 3366 3717 3406 esse
3744 3365 3846 3420 pro

2241 3448 2381 3508 Filio
2425 3449 2541 3514 Dei,
2589 3449 2664 3507 ait
2709 3447 3118 3518 Papebrochius
3179 3446 3341 3516 paulo
3391 3453 3514 3514 post
3557 3443 3845 3499 laudatum

2239 3541 2495 3610 superius
2525 3542 2724 3607 locum,
2753 3555 2902 3610 quem
2927 3551 3037 3610 post
3059 3539 3263 3595 initium
3301 3538 3426 3593 anni
3456 3535 3562 3594 360
3577 3553 3690 3598 esse
3719 3551 3847 3592 cott—

2239 3635 2492 3702 scriptum
2529 3633 2751 3698 ostendit
2803 3633 2995 3688 ruentia
3032 3633 3050 3701 (
3084 3633 3165 3685 hic
3217 3631 3316 3686 col.
3372 3630 3554 3698 lli-28)
3602 3627 3838 3684 Eudoxii

2244 3728 2536 3795 (Adoniunt
2596 3744 2774 3784 rursus
2799 3744 2912 3782 runt
2952 3726 3222 3794 nominat)
3277 3725 3345 3780 ad
3384 3722 3840 3790 Constantinopoli

2244 3829 2418 3876 tonant
2435 3820 2607 3877 sedem
2624 3820 2802 3886 euecti,
2825 3819 2963 3889 quod
2985 3818 3069 3872 die
3099 3818 3163 3871 17
3191 3815 3316 3874 Jan.
3347 3817 3561 3883 factum.
3590 3814 3841 3882 Sequenti

2242 3921 2412 3970 autem
2440 3929 2577 3968 anno
2608 3928 2778 3966 mense
2808 3911 2857 3964 Ν
2866 3909 3089 3964 ouembri
3135 3910 3358 3965 moriens
3387 3906 3724 3964 Constantius
3751 3921 3850 3962 e3-

2245 4006 2402 4073 periri
2430 4005 2577 4075 carpit
2622 4005 2884 4059 veritatem
2913 4020 3114 4068 eorum,
3159 4018 3274 4072 qua?
3319 4001 3414 4056 sibi
3459 3999 3653 4058 tumin
3701 3999 3843 4066 aliis.

2245 4108 2352 4157 tum
2379 4098 2431 4152 in
2462 4098 2556 4152 hoc
2583 4098 2909 4169 potissimum
2939 4098 3070 4160 libro
3103 4098 3448 4154 comminatur
3470 4092 3684 4160 Lucifer
3710 4101 3848 4154 totus

2244 4200 2466 4252 astuant
2485 4192 2720 4262 martyrii
2737 4191 3013 4250 desiderio.
3039 4188 3305 4258 Equidem
3328 4185 3545 4250 Lucifer
3567 4185 3620 4242 in
3641 4185 3850 4256 λεω-

2247 4294 2302 4342 to
2328 4285 2680 4354 gravissimas
2707 4283 2888 4346 exsilii
2917 4282 2998 4340 sui
3032 4281 3374 4343 calamitates
3402 4277 3851 4344 constantissime

2247 4380 2548 4448 perferens,
2579 4377 2718 4446 quod
2746 4383 3055 4439 aulumarct,
3105 4373 3290 4428 subdit
3323 4373 3588 4434 Baronius
3641 4369 3708 4432 ad
3753 4384 3844 4430 au.

2244 4469 2494 4529 eumdem
2527 4469 2650 4536 356,
2675 4483 2822 4524 num.
2854 4467 2956 4533 69,
2987 4466 3346 4526 Constantium
3373 4476 3423 4520 et
3451 4465 3852 4534 ministrosque

545 4583 609 4621 ae
648 4566 862 4622 fortiter
911 4568 1262 4637 redarguere.
1321 4567 1559 4624 Furehat
1604 4569 1816 4628 scilicet
1867 4566 2143 4630 Constan-
2173 4559 2226 4620 D
2252 4565 2302 4620 in
2333 4579 2504 4622 necem
2532 4578 2679 4622 suam
2706 4561 3113 4630 conspiratnros.
3145 4559 3308 4618 alium
3347 4557 3552 4623 addidit
3587 4572 3852 4624 cantaren-

545 4659 654 4714 tius
703 4660 755 4716 in
813 4659 1146 4726 Luciferum,
1207 4659 1437 4729 ejusque
1499 4661 1657 4720 lectis
1721 4661 1900 4724 libris,
1961 4677 2144 4732 super-

549 4752 691 4816 bum,
755 4753 1081 4817 insolenter»,
1138 4753 1563 4808 contumeliosum
1620 4753 1670 4808 in
1738 4753 2145 4823 imperatoriam

548 4845 887 4915 majestatem
909 4860 1032 4905 esse
1058 4845 1208 4900 illum
1234 4855 1293 4902 et
1317 4843 1634 4906 Catholicus
1664 4847 1959 4917 Episcopus
1982 4847 2147 4918 jacti-

549 4937 738 4992 tabat:
772 4952 942 5001 quare
975 4935 1192 4992 Lucifer
1233 4935 1432 4993 suimet
1478 4937 1746 4996 rationem
1795 4937 1974 5000 reddit
2001 4937 2148 4999 Con-

544 5030 791 5094 stantio;
836 5029 1103 5094 declarat,
1135 5044 1235 5085 cur
1264 5029 1479 5098 priores
1509 5030 1677 5093 libros
1720 5041 1829 5092 tam
1861 5033 1972 5092 acri
2004 5032 2149 5103 styio

549 5122 903 5187 exaraverit;
935 5132 1048 5182 tum
1082 5136 1229 5186 sese,
1251 5131 1307 5182 et
1333 5121 1641 5192 religionis,
1673 5122 1958 5182 Athanasii
1983 5135 2148 5194 atque

548 5216 952 5276 Catholicorum
975 5215 1298 5272 Antistitum
1323 5216 1954 5284 caussas,suosqueitem
1977 5215 2150 5276 libros

549 5321 698 5366 tanta
745 5312 944 5380 ingenii
978 5311 1051 5374 vl,
1095 5321 1151 5365 et
1185 5310 1456 5366 orationis
1496 5307 1748 5369 facundia
1789 5307 2056 5376 defendit,
2093 5319 2153 5371 ut

544 5404 814 5460 Tulliano:
855 5405 1208 5471 eloquentiae,
1243 5403 1288 5458 at
1322 5402 1663 5471 incomptum
1709 5401 1929 5462 dicendi
1979 5419 2151 5474 genus

547 5497 811 5564 excipias,
856 5496 1106 5565 proximo
1158 5495 1422 5556 accedere
1473 5495 1742 5558 rideatur.
1796 5496 1990 5558 Totius
2029 5498 2152 5554 libri

553 5590 836 5654 syitopsitn
879 5588 1108 5648 exhibet
1138 5588 1542 5654 l'apebrochius
1571 5603 1693 5656 cap.
1727 5591 1760 5646 4
1792 5589 1930 5653 Vitta
1977 5589 2152 5651 Lueif.

556 5677 710 5733 hisee
746 5683 966 5737 verbis:
1016 5682 1238 5742 Summa
1293 5686 1450 5741 totius
1491 5685 1608 5743 libri
1655 5702 1712 5741 eo
1746 5687 1906 5742 tendit
1937 5696 1991 5750 ut
2033 5704 2158 5744 con-

2255 4657 2463 4720 tarium,
2497 4658 2651 4728 cujus
2692 4663 2765 4710 est
2793 4654 2972 4714 titulus
3001 4663 3050 4708 et
3091 4659 3476 4723 argumentum,
3508 4647 3851 4710 Moriendum

2255 4763 2352 4820 pro
2381 4747 2524 4807 Filio
2553 4747 2670 4805 Dei.
2713 4747 2901 4808 Videas
2927 4747 3184 4809 hominem
3218 4746 3415 4816 majore
3453 4760 3652 4812 semper
3689 4742 3855 4802 animi

2253 4841 2488 4900 libertate
2533 4852 2685 4912 atque
2727 4841 3015 4900 constantia
3060 4840 3325 4909 insurgere
3354 4838 3407 4892 in
3450 4834 3852 4900 Constantium;

2253 4935 2389 5004 quod
2415 4951 2480 4994 ea:
2505 4951 2605 4990 una
2627 4935 2705 4991 uel
2738 4934 2902 4995 altera
2927 4933 3160 4996 eiusdem
3190 4928 3465 4992 uoluminis
3495 4927 3689 4995 scripta
3727 4941 3851 4979 sen-

2254 5032 2414 5085 tentia
2443 5031 2593 5084 datur
2619 5029 2888 5100 inspicere.
2921 5026 3096 5086 ltatbcs
3133 5025 3185 5080 iu
3234 5023 3340 5080 hoc
3372 5022 3512 5082 libro
3539 5020 3703 5090 justo:
3732 5032 3855 5088 per-

2251 5123 2515 5193 fectaeque
2542 5121 2800 5184 orationis
2834 5120 3062 5176 formmn
3088 5127 3535 5188 argumentorum
3566 5115 3852 5178 varietate,

2252 5218 2643 5271 sententiarum
2710 5215 2992 5284 gravitate,
3052 5226 3332 5266 sacrorum
3405 5208 3851 5272 testimoniorum

2254 5311 2517 5381 pondere,
2545 5319 2598 5364 et
2623 5309 2802 5364 facilis
2826 5307 3078 5364 facundia
3099 5305 3305 5372 eloquii
3327 5302 3611 5362 Catholica
3627 5301 3856 5371 Episco-

2257 5418 2326 5474 po
2352 5403 2596 5474 diguam,
2621 5417 2744 5472 quae
2770 5415 2893 5458 cum
2913 5399 3175 5459 Tullianis
3192 5396 3512 5465 Philippicis
3532 5394 3655 5464 jure
3681 5394 3860 5459 possit

2256 5495 2603 5568 cotnparari;
2644 5495 2922 5553 Nicmnum
2965 5492 3148 5556 fidem.
3184 5490 3473 5560 legationis
3513 5502 3627 5546 sunt
3669 5496 3856 5557 gesta.

2257 5591 2537 5650 Athanasii
2566 5604 2783 5646 causam
2833 5585 3169 5646 validissime
3201 5593 3428 5648 tutatur,
3469 5579 3776 5646 Constantii
3805 5587 3858 5642 rt

2263 5686 2588 5744 Arianorum
2640 5683 2847 5738 scelera
2905 5679 3276 5753 persequitur,
3329 5687 3384 5740 et
3439 5674 3693 5746 gloriosae
3761 5686 3856 5745 pro

567 5771 799 5832 vitientur
831 5770 1140 5844 Imperator,
1170 5773 1338 5843 ipsum
1362 5775 1596 5846 aliosque
1625 5775 1915 5850 Episcopus
1943 5780 2068 5844 dum
2115 5779 2162 5838 ei
2265 5780 2484 5837 Christo
2516 5779 2706 5836 mortis
2735 5775 3098 5841 nobilitatem.
3128 5773 3318 5843 decus.
3349 5769 3652 5842 laudesque
3678 5767 3853 5838 ειωιο
