4148 6186
323 291 433 349 735

1783 283 2181 343 PfleEFATlO.

3527 280 3633 343 1M

322 407 405 472 iit,
438 419 599 476 quam
630 418 689 460 se
712 402 1031 459 avidissime
1057 415 1262 472 cupere
1284 408 1557 457 testatur:
1586 399 1730 457 hanc
1748 407 1934 457 tamen
1962 403 2009 467 Α
2040 401 2256 457 videtur
2278 401 2453 457 latino
2483 416 2739 459 sermone
2782 404 3011 471 scripta,
3044 413 3102 459 ut
3128 419 3253 459 cum
3287 403 3406 474 ipse
3448 403 3632 459 Mont-

323 497 567 570 martyrii
586 495 818 567 gloriam
838 496 994 564 plane
1010 504 1208 551 constat
1222 503 1330 548 tum
1348 492 1712 549 Constantiana
1728 493 1925 565 ipsum,

322 599 430 643 tum
460 574 680 643 Arianos
702 597 913 643 ceteros
938 588 1017 641 illi
1054 587 1318 653 invidisse,
1362 588 1441 642 ait
1470 585 1741 649 Duronius
1769 601 1922 641 num.

321 682 415 748 80,
448 683 599 752 cujus
626 698 680 735 ac
706 680 835 735 adeo
864 679 1112 751 cupidum
1164 689 1236 736 tot
1256 681 1512 752 tantisque
1542 682 1749 751 scriptis
1774 681 1926 735 edieis

324 790 435 843 pra:
449 790 505 827 se
524 774 731 845 ferebat.
768 772 957 828 Verum
978 790 1042 829 ea:
1054 774 1157 841 his,
1181 774 1373 831 scribit
1397 774 1539 830 idem
1556 784 1748 829 auctor
1771 791 1921 829 num.

322 871 413 937 13,
438 886 555 941 quis
576 869 752 925 eodem
772 870 905 924 libra
927 870 1144 940 inferius
1168 869 1233 923 de
1258 868 1498 925 Eudoxio
1510 870 1582 924 ait
1608 886 1639 922 a
1672 869 1927 925 Constan-

321 964 395 1017 tio
422 962 638 1030 sulcata
663 963 717 1017 in
759 963 927 1017 locum
954 960 1251 1018 Macedonii
1281 963 1334 1017 in
1361 964 1531 1017 sedent
1559 962 1926 1017 Constantino-

320 1057 623 1125 politenant,
671 1068 784 1127 post
819 1058 1076 1111 biennium
1118 1057 1537 1112 commentarium
1573 1057 1719 1111 illum
1763 1058 1925 1128 fuisse

318 1148 569 1219 scriptum
596 1159 838 1231 apparet,
866 1165 930 1203 ac
956 1150 1174 1221 proinde
1202 1164 1316 1220 qute
1362 1164 1526 1219 nuper
1546 1149 1673 1203 dicit
1710 1148 1773 1202 ab
1809 1151 1924 1218 ipso

320 1244 457 1311 facta
481 1256 593 1295 esse
613 1257 708 1295 suo
736 1242 983 1312 rescripto
1014 1242 1067 1295 in
1090 1239 1381 1296 Ecclesium
1406 1241 1814 1296 Alexandrinam
1843 1241 1925 1295 di-

318 1349 463 1387 versa
497 1333 561 1387 ab
609 1334 714 1389 illis
750 1334 931 1404 fuisse,
961 1350 1077 1405 qua
1106 1350 1171 1389 ea
1208 1334 1494 1389 Athanasio
1520 1335 1763 1405 superius
1802 1344 1924 1389 sunt

316 1428 594 1492 recensita,
627 1426 807 1497 liquet.
839 1428 908 1481 At
939 1426 1007 1482 de
1033 1425 1184 1483 hisce
1209 1425 1262 1481 in
1290 1424 1693 1481 Alexandrinos
1722 1424 1926 1481 crude-

319 1520 446 1576 liter
466 1522 694 1591 patratis
716 1520 839 1577 side
867 1537 988 1592 quae
1011 1522 1065 1576 iu
1098 1522 1243 1577 notis
1282 1520 1348 1576 ad
1374 1520 1520 1576 hunc
1552 1520 1787 1576 Luciferi
1818 1519 1917 1577 lib.

316 1612 423 1683 ipsi
450 1612 773 1683 conjieimus
800 1628 815 1677 ;
840 1623 895 1669 et
921 1628 1046 1669 cum
1076 1612 1313 1669 Barosio
1334 1611 1921 1679 sentimus,diversam

316 1717 439 1759 esse
482 1703 978 1759 Alexandrinorum
1024 1704 1231 1760 eadem
1254 1718 1284 1758 a
1311 1703 1561 1760 Lucilero
1592 1718 1645 1775 p.
1673 1703 1781 1760 96!
1813 1704 1922 1776 (hic

2031 495 2177 549 faue.
2204 494 2563 551 observamus
2585 495 2641 551 in
2663 505 2791 550 nota
2818 496 3001 551 eidem
3024 495 3240 567 adjecta
3259 513 3313 565 p.
3329 494 3558 566 Ilolbic
3580 512 3629 549 c.

2034 585 2175 641 l0t0
2188 588 2383 657 not.q).
2399 586 2571 643 Porro
2593 586 2736 643 idem
2751 586 2957 645 Montio
2967 603 3051 643 uc.
3073 587 3215 644 falso
3231 597 3500 651 autumat.
3515 588 3635 658 epi-

2030 680 2227 734 stolam
2260 682 2489 750 primam
2513 686 2647 752 forte
2678 684 2837 751 paulo
2867 692 2983 753 post
3010 683 3251 737 exsilium
3278 681 3530 754 Luciferi,
3564 682 3633 737 ad

2030 772 2175 829 hune
2226 774 2296 829 ab
2342 772 2645 829 Athanasio
2687 777 2952 839 missam;
2996 776 3229 846 ideoque
3276 792 3366 830 an.
3411 775 3634 831 circiter

2028 865 2156 933 566,
2199 881 2324 921 cum
2360 866 2583 923 Lucifer
2623 884 2692 922 ne
2734 867 2972 938 primum
3007 867 3227 938 quidem
3272 867 3509 923 fortasse
3563 868 3630 923 li-

2027 958 2185 1013 brum
2230 960 2294 1012 dc
2335 976 2436 1014 non
2484 960 2832 1014 convenientia
2877 976 2991 1014 cum
3039 958 3298 1019 haereticis
3340 961 3627 1017 edidisset.

2029 1048 2438 1121 Pepebrochius
2468 1059 2758 1121 utramque
2783 1052 3071 1123 epistolam
3099 1052 3268 1108 refert
3297 1054 3348 1107 in
3378 1068 3469 1107 an.
3500 1052 3629 1122 360,

2029 1158 2150 1197 nam
2186 1145 2295 1198 lucc
2324 1146 2519 1209 omnia,
2554 1145 2634 1200 ait
2685 1159 2811 1216 cap.
2854 1148 2886 1201 4
2920 1145 2988 1200 de
3021 1146 3179 1202 libris
3213 1146 3430 1203 scilicet
3469 1145 3631 1202 Luci-

2027 1235 2279 1304 ferianis,
2309 1239 2570 1309 accepisse
2599 1241 2962 1308 Athanasium,
2992 1257 3107 1295 cum
3145 1241 3197 1294 in
3228 1252 3416 1311 quarto
3443 1242 3629 1297 exsilio

2028 1332 2265 1399 partibus
2311 1331 2535 1405 Egypti
2584 1334 2805 1388 vicinior
2852 1334 3060 1408 degeret
3107 1334 3326 1391 Lucifer
3352 1350 3441 1389 an.
3475 1334 3628 1404 360.,

2023 1425 2141 1478 ideo
2163 1427 2448 1496 persuadeo
2460 1446 2497 1493 ν,
2522 1428 2642 1497 quia
2669 1437 2717 1483 et
2738 1428 2942 1482 titulum
2962 1430 3208 1500 postremi
3231 1430 3370 1495 libri,
3401 1438 3448 1482 et
3472 1428 3627 1485 fren-

2023 1517 2188 1574 dores
2223 1519 2529 1575 diaboliens
2573 1520 2889 1590 calcandos,
2934 1531 2981 1575 et
3024 1522 3159 1577 alias
3186 1524 3269 1576 hic
3296 1532 3628 1580 occurrentes

2024 1610 2237 1681 phrases
2260 1612 2490 1679 observa,
2525 1614 2580 1668 in
2610 1614 2851 1669 wounds
2884 1614 3142 1669 nimirum
3176 1614 3423 1685 ejusdem
3456 1615 3627 1671 Atha-

2025 1708 2163 1762 nasii
2218 1707 2475 1777 epistula.
2524 1708 2633 1766 Sed
2684 1710 2833 1780 prior
2875 1710 3111 1781 epistola
3165 1710 3219 1765 in
3262 1725 3353 1764 an.
3403 1711 3623 1781 quidem

317 1798 421 1851 cel.
448 1794 609 1868 1022)
631 1795 716 1853 hie
743 1802 1100 1852 nemoralem
1120 1796 1188 1852 ab
1210 1796 1322 1863 illa,
1342 1813 1461 1867 quae
1482 1811 1571 1851 an.
1596 1795 1725 1863 366,
1755 1797 1921 1867 impie
1950 1804 1999 1864 Β
2025 1799 2133 1856 560
2159 1800 2316 1870 rejici
2341 1801 2632 1857 commode
2662 1810 2864 1872 potest,
2899 1818 3008 1857 non
3043 1803 3172 1858 item
3219 1803 3419 1868 altera,
3457 1817 3622 1875 quem

316 1890 607 1946 commissa
636 1887 736 1945 fuit
766 1889 1138 1961 postejectum
1166 1904 1198 1944 e
1228 1903 1323 1944 sua
1354 1888 1485 1943 sede
1517 1888 1874 1943 Athanasium
1896 1930 1913 1956 ,

314 1997 585 2053 quumque
610 1980 943 2037 Athanasius
971 1983 1089 2051 ipsa
1113 1980 1381 2037 describit
1408 1983 1460 2035 in
1498 1981 1656 2051 Apol.
1686 1978 1757 2034 de
1789 1978 1913 2050 luga

316 2088 436 2140 sua,
464 2085 521 2130 et
546 2073 603 2129 in
631 2072 796 2144 epist.
826 2073 894 2129 ad
925 2073 1088 2129 Solit.
1120 2071 1320 2127 Verum
1346 2072 1499 2128 enim
1535 2087 1667 2127 vero
1695 2079 1917 2127 sonten-

316 2167 449 2221 tiatn
479 2166 722 2235 ejusdem
749 2163 969 2220 Baronii
1003 2180 1110 2219 non
1142 2164 1462 2236 probamus,
1491 2178 1621 2219 cum
1648 2162 1912 2230 afiirmat,

319 2268 433 2329 post
461 2258 721 2313 biennium
747 2257 817 2314 ab
842 2267 1104 2329 occupata
1131 2272 1230 2329 per
1260 2256 1565 2313 Eudoxiutn
1592 2257 1917 2319 Constanti-

319 2351 629 2423 nopolitana
658 2350 789 2408 sede
804 2351 1234 2411 commentarium
1259 2352 1407 2407 hune
1428 2350 1593 2421 fuisse
1617 2351 1872 2420 scripturn
1896 2366 1915 2405 :

317 2445 551 2517 quippe,
584 2446 629 2500 si
670 2460 862 2500 manu
895 2444 1156 2503 Januario
1194 2446 1317 2500 anni
1352 2444 1459 2501 560
1498 2444 1775 2501 Eudosius
1804 2445 1919 2501 suf-

320 2539 496 2595 fectus
520 2549 606 2595 est
634 2538 951 2595 Macedonio
983 2538 1253 2610 Episcopo
1277 2537 1913 2611 Constantinopolitano,

315 2633 676 2704 consequitur
724 2632 871 2699 hunc
921 2633 1119 2688 librum
1163 2648 1193 2688 a
1242 2632 1495 2688 Lucifero
1542 2633 1913 2704 compositum

317 2730 489 2784 fuisse
540 2744 631 2784 an.
682 2727 811 2795 58%,
859 2742 983 2785 enm
1023 2724 1377 2785 Constantius
1424 2742 1568 2784 anno
1625 2737 1753 2782 ante
1802 2726 1915 2797 jam

318 2822 526 2877 obierat
550 2864 566 2889 ,
607 2832 661 2876 et
696 2821 943 2877 lulianus
973 2820 1278 2893 Imperator
1308 2820 1505 2877 eodem
1534 2836 1624 2875 an.
1672 2820 1772 2876 Iulii
1821 2835 1917 2876 ex-

316 2916 469 2970 sules
494 2916 793 2986 Episcopus
822 2916 888 2969 atl
914 2928 1042 2969 suae
1065 2914 1337 2971 Ecclesiae
1355 2915 1535 2969 redire
1560 2905 1912 2984 permiserat,

321 3018 379 3061 nt
402 3023 468 3063 ex
515 3006 806 3063 Ammiano
830 3008 1187 3079 intelligimus
1208 3007 1304 3062 lib.
1332 3022 1470 3072 xxn,
1501 3021 1619 3076 cap.
1647 3005 1682 3060 ll
1709 3004 1920 3072 ;Geor—

316 3100 409 3169 gio
440 3112 621 3155 autem
653 3100 975 3171 Cappadoce
1005 3100 1074 3157 ab
1102 3098 1486 3155 Alexandrinis
1513 3098 1645 3155 sede
1664 3098 1912 3167 discerp-

2019 1896 2162 1951 idem
2211 1896 2622 1969 Papebrochins
2669 1898 2723 1952 in
2775 1898 2969 1953 'l'omo.
3016 1898 3036 1951 1
3084 1897 3209 1952 Maii
3269 1898 3519 1953 Bolland.
3568 1899 3623 1954 in

2020 1988 2130 2043 Vit.
2170 1988 2229 2045 8.
2263 1988 2467 2044 Athan.
2507 2005 2630 2060 cap.
2662 1990 2734 2045 il
2778 1990 2985 2046 clarius
3015 1992 3207 2046 scribit
3238 1992 3413 2045 datam
3456 1992 3626 2048 fuisse

2016 2081 2155 2135 circa
2198 2099 2282 2136 an.
2316 2097 2507 2138 cccu.
2544 2083 2693 2138 Missi
2738 2084 2962 2153 quidem
3006 2082 3111 2138 hoc
3140 2098 3286 2138 anno
3318 2085 3539 2139 fuerant
3585 2097 3617 2139 a

2016 2175 2270 2232 Lucifero
2326 2177 2395 2231 ad
2457 2176 2847 2244 Athanasium,
2908 2178 3001 2249 qui
3063 2178 3215 2233 illum
3278 2178 3624 2247 inviserent,

2015 2281 2069 2326 et
2092 2286 2188 2351 per
2216 2286 2354 2349 quos
2385 2271 2457 2326 de
2480 2272 2866 2328 communibus
2896 2274 3184 2341 utriusque
3215 2272 3366 2326 curis
3392 2279 3618 2342 ageret;

2014 2361 2112 2417 sed
2131 2376 2230 2419 eos
2247 2362 2582 2419 Athanasius
2608 2380 2710 2419 nec
2730 2363 2937 2430 videre,
2965 2378 3065 2418 nec
3089 2362 3295 2433 alloqui
3326 2372 3581 2433 potuerat
3599 2402 3621 2430 ,

2014 2472 2137 2512 cum
2210 2458 2263 2512 in
2331 2459 2667 2514 secretiores
2728 2458 2969 2513 latebras
3024 2457 3361 2529 aufugisset,
3395 2455 3625 2512 insidias

2015 2551 2223 2606 veritus
2253 2551 2600 2617 Arianorum,
2628 2551 2722 2623 qni
2749 2550 2943 2606 itinera
2972 2550 3362 2613 observabant,
3387 2558 3441 2603 et
3466 2563 3635 2619 curas

2014 2654 2209 2716 agunt,
2240 2646 2315 2699 ait
2347 2644 2544 2716 ipsein
2575 2644 2765 2699 eadem
2797 2643 3048 2714 cpistola,
3081 2644 3146 2699 de
3174 2641 3624 2713 proﬁciscentibus

2016 2747 2061 2790 et
2083 2737 2390 2792 exeuntibus
2420 2738 2483 2792 de
2504 2736 2708 2790 civitate
2737 2735 3106 2791 Alexandrinae
3131 2775 3147 2800 ,
3179 2751 3333 2789 naues
3358 2744 3619 2805 quaerunt,

2016 2831 2231 2885 ercmias
2259 2840 2465 2901 gyrant,
2502 2831 2683 2884 domos
2711 2829 3037 2901 perturbant,
3070 2829 3375 2883 concutiunt
3406 2829 3617 2898 fratres,

2015 2928 2235 2997 singulis
2265 2929 2471 2998 negotia
2496 2928 2837 2995 concinnant,
2871 2936 2925 2982 et
2950 2925 3132 2995 paullo
3171 2934 3299 2979 ante
3328 2926 3379 2979 in
3421 2924 3615 2979 Mona-

2015 3023 2150 3076 CIIOS
2167 3036 2262 3091 per
2277 3018 2495 3092 Βαγριί
2522 3020 2847 3076 solitudines
2868 3019 3095 3091 impune
3116 3017 3347 3091 grassati
3370 3017 3615 3084 fuerant;

2016 3128 2177 3184 quam
2211 3122 2587 3182 tempestatem
2622 3114 2774 3167 initio
2816 3112 3070 3167 secundae
3121 3110 3368 3181 epistulae
3416 3109 3622 3165 indicat

318 3202 374 3247 to
402 3193 507 3249 sub
536 3193 750 3249 initium
782 3194 910 3249 anni
934 3193 1065 3260 56%,
1116 3192 1444 3251 Athanasius
1473 3193 1524 3247 in
1552 3207 1707 3246 suam
1727 3191 1913 3250 sedem

2022 3210 2163 3265 idem
2198 3212 2563 3265 Athanasius:
2598 3208 2715 3264 inec
2744 3223 2877 3263 vero
2904 3207 3096 3263 eodem
3123 3220 3267 3259 anno
3292 3202 3400 3259 500
3429 3203 3622 3257 viden-

316 3284 483 3354 paulo
506 3292 631 3357 post
674 3284 962 3340 restitutus
982 3284 1105 3350 fuit,
1129 3283 1223 3355 qui
1243 3293 1429 3343 ιιιιιοη
1449 3298 1642 3339 omnes
1670 3278 1912 3337 Luciferi

313 3375 487 3431 libros
511 3377 668 3431 exsul
689 3375 868 3431 adhuc
892 3384 1204 3449 acceperat,
1232 3385 1291 3430 ut
1317 3375 1487 3446 ipsius
1509 3375 1574 3430 ad
1604 3374 1911 3430 Luciferum

312 3468 548 3540 epistola
563 3479 816 3526 testatur.
842 3471 1113 3528 Prii-terea
1132 3485 1310 3541 neque
1331 3468 1709 3541 Papehrachio
1720 3478 1913 3526 assen-

315 3559 506 3627 timur,
560 3561 649 3616 cui
706 3561 859 3616 iubet
904 3573 1241 3631 postremum
1308 3562 1414 3616 hoe
1474 3560 1710 3621 Luciferi
1774 3575 1912 3631 opus

315 3664 440 3723 ptist
460 3654 675 3709 initium
699 3653 813 3710 fere
838 3669 929 3709 an.
955 3653 1063 3710 $60
1097 3654 1474 3714 elucubratum
1503 3655 1673 3710 fuisse
1696 3671 1710 3721 ;
1732 3663 1913 3725 poste-

315 3763 434 3803 rius
462 3748 730 3819 siquidem
775 3761 862 3805 est
912 3749 1059 3806 libro
1107 3748 1175 3804 de
1209 3766 1315 3804 non
1355 3749 1618 3821 parcendo
1650 3750 1703 3804 in
1739 3748 1911 3805 Deum

315 3841 731 3911 delinquentibus
758 3844 969 3913 scripto
997 3857 1143 3899 anno
1173 3844 1294 3914 ipso
1339 3842 1467 3910 560,
1501 3858 1623 3897 cum
1666 3843 1910 3900 nondum

315 3934 563 3990 audisset
616 3935 841 3991 Lucifer
886 3936 958 3993 de
1006 3936 1619 4007 Constantinopolitano
1678 3935 1909 3993 Eudoxii

318 4026 680 4098 Episcopatu.
732 4027 913 4097 Quare
962 4028 1104 4085 hanc
1149 4030 1202 4083 in
1249 4045 1364 4084 rem
1405 4028 1485 4083 sic
1532 4028 1908 4096 decernimus,

313 4120 512 4177 librum
546 4122 712 4189 hunc,
747 4124 836 4178 cui
870 4123 1061 4178 titulus
1114 4122 1444 4177 Hariendunt
1481 4139 1593 4176 esse
1628 4140 1721 4191 pro
1767 4122 1909 4179 Filio

318 4212 448 4279 Dei,
489 4225 613 4273 ante
638 4214 947 4272 Constantii
993 4226 1260 4283 mortem,
1292 4230 1417 4287 quat
1446 4215 1646 4273 accidit
1676 4231 1736 4271 In
1763 4215 1905 4272 Non.

311 4308 511 4371 Octob.
556 4310 674 4365 sive
704 4308 993 4377 Novemb,
1038 4318 1100 4365 ut
1128 4310 1341 4365 malunt
1382 4309 1496 4377 alii,
1539 4310 1665 4364 anni
1710 4310 1839 4377 561,
1875 4325 1907 4367 a

313 4401 566 4458 Lucifero
589 4402 932 4475 descriptum
970 4404 1290 4476 editumque
1322 4403 1513 4470 fuisse,
1544 4414 1597 4459 et
1638 4419 1784 4458 anno
1812 4414 1909 4462 aut

311 4497 419 4553 860
448 4498 515 4553 ad
546 4499 751 4553 exitum
790 4498 910 4555 fere
942 4500 1230 4570 perducto,
1285 4500 1410 4555 licet
1438 4498 1824 4557 Tiilamontius
1850 4511 1909 4559 et

2020 3314 2105 3357 tur
2131 3305 2377 3358 evenisse
2404 3310 2527 3372 post
2556 3303 2812 3371 scriptam
2842 3301 3078 3371 priorem
3108 3296 3391 3368 epistolam
3426 3312 3439 3348 :
3464 3309 3621 3350 cum-

2014 3411 2123 3468 que
2163 3396 2216 3451 in
2249 3394 2482 3450 secunda
2514 3404 2852 3465 postremum
2895 3406 3112 3471 quoque
3143 3390 3372 3446 Luciferi
3416 3387 3614 3444 librum

2015 3504 2075 3543 se
2146 3486 2421 3559 accepisse
2493 3486 2676 3551 dicat,
2750 3484 2843 3556 qui
2898 3485 3133 3554 scriptus
3206 3482 3305 3537 fuit
3358 3496 3447 3535 an.
3513 3478 3620 3535 560

2015 3590 2270 3645 exeunte,
2313 3581 2396 3635 vel
2424 3580 2604 3651 potius
2632 3578 2791 3633 initio
2836 3593 2926 3632 an.
2957 3576 3085 3644 5M,
3140 3576 3205 3631 ad
3252 3577 3395 3629 hunc
3439 3573 3618 3643 ipsum

2015 3688 2213 3728 annum
2239 3672 2406 3728 altera
2436 3673 2551 3726 inec
2583 3671 2815 3742 epistola
2845 3668 3067 3724 omnino
3094 3656 3253 3723 debet
3293 3666 3508 3721 referri.
3538 3665 3616 3721 De

2013 3765 2242 3835 epistola
2267 3774 2499 3834 utraque
2530 3763 2645 3818 haec
2668 3761 2934 3817 Baronius
2956 3762 3022 3814 ad
3050 3776 3137 3813 an.
3171 3758 3299 3824 556,
3331 3760 3483 3811 num.
3519 3756 3611 3810 7B.

2014 3856 2067 3911 Η
2072 3860 2116 3912 is
2141 3842 2331 3926 primis
2359 3856 2583 3926 acceptis
2605 3855 2813 3919 litteris,
2836 3852 3102 3922 exentplar
3123 3852 3353 3905 omnium
3374 3848 3617 3917 scriptio-

2014 3966 2159 4015 num,
2191 3965 2319 4021 quae
2363 3949 2431 4003 ad
2476 3947 2839 4003 Constantium
2869 3944 3103 4009 dederat,
3156 3942 3371 3997 libenter
3400 3938 3618 3997 Lucifer

2010 4042 2299 4113 impcriitus
2344 4051 2421 4097 est
2452 4038 2752 4098 Athanasio
2780 4055 2793 4092 :
2818 4053 2944 4109 quas
2984 4052 3101 4090 cum
3143 4033 3459 4095 Athanasius
3500 4048 3616 4085 nia-

2010 4152 2113 4207 gna
2138 4136 2299 4189 animi
2348 4135 2693 4191 admiratione
2727 4145 2880 4203 atque
2908 4131 3087 4185 latitia
3117 4129 3420 4198 perlegisset
3442 4169 3456 4193 ,
3481 4127 3615 4181 alias

2010 4231 2080 4282 ad
2106 4228 2343 4289 eumdem
2372 4228 2568 4282 litteras
2607 4226 2748 4280 misit
2773 4266 2787 4291 ,
2815 4223 3001 4294 quibus
3028 4232 3076 4279 et
3101 4238 3206 4293 quo
3231 4231 3367 4275 statu
3396 4236 3477 4275 res
3506 4233 3616 4284 suc

2009 4330 2199 4388 essent,
2216 4319 2443 4375 reddidit
2468 4320 2757 4383 certiorem,
2774 4332 2952 4388 nempe
2968 4316 3030 4370 de
3042 4316 3365 4386 grassatiane
3395 4316 3532 4383 facta
3556 4312 3613 4365 in

2008 4422 2213 4468 sanctas
2233 4413 2513 4469 monachos
2533 4413 2587 4464 in
2615 4410 2794 4463 odium
2815 4408 3086 4464 Athanasii
3114 4448 3127 4472 ,
3148 4408 3299 4475 quasi
3326 4407 3497 4477 ipsum
3528 4419 3612 4457 re-

2009 4507 2259 4578 cepissent
2288 4513 2338 4558 ct
2360 4502 2706 4557 occultassent
2730 4517 2748 4566 ;
2774 4500 2939 4570 deque
2976 4502 3103 4571 fuga
3148 4500 3333 4552 iterum
3383 4497 3449 4559 ab
3496 4496 3612 4557 ipso

284 4576 754 4646 ‘blontfaueonius
783 4606 986 4649 annum
1020 4592 1269 4651 absoluto
1306 4592 1414 4648 800
1455 4592 1764 4665 assignant,
1811 4603 1906 4650 aut
1932 4587 1986 4649 1)
2010 4576 2236 4670 captata,
2266 4607 2315 4651 et
2354 4596 2409 4650 in
2447 4592 2817 4657 aecultioribus
2853 4591 3063 4646 latebris
3102 4591 3322 4661 qumito
3370 4588 3614 4660 perfugio

310 4683 445 4754 ipsis
472 4685 598 4739 anni
626 4684 727 4740 861
749 4684 1014 4754 axordiis,
1040 4684 1186 4756 quod
1213 4687 1393 4747 multo
1413 4686 1754 4759 probabilius
1780 4702 1906 4745 cum

308 4774 605 4832 Gaiiandio
636 4786 813 4847 potest
837 4776 1124 4837 affirmari.

383 4868 515 4924 Hae
551 4870 762 4941 quidem
787 4880 931 4937 sunt,
954 4872 1308 4943 prosequitur
1329 4872 1603 4928 Baronius
1631 4888 1785 4929 sum.
1816 4873 1907 4940 78,

306 4972 356 5021 et
384 4964 494 5019 alia
516 4964 671 5037 plura
689 4964 771 5021 his
798 4965 1013 5033 similia,
1034 4983 1150 5037 qua
1170 4965 1385 5039 Lucifer
1414 4967 1725 5040 Apostolica
1756 4966 1911 5024 Sedis

310 5059 535 5129 Legatus
563 5060 850 5131 apostolica
880 5072 1084 5131 pectore
1122 5062 1176 5116 in
1203 5060 1565 5119 Constantium
1610 5064 1675 5119 ab
1720 5064 1904 5125 cnsilio

306 5154 410 5213 tela
428 5154 670 5225 canjeclt.
692 5152 809 5210 Istc
822 5164 996 5209 autem
1022 5169 1141 5210 cum
1160 5154 1361 5227 perlate
1381 5166 1545 5211 essent
1569 5157 1639 5212 ad
1665 5159 1902 5213 Athana-

307 5249 443 5303 sium
475 5250 530 5302 in
556 5265 728 5304 eremo
766 5250 1076 5313 latitantem,
1122 5250 1359 5307 nonnihil
1406 5253 1615 5322 gauisus
1642 5263 1743 5316 est,
1785 5254 1905 5310 utit-

308 5352 525 5413 tensquc
568 5342 639 5395 ed
687 5341 985 5414 Luciferum
1034 5342 1312 5398 diaconum
1360 5360 1511 5403 suum
1564 5343 1905 5416 Eutychetcm

309 5436 515 5491 litteras
559 5434 723 5504 dedit,
770 5449 911 5506 quas
959 5434 1047 5491 hic
1078 5434 1256 5492 editas
1300 5437 1469 5493 Ιιώοί
1514 5446 1637 5507 post
1668 5438 1906 5495 Luciferi

307 5529 497 5586 libros.
535 5528 974 5587 Montfauooniua
990 5546 1084 5591 eas
1103 5531 1248 5587 inter
1274 5530 1560 5588 Athanasii
1589 5545 1757 5602 opera
1780 5532 1906 5589 sul-

307 5624 475 5691 gavit,
506 5623 759 5677 incertum
798 5639 907 5679 csse
950 5624 1219 5691 scribens,
1252 5641 1321 5678 an
1362 5624 1547 5679 Latine
1584 5626 1812 5695 τηεμ..
1854 5636 1906 5682 et

306 5726 485 5789 postea
506 5715 569 5769 ab
592 5716 767 5787 aliqua
786 5717 838 5771 in
869 5714 1112 5772 Grtccum
1133 5717 1397 5773 translata:
1408 5717 1539 5784 ;sed
1567 5718 1777 5773 nullum
1804 5718 1903 5774 ha-

308 5821 431 5866 rum
450 5818 702 5880 superest
718 5807 967 5869 Graecum
1006 5809 1306 5884 exemplar,
1334 5820 1389 5870 et
1408 5812 1654 5871 secunda
1674 5814 1907 5890 epistola

2012 4691 2137 4765 (An.
2160 4693 2285 4753 circ.
2312 4689 2465 4761 tisi).
2498 4687 2766 4747 Antonius
2793 4685 2945 4741 Felix
2975 4685 3283 4741 Matthasius
3329 4685 3385 4741 in
3420 4683 3612 4740 Serdi-

2011 4789 2099 4842 nia
2145 4786 2311 4842 Sacra
2365 4799 2485 4855 pag.
2513 4783 2584 4840 τε
2638 4781 2857 4839 videtur
2895 4782 2948 4835 in
2997 4781 3097 4837 hae
3139 4794 3263 4837 esse
3310 4780 3612 4849 sententia,

2006 4879 2153 4951 quod
2185 4878 2407 4934 Littera:
2451 4876 2734 4935 Athanasii
2762 4876 2828 4929 ad
2869 4874 3182 4931 Luciferum
3232 4875 3452 4945 scripta
3498 4875 3614 4929 luc-

2008 4974 2120 5030 rint
2161 4974 2348 5031 statim
2399 4980 2523 5041 post
2552 4970 2730 5026 editos
2760 4970 2830 5033 ab
2869 4970 2986 5039 ipso
3018 4968 3269 5025 Lucifero
3300 4969 3468 5024 libros
3508 4980 3610 5037 pro

2012 5065 2339 5130 Athanasio,
2369 5079 2575 5134 eosque
2622 5063 2861 5118 affirmat
2886 5062 3249 5127 Gcrnmnicim
3270 5061 3607 5132 compositos

2012 5159 2177 5215 fuisse
2207 5176 2221 5213 :
2245 5157 2588 5213 Germanicus
2620 5158 2844 5217 existens
2888 5157 3020 5212 duos
3047 5174 3141 5229 pro
3169 5155 3451 5209 Athanasio
3479 5155 3610 5207 seri-

2014 5254 2113 5323 psit
2180 5252 2378 5316 libras,
2430 5266 2613 5321 easque
2664 5248 2851 5304 obtulit
2902 5248 3214 5318 Imperatori
3260 5244 3604 5313 Constantia,

2012 5358 2161 5414 quem
2189 5344 2241 5397 in
2266 5342 2448 5396 iisdem
2470 5343 2735 5397 acerrimis
2761 5340 2926 5395 verbis
2946 5338 3294 5419 reprehendit.
3329 5335 3396 5389 Id
3429 5347 3480 5390 ut
3517 5338 3604 5391 in-

2008 5436 2207 5493 tellexit
2242 5438 2353 5507 ipse
2378 5436 2726 5498 Athanasius,
2752 5434 2997 5502 Lucifero
3025 5433 3224 5486 litteras
3264 5432 3406 5485 dedit
3432 5433 3603 5503 pluri-

2009 5529 2101 5584 bus
2129 5545 2340 5600 rogans,
2368 5536 2425 5581 ut
2452 5526 2747 5580 earumdem
2774 5524 3039 5592 exemplar
3066 5525 3413 5585 transmittere
3435 5526 3604 5581 acllet.

2010 5626 2213 5687 larem
2241 5626 2400 5700 gessit
2449 5622 2682 5693 Lucifer,
2711 5629 2865 5691 atque
2893 5621 2990 5674 hoc
3015 5630 3167 5693 pacto
3192 5620 3282 5695 ad
3322 5621 3606 5678 amicitiam

2010 5722 2238 5794 peruenit
2289 5720 2581 5781 Athanasii.
2609 5716 2717 5776 Sed
2767 5725 3022 5773 neutrum
3056 5733 3245 5775 eorum
3277 5732 3400 5775 esse
3457 5718 3616 5778 facile

2024 5824 2330 5879 constatex
2352 5817 2422 5874 iis
2454 5830 2576 5892 quae
2604 5813 2759 5875 diota
2788 5822 2914 5873 sunt
2941 5829 2955 5881 ;
2986 5815 3290 5895 pmsertim
3328 5828 3450 5880 cum
3484 5812 3647 5881 Luci-
