4148 6186
546 248 656 306 735
1553 240 1856 299 LUCIFER
1896 239 2276 300 EPISCOPUS
2311 239 2821 300 CALARITANUS.
3756 243 3867 302 756

550 364 634 421 fer
662 376 771 419 non
802 359 941 418 duos
972 358 1148 417 solum
1177 374 1278 432 pro
1304 358 1604 416 Athanasio
1633 359 1834 426 libros,
1858 358 1989 426 sed,
2022 372 2160 430 quos
2186 370 2241 431 Α
2265 360 2407 417 viter
2474 374 2641 431 porro
2712 357 2940 415 ferenda
3005 368 3093 415 est
3147 360 3531 418 Athanasiana:
3593 363 3869 419 versionis

550 457 878 526 scripserat,
904 469 1094 511 omnes
1124 454 1189 510 atl
1216 438 1390 525 ipsum
1418 454 1662 519 miserit;
1691 455 1835 525 iique
1863 468 2055 510 omnes
2096 456 2151 509 in
2250 454 2487 525 jactura,
2516 467 2620 523 qua
2653 453 2858 508 misere
2882 450 3167 523 deperdita
3194 494 3209 519 ,
3240 463 3334 508 aut
3379 453 3558 509 adhuc
3605 455 3656 509 in
3706 466 3868 512 tencc

551 548 799 605 Graecum
848 561 1156 604 sermonem
1204 546 1461 603 conversi
1508 547 1726 603 fuerint.
1756 545 1868 627 Nec
1914 546 1984 602 de
2022 546 2154 603 Atn-
2257 547 2370 603 bris
2399 546 3413 617 fortasselatitante,promptissimum
3444 546 3512 602 ad
3536 547 3865 619 corrigenda

551 640 721 697 brosii
762 638 996 696 Machini
1049 638 1459 711 Archiepiscopi
1500 638 1794 695 Calaritani
1845 639 2155 695 testimonio
2256 640 2494 697 Luciferi
2525 654 2696 711 opera
2727 639 3025 695 subsidium
3063 639 3222 695 nobis
3260 640 3538 696 sublatum
3585 655 3707 697 esse
3740 640 3866 712 jure

524 772 525 775 η
551 746 740 788 sumus
770 730 1023 799 solliciti;
1053 732 1099 787 is
1128 734 1271 788 enim
1294 734 1347 787 in
1381 731 1595 805 Defens.
1629 732 1854 788 Sanctit.
1879 731 1943 786 Β.
1975 731 2151 803 Lucif.
2258 733 2530 789 dolemus.

555 840 678 898 cap.
715 826 771 892 7,
797 824 851 891 8,
882 824 939 892 9,
976 824 1043 880 10
1095 836 1150 881 ct
1198 825 1287 893 l2,
1341 826 1428 882 ubi
1471 825 1542 882 de
1596 825 1750 881 libris
1802 824 2158 881 Luciferianis
2332 826 2452 881 Alia
2478 826 2726 896 quaedam
2755 823 2974 893 scripsit
3000 822 3217 880 Lucifer
3244 865 3259 889 ,
3291 840 3413 896 qua:
3446 834 3721 881 vetustate
3749 825 3867 896 ipsa

555 934 740 977 sermo
792 928 897 985 est,
955 918 1247 975 Baronium
1292 921 1554 976 exscribit
1584 962 1598 987 ,
1652 920 1769 992 ejus
1830 920 2156 976 sententiam
2262 919 2548 989 absumpta
2579 928 2725 974 sunt.
2780 918 2989 975 Iudicat
3016 918 3424 989 Papebrochins
3454 922 3505 975 in
3536 934 3662 990 cap.
3696 920 3723 974 1
3754 919 3871 989 epi—

559 1021 832 1078 sectatus;
865 1026 1055 1066 verum
1108 1022 1163 1067 et
1208 1012 1276 1067 ab
1320 1013 1414 1067 illo
1456 1021 1511 1067 et
1562 1026 1593 1066 a
1650 1011 1807 1067 nobis
1862 1011 2157 1076 dissentit,
2261 1015 2456 1070 stolam
2488 1030 2517 1069 a
2551 1012 2799 1070 Lucifero
2829 1014 3048 1069 missam
3080 1014 3148 1069 ad
3180 1014 3515 1081 Catholicos,
3552 1015 3646 1086 qui
3678 1015 3731 1069 in
3764 1013 3873 1069 Ec-

561 1118 684 1159 cum
739 1105 817 1160 ait
870 1119 989 1175 cap.
1024 1102 1111 1171 12,
1175 1104 1373 1159 lihrum
1406 1104 1469 1159 de
1509 1120 1611 1158 non
1657 1104 2005 1159 convenientia
2045 1119 2161 1157 cum
2264 1108 2488 1164 clesiam
2548 1107 2840 1163 Mediolani
2896 1116 3302 1172 convenerant,
3356 1106 3424 1162 de
3485 1122 3589 1177 qua
3649 1108 3702 1161 in
3744 1106 3873 1163 Vita

562 1203 743 1257 heret.
803 1200 1069 1273 scriptum
1114 1200 1284 1256 fuisse
1334 1201 1461 1255 circ.
1510 1217 1600 1255 an.
1656 1198 1716 1255 C.
1757 1198 1904 1266 560;
1962 1200 2162 1270 quippe
2265 1201 2324 1257 S.
2358 1201 2600 1273 Dionysii
2644 1200 2898 1271 Episcopi
2932 1200 3394 1258 Mediolanensis:
3432 1199 3595 1255 Missa
3626 1198 3875 1272 Epistola

562 1305 675 1351 tum
716 1295 898 1350 Ariani
947 1311 1149 1349 summa
1218 1310 1391 1349 rerum
1422 1295 1708 1363 potirentur
1734 1335 1749 1360 ,
1795 1303 1850 1348 et
1896 1290 2163 1347 Catholici
2268 1304 2339 1350 est
2370 1312 2401 1348 a
2428 1294 2673 1366 Lucifero
2703 1294 2975 1351 Catholica
3018 1294 3314 1365 Episcopo,
3361 1304 3417 1349 et
3446 1294 3873 1350 Mediolanensis

562 1389 657 1444 sub
706 1388 913 1443 nomine
970 1390 1112 1459 pacis
1163 1388 1477 1441 Arianorum
1529 1388 1789 1441 consortio
1828 1390 1936 1457 fere
1990 1402 2166 1441 omnes
2266 1387 2757 1445 ConciliiPraeside
2788 1388 3064 1459 pontificio
3092 1390 3409 1451 nomine,“
3437 1387 3669 1452 Palatio,
3689 1386 3775 1441 ubi
3798 1399 3874 1441 te-

562 1482 957 1555 polluerentur;
986 1481 1131 1553 quod
1173 1481 1393 1537 Lucifer
1421 1482 1656 1537 maxime
1685 1481 1828 1537 dolet
1864 1482 1917 1536 in
1962 1481 2067 1536 hoc
2103 1480 2167 1534 li-
2269 1482 2483 1536 nebatur
2505 1498 2537 1534 a
2558 1480 2717 1553 Rege,
2736 1480 3086 1552 Dionysioque
3106 1490 3151 1534 et
3182 1479 3405 1535 Eusebio
3430 1490 3691 1551 porrecta,
3716 1495 3875 1548 quam

536 1624 541 1627 .
567 1578 700 1644 bro;
731 1576 967 1633 Luciferi
995 1586 1174 1633 tamen
1203 1591 1401 1633 sensus
1426 1576 1601 1631 multo
1618 1576 1958 1632 commodius
1985 1575 2051 1629 ad
2073 1590 2169 1645 ge-
2270 1574 2412 1643 plebs
2436 1582 2490 1627 ut
2513 1573 2611 1627 sibi
2635 1574 2887 1645 legeretur
2914 1574 3175 1645 postulare
3194 1573 3367 1643 cepit.
3400 1573 3468 1627 Et
3495 1587 3616 1642 cap.
3635 1572 3670 1627 4
3693 1571 3877 1626 innuit

564 1680 649 1727 sta
680 1670 1103 1727 Mediolanensis
1128 1669 1362 1727 Concilii
1405 1669 1599 1726 referri
1650 1679 1910 1740 possunt,
1942 1669 2022 1723 uti
2054 1683 2169 1723 tno-
2272 1663 2654 1735 Professionem
2686 1663 2840 1719 Fidei
2865 1680 2894 1717 a
2926 1664 3175 1720 Lucifero
3205 1666 3406 1719 editam
3437 1680 3544 1720 una
3566 1678 3689 1719 cum
3716 1663 3878 1718 libris

568 1763 790 1819 nuimus
820 1780 834 1818 :
862 1770 918 1819 et
961 1764 1089 1835 quid
1138 1765 1280 1835 pacis
1300 1806 1315 1831 ,
1340 1764 1468 1835 quid
1499 1764 1656 1818 edicti
1704 1763 1923 1819 nomine
1968 1761 2167 1818 ibidem
2198 1769 2247 1829 Β
2274 1774 2371 1830 pro
2392 1758 2449 1815 S.
2475 1756 3880 1828 Athanasio,etConStanliodelatam;quodabsque

568 1855 859 1926 intelligat,
893 1858 1029 1911 satis
1054 1865 1110 1911 et
1157 1859 1208 1912 in
1239 1856 1363 1913 Vita
1391 1856 1629 1914 Luciferi
1655 1897 1670 1923 ,
1702 1864 1761 1913 et
1788 1858 1840 1911 in
1870 1855 2169 1912 notationi-
2273 1854 2385 1909 ullo
2426 1863 2649 1909 auctore
2682 1850 2916 1907 affirmat
2938 1895 2953 1920 ,
2989 1867 3091 1908 nec
3119 1868 3196 1907 ex.
3216 1850 3457 1907 Luciferi
3490 1850 3645 1906 libris
3674 1859 3731 1906 et
3760 1851 3880 1920 epi-

569 1949 672 2007 bus
702 1953 909 2007 nostris
937 1952 1315 2009 disseruimus.
1351 1952 1494 2007 Idem
1542 1951 1825 2007 Machinus
1865 1962 2172 2021 postremos
2272 1947 2409 2004 stola
2441 1946 2506 2003 ad
2538 1946 2873 2002 Florentium
2922 1946 3215 2017 quidquam
3266 1944 3729 2015 deprehendimus
3776 1957 3880 2013 pro

544 2043 807 2098 .collncat
828 2044 969 2098 inter
999 2042 1235 2099 Luciferi
1261 2059 1426 2115 Opera
1452 2044 1689 2111 librum,
1717 2045 1803 2099 cui
1835 2046 2023 2099 titulus
2054 2043 2173 2098 Μο-

570 2136 813 2189 riendum
866 2151 976 2190 esse
1001 2152 1095 2207 pro
1119 2135 1261 2191 Filio
1304 2134 1435 2200 Dei,
1466 2147 1523 2192 et
1549 2136 1785 2193 alterum
1814 2137 1879 2191 de
1907 2153 2009 2191 non
2053 2153 2175 2208 par-

567 2227 731 2282 cendo
756 2228 810 2282 in
840 2228 1005 2282 Deum
1035 2227 1481 2298 delinquentibus;
1511 2227 1653 2283 hunc
1686 2227 1763 2282 illi
1793 2227 1988 2283 ordine
2029 2237 2175 2297 post-

574 2321 748 2391 ponit,
793 2319 937 2389 quod
985 2319 1179 2374 falsum
1208 2330 1323 2385 est;
1374 2330 1666 2391 utrumque
1719 2337 1808 2375 an.
1858 2320 1966 2377 560
2005 2320 2177 2390 affigit

533 2471 536 2475 ,
571 2424 698 2482 cap.
732 2411 800 2466 10
828 2420 884 2467 et
916 2410 1017 2477 12,
1053 2411 1199 2482 quod
1245 2428 1434 2469 verum
1480 2412 1704 2468 omnino
1751 2423 1835 2468 est
1878 2414 1946 2468 de
1976 2414 2170 2481 altero,

573 2504 801 2575 pr0pius
834 2518 968 2560 vero
996 2504 1065 2561 de
1091 2505 1288 2575 primo.
1312 2505 1508 2574 Quanti
1538 2521 1704 2577 porro
1734 2504 1968 2561 Luciferi
2006 2506 2178 2562 libros

573 2600 768 2657 fecerit
807 2601 1157 2667 Athanasius,
1213 2617 1281 2656 ex
1329 2600 1520 2657 eadem
1562 2602 1799 2671 epistola
1835 2612 2176 2671 compertum

573 2701 680 2759 cst,
707 2694 797 2763 qui
831 2702 1091 2763 praeterea
1120 2694 1172 2749 in
1196 2693 1447 2750 Grarcum
1480 2709 1791 2750 sermonem
1813 2694 1936 2749 illos
1952 2709 2180 2751 conver-

577 2785 659 2853 tit,
693 2802 799 2855 quo
830 2786 1203 2843 Orientalibus
1230 2787 1484 2844 omnibus
1518 2798 1713 2843 essent
1754 2788 2177 2851 communiores,

573 2879 652 2933 uti
682 2887 949 2935 testantur
971 2880 1317 2936 Marcellinus
1344 2893 1396 2937 et
1424 2880 1713 2936 Faustinus
1741 2882 1794 2936 in
1828 2881 1920 2935 lib.
1951 2881 2178 2936 Prccum

545 3009 548 3015 η
575 2972 644 3026 ad
676 2972 1061 3041 Imperatores,
1093 2989 1326 3043 quorum
1353 2974 1422 3029 de
1451 2973 1687 3029 Luciferi
1730 2974 1884 3029 libris
1930 2974 2180 3028 testimo-

578 3069 726 3121 niutn
776 3065 864 3121 hic
900 3068 1053 3133 juvat
1099 3067 1370 3138 integrum
1414 3068 1727 3124 exscribere
1760 3085 1773 3122 :
1804 3066 1994 3122 Dicant
2022 3084 2174 3133 nunc,

2276 2040 2640 2097 Pabebrochii
2668 2039 2945 2111 opinione,
2968 2055 3093 2095 cum
3119 2038 3332 2095 Lucifer
3367 2038 3417 2093 id
3466 2038 3712 2108 profecto
3750 2053 3879 2099 non

2274 2136 2536 2199 siluisset,
2582 2149 2757 2205 neque
2784 2148 2923 2204 Opus
2951 2133 3130 2189 eidem
3154 2134 3343 2189 fuisset
3368 2130 3643 2187 Nicaenam
3688 2130 3886 2187 Fidem

2278 2245 2378 2301 pro
2410 2246 2524 2286 suae
2547 2222 3058 2285 Fitleiconfessione
3076 2229 3402 2285 Constantio
3427 2228 3691 2285 exhibere
3709 2228 3883 2285 inlib.

2279 2325 2343 2379 de
2358 2342 2459 2380 non
2476 2342 2624 2393 pare.
2648 2325 2700 2378 in
2716 2324 2881 2378 Deum
2893 2323 2998 2379 del.
3016 2324 3189 2394 p.204
3214 2324 3320 2395 (hic
3336 2325 3438 2378 col.
3462 2323 3613 2395 973).
3634 2324 3826 2381 Plures
3850 2340 3889 2381 a

2278 2430 2339 2473 se
2366 2418 2576 2473 litteras
2603 2417 2835 2486 scriptas
2866 2426 3135 2471 memorat
3154 2415 3497 2485 ipselntcifer
3512 2415 3566 2471 in
3595 2416 3718 2473 eod.
3738 2417 3890 2473 libro

2282 2525 2336 2580 p.
2360 2509 2468 2564 2ιῖ
2500 2510 2606 2581 (hic
2626 2509 2729 2567 col.
2753 2508 2854 2565 981
2887 2527 2899 2563 :
2931 2506 3164 2562 Probant
3192 2509 3427 2578 epistole
3454 2524 3581 2564 mee
3606 2510 3894 2564 mediocri-

2283 2603 2421 2666 tatis,
2449 2612 2499 2656 et
2531 2602 2647 2656 libri
2673 2604 2867 2657 rustico
2893 2603 3015 2657 licet
3052 2617 3287 2657 sermone
3322 2602 3604 2673 descripti,
3637 2619 3715 2657 me
3743 2620 3894 2674 sepe

2282 2696 2496 2760 dixisse,
2527 2695 2669 2767 quod
2720 2704 2929 2765 peccata
2982 2694 3191 2763 quidem
3248 2696 3465 2766 fecerint
3518 2704 3711 2760 nostra,
3743 2706 3799 2750 ut
3829 2699 3892 2751 in

2282 2799 2397 2844 tuas
2419 2789 2721 2844 Antichristi
2740 2788 3077 2858 precnrsoris
3095 2790 3381 2843 veniremus
3400 2803 3584 2843 manus
3598 2805 3618 2855 ,'
3630 2799 3683 2843 et
3704 2788 3853 2843 Atha
3866 2819 3890 2830 -

2284 2883 2471 2937 nasius
2496 2882 2548 2935 in
2577 2882 2747 2936 altera
2770 2880 2837 2935 ad
2864 2880 3015 2934 illum
3038 2879 3273 2948 epistola
3302 2894 3362 2935 se
3388 2880 3506 2951 ejus
3528 2880 3738 2935 litteras
3757 2894 3889 2935 cum

2285 2974 2547 3029 librorum
2589 2972 2778 3028 codice
2813 2973 3006 3028 scribit
3033 2971 3334 3043 accepisse.
3368 2972 3443 3028 De
3472 2970 3707 3028 Luciferi
3744 2974 3896 3029 scri-

2286 3067 2393 3137 ptis
2424 3074 2689 3137 praetcrea
2719 3064 2875 3121 nihil.

572 3159 698 3230 quid
727 3156 942 3229 Lucifer
966 3175 1149 3213 novum
1178 3160 1433 3226 docuerit,
1465 3162 1604 3230 quod
1634 3178 1737 3214 non
1764 3177 1827 3214 ea:
1852 3158 2049 3214 Christi
2066 3177 2179 3213 ma-
2206 3166 2251 3228 C
2357 3160 2487 3231 Ejus
2514 3161 2568 3215 in
2590 3158 2878 3215 scribendo
2906 3157 3078 3230 stylus
3100 3158 3327 3213 omnino
3347 3156 3499 3213 rudis
3524 3166 3580 3212 et
3606 3172 3743 3227 pene
3765 3158 3898 3213 bar-

571 3254 779 3324 gisterio
805 3252 1053 3306 traditum
1084 3264 1179 3319 est,
1204 3254 1344 3324 quod
1381 3270 1485 3308 non
1512 3255 1575 3307 ab
1608 3254 1866 3325 Apostolis
1904 3255 2177 3323 discipulis

576 3344 868 3399 Saluatoris
897 3347 1257 3400 transmissum
1286 3356 1357 3401 est
1388 3347 1439 3399 in
1467 3355 1717 3417 posteros.
1756 3345 1821 3400 Et
1852 3345 1979 3401 bene
1997 3386 2012 3414 ,
2037 3346 2177 3417 quod

569 3436 731 3491 libros
760 3439 967 3505 scripsit
990 3440 1059 3493 ad
1082 3437 1459 3504 Constantium,
1495 3457 1595 3494 non
1624 3451 1679 3493 ut
1702 3441 1929 3510 plerique
1957 3439 2179 3511 gloriam

574 3540 797 3601 captans
818 3531 1035 3603 ingenii,
1065 3531 1155 3586 sed
1182 3532 1359 3586 divina
1390 3534 1680 3588 testimonia
1710 3533 1974 3603 aptissime
1995 3550 2180 3607 conge-

571 3638 691 3676 rens
710 3632 889 3676 contra
918 3622 1206 3691 hereticos,
1238 3634 1287 3678 et
1308 3635 1488 3681 contra
1514 3629 1683 3697 ipsum
1708 3640 1982 3698 patronum
2013 3632 2178 3684 here-

567 3717 808 3783 ticorum,
837 3719 907 3771 ad
934 3716 1159 3772 divinam
1185 3722 1566 3776 emulationem
1597 3738 1694 3785 pro
1721 3722 1849 3778 Filii
1878 3722 1979 3779 Dei
2005 3741 2181 3779 umore

542 3826 872 3867 succensus.
904 3811 1162 3868 Denotent
1190 3817 1315 3885 quid
1346 3815 1453 3869 illic
1481 3817 1798 3870 contrarium
1848 3816 2137 3885 Scriptnris
2162 3859 2177 3882 ,

538 3910 693 3978 quid
724 3926 911 3964 novum
939 3912 1088 3980 quasi
1130 3910 1403 3965 hereticus
1434 3912 1662 3980 scripsit.
1698 3911 1841 3978 Quos
1876 3910 2083 3979 quidem
2114 3911 2180 3964 li-

573 4002 713 4068 bros,
752 4019 870 4057 cum
916 4020 1010 4073 per
1053 4006 1227 4058 omnia
1268 4021 1331 4059 ea:
1369 4005 1570 4075 integro
1616 4014 1812 4075 ageret,
1859 4005 2090 4076 suspexit
2134 4014 2181 4058 et

571 4094 889 4149 Athanasius
960 4106 1017 4150 ut
1094 4100 1201 4151 ueri
1268 4099 1529 4169 vindices,
1599 4110 1750 4168 atque
1817 4100 1873 4153 in
1942 4098 2182 4153 Grecam

571 4188 768 4257 stylum
806 4190 1098 4257 transtulit,
1142 4207 1206 4245 ne
1255 4200 1453 4245 tantum
1484 4191 1605 4246 boni
1635 4190 1817 4248 Greca
1863 4193 2041 4266 lingua
2079 4209 2186 4249 non

572 4279 799 4336 haberet.
827 4279 1024 4336 Parum
1059 4293 1167 4348 est,
1197 4285 1324 4353 quin
1362 4285 1516 4339 etiam
1560 4284 1791 4355 propriis
1832 4286 2017 4340 litteris
2046 4286 2184 4342 idem

575 4373 899 4432 Athanasius
926 4376 1133 4431 eosdem
1158 4377 1318 4432 libros
1346 4379 1598 4448 predicat
1629 4390 1683 4434 ut
1722 4378 2111 4451 PrOphetarum
2138 4392 2185 4436 et

546 4468 1035 4543 lanngelistarum
1081 4482 1235 4542 atque
1283 4474 1659 4543 Apostolorum
1705 4474 1959 4530 doctrinis
2004 4485 2051 4530 et
2097 4476 2184 4547 pia

2283 3253 2448 3309 barns
2476 3254 2726 3324 cuiquam
2772 3259 2919 3322 patet
2974 3250 3174 3321 legenti
3206 3267 3222 3317 ;
3261 3250 3406 3321 quod
3446 3250 3489 3304 is
3523 3250 3666 3304 ultro
3689 3251 3900 3305 fatetur

2281 3346 2464 3402 verbis
2520 3346 2679 3416 paulo
2722 3345 2971 3414 superius
3017 3342 3236 3408 allatis;
3288 3351 3343 3398 et
3374 3345 3426 3396 in
3466 3343 3563 3397 lib.
3614 3340 3756 3397 Mor.
3791 3359 3899 3409 pro

2285 3440 2425 3496 Filio
2457 3438 2552 3493 Dei
2595 3455 2651 3510 p.
2684 3438 2789 3494 247
2825 3438 2932 3509 (hic
2960 3434 3066 3491 col.
3093 3432 3257 3506 1017)
3280 3476 3299 3500 ,
3329 3434 3478 3490 Inter
3509 3435 3639 3499 hec,
3670 3434 3898 3498 scribit,

2282 3536 2500 3589 daturos
2526 3535 2750 3605 legentes
2772 3534 2972 3587 veniam
2992 3532 3291 3602 conspicere
3322 3530 3495 3594 debes,
3532 3528 3672 3597 quod
3701 3532 3900 3597 {acuit-

2283 3630 2375 3684 dia
2403 3629 2679 3683 mediocris
2705 3628 2898 3698 ingenii
3178 3625 3468 3680 describere
3496 3639 3600 3678 non
3636 3622 3903 3689 valuerit;

2285 3733 2398 3779 tum
2429 3739 2482 3793 p.
2513 3722 2621 3777 258
2654 3721 2757 3791 (hic
2798 3720 2900 3775 col.
2931 3719 3095 3791 1018)
3128 3737 3142 3773 :
3176 3718 3292 3774 Nos
3312 3736 3451 3782 vero,
3483 3718 3669 3788 quibus
3715 3719 3783 3770 ad
3818 3718 3904 3771 lo-

2283 3817 2545 3888 quendum
2567 3823 2751 3869 natura
2771 3814 3159 3884 sufﬁcit,alt'eni
3178 3813 3241 3866 ab
3264 3813 3404 3867 omni
3430 3812 3671 3875 scientia,
3697 3820 3744 3864 et
3770 3811 3902 3863 hinc

2282 3909 2441 3963 alieni
2468 3909 2779 3971 litterarum,
2811 3905 2880 3958 ad
2911 3922 3112 3959 onmem
3144 3905 3512 3961 destruendam
3543 3904 3781 3958 heresim
3806 3921 3904 3956 ua-

2286 4004 2471 4064 lemus,
2488 4002 2612 4071 quia
2631 4016 2710 4053 res
2732 4001 2850 4069 ipsa
2873 4016 2933 4053 ac
2947 4000 3138 4054 veritas
3155 4000 3421 4069 loquitur;
3449 4012 3512 4052 ac
3530 4012 3750 4052 rursum
3774 3996 3854 4051 ib.
3883 4014 3899 4050 :

2252 4134 2255 4139 ν
2287 4098 2402 4153 Nos
2430 4114 2605 4153 sumus
2626 4106 2830 4150 tantum
2850 4111 3029 4149 sacras
3060 4096 3276 4149 scientes
3297 4094 3517 4158 litteras,
3538 4103 3711 4146 noster
3730 4107 3903 4145 sermo

2284 4202 2361 4248 est
2388 4192 2706 4257 communis;
2733 4199 2913 4244 contra
2940 4197 3101 4243 vester
3121 4188 3333 4259 politus,
3364 4195 3600 4251 ornatus,
3630 4185 3903 4253 quietiam

2287 4286 2392 4340 dici
2434 4294 2694 4339 mereatur
2721 4284 2964 4337 disertus.
2991 4280 3129 4336 Hinc
3159 4281 3213 4336 in
3244 4279 3456 4335 Libello
3485 4280 3717 4335 Precum
3743 4280 3905 4351 igna-

2284 4396 2376 4435 rus
2406 4378 2605 4434 dicitur
2646 4377 2943 4446 artiﬁciose
2970 4376 3297 4442 eloquentie.
3322 4373 3596 4429 Caeterum
3630 4372 3800 4427 Tilius
3845 4373 3901 4426 in

2290 4474 2510 4533 Praefat.
2532 4472 2600 4528 ad
2634 4471 2790 4527 Pium
2823 4470 2862 4525 V
2889 4470 3208 4526 Pontificem
3241 4485 3253 4522 :
3287 4467 3589 4522 Communis
3610 4466 3765 4531 mihi,
3794 4466 3897 4534 ait,

571 4564 891 4633 confessione
916 4575 1200 4621 contextos.
1220 4565 1286 4620 Et
1315 4568 1544 4635 quamvis
1566 4568 1806 4639 plurimis
1834 4570 1888 4622 in
1919 4585 2036 4623 eum
2064 4569 2179 4623 lau-
2207 4562 2261 4623 Ι)
2283 4581 2434 4642 atque
2459 4568 2601 4623 illius
2620 4567 2789 4622 etatis
2819 4566 3024 4622 videtur
3057 4581 3224 4620 sermo
3257 4565 3457 4633 ipsius,
3489 4563 3621 4617 adeo
3648 4562 3797 4615 rudis
3823 4574 3903 4617 est

576 4654 725 4708 dibus
762 4657 1019 4728 erigatur,
1045 4666 1215 4711 tanten
1245 4673 1347 4711 non
1375 4668 1545 4728 equat
1574 4658 1643 4712 ad
1670 4660 1844 4713 meriti
1886 4664 1998 4732 ejus
2038 4676 2176 4731 pre-

576 4747 815 4810 sonium;
841 4759 889 4802 et
916 4747 1126 4818 quidem
1162 4765 1278 4802 cum
1310 4750 1535 4819 amplius
1565 4750 1782 4806 laudare
1821 4768 1925 4807 non
1966 4763 2177 4823 posset:

546 4880 549 4883 γ
577 4840 652 4894 ita
676 4856 847 4895 rerum
875 4847 991 4916 ejus
1018 4844 1451 4911 supereminentia
1490 4847 1685 4916 quevis
1730 4846 1956 4901 laudans
2000 4848 2178 4920 lingua

548 4974 551 4977 γ
579 4947 874 5009 superatur.
902 4938 1009 4994 Sed
1038 4938 1251 5011 Lucifer
1272 4983 1287 5009 ,
1316 4942 1532 5013 ignarus
1564 4942 1682 4997 licet
1725 4945 2027 5014 artiﬁciose
2067 4945 2178 5000 elo-

576 5032 817 5098 quentie.
853 5042 1023 5088 tamen
1052 5045 1108 5090 nt
1143 5037 1442 5107 prophetico
1466 5048 1514 5092 et
1551 5040 1847 5108 evangelica
1875 5049 2027 5109 atque
2053 5056 2183 5107 apo-

546 5123 758 5178 .stolico
790 5140 931 5179 more
956 5125 1237 5192 scriberet,
1274 5129 1411 5199 quod
1456 5146 1613 5199 super
1659 5148 1858 5185 onmem
1903 5130 2182 5187 humanam

579 5216 920 5282 eloquentiam
946 5229 1041 5283 est,
1072 5219 1250 5274 habuit
1285 5221 1506 5293 gratiam
1532 5223 1697 5275 sancti
1730 5222 1962 5291 Spiritus
1985 5240 2049 5279 ea:
2071 5241 2181 5280 me-

576 5310 679 5364 rito
732 5321 886 5367 recte
932 5312 1055 5381 fidei
1097 5323 1145 5367 et
1183 5314 1545 5369 sincerissime
1594 5314 1921 5371 conscientie
1966 5316 2183 5388 (Greca

580 5404 745 5458 eersio
770 5388 1040 5459 librorum.
1051 5404 1282 5477 Luciferi
1304 5406 1345 5476 ).
1379 5405 1507 5461 Hec
1534 5405 1649 5472 illi,
1682 5406 1807 5462 alibi
1832 5408 2041 5477 quidem
2086 5412 2183 5464 mi-

581 5502 720 5555 nime
757 5501 1044 5571 probandi,
1080 5500 1360 5573 subiungit
1403 5501 1814 5571 Papebrochius
1844 5517 1969 5574 cap.
2002 5504 2039 5558 2
2069 5504 2176 5561 Vit.

584 5589 781 5656 Lucif.,
813 5593 868 5646 in
893 5608 953 5647 eo
974 5602 1143 5647 tamen
1171 5594 1225 5647 in
1245 5608 1346 5664 quo
1376 5591 1678 5663 Luciferum
1710 5595 1965 5662 laudant,
1994 5614 2188 5667 nequa-

544 5710 549 5715 -
586 5696 744 5747 quam
786 5686 1180 5751 contemnendi,
1242 5686 1369 5740 dum
1421 5686 1799 5758 suﬂ'ragantem
1850 5690 1947 5744 sibi
2000 5690 2189 5747 habent

511 5811 523 5818 .
605 5771 975 5839 Athanasium,
1032 5778 1193 5830 immo
1247 5785 1404 5832 totam
1450 5777 1644 5835 Christi
1702 5780 2005 5839 Ecclesium.
2053 5779 2188 5838 Gra—

2284 4672 2336 4719 et
2373 4666 2695 4734 incomptus,
2720 4676 2872 4731 quem
2898 4662 3110 4731 ipsemet
3138 4661 3295 4715 etiam
3338 4658 3597 4713 rusticum
3624 4668 3809 4722 vocat;
3849 4667 3903 4711 at

2284 4759 2371 4828 qui
2424 4757 2699 4826 diligenter
2740 4755 3091 4825 perpenderit,
3131 4771 3246 4809 eum
3284 4769 3488 4823 gravent
3536 4763 3583 4807 et
3632 4754 3902 4808 sententiis

2284 4852 2551 4921 refertum,
2577 4850 2775 4920 virique
2803 4849 3010 4921 ingenio
3036 4850 3253 4904 valentis
3281 4848 3503 4902 inueniet
3524 4856 3611 4901 :et
3638 4847 3693 4901 la
3721 4845 3897 4901 Cerda

2285 4959 2406 5016 cap.
2440 4945 2531 5011 5'7,
2558 4942 2870 4999 Luciferum
2896 4952 3148 5009 excusat,
3177 4944 3383 5014 quippe
3428 4941 3714 5012 religionis
3743 4941 3898 4997 abre-

2286 5046 2409 5108 ptus
2464 5036 2685 5100 ardore,
2740 5046 2795 5091 et
2848 5036 2991 5091 inter
3046 5035 3267 5091 Graecos
3325 5049 3717 5099 commorans,
3774 5048 3893 5089 cum

2285 5150 2415 5191 suos
2467 5132 2733 5188 scriberet
2776 5130 2969 5197 libros,
3002 5129 3119 5186 fere
3176 5130 3385 5185 invitus
3431 5129 3601 5184 multa
3669 5142 3893 5199 expres-

2284 5227 2419 5283 serit
2462 5225 2751 5296 negligenti
2801 5226 3031 5287 calamo,
3077 5232 3134 5279 et
3172 5223 3418 5279 Graecam
3465 5222 3769 5279 dictionem
3814 5236 3895 5277 se-

2285 5331 2443 5380 cutus
2468 5321 2651 5388 fuerit,
2678 5329 2739 5376 ut
2765 5321 2820 5377 in
2844 5319 2987 5375 notis
3006 5318 3206 5374 alicubi
3226 5334 3351 5374 cum
3375 5317 3519 5373 Tilio
3538 5319 3848 5373 monuimus
3875 5332 3891 5368 :

2252 5454 2257 5459 ο
2299 5417 2513 5473 Videtur
2551 5418 2605 5471 in
2659 5416 2833 5470 multis
2885 5414 3193 5469 latinitatem
3232 5413 3547 5486 neglexisse,
3598 5422 3647 5467 et
3699 5419 3896 5468 secutus

2291 5510 2503 5567 Grecos
2545 5510 2675 5566 adeo
2702 5510 2812 5565 zelo
2865 5506 3118 5575 eﬂ'erbuit,
3168 5515 3225 5561 ut
3251 5507 3415 5561 multa
3456 5506 3596 5561 velut
3640 5503 3705 5558 ab
3743 5504 3896 5558 invito

2293 5604 2614 5674 effluxerint.
