4148 6186
569 224 679 281 745

1589 222 1894 282 LUCIFER
1940 218 2316 281 EPISCOPUS
2353 220 2863 282 CALARITANUS.

3768 228 3877 286 7“

567 338 782 403 avulso,
813 336 1215 393 Catholicorum
1238 334 1462 393 Patrum
1493 336 1549 392 in
1588 333 1807 392 Nieaena
1854 334 1989 393 Fide
2037 351 2167 392 con-
2193 340 2244 400 Α
2272 341 2453 390 tamen
2481 334 2664 391 brevis
2700 334 2780 391 illi
2808 347 2998 401 mora:
3028 348 3095 391 ex
3142 347 3253 407 quo
3305 336 3507 393 factum
3564 335 3761 408 credo,
3817 348 3879 393 ut

567 430 824 486 stantiam
872 444 932 485 se
962 428 1328 485 labefacturos
1373 436 1681 501 sperarent.
1723 428 1793 484 At
1838 430 2055 485 clausus
2102 429 2169 485 li-

564 530 653 579 cet
692 520 1035 577 Calaritanus
1076 520 1367 588 Antistes,“
1390 520 1578 577 animo
1607 530 1789 577 tamen
1838 520 1996 587 liber,
2050 536 2166 577 mo-

565 614 696 671 dum
748 615 999 685 viamque
1052 614 1259 672 invenit
1298 616 1575 675 scribendi
1622 618 1983 691 mittendique
2050 620 2167 691 epi-

563 710 758 767 stolam
795 710 861 766 ad
893 708 1264 783 Coepiscopos
1322 712 1377 768 in
1434 712 1682 769 Ecclesia
1730 713 2013 782 collectos,
2044 728 2165 786 qua:

564 800 801 859 Eusebio
831 819 894 859 ac
920 803 1177 875 Dionysio
1206 803 1453 861 exhibita
1509 821 1577 861 ne
1628 806 1830 877 populo
1885 806 2164 877 legeretur

557 894 747 951 Ariani
781 896 1117 951 tumultuose
1144 895 1511 953 obstiterunt:
1537 897 1633 953 sed
1662 898 1747 953 bis
1776 913 1808 954 e
1840 898 2043 968 templo
2067 914 2163 970 per

560 988 670 1043 vim
701 988 895 1059 ejectis
917 988 1145 1059 epistola
1176 988 1409 1046 Luciferi
1443 989 1615 1047 libere
1661 1005 1817 1047 sacro
1862 990 2027 1047 εειηυί
2059 992 2161 1048 sub

468 1098 471 1103 '
558 1091 776 1139 noctem
804 1082 941 1139 lecta
969 1090 1055 1138 est
1084 1092 1130 1149 ει,
1163 1097 1323 1154 quam
1355 1082 1631 1139 interiisse
1656 1082 1952 1140 dolendum
1985 1084 2159 1139 maxi-

558 1192 681 1242 me;
715 1176 818 1232 nisi
848 1178 984 1233 forte
1011 1177 1062 1231 in
1098 1175 1428 1233 Vercellcnsi
1459 1186 1555 1233 aut
1583 1177 1973 1234 Mediolanensi
1999 1178 2158 1234 tabu-

558 1268 696 1324 lario
718 1271 983 1326 scrutanti
1013 1268 1177 1325 alicui
1199 1284 1326 1341 spes
1355 1271 1427 1325 sit
1457 1284 1616 1341 posse
1638 1270 1932 1341 aliquando
1961 1272 2016 1327 in
2059 1285 2158 1341 pu-

555 1362 752 1419 hlicam
811 1364 983 1419 lucem
1034 1362 1241 1418 efferri.
1292 1361 1515 1434 Aliquot
1570 1360 1762 1418 diebus
1823 1363 1879 1418 in
1944 1361 2157 1418 Palatio

553 1467 795 1515 retentus
818 1457 1039 1515 Lucifer
1061 1457 1282 1514 tandem
1303 1458 1417 1515 suis
1444 1457 1690 1515 redditus
1734 1467 1856 1524 est;
1888 1458 1987 1516 sed
2024 1459 2152 1516 dein

550 1552 880 1607 Arianorum
932 1550 1325 1621 Episcoporum
1377 1550 1604 1622 perfidia
1636 1566 1759 1607 cum
1807 1552 2045 1609 Eusebio
2098 1562 2155 1609 et

550 1644 828 1702 Florentio
859 1644 925 1701 ad
971 1644 1348 1701 Constantium
1384 1645 1614 1715 rapitur.
1650 1645 1921 1702 Eusebius
1968 1657 2151 1704 tamen

2271 426 2416 481 nulla
2448 438 2625 484 exstet
2651 429 2720 485 de
2745 428 2923 510 primo
2949 428 3054 486 hoc
3083 430 3279 487 exsilio
3303 429 3439 486 satis
3476 431 3624 488 clara
3649 472 3665 500 ,
3696 441 3877 488 certa-

2268 536 2374 592 que
2394 522 2678 579 memoria.
2698 523 3017 579 Translatus
3033 522 3162 580 inde
3188 523 3408 581 Lucifer
3423 523 3825 582 Gcrmaniciam
3845 524 3873 563 ιι

2270 612 2415 671 hanc
2460 614 2641 672 exsilii
2703 615 2933 673 alteram
2988 616 3497 689 diuturnioremque
3540 617 3729 674 sedem
3776 619 3875 673 ha-

2264 707 2403 775 buit,
2445 719 2504 765 ut
2543 710 2774 781 ipsemet
2812 712 2868 767 in
2908 712 3084 783 primo
3114 727 3215 784 pro
3253 712 3313 769 S.
3344 712 3550 771 Athan.
3582 713 3679 770 lib.
3708 728 3765 786 p.
3800 714 3872 771 65

2267 800 2285 871 (
2292 802 2373 856 hic
2394 801 2498 857 col.
2512 803 2643 874 830)
2666 813 2856 875 aperte
2886 813 3136 874 testatur,
3160 805 3343 877 ibique
3362 805 3596 863 Eudoxii
3623 806 3874 863 meminit

2265 892 2793 952 Germaniciensium
2827 896 3349 970 pseudo-episcopi,
3377 915 3540 971 quem
3588 901 3874 971 antiphra-

2263 984 2399 1042 stice
2428 986 2696 1043 Adoxium
2728 995 2892 1044 vocat
2918 986 2962 1058 ί,
2987 1004 3223 1059 eumque
3256 1000 3444 1061 utpote
3471 990 3691 1048 Arianae
3719 992 3872 1050 faecis

2263 1077 2540 1136 hominem
2572 1081 2947 1139 adversarium
2994 1084 3421 1141 infensissimum
3476 1102 3694 1160 passum
3743 1104 3871 1146 esse

2261 1173 2394 1229 satis
2432 1174 2656 1231 indicat.
2681 1174 2839 1232 Hunc
2862 1176 3045 1232 exsilii
3067 1176 3246 1234 locum
3297 1178 3458 1235 tertio
3498 1190 3871 1240 commutasse

2259 1266 2569 1324 Luciferum
2599 1279 2790 1325 auctor
2813 1280 2898 1326 est
2921 1271 3284 1343 Hieronymus
3313 1272 3429 1338 l,et
3444 1273 3498 1330 in
3521 1273 3866 1332 Palaestinam

2257 1358 2627 1430 deportatum,
2652 1362 2959 1420 Salutarem
2990 1366 3220 1433 scilicet,
3245 1366 3298 1422 in
3330 1382 3435 1438 qua
3467 1368 3869 1443 Eleutheropo-

2256 1451 2323 1507 lis
2347 1493 2364 1521 ,
2414 1452 2503 1509 ubi
2541 1453 2869 1527 Episcopum
2914 1458 3109 1529 agebat
3146 1458 3446 1531 Eutychius
3485 1463 3722 1519 Arianus
3758 1462 3865 1520 Ca-

2258 1544 2475 1603 tholicis
2504 1547 2933 1615 infensissimus,
2966 1567 2993 1605 a
3018 1567 3127 1623 quo
3151 1552 3403 1622 Lucifer,
3434 1564 3491 1610 et
3536 1570 3565 1609 a
3611 1556 3864 1617 Turbone

2258 1636 2284 1675 ¹ί
2309 1638 2555 1709 ejusdem
2587 1640 2811 1698 furluris
2842 1643 3095 1717 Eutychii
3132 1660 3450 1704 successore
3477 1650 3619 1707 male
3644 1651 3863 1710 habitus

549 1752 613 1794 ac
640 1737 950 1794 Florentius
978 1740 1161 1793 statim
1205 1736 1419 1792 dimissi
1457 1738 1526 1792 ad
1569 1737 1865 1793 Ecclesiam
1909 1737 2146 1806 rediere,
2180 1735 2227 1797 Β
2257 1742 2364 1800 est,
2393 1744 2581 1806 utpote
2608 1736 2701 1808 qui
2732 1748 2786 1794 et
2806 1738 3071 1795 catholica
3093 1740 3345 1812 dogmata
3369 1751 3429 1799 et
3451 1743 3731 1802 Athanasii
3763 1748 3866 1803 do-

548 1839 803 1886 manente
842 1829 985 1901 apud
1012 1829 1402 1900 Imperatorem
1440 1828 1732 1895 Lucifero,
1766 1830 1893 1901 qui,
1927 1847 2048 1886 cum
2081 1830 2155 1887 ibi

547 1912 994 1996 aliquot'diebus
1040 1924 1396 1993 detineretur,
1428 1940 1551 1980 cum
1598 1925 1817 1981 Arianis
1866 1926 2155 1997 Episcopis

552 2034 650 2090 pro
703 2016 923 2075 Nictena
982 2016 1116 2074 Fide
1173 2018 1504 2090 disputando
1558 2027 1781 2074 strenue
1826 2017 2152 2089 decertavit,

552 2112 778 2184 ejusque
800 2112 968 2168 animi
1002 2112 1169 2167 robur
1200 2121 1255 2167 et
1284 2111 1607 2183 eloquentiae
1648 2112 1755 2167 vim
1801 2111 2156 2169 Consmntius

550 2205 691 2277 ipse,
722 2206 824 2262 etsi
853 2207 1016 2261 ducto
1033 2205 1158 2261 velo
1190 2205 1458 2269 occultus,
1486 2219 1729 2276 praesens
1764 2214 1945 2262 tamen
1985 2205 2158 2261 admi-

550 2310 702 2356 ratus
731 2311 816 2355 est
842 2298 894 2353 b.
954 2299 1059 2355 Sed
1092 2308 1378 2370 postquam
1410 2297 1555 2354 facto
1603 2297 1657 2353 in
1694 2298 1996 2354 Ecclesiam
2054 2296 2156 2354 im-

549 2402 679 2463 petu
713 2392 781 2447 ab
809 2390 1047 2447 Eusebio
1097 2390 1361 2446 Eunucho
1412 2389 1816 2447 Catholicorum
1848 2390 2151 2463 Episcopo-

546 2503 671 2546 rum
713 2488 962 2561 plerique
1013 2486 1395 2556 comprehensi
1427 2494 1593 2555 sunt,
1627 2495 1682 2543 et
1709 2486 1762 2541 in
1806 2485 2152 2543 lleracleanis

548 2586 801 2643 Thermis
830 2596 853 2626 ο
885 2585 1105 2652 reclusi,
1138 2580 1355 2639 Lucifer
1400 2583 1565 2638 etiam
1606 2582 1816 2639 carceri
1869 2582 2026 2638 datus
2068 2592 2153 2639 est

547 2693 672 2736 cum
704 2676 980 2735 Florentio
1007 2675 1151 2748 apud
1183 2676 1370 2733 Caium
1401 2674 1635 2730 militum
1664 2674 1940 2731 tribunum
1964 2671 2014 2729 ά.

1338 2768 1426 2824 Ill.

619 2865 841 2923 Lucifer
863 2864 1080 2921 interim
1128 2863 1182 2917 in
1214 2768 1319 2917 life
1350 2859 1698 2916 firmissimus
1727 2858 2110 2915 insidiantibus
2130 2900 2147 2927 ,

545 2974 783 3029 eumque
810 2956 1180 3029 afﬂigcntibus
1210 2951 1449 3021 Ariauis,
1489 2952 1594 3009 etsi
1623 2953 1762 3008 duro
1802 2967 2024 3008 carcere
2053 2950 2149 3007 de-

545 3057 834 3122 tineretur,
864 3068 971 3108 non
995 3051 1182 3118 cessit,
1212 3048 1380 3105 immo
1410 3048 1519 3104 illis
1545 3062 1645 3120 pro
1672 3047 1939 3119 religione
1958 3046 2149 3103 catho-

2259 1827 2519 1895 ctrinam,
2547 1833 3005 1903 sanctitatemque
3037 1833 3209 1891 libere
3250 1835 3557 1894 vindicaret
3592 1837 3634 1891 ι.
3665 1838 3778 1896 [lac
3806 1841 3861 1897 in

2261 1919 2391 1976 urbe
2415 1935 2539 1977 cum
2578 1921 2794 1979 Lucifer
2840 1923 3247 1994 diversaretur,
3282 1926 3634 1986 llermionem
3678 1933 3864 2004 magni

2266 2014 2504 2070 nominis
2556 2016 2826 2088 virginem
2859 2017 3050 2074 habuit
3077 2019 3181 2074 sibi
3218 2019 3648 2079 addictissimam
3682 2034 3737 2081 et
3765 2025 3865 2081 ad-

2252 2108 2507 2178 jutricem
2543 2109 2595 2165 in
2630 2111 2695 2165 iis
2726 2111 3072 2181 perferendis
3101 2115 3365 2169 aerumnis
3389 2156 3407 2183 ,
3435 2116 3814 2190 molestiisque
3842 2163 3858 2189 ,

2256 2201 2451 2271 quibus
2496 2202 2565 2258 ab
2608 2200 2830 2259 Arianis
2874 2203 3116 2276 quotidie
3159 2204 3502 2263 afﬁciebatur
3529 2218 3590 2263 ω.
3641 2209 3864 2268 Scimus

2255 2294 2419 2350 etiam
2447 2294 2761 2352 Turbonem
2814 2296 2962 2353 illum
2994 2297 3593 2371 Eleutheropolitanum
3621 2305 3863 2375 pseudo-

2256 2386 2577 2458 episcopum
2598 2403 2721 2444 cum
2754 2389 2870 2445 suis
2891 2389 3111 2447 Arianis
3141 2391 3194 2447 in
3241 2391 3551 2449 Luciferum
3581 2410 3737 2453 sacra
3778 2396 3865 2453 fa-

2253 2481 2488 2537 cientem
2534 2482 2787 2549 irruisse,
2838 2482 3039 2553 januas
3088 2485 3335 2543 ecclesia:
3383 2486 3613 2560 fregisse
3640 2530 3656 2557 ,
3701 2505 3863 2548 sacra

2252 2588 2400 2640 vasa,
2422 2583 2749 2646 sanctosque
2776 2574 2994 2631 codices
3019 2574 3335 2647 diripuisse,
3367 2586 3423 2634 st
3451 2578 3665 2651 aliquos
3688 2583 3861 2640 etiam

2252 2666 2490 2723 Luciferi
2522 2668 2700 2723 socios
2725 2668 2843 2724 neci
2864 2669 3030 2740 impie
3048 2668 3307 2727 dedisse:
3338 2671 3477 2727 Sunt
3501 2673 3676 2729 adhuc
3698 2676 3867 2733 hodie

2250 2760 2350 2832 (ita
2377 2759 2669 2815 Faustinus
2696 2768 2751 2816 et
2776 2760 3120 2818 Marcellinus
3148 2762 3201 2834 υ)
3223 2763 3279 2817 in
3300 2762 3614 2833 Palaestina,
3642 2768 3736 2838 qui
3760 2768 3865 2824 illo

2252 2864 2482 2925 tempore
2503 2854 3008 2927 insequentibusillis
3030 2872 3206 2927 pcenas
3226 2858 3561 2935 gravissimas
3576 2859 3863 2927 dederunt,

2251 2966 2312 3005 eo
2333 2951 2476 3022 quod
2505 2966 2621 3005 cum
2652 2949 2936 3006 Catholica:
2985 2951 3108 3021 ﬁdei
3140 2949 3402 3025 Episcopo
3432 2952 3681 3027 Lucifero
3732 2972 3868 3011 cort-

2248 3045 2502 3100 venirent.
2534 3043 2761 3117 Negent,
2790 3045 2835 3100 si
2879 3061 2984 3101 non
3014 3046 3150 3101 inter
3174 3054 3359 3103 cetera
3405 3064 3502 3103 sua
3531 3049 3751 3119 atrocia,
3766 3053 3868 3123 ja-

543 3151 647 3209 lica
672 3158 729 3206 et
758 3144 1041 3205 Athanasii
1067 3143 1376 3200 innocentia
1406 3141 1607 3196 invicte
1648 3139 1787 3195 adeo
1826 3139 2059 3204 restitit,
2090 3148 2149 3194 ut
2177 3126 2221 3188 C
2252 3154 2409 3192 nuam
2438 3138 2670 3192 clausam
2700 3137 2966 3193 securibus
2997 3137 3344 3213 effregerunt;
3371 3130 3417 3196 si
3453 3158 3559 3197 non
3600 3142 3863 3198 irruentes

543 3246 787 3302 furentes
823 3242 1008 3297 hostes
1034 3238 1359 3295 Constantio
1398 3234 1626 3306 iubente
1671 3243 1949 3289 extorrem
1995 3232 2145 3288 illum

543 3338 870 3401 Mediolano,
898 3334 1160 3404 Italiaque
1210 3329 1499 3386 discedere
1552 3328 1852 3399 coegerint.
1885 3326 2041 3395 Quod
2089 3337 2148 3383 ut

544 3430 763 3489 Liberio
808 3427 1057 3484 Pontilici
1100 3424 1354 3489 innotuit,
1384 3421 1637 3479 Lucifero
1685 3419 2004 3492 ueterisque
2047 3436 2148 3493 pro

545 3526 774 3582 veritate
801 3520 1105 3577 orthodoxa
1136 3516 1420 3575 exsulibus
1452 3516 1662 3572 litteras
1705 3515 1902 3570 solatio
1936 3523 1992 3570 et
2017 3529 2149 3586 apo-

541 3618 737 3675 stolico
782 3614 985 3671 robore
1038 3612 1231 3683 plenas
1270 3608 1422 3666 dedit
1455 3618 1513 3675 ος
1546 3623 1683 3680 quas
1714 3606 1805 3663 ubi
1834 3609 2147 3679 acceperint

543 3712 813 3771 incertum
833 3717 938 3765 est.
953 3706 1247 3778 Relegatur
1270 3718 1399 3776 ergo
1420 3701 1644 3759 Lucifer
1667 3702 1721 3758 in
1748 3700 2144 3774 Cappadociam

542 3804 757 3879 primo,
786 3811 848 3859 ut
887 3796 1265 3873 Papebrocbio
1296 3794 1317 3834 ί
1350 3804 1405 3852 et
1435 3794 1711 3851 Matthteio
1758 3796 1940 3866 placet
1966 3805 2027 3861 8;
2074 3795 2148 3852 ibi

619 4002 645 4030 ι
683 3991 763 4047 Ex
791 3990 901 4043 vita
926 3986 986 4042 S.
1019 3981 1238 4040 Eusebii
1262 3977 1499 4035 Vcrcell.
1533 3977 1709 4049 episc.
1733 3973 1874 4047 apud
1902 3974 2042 4031 Boll.
2072 3974 2138 4030 ad

545 4064 691 4122 diem
719 4061 793 4133 25
820 4059 1054 4133 Maii,An_.
1088 4053 1177 4133 id.
1373 4122 1385 4133 _
1428 4121 1458 4133 Α,
1521 4118 1532 4131 ,
1579 4128 1589 4133 _
1742 4119 1753 4133 _
1872 4118 1902 4133 μ

616 4118 645 4174 ί)
686 4131 794 4189 Sed
818 4118 1086 4200 perspicis,
1111 4126 1165 4178 in
1187 4132 1274 4200 tuo
1297 4121 1491 4190 palatio
1514 4118 1654 4200 intra
1674 4119 1843 4200 uelum
1865 4118 1982 4173 licet
2001 4129 2143 4173 stans

543 4206 709 4263 tulisti
731 4191 1032 4274 responsum
1051 4213 1081 4251 a
1102 4193 1270 4274 mead
1290 4191 1691 4274 conservandam
1713 4192 1953 4274 salutem,
1971 4206 2145 4274 omnes

543 4262 644 4335 Dei
666 4262 857 4336 servos,
880 4271 1077 4326 calcata
1101 4264 1289 4338 frivola
1310 4264 1616 4338 auctoritate
1623 4272 1743 4338 tua,
1763 4272 1944 4338 mente,
1965 4262 2146 4315 volun-

2245 3232 2300 3287 in
2327 3230 2628 3303 Luciferum
2674 3229 3042 3300 ﬁdelissimum
3086 3232 3407 3289 sacerdotem
3448 3233 3625 3289 divina
3652 3250 3868 3307 quoque

2247 3338 2573 3384 sacramenta
2593 3334 2877 3397 verterunt,
2901 3344 3313 3400 unumquemque
3334 3330 3445 3385 illic
3464 3331 3531 3385 de
3556 3331 3636 3386 his
3664 3334 3868 3403 fratri-

2249 3423 2362 3489 bus,
2391 3420 2481 3493 qui
2513 3432 2880 3489 conuenerant,
2912 3421 3077 3492 impia
3121 3426 3261 3479 crede
3297 3424 3594 3480 multantes.
3626 3423 3864 3497 Negent,

2248 3516 2294 3570 si
2320 3532 2422 3570 non
2450 3513 2607 3569 hodie
2654 3514 2797 3587 apud
2826 3530 2882 3570 se
2924 3523 3103 3571 sancta
3140 3516 3363 3587 mystica
3391 3532 3515 3571 rasa
3536 3558 3551 3585 ,
3585 3534 3703 3589 qut:
3731 3528 3867 3575 tunc

2249 3608 2407 3679 impie
2430 3598 2677 3678 Lucifero
2721 3607 3045 3678 diripuerunt
3066 3649 3082 3676 ,
3114 3624 3230 3662 cum
3259 3609 3422 3663 sacris
3446 3609 3708 3665 codicibus
3731 3626 3865 3681 pos-

2252 3701 2445 3756 sident.
2474 3703 2546 3755 At
2582 3699 2666 3755 his
2694 3715 2803 3755 non
2831 3701 3072 3757 contenti
3100 3700 3326 3768 Ariani,
3376 3711 3435 3757 ut
3475 3702 3856 3759 censtantissi-

2255 3810 2403 3851 mum
2442 3793 2648 3849 Christi
2704 3793 2963 3849 athletam
3021 3792 3212 3851 durius
3262 3795 3625 3868 exagitarent,
3655 3808 3854 3870 quarto

2251 3974 2357 4046 alia
2388 3974 2447 4031 S.
2480 3971 2761 4046 Dionysii,
2789 3969 2908 4046 c.'_‘5
2930 3972 2983 4046 in
3005 3980 3053 4046 rt.
3086 3971 3132 4046 Υ
3160 3972 3309 4039 Maii,
3343 3988 3466 4046 pag.
3499 3973 3628 4043 515,
3665 3992 3721 4031 n.
3744 3976 3847 4034 29:

2249 4044 2418 4100 Facto
2461 4046 2655 4113 impetu
2706 4045 2768 4099 ab
2823 4043 3047 4099 Eusebio
3089 4043 3357 4098 Eunucho
3386 4043 3701 4117 apprehensi
3735 4060 3851 4104 sunt

2250 4119 2314 4172 de
2334 4118 2575 4191 ﬁdelibus
2596 4116 2717 4191 viris
2738 4131 2952 4191 numero
2972 4123 3183 4191 centum
3196 4116 3544 4191 quadraginta
3565 4129 3613 4191 et
3633 4130 3843 4191 septan,

2251 4187 2369 4243 cum
2386 4190 2569 4260 quibus
2590 4187 2803 4259 quidam
2824 4188 2887 4241 de
2910 4187 3260 4241 sacerdotibus
3286 4198 3332 4241 et
3360 4189 3497 4243 clero
3525 4187 3845 4245 vincti'intra

2252 4259 2502 4315 Thermas
2540 4258 2885 4314 Herculianas
2922 4259 3107 4313 reclusi
3136 4267 3276 4312 sunt.
3321 4256 3625 4316 Florentius
3654 4278 3771 4317 vero
3800 4274 3845 4316 et

541 4329 890 4410 mlerstudio,
916 4329 1123 4413 virtute,
1146 4334 1741 4413 uaceconsentire.
1758 4332 2023 4413 Mopesse
2044 4349 2145 4413 pro
2172 4395 2225 4413 ἢ
2253 4330 2467 4413 Lucifer
2490 4331 2761 4413 episcopus
2780 4329 2921 4413 apud
2944 4330 3209 4413 tribunum
3233 4329 3440 4413 Caium,
3472 4330 3728 4389 Eusebius
3749 4335 3844 4388 tri.

541 4392 1185 4487 §3i)_‘_lhic
1207 4407 1308 4487 col.
1339 4407 1520 4487 l099).
1542 4416 1600 4462 et
1634 4405 1764 4487 ibid.
1779 4404 1953 4487 infra,
1975 4392 2148 4487 p.24}
2172 4395 2228 4456 Ι)
2251 4392 3174 4487 buno:'(:'albioni'custodiw.traditus
3196 4411 3298 4487 est.

541 4476 649 4565 {hic
674 4492 774 4546 col.
798 4476 961 4565 ιόἶι)
987 4476 1154 4565 :_Non
1173 4476 1871 4565 retinesﬂonstantgdifri‘sse
1892 4476 2134 4565 inclyti-

537 4548 708 4629 cibus,
741 4572 787 4616 te
814 4560 924 4616 velo
946 4548 1397 4629 'missoaudiente.
1424 4548 1561 4619 quod
1584 4550 1701 4629 licet
1734 4557 1895 4629 totum
1914 4548 2130 4629 militem

543 4620 776 4689 tuum'in
798 4647 891 4685 nos
933 4626 1242 4683 decrevisses
1274 4626 1449 4695 jacere
1477 4623 1624 4695 regni
1671 4621 1746 4695 tui
1793 4621 1914 4695 tela,
1954 4620 2008 4695 in
2039 4636 2134 4695 nos

538 4713 885 4760 exsecratores
909 4696 1241 4769 blasphemia
1267 4690 1458 4769 iug,_ut
1484 4690 1541 4745 in
1571 4691 1810 4761 sacrilegi
1840 4690 1917 4769 tui
1941 4690 2132 4745 decreti

537 4762 1115 4844 contemptores.oninia
1134 4782 1230 4820 sua
1250 4765 1553 4844 colliderent
1576 4778 1743 4844 arma;
1762 4778 1853 4844 nec
1870 4762 1949 4844 sic
1963 4770 2130 4844 tamen

538 4846 680 4915 quod
706 4832 968 4915 possemus
995 4857 1026 4893 a
1054 4835 1318 4915 proposito
1344 4834 1630 4915 recedere:
1679 4844 1733 4889 et
1769 4832 1918 4915 ibid.
1938 4849 1993 4900 p.
2020 4834 2131 4889 245

542 4904 649 4992 (hic
671 4904 773 4972 col.
801 4910 964 4992 1915)
999 4929 1015 4966 :
1044 4904 1096 4964 Ν
1102 4904 1261 4992 on‘est
1284 4922 1470 4992 nouum
1491 4905 1629 4977 quod
1640 4921 1739 4992 nos
1762 4904 2137 4992 legatilasseve-

535 4975 780 5046 rabamtts
821 4987 878 5040 in
920 4975 1007 5038 tito
1043 4978 1240 5053 palatio
1273 5018 1290 5045 ,
1335 4975 1685 5053 et__ﬁrmando
1735 4993 1848 5053 non
1891 4975 2135 5053 desumus

536 5078 737 5129 semprr
763 5060 836 5113 sic
873 5047 1117 5127 {uisse'et
1145 5065 1252 5129 esse
1278 5049 1530 5129 creditum
1566 5066 1597 5103 a
1622 5047 1950 5129 Christianis.
1984 5051 2134 5102 sicuti

536 5120 679 5205 apud
711 5120 943 5205 Nicaeam
971 5135 1152 5180 contra
1185 5122 1421 5205 hwresim
1449 5132 1587 5175 tuam
1615 5120 1861 5205 Artenam
1886 5128 1931 5173 et
1958 5135 2132 5173 omnes

534 5192 735 5259 errores
752 5204 951 5258 videtur
978 5212 1089 5254 esse
1114 5209 1266 5249 sacra
1292 5192 1422 5260 ﬁdes
1449 5192 1761 5259 conscripta.

609 5289 633 5316 ο
673 5276 927 5332 Thermte
972 5264 1528 5341 proxitnaa_Hercttlt_s
1568 5262 1925 5341 templo,__cui
1968 5261 2131 5341 etiam

530 5349 726 5405 vicina:
754 5331 912 5402 erant
950 5331 1095 5396 :édes
1133 5335 1442 5391 Maximiani
1477 5332 1749 5388 Herculei.
1789 5331 1863 5405 lbi
1896 5348 2037 5405 nunc
2064 5332 2129 5387 D.

530 5403 808 5476 Laurentii
864 5412 1170 5482 templum,
1229 5408 1372 5477 quod
1424 5420 1595 5482 prope
1650 5403 1910 5482 quaedam
1952 5404 2129 5482 adhuc

532 5474 829 5561 supersunt
865 5474 1085 5567 rudera,
1113 5474 1471 5550 ingentesque
1500 5474 1788 5564 columnae.
1815 5474 1931 5528 Vid.
1951 5476 2127 5557 Casii-

532 5562 664 5613 lion.
686 5557 901 5613 Mediol.
935 5556 1119 5613 Anttu.
1149 5567 1270 5613 pag.
1296 5550 1352 5613 7,
1372 5548 1476 5604 124
1500 5558 1555 5603 et
1581 5548 1714 5609 Hb;
1741 5546 1769 5599 'I
1786 5560 1869 5601 or.
1897 5543 2125 5602 Rttratto

530 5559 664 5618 lion.
686 5559 901 5616 Mediol.
935 5559 1119 5621 Antiq.
1149 5568 1212 5621 pa
1257 5591 1270 5605 .
1297 5559 1352 5616 7,
1372 5559 1476 5604 124
1500 5559 1555 5603 et
1581 5559 1714 5609 1'26;
1741 5559 1768 5599 τι
1786 5560 1869 5601 or.
1897 5559 2125 5602 ﬂtlrallo

532 5632 589 5684 di
619 5630 837 5693 Milone,
882 5642 1005 5697 pag.
1042 5622 1174 5697 ιη)
1205 5567 1417 5678 ἔθειραι.
1458 5619 1616 5677 Gual.
1647 5620 1827 5675 Prior.
1861 5615 2043 5672 Belus.
2072 5620 2128 5671 di

534 5698 758 5824 ’ἔπ’έέ
782 5694 1252 5822 εέιξ’ἕῗῗέυξῖἰιίῑ
1281 5764 1427 5835 apud
1452 5762 1598 5821 Boll.
1632 5761 1671 5818 ι.
1700 5776 1750 5819 c.
1784 5776 1841 5818 ιι.
1870 5761 1937 5831 6,
1976 5770 2031 5818 et
2060 5775 2127 5818 ex

2315 4485 2337 4512 θ
2384 4474 2447 4528 ν.
2480 4475 2640 4543 epist.
2679 4473 2820 4543 hanc
2844 4472 3010 4543 hujus
3034 4473 3167 4528 edit.
3196 4472 3375 4529 initio.

2314 4545 2334 4584 ί
2378 4545 2433 4600 1η
2457 4542 2578 4599 Vita
2607 4547 2667 4599 S.
2698 4542 2955 4609 Luciferi,
2988 4555 3121 4600 tom.
3147 4543 3215 4600 IV
3243 4544 3389 4610 Maii.
3419 4559 3471 4602 c.
3505 4547 3559 4613 1,
3591 4563 3649 4603 n.
3681 4548 3737 4605 8.

2313 4627 2338 4688 β
2381 4615 2482 4688 Ubi
2511 4629 2633 4685 sup.
2666 4617 2721 4688 in
2751 4614 3140 4688 Eccl._Calar.,
3173 4631 3298 4688 pag.
3324 4619 3413 4673 75.

2310 4687 2338 4727 ιι
2376 4686 2718 4758 Germanicia
2757 4687 2877 4758 urb.
2911 4686 3095 4757 Episc.
3135 4689 3190 4743 in
3226 4686 3589 4758 Euphratensi
3616 4689 3849 4750 Provin-

2238 4761 2345 4822 cia.
2374 4773 2472 4831 s_eu
2502 4757 2835 4831 leesyria,
2861 4774 2985 4829 quae
3013 4769 3069 4814 et
3096 4759 3431 4828 Comagena.

2318 4832 2333 4868 ί
2378 4829 2523 4885 Talis
2548 4841 2623 4886 est
2650 4829 2786 4885 Geor
2825 4830 2929 4895 ius,
2956 4831 3127 4901 qualis
3154 4835 3323 4901 fuerat
3350 4831 3529 4899 Arius,
3554 4835 3737 4900 quales
3758 4836 3848 4903 qui

2318 4914 2362 4957 at
2404 4900 2657 4957 Ursacius
2695 4910 2742 4956 et
2788 4848 3002 4957 galeas.
3045 4904 3125 4957 uel
3162 4904 3232 4955 ad
3264 4919 3414 4957 auem
3460 4919 3539 4957 me
3572 4903 3847 4957 destinasti

2244 4914 2362 4957 sunt
2404 4900 2657 4957 Ursacius
2695 4910 2742 4956 et
2789 4900 3002 4967 Valens,
3045 4904 3125 4957 vel
3156 4900 3232 4955 ad
3264 4919 3414 4973 quem
3460 4919 3539 4958 me
3572 4900 3847 4962 destinasti

2238 4973 2736 5059 Germaniciensium
2759 4973 3037 5059 “Agemus.
3097 4973 3220 5029 Lib.
3275 4990 3294 5030 ι
3357 4989 3456 5046 pro
3528 4976 3587 5031 S.
3636 4978 3832 5033 Athan.

2237 5062 2363 5126 pag.
2398 5046 2467 5100 65
2494 5046 2599 5117 (hic
2625 5043 2727 5098 col.
2757 5043 2909 5117 830).
3358 5043 3371 5046 ⁷

2312 5131 2325 5168 J
2377 5115 2503 5199 Cum
2537 5115 3062 5199 nollft_sub.nomine‘
3080 5115 3355 5198 Athanasii
3392 5115 3665 5175 Nictenam
3688 5119 3834 5199 dant-

2237 5205 2362 5243 nare
2396 5188 2575 5261 ﬁdem,
2615 5186 2957 5261 Palazstinam
2985 5189 3242 5261 relegatus
3268 5189 3415 5261 mira
3450 5198 3757 5261 construunt:
3788 5200 3834 5246 et

2237 5260 2518 5333 praeparati
2538 5258 2699 5311 animi
2706 5259 2785 5333 ad
2805 5258 3112 5333 martyrium
3123 5270 3303 5315 contra
3312 5260 3680 5333 Constantium
3697 5260 3826 5333 Imp.

2233 5331 2415 5457 scribit
2436 5329 2647 5455 lébrum,
2670 5330 2816 5400 eique
2838 5329 3110 5401 legendum
3130 5333 3291 5387 misit.
3312 5331 3391 5388 De
3403 5330 3609 5405 Script.
3628 5329 3829 5391 Bedes.

2238 5421 2291 5457 tn
2366 5417 2450 5457 uct
2481 5441 2494 5455 .

2238 5421 2291 5459 Ill
2325 5417 2494 5457 Lucu.

2308 5473 2334 5513 ιε
2376 5474 2573 5529 Baron.
2606 5472 2673 5528 ad
2702 5487 2794 5529 an.
2820 5470 2953 5528 Chr.
2984 5472 3114 5542 356,
3148 5490 3200 5529 n.
3236 5474 3328 5532 80.

2302 5545 2325 5673 l1
2500 5546 2569 5601 ad
2612 5561 2706 5600 an.
2735 5543 2869 5601 Chr.
2919 5544 3049 5613 355,
3084 5562 3141 5601 n.
3181 5547 3272 5617 l7,
3301 5556 3359 5604 et
3401 5547 3686 5606 Sirmond.
3715 5548 3753 5607 l.
3780 5562 3833 5605 ο.

2232 5632 2340 5674 COI.
2366 5632 2493 5673 2515.

2305 5698 2345 5727 ω
2383 5688 2462 5745 ld.
2496 5688 2563 5744 ad
2589 5704 2679 5745 an.
2707 5687 2839 5745 Chr.
2869 5688 2998 5756 569.,
3028 5705 3087 5746 n.
3116 5689 3245 5747 U9.

2305 5769 2334 5798 ιι
2376 5761 2433 5817 ln
2459 5760 2673 5819 Libello
2697 5762 2869 5832 Supp.
2894 5762 2963 5818 ad
2984 5761 3261 5835 Augustos
3282 5763 3425 5834 apud
3446 5764 3613 5822 Sirm.
3645 5765 3681 5823 I.
3708 5779 3755 5821 c.
