4148 6186
344 226 454 285 ἳιεί

1724 222 2043 283 LUCIFERI
2086 225 2236 285 VITA
2249 264 2263 281 .

3535 229 3643 286 746

347 344 513 401 etiam
568 339 764 397 exsilio
818 336 1117 393 multarunt
1159 335 1214 391 in
1276 336 1651 407 superioribus
1704 336 1944 407 Thebis,
1974 349 2025 408 Α
2052 355 2151 396 sua
2172 338 2505 397 Bibliotheca
2531 339 2799 411 scriptum
2828 338 3154 412 reliquisse.
3186 339 3504 398 Luciferum
3529 359 3659 401 nos-

345 451 442 493 seu
490 432 727 490 secunda
783 429 1083 496 Thebaide,
1116 436 1173 483 ut
1228 429 1488 484 Socrates
1538 437 1587 496 δ,
1631 428 1946 486 Theodore-

348 539 438 587 tus
464 529 493 568 b
517 569 532 594 ,
563 528 902 584 Sozomenus
934 534 989 589 ο,
1026 531 1083 578 et
1124 520 1491 577 Cassiodorus
1520 518 1546 557 ἀ
1574 522 1947 592 tradiderunt,

351 624 439 681 vel
469 624 520 678 in
553 621 801 693 partibus
828 618 1066 690 Egypto
1089 616 1307 683 vicinis,
1338 627 1395 671 ut
1422 617 1626 687 placuit
1660 616 1861 671 Ruﬁno
1899 628 1947 671 υ.

352 719 440 777 Cl.
489 714 794 773 Richardus
840 728 874 769 e
929 710 1357 767 Praedicatorum
1416 710 1825 780 sapientissinta
1874 710 1952 765 fa-

356 812 509 869 milia
548 809 652 865 hoc
687 808 852 864 etiam
898 805 1151 862 exsilium
1199 815 1567 861 commutasse
1618 803 1949 870 Luciferum,

360 906 575 975 alioque
626 903 933 958 traductum
976 905 1239 954 autumat.
1301 897 1551 953 tVerum
1605 911 1728 953 cum
1773 897 1953 951 locum

355 997 535 1055 exsilii
580 1010 690 1051 non
745 991 1030 1065 indigitet,
1060 1001 1285 1062 tresque
1336 998 1544 1045 tantum
1606 998 1767 1045 antea
1798 989 1956 1045 Luci-

356 1090 457 1148 feri
487 1096 778 1145 enumeret
804 1085 1249 1156 deportationes,
1278 1082 1611 1140 crediderim
1650 1084 1958 1155 respexisse

360 1182 693 1241 Richardum
720 1181 789 1238 ad
815 1181 1064 1238 exsilium
1082 1180 1136 1235 in
1155 1178 1522 1249 Cappadocia,
1545 1178 1689 1249 quod
1721 1178 1955 1247 primum

360 1277 487 1344 fuit,
521 1276 880 1347 ordinemque
912 1274 1224 1330 invertisse.
1257 1273 1372 1329 Hoc
1399 1274 1607 1328 interea
1636 1273 1957 1343 septennio,

365 1386 468 1427 nec
501 1380 681 1424 tamen
711 1369 994 1438 integros,
1020 1366 1086 1421 ab
1114 1380 1259 1420 anno
1290 1365 1501 1421 scilicet
1522 1365 1649 1429 555,
1675 1379 1831 1434 quoe
1852 1363 1961 1419 Me-

364 1460 676 1518 diolanensi
705 1460 989 1515 Conventu
1021 1457 1077 1512 in
1104 1457 1360 1512 exsilium
1388 1464 1544 1511 actus
1598 1466 1714 1519 est,
1756 1455 1824 1509 ad
1864 1470 1964 1511 an-

366 1570 496 1612 num
540 1567 713 1623 usque
755 1551 857 1607 56f
909 1550 1023 1621 jam
1069 1550 1421 1605 inclinantem
1447 1590 1460 1613 ,
1503 1563 1615 1619 quo
1659 1549 1728 1603 ab
1771 1548 1966 1604 exsilio

368 1648 640 1704 liberatus
680 1652 767 1701 est
786 1686 800 1711 ,
826 1659 949 1716 qua:
970 1651 1287 1715 quantaque
1316 1643 1387 1699 ab
1412 1640 1633 1697 Arianis
1674 1641 1968 1711 pertulerit

368 1740 589 1801 Lucifer
618 1782 634 1807 ,
692 1738 796 1794 etsi
841 1737 1126 1794 memoriae
1168 1751 1279 1792 non
1331 1736 1778 1807 consignaverint
1822 1734 1971 1791 illius
2001 1746 2047 1807 Β

371 1841 549 1897 aetatis
579 1839 914 1909 scriptores,
937 1838 1006 1893 ab
1034 1838 1151 1908 ipsa
1176 1846 1357 1893 tamen
1380 1836 1761 1893 haereticorum
1791 1837 1977 1892 indole

370 1944 429 1993 et
449 1932 734 2005 impotenti
759 1931 1027 1988 saeviendi
1056 1933 1109 1987 in
1134 1930 1485 1987 Orthodoxos
1507 1932 1693 1987 animo
1713 1932 1978 2003 colligere

373 2027 534 2083 facile
577 2033 692 2091 est;
725 2033 802 2088 et,
836 2023 886 2080 si
926 2023 1192 2079 Faustino
1229 2040 1293 2079 ac
1338 2024 1662 2080 Marcellino
1708 2024 1876 2091 fides,
1922 2025 1975 2078 in

372 2121 629 2179 exsilium
662 2119 887 2175 ductum
916 2117 1089 2174 fuisse
1109 2118 1420 2173 Luciferum
1450 2118 1655 2173 scimus
1679 2133 1800 2173 cum
1830 2118 1979 2173 omni

375 2215 664 2272 atrocitate
720 2212 1047 2283 injuriarum
1077 2208 1147 2279 ιι,
1207 2212 1347 2267 adeo
1396 2219 1457 2266 ut
1505 2211 1979 2282 religiosissimum

375 2311 556 2366 virum
587 2311 754 2363 vitam
782 2306 852 2362 ad
883 2305 1087 2361 multos
1111 2319 1285 2360 annos
1312 2304 1634 2375 produxisse
1658 2305 1980 2361 miraculum

377 2404 652 2461 videatur.
687 2402 860 2458 Porro
906 2416 979 2457 ex
1019 2400 1246 2469 Sulpicii
1279 2399 1471 2456 Severi
1516 2399 1747 2455 historia
1791 2399 1858 2455 de
1900 2400 1984 2455 his

378 2495 697 2553 fortissimis
725 2494 1009 2551 exsulibus
1046 2492 1333 2561 Lucifero,
1370 2493 1640 2561 Eusebio,
1682 2492 1981 2565 Dionysio,

378 2588 613 2659 aliisque
640 2584 876 2642 Concilii
918 2584 1343 2641 Mediolanensis
1382 2583 1690 2640 Catholicis
1731 2585 1986 2642 Patribus

382 2679 490 2738 hoc
528 2679 794 2735 habemus
836 2677 1255 2735 testimonium:
1289 2676 1543 2731 therum
1572 2676 1781 2747 (inquit
1810 2676 1989 2734 Histo-

382 2774 573 2843 ricus)
605 2772 810 2827 exsules
849 2770 977 2825 satis
1022 2779 1224 2826 constat
1263 2770 1427 2824 totius
1456 2768 1595 2823 orbis
1632 2769 1822 2823 studiis
1854 2769 1991 2825 cete-

386 2868 581 2932 bratos,
620 2866 968 2937 pecuniasque
998 2865 1069 2919 eis
1097 2865 1154 2918 in
1181 2873 1443 2933 sumptum
1471 2862 1670 2930 a/l‘atim
1696 2875 1989 2935 congestas,

385 2961 736 3034 legationibus
774 2975 978 3031 quoque
1021 2976 1106 3014 eos
1149 2959 1311 3028 plebis
1350 2958 1624 3013 catholica!
1660 2974 1724 3012 ea:
1753 2958 1991 3014 onmibus

2050 444 2194 490 trum
2220 445 2348 506 post
2383 434 2791 492 Mediolanense
2831 437 3143 493 Concilium
3186 451 3310 492 cum
3351 438 3649 512 Dionysio.

2052 526 2323 591 Eusebio,
2370 526 2670 595 Rhodano,
2710 538 2765 583 et
2800 527 3055 583 Paullino
3088 528 3378 601 Episcopis
3415 530 3655 588 Arimini
3696 592 3699 597 λ

2052 619 2338 674 exsulasse
2358 628 2420 674 ω.
2449 618 2637 690 Neque
2667 620 2812 675 enim
2846 621 2975 675 urbs
3014 619 3103 674 illa
3135 620 3330 676 exsilio
3372 630 3529 692 apta,
3565 634 3659 679 ut-

2054 718 2182 778 pote
2233 710 2288 765 in
2347 710 2741 766 florentissima
2794 711 2964 766 Italia:
3014 713 3240 781 regione
3291 713 3431 779 sita,
3482 730 3664 786 neque

2056 802 2165 857 ulla
2205 803 2347 873 apud
2389 804 2530 859 alios
2572 802 2916 875 syncbronos
2952 813 3207 860 auctores
3234 802 3456 862 mentio
3498 808 3661 880 hujus

2056 893 2163 949 loci
2183 895 2447 958 occurrit,
2473 886 2639 948 immo
2664 910 2857 951 omnes
2878 910 2987 950 uno
3009 909 3105 950 ore
3126 894 3366 952 fatentur
3386 898 3439 952 in
3462 898 3664 956 Orieno

2058 986 2198 1041 tales
2225 986 2540 1042 Provincias
2575 1001 2840 1057 perquam
2886 986 3325 1054 remotissimas,
3365 998 3529 1061 atque
3569 1007 3660 1047 as-

2062 1078 2297 1147 peritate
2328 1079 2609 1144 locorum.
2649 1089 2706 1135 et
2746 1080 3075 1136 Arianorum
3126 1081 3351 1152 perfidia
3395 1085 3667 1152 potentia-

2061 1190 2167 1245 quc
2203 1174 2558 1231 difficillimas
2584 1177 2841 1233 exsulare
2882 1187 3108 1233 coactos
3143 1188 3362 1235 sanctos
3400 1179 3670 1239 Praesules

2063 1282 2092 1321 a
2121 1269 2448 1323 ConSIantio
2478 1268 2817 1338 Imperatore
2852 1271 3043 1327 fuisse.
3075 1271 3359 1328 Notandus
3391 1274 3581 1331 ultimo
3616 1288 3673 1333 et

2065 1360 2243 1415 obiter
2262 1359 2501 1431 Philippi
2532 1360 2773 1416 Ferrarii
2797 1362 3058 1432 palmaris
3087 1379 3263 1430 error,
3296 1366 3387 1434 qui
3411 1366 3670 1423 Lucifero

2065 1467 2095 1507 a
2118 1452 2481 1509 Constantino
2509 1452 2643 1524 imp.
2669 1455 2720 1507 in
2752 1454 3005 1510 exsilium
3030 1464 3209 1510 actum
3240 1458 3537 1528 scripsit”;
3563 1460 3669 1516 nisi

2068 1544 2391 1616 typograpbi
2430 1546 2564 1601 vitio
2602 1545 3000 1601 Constantinum
3049 1564 3148 1619 pro
3179 1549 3488 1607 Constantio
3526 1553 3667 1609 irre-

2070 1640 2247 1710 psisse
2274 1640 2503 1711 aequiori
2534 1640 2743 1711 judicio
2774 1642 3023 1697 velimus.

2802 1804 2830 1874 §
2872 1804 2961 1859 ιν.

2151 1934 2284 1990 Dum
2310 1936 2470 1991 exsul
2498 1934 2722 1991 Lucifer
2749 1937 3031 2007 perfidiam
3055 1941 3389 1999 Arianorum
3415 1946 3679 2015 patientia

2077 2024 2396 2094 confundit,
2424 2042 2615 2084 eorum
2656 2029 2822 2085 etiam
2858 2035 3397 2093 erroresscribendo
3423 2038 3682 2110 proﬂiga-

2078 2120 2175 2175 vit.
2224 2120 2473 2188 Quatuor
2504 2122 2767 2180 habemus
2808 2126 3030 2195 priores
3071 2129 3289 2199 egregie
3330 2131 3565 2202 scriptos
3611 2132 3680 2188 ad

2079 2212 2462 2269 Constantium
2492 2218 2792 2286 Augustum
2825 2218 2998 2274 libros
3024 2235 3053 2274 a
3082 2220 3337 2278 Lucifero
3367 2233 3557 2280 nostro
3586 2241 3684 2294 pro

2081 2303 2369 2363 Catholica
2429 2309 2731 2366 asserenda
2780 2312 3092 2383 tuendaqne
3146 2316 3378 2372 veritate
3425 2317 3692 2373 adversus

2083 2402 2199 2457 Arii
2242 2411 2301 2458 et
2346 2404 2681 2459 asseclarum
2733 2404 2852 2475 ejus
2900 2406 3065 2477 impia
3103 2408 3394 2479 dogmata,
3425 2420 3479 2466 et
3515 2412 3692 2483 impo-

2086 2504 2264 2551 tentes
2306 2494 2373 2551 ad
2405 2511 2468 2551 ea
2497 2497 2817 2553 sustinenda
2847 2499 3017 2569 ipsius
3048 2500 3402 2571 Imperatoris
3432 2512 3683 2560 conatus.

2083 2588 2294 2659 Scripta
2317 2588 2483 2659 igitur
2505 2589 2696 2646 isthaec
2722 2590 2869 2644 misit
2890 2589 2956 2644 ad
2982 2591 3362 2649 Constantium
3386 2595 3611 2651 Lucifer
3630 2608 3691 2651 σε

2088 2694 2150 2736 ea
2180 2681 2228 2735 is
2257 2683 2498 2751 accepit,
2533 2681 2698 2751 legit,
2732 2683 3046 2753 obstupuit,
3085 2686 3292 2756 vixque
3321 2688 3425 2743 sibi
3464 2704 3693 2758 persua-

2087 2772 2224 2829 dens
2246 2814 2260 2838 ,
2295 2772 2526 2828 inveniri
2558 2773 2791 2844 aliquem
2822 2789 2988 2845 posse
3020 2784 3185 2831 tanta:
3215 2778 3599 2847 confidentia,
3634 2781 3698 2836 li-

2090 2864 2426 2935 bertatisque
2454 2864 2669 2932 virum,
2702 2865 2797 2936 qui
2822 2865 2892 2921 de
2936 2866 3226 2938 impietate
3268 2886 3365 2926 sua
3408 2872 3560 2927 illum
3600 2889 3695 2928 au-

2095 2957 2256 3013 deret
2281 2966 2389 3012 tam
2420 2957 2593 3013 libere
2618 2966 2915 3029 aperteque
2942 2975 3194 3031 arguere,
3230 2962 3513 3019 Florentio
3535 2964 3701 3035 jussit

388 3058 499 3127 fere
548 3055 829 3126 provinciis
880 3056 1230 3125 frequentatos
1264 3051 1317 3118 i;
1370 3066 1495 3122 quze
1544 3052 1767 3122 egregie
1819 3050 1989 3107 etiam
2095 3049 2412 3106 Officiorum
2456 3050 2752 3121 magistro,
2788 3058 2846 3106 ut
2890 3051 3148 3109 Lucifero
3190 3054 3295 3124 ipsi
3333 3069 3436 3111 suo
3477 3058 3701 3114 nomine

383 3150 781 3206 confirmantur
814 3155 924 3201 tum
954 3144 1150 3200 llilarii
1180 3144 1367 3200 multis
1390 3144 1441 3198 in
1465 3143 1598 3199 locis
1618 3151 1676 3198 et
1698 3143 1986 3214 Epiphanii
2012 3128 2057 3191 C
2090 3145 2339 3199 scribens
2376 3144 2603 3199 illumne
2639 3159 2829 3200 eorum
2866 3145 3205 3200 voluminum
3244 3157 3529 3201 auctorem
3574 3162 3699 3203 esse

386 3239 709 3298 testimonio
734 3240 783 3306 i,
814 3247 927 3293 tum
956 3236 1155 3293 eximia
1182 3236 1273 3292 illa
1306 3236 1528 3292 Eusebii
1556 3234 1795 3307 epistola
1826 3250 1855 3288 a
1884 3234 1988 3289 Ba-

385 3336 545 3393 ronio
588 3334 759 3390 relata
783 3332 808 3370 ιί
832 3374 847 3397 ,
888 3347 955 3389 ex
986 3346 1092 3403 qua
1123 3331 1290 3387 etiam
1330 3330 1531 3400 liquet,
1561 3344 1725 3401 quam
1761 3329 1987 3400 indigne

387 3429 458 3485 ab
486 3428 703 3484 Arianis
744 3425 1077 3483 sanctissimi
1112 3424 1191 3479 illi
1222 3422 1580 3480 Confessores
1630 3434 1983 3480 vexarentur.

385 3519 547 3590 Quod
576 3530 758 3575 autem
789 3517 1044 3575 Lucifero
1074 3516 1429 3589 pepercerint
1460 3516 1684 3581 Ariani,
1720 3530 1790 3571 ne
1813 3526 1987 3572 morte

388 3612 543 3669 illum
584 3610 905 3676 afficerent,
946 3609 1000 3663 in
1036 3622 1199 3663 causa
1240 3607 1336 3662 fuit
1398 3606 1647 3679 martyrii
1706 3606 1910 3661 invidia
1936 3605 1983 3673 ι,

385 3720 493 3777 qua
522 3720 551 3757 a
580 3702 902 3759 Constantio
929 3700 1243 3777 ordinatum
1264 3741 1280 3768 ,
1312 3699 1770 3770 mandatumque,
1802 3699 1988 3755 utLu—

385 3796 527 3853 cif‘er
556 3796 783 3852 omnino
818 3802 1135 3851 servaretur
1182 3792 1286 3849 hac
1312 3791 1477 3848 ducto
1514 3792 1677 3861 impia
1716 3791 1801 3846 vel
1839 3792 1984 3846 inani

386 3904 509 3961 spe,
535 3898 595 3944 ut
614 3903 729 3944 sua:
753 3887 1008 3943 nimirum
1036 3886 1300 3942 voluntati
1339 3884 1634 3956 aliquando
1662 3884 1903 3952 cederet,
1932 3894 1989 3941 et

386 3983 671 4040 Athanasii
694 3980 1132 4039 condemnationi
1154 4020 1170 4047 ,
1193 3979 1342 4051 quod
1366 3979 1528 4036 unice
1548 3980 1621 4034 ~in
1648 3979 1792 4034 votis
1833 3986 1982 4047 erat,

388 4091 611 4133 manum
640 4074 819 4133 daret.
860 4074 958 4131 Hic
998 4073 1296 4131 notandum
1341 4073 1584 4131 occurrit
1623 4072 1883 4129 Photium
1934 4074 1987 4128 in

466 4276 491 4304 η
532 4264 650 4321 Lib.
676 4265 733 4331 5,
766 4279 817 4321 c.
853 4266 909 4322 5.

389 4348 401 4407 ξ
462 4336 493 4377 1ο
531 4337 653 4393 Lib.
680 4337 743 4402 5,
773 4352 825 4391 c.
856 4338 913 4392 4.

470 4421 492 4448 ο
532 4409 655 4464 Lib.
684 4408 739 4473 5,
770 4422 820 4463 c.
854 4407 941 4461 12.

464 4478 491 4517 ιι
532 4478 669 4534 Hist.
704 4472 892 4550 tripar.
922 4474 1100 4550 liblﬁ,
1134 4490 1189 4550 c._
1216 4475 1303 4550 f9.
1339 4472 1565 4550 Uterque
1586 4474 1723 4550 enim
1745 4472 1987 4550 (Lucifer

390 4561 452 4609 et
478 4546 791 4621 Eusebiusi
823 4552 962 4605 ultra
995 4548 1274 4603 Thebaidis
1310 4547 1555 4601 terminos
1588 4547 1651 4601 ab
1688 4546 1875 4601 exsilio
1900 4562 1987 4600 re-

393 4633 644 4683 meantes,
672 4630 779 4676 elc.

469 4704 493 4732 ο
533 4693 655 4748 Lib.
694 4695 758 4756 l,
790 4708 840 4748 c.
876 4694 962 4748 17.
998 4693 1198 4747 Baron.
1229 4691 1265 4745 l.
1297 4705 1347 4745 c.
1382 4706 1439 4746 n.
1477 4689 1567 4746 80.
1597 4688 1835 4759 Papebr.
1864 4688 1904 4743 l.
1936 4701 1986 4743 c.

392 4784 452 4824 ιι.
483 4766 536 4821 8.
574 4763 879 4819 Matthmius
911 4765 948 4819 l.
975 4779 1135 4833 supra
1163 4762 1256 4818 cit.

474 4836 494 4875 τ
536 4836 823 4893 Constance
852 4830 1085 4906 f’envoga
1116 4851 1177 4887 en
1210 4832 1316 4906 exii
1343 4834 1376 4886 ὰ
1403 4830 1750 4906 Germanicis,
1784 4832 1910 4906 villa,
1930 4831 1993 4884 de

396 4910 575 4981 Syrie,
608 4908 725 4981 d‘ou
752 4907 793 4960 if
823 4910 919 4981 fut_
931 4902 1186 4981 transiere
1210 4906 1243 4958 ὰ
1272 4903 1690 4973 Eteuthéropolis
1717 4922 1777 4981 en
1809 4902 1995 4981 _Pa_les-

396 4974 524 5043 tiae,
555 4980 749 5033 ensuile
780 4974 844 5033 en
878 4977 1164 5039 Thebaide,
1199 4986 1247 5030 ct
1273 4992 1335 5028 en
1367 4992 1436 5029 un
1466 4984 1614 5028 autre
1638 4974 1843 5029 endroit
1869 4975 1994 5028 dont

395 5068 465 5105 on
494 5068 553 5104 ne
574 5050 673 5106 sait
696 5066 786 5119 pas
812 5050 858 5102 le
884 5065 1023 5102 nom.
1057 5045 1474 5119 DictiomUniv.
1504 5045 1712 5101 Eccles.
1749 5058 1879 5100 tom.
1900 5044 1991 5113 ΙΙΙ,

395 5124 503 5179 litt.
538 5139 601 5186 L,
630 5117 749 5191 pag.
778 5120 912 5186 712,
948 5122 1056 5191 cui.
1087 5120 1140 5173 2.
1174 5117 1243 5191 Υ.
1278 5117 1535 5191 Lucrren.

471 5204 495 5241 ις
528 5186 869 5248 Marcellinus
907 5201 963 5245 et
1003 5189 1295 5245 Faustinus
1331 5190 1537 5243 erroris
1578 5186 1875 5255 arguendi,
1902 5188 1994 5258 qui

394 5264 632 5322 Luciferi
660 5262 854 5317 exsilio
880 5261 1200 5317 decennium
1227 5262 1503 5329 assignant
1530 5260 1581 5313 in
1610 5264 1703 5314 cit.
1736 5259 1884 5314 libel.

468 5334 495 5373 ιι
523 5334 581 5390 In
604 5333 751 5390 libel.
773 5348 922 5404 prec.
942 5333 1083 5403 apud
1102 5330 1408 5404 S_irmon.__l.
1431 5345 1481 5384 c.
1504 5342 1567 5404 et
1592 5347 1657 5386 ex
1671 5330 1851 5404 Lucif.
1876 5330 1993 5404 ipso

394 5407 492 5462 lib.
519 5407 581 5460 de
616 5422 718 5459 non
744 5400 954 5459 conven.
980 5400 1102 5458 cum
1130 5402 1259 5457 ltwl‘.
1296 5400 1455 5474 (Huj.
1498 5400 1698 5474 Patrof.
1732 5412 1856 5455 tom.
1890 5400 1990 5455 col.

396 5478 549 5548 775),
576 5477 696 5533 ubi:
722 5474 1005 5545 Propterea
1037 5475 1149 5529 odis
1180 5491 1272 5528 nos
1289 5472 1450 5541 ,quia
1469 5472 1746 5548 conciliant
1772 5480 1989 5525 vestrum

393 5542 794 5622 malignantium
815 5542 1166 5608 exsecrentur,
1195 5553 1465 5614 propterea
1492 5546 1546 5597 in
1571 5542 1756 5622 exsilio
1783 5558 1990 5622 sumus,

395 5614 670 5692 prapierea
688 5619 740 5673 in
758 5634 963 5672 carcere
979 5633 1241 5692 necantur,
1265 5624 1536 5692 propterea
1552 5615 1696 5692 nobis
1719 5614 1844 5667 solis
1877 5630 1997 5692 pro-

397 5683 605 5746 hibetur
635 5700 979 5762 conspectus;
998 5690 1193 5744 idcirco
1213 5683 1399 5762 reclusi
1426 5687 1480 5740 in
1506 5684 1736 5762 tenebras
1772 5683 1999 5762 cus_todi-

396 5780 518 5823 mur
543 5763 737 5835 ingenti
760 5754 1013 5817 "custodia
1036 5776 1056 5814 :
1102 5762 1257 5833 hujus
1293 5759 1365 5813 rei
1396 5772 1554 5813 causa
1592 5757 1768 5813 nullus
1800 5754 1869 5811 ad
1909 5772 1998 5810 nos

640 5857 921 5921 Ps'rnon.
966 5853 1146 5918 XIII.

2090 3237 2488 3302 sciscitaretur,
2534 3237 2887 3307 mitteretque
2916 3236 3082 3293 etiam
3134 3236 3305 3293 libros
3334 3238 3482 3308 ipsos
3522 3253 3553 3292 a
3585 3237 3697 3293 Lu-

2088 3330 2260 3386 cifero
2307 3330 2719 3401 cognoscendos
2741 3341 2788 3383 ι’.
2845 3329 3027 3386 Libris
3073 3345 3207 3402 ergo
3251 3346 3373 3387 cum
3427 3331 3695 3388 Florentii

2088 3423 2320 3494 epistola
2347 3424 2591 3492 acceptis
2623 3421 2844 3479 Lucifer
2871 3424 3106 3493 ingenue
3132 3423 3312 3479 fassus
3342 3433 3463 3493 est,
3494 3440 3555 3481 se
3577 3425 3701 3482 illo-

2087 3532 2207 3573 rum
2239 3526 2528 3587 parentem
2556 3526 2950 3587 auctoremque
2979 3531 3104 3574 esse
3123 3560 3137 3584 ,
3169 3517 3385 3589 ipsique
3415 3518 3698 3575 Florentio

2090 3610 2399 3667 rescribens
2443 3609 2689 3667 codicem
2728 3611 2966 3667 reddidit
2986 3622 3035 3666 ει.
3069 3612 3215 3668 Duos
3252 3628 3350 3683 pro
3396 3614 3703 3669 Athanasio

2091 3703 2262 3759 libros
2290 3703 2652 3759 Germanicis:
2675 3704 2914 3775 scriptos
2936 3748 2951 3773 ,
2985 3706 3294 3776 missosque
3324 3708 3449 3764 inde
3472 3707 3539 3763 ad
3561 3705 3709 3764 Con—

2091 3798 2354 3851 stantium
2385 3804 2634 3851 autumat
2656 3797 2726 3852 cl.
2753 3797 3061 3854 Matthaeius
3085 3808 3106 3836 τ
3135 3814 3200 3854 ex
3230 3814 3297 3856 eo
3329 3800 3384 3855 in
3413 3799 3555 3856 hanc
3579 3814 3705 3857 sen-

2095 3890 2319 3944 tentiam
2354 3887 2696 3945 descendens
2718 3929 2732 3954 ,
2763 3889 2910 3960 quod
2939 3891 2990 3944 in
3033 3891 3116 3946 eis
3144 3891 3365 3947 Lucifer
3397 3892 3702 3949 Eudoxinm

2092 3981 2339 4037 nominet
2357 3980 2894 4050 Germaniciensem,
2916 3982 3179 4039 Arianum
3202 3985 3557 4059 Episcopum.
3589 3988 3703 4043 Ad-

2093 4084 2346 4131 versatttr
2369 4082 2549 4131 tamen
2572 4075 2719 4131 Cave
2745 4073 3048 4144 Matthaeio,
3070 4076 3265 4134 volens
3285 4077 3703 4151 Eleutheropoli

2094 4261 2333 4316 uisendos
2362 4261 2656 4316 admittitur
2686 4261 2977 4316 hominum.

2175 4331 2192 4369 ί
2226 4332 2349 4387 Lib.
2379 4333 2435 4385 2.
2467 4349 2523 4387 n.
2557 4333 2650 4387 40.

2171 4404 2185 4451 f
2224 4403 2369 4458 liter.
2398 4402 2490 4458 50.

2166 4469 2193 4509 ¹ί
2222 4472 2304 4527 Ad
2329 4487 2416 4525 an.
2445 4470 2578 4527 Chr.
2607 4472 2737 4539 556,
2769 4490 2825 4528 n.
2858 4473 2949 4529 92.

2172 4540 2191 4580 1
2226 4543 2306 4597 ld.
2335 4542 2469 4596 ibid.
2508 4559 2562 4596 η.
2596 4541 2686 4599 80.

2016 4591 2070 4651 D
2165 4624 2205 4651 ω
2238 4616 2321 4670 Διὸ
2355 4619 2439 4669 καὶ
2472 4612 2686 4670 σύνοδον
2722 4614 2807 4670 διὰ
2830 4621 3002 4671 ταῦτα
3041 4618 3174 4673 κατὰ
3211 4616 3513 4676 Μεδιόλανον
3548 4624 3695 4682 πόλιν

2095 4694 2189 4747 τῆς
2212 4685 2700 4765 Γιτοιλέαςᾳὰθροίζειο
2733 4690 2820 4765 nui
2846 4709 2990 4765 τινᾳς·
3016 4691 3107 4765 μέν
3136 4691 3273 4765 πρὸς
3291 4693 3350 4747 τὸ
3378 4695 3565 4750 οἰκεῖον
3585 4695 3698 4754 διας

2097 4759 2303 4829 στρέφει
2326 4757 2583 4830 βούλημα.
2613 4760 2868 4820 Διονύσιος
2894 4757 2947 4813 δὲ
2968 4800 2982 4823 ,
3010 4757 3090 4815 καὶ
3115 4757 3357 4824 Εὗσέϐιος
3375 4804 3389 4827 ,
3421 4770 3502 4821 καὶ
3532 4765 3692 4824 Ῥοδα-

2094 4830 2199 4905 voc,
2227 4828 2477 4905 Παύλῑνός
2490 4849 2576 4905 τε,
2599 4833 2690 4905 -καί
2719 4833 2971 4905 Λουκίφξρ
2988 4872 3001 4892 ,
3026 4832 3084 4885 τὸ
3110 4835 3287 4889 οἰκεῖον
3314 4839 3517 4905 καὶτῆς
3546 4841 3698 4893 εὐσε-

2098 4900 2239 4961 ϐείας
2279 4906 2347 4971 μὴ
2393 4900 2797 4977 καᾷνϐρίσᾳντες
2839 4900 3096 4977 φρρςἓημα,
3144 4909 3230 4959 καὶ
3268 4905 3377 4961 οὐδ’
3407 4904 3697 4977 ῘΑθανασίου

2096 4979 2408 5053 κατᾳγνῶναι
2455 4971 2808 5053 ᾀναοχόμρνοι
2846 4971 3074 5049 (ᾔδεσαν
3113 4978 3213 5053 γάρ
3254 4982 3353 5053 Δ’τήν
3405 4976 3697 5034 Ἀθανασίου

2096 5044 2393 5123 ζαῖάκριοςιν
2418 5046 2510 5123 ἰξὴν
2537 5044 3333 5123 τῆςηῖτίστεωέπιροορμιᾷζὲσρᾳι
3362 5050 3652 5123 ζαθοείρεσεν
3676 5049 3695 5118 )

2095 5115 2144 5167 ἐν
2168 5112 2413 5191 ’ᾼρὶὶμῄνῳ
2430 5114 2834 5191 ὑπεθορξιζονται.
2856 5113 2913 5170 In
2930 5112 3192 5173 Biblioth.
3212 5116 3345 5173 edit.
3366 5112 3694 5191 Roth'omag.

2094 5199 2162 5239 an
2198 5185 2361 5249 {6.15,
2394 5200 2512 5253 pag.
2534 5185 2708 5240 ⁷1444.

2168 5264 2195 5292 η
2228 5254 2292 5308 In
2322 5256 2506 5309 exsilio
2532 5273 2639 5311 una
2667 5274 2783 5312 cum
2811 5258 2871 5314 S.
2905 5257 3128 5313 Eusebio
3164 5258 3478 5314 Vercellensi
3503 5280 3536 5316 α
3565 5262 3701 5318 Con-

2095 5328 2319 5381 stantino
2364 5328 2543 5399 pulsus
2590 5337 2684 5382 est.
2719 5330 2776 5385 In
2800 5330 2975 5385 Catal.
3021 5329 3123 5386 SS.
3158 5330 3227 5385 ad
3267 5330 3411 5386 diem
3452 5333 3539 5389 ts.
3571 5333 3697 5392 Jan.

2098 5412 2221 5468 pag.
2254 5399 2344 5453 45.

2172 5478 2196 5505 ο
2230 5470 2292 5543 ρ.
2325 5470 2473 5543 ljier.
2502 5470 2571 5525 de
2592 5471 2767 5543 Scrip.
2798 5471 2946 5543 Eccl.
2979 5470 3033 5525 in
3057 5470 3236 5528 Lucif.

2172 5551 2200 5591 ι)
2228 5540 2295 5596 ν.
2328 5541 2527 5597 Baron.
2561 5542 2626 5596 ad
2669 5540 2758 5596 an.
2791 5541 2920 5598 Chr.
2954 5543 3080 5598 556.
3122 5559 3176 5597 n.
3210 5545 3299 5609 75,
3333 5554 3389 5601 et
3416 5545 3614 5607 Tilium
3643 5552 3698 5609 in

2102 5613 2253 5669 calce
2278 5612 2515 5681 Operum
2544 5612 2719 5668 Lucif.
2752 5613 2883 5667 edit.
2921 5613 3095 5669 Paris.
3128 5629 3221 5670 an.
3257 5615 3419 5674 1568.

2178 5696 2205 5734 (ι
2235 5683 2434 5739 Baron.
2466 5684 2600 5740 ibid.
2629 5694 2683 5738 et
2710 5683 2819 5741 Til.
2852 5684 2987 5739 ibid.

2183 5766 2205 5795 τ
2238 5754 2399 5812 Sard.
2428 5755 2557 5813 Sac.
2585 5758 2641 5812 in
2672 5755 2823 5813 Eccl.
2862 5755 3040 5814 Calar.
3070 5772 3194 5830 pag.
3229 5760 3319 5816 75.

3183 5853 3263 5914 ΩΒ
