4148 6186
335 289 438 346 τωο

1719 292 2037 352 LUCIFERI
2081 294 2263 352 VITA.

3544 308 3653 365 750

334 404 378 456 si
396 400 715 457 Athanasius
733 407 993 460 communi
1014 408 1245 462 omnium
1261 407 1513 479 σπλῆνας]ἱο
1540 426 1565 463 e
1592 409 1763 463 medio
1783 427 1945 464 remo-
1976 422 2027 481 Α
2054 410 2231 466 clarat
2256 410 2275 447 ί
2326 414 2634 485 saepiusque
2679 416 2970 473 confirmat
2996 428 3050 485 8;
3089 434 3209 475 nam
3258 423 3469 477 verbum
3513 434 3659 482 tuum

333 504 555 561 veretur,
574 496 726 565 facile
737 512 792 550 se
803 497 1043 571 deinceps
1054 517 1113 554 ea
1134 517 1248 570 qtae
1263 501 1331 554 ad
1348 502 1646 572 religionem
1662 502 1939 570 pertinent,

337 604 433 660 pro
459 588 675 643 arbitrio
701 594 1102 647 constituturum
1132 611 1149 647 :
1174 606 1326 662 quam
1355 611 1520 648 veram
1544 595 1708 663 fuisse
1734 610 1942 648 causam

338 679 750 735 Mediolaneusis
765 681 985 737 Cancilii
1002 683 1119 753 ipse
1136 685 1420 741 confirmat
1438 700 1558 753 cap.
1574 686 1630 740 9.
1653 685 1766 739 Huc
1782 686 1945 754 igitur

339 772 655 837 referenda,
690 789 812 842 qua:
842 775 1061 831 Lucifer
1090 791 1236 846 saepe
1262 776 1579 833 Constantio
1610 777 1940 847 exprobrat,

336 863 629 919 subdolum
665 865 816 919 illum
864 881 1067 922 vocans
1094 868 1243 938 pacis
1283 876 1596 933 auctorem,
1633 884 1757 924 cum
1794 869 1944 936 pacis

336 972 397 1013 re
428 972 550 1012 vera
582 968 729 1015 esset
756 957 1017 1023 inimicus
1036 968 1097 1013 ιε
1122 959 1351 1026 Dixisti,
1382 960 1573 1015 Pacem
1602 964 1717 1015 volo
1744 958 1945 1029 ﬁrmari

336 1050 390 1103 in
418 1049 634 1118 imperio
664 1066 774 1103 meo
792 1092 804 1115 ,
835 1051 1049 1120 cupiens
1075 1052 1271 1106 violare
1295 1053 1350 1106 in
1392 1052 1537 1106 nobis
1566 1069 1743 1122 pacem
1774 1051 1938 1104 domi-

339 1144 541 1208 uicani;
570 1151 660 1198 et:
700 1144 765 1198 Si
791 1160 892 1197 non
920 1160 974 1197 es
1017 1154 1069 1197 tu
1112 1142 1443 1198 Constantius
1486 1144 1813 1215 Imperator,
1858 1144 1947 1213 qui

338 1236 556 1304 ﬁnxeris
576 1251 755 1306 parent
777 1245 823 1289 te
845 1236 1048 1305 facere;
1070 1246 1147 1301 et,
1178 1236 1344 1291 Nobis
1364 1236 1591 1302 dicebas,
1616 1236 1807 1290 Pacem
1826 1236 1945 1290 volo

343 1327 481 1395 ﬁeri.
511 1326 592 1382 Ita
615 1328 667 1381 in
690 1327 833 1383 libro
860 1328 926 1381 de
954 1344 1058 1381 non
1094 1329 1444 1382 conreniendo
1484 1345 1603 1381 cum
1645 1327 1946 1391 haereticis;

349 1430 518 1489 atque
544 1419 601 1473 in
628 1419 769 1473 libro
796 1435 810 1473 ι
843 1433 944 1487 pro
974 1417 1032 1473 S.
1058 1419 1363 1475 Athanasio
1385 1434 1507 1489 pag.
1541 1417 1611 1473 54
1634 1417 1755 1488 (col.
1782 1417 1942 1484 8i9):

347 1512 425 1567 Tu
449 1514 768 1583 paciscattsa
788 1523 835 1567 te
856 1514 1026 1583 facere
1042 1515 1369 1579 astruxeris;
1402 1523 1457 1567 ut
1485 1513 1822 1567 Athanasius
1841 1514 1949 1567 sci-

344 1604 477 1660 licet
491 1604 873 1660 demoretur:
894 1615 1004 1659 tum
1026 1607 1077 1660 in
1098 1606 1194 1660 lib.
1217 1608 1283 1661 de
1306 1622 1407 1659 non
1428 1608 1684 1674 parcendo
1709 1606 1763 1659 in
1781 1604 1947 1658 Deum

345 1697 773 1767 delinquentibus
793 1712 912 1768 pag.
942 1697 1051 1757 325
1082 1697 1208 1769 (col.
1232 1698 1363 1768 99%)
1396 1717 1409 1753 :
1436 1696 1663 1769 Fingens
1690 1714 1872 1765 pacem
1904 1708 1951 1751 te

2048 500 2314 573 (inquit),
2347 521 2436 575 per
2463 508 2599 575 quod
2626 508 2789 579 serpis
2818 519 2870 563 ut
2897 528 3099 581 cancer,
3132 514 3269 583 falso
3298 518 3472 585 fucata
3493 518 3659 573 scien-
3754 540 3763 547 ·

2048 596 2132 649 tia:
2176 605 2375 651 tumore
2420 601 2716 668 componis,
2750 607 3028 659 astruendo
3074 616 3121 660 te
3168 608 3400 663 omnibus
3444 611 3661 683 flagitiis

2049 688 2150 742 tuis
2200 689 2460 743 maculato
2508 690 2695 746 Edicto
2745 702 2829 747 tuo
2876 697 3182 763 rescissorc,
3228 716 3388 755 messe
3431 702 3663 758 omnium

2046 794 2319 845 errorum;
2353 792 2463 835 tum
2488 826 2500 849 ,
2542 782 2593 835 Ν
2599 784 2763 838 ovella
2795 796 2881 839 tua
2913 788 3217 857 pradicatio
3237 832 3253 858 ,
3285 802 3334 846 et
3360 808 3537 849 recens
3570 810 3654 849 re-

2048 872 2174 943 ligio
2210 875 2302 926 sub
2346 884 2597 945 prwtextu
2632 875 2785 931 Fidei
2818 879 3136 950 blasphemia
3168 883 3219 937 in
3252 885 3528 952 perniciem
3569 904 3659 941 sa.-

2050 961 2175 1018 latis
2205 975 2306 1019 tute
2347 982 2438 1034 per
2476 975 2523 1019 te
2552 966 2805 1035 prolata;
2844 984 2907 1024 ac
2937 986 3153 1026 rursum
3182 990 3195 1027 :
3230 972 3394 1029 Nisus
3435 992 3487 1029 es
3522 978 3663 1031 blas-

2014 1054 2306 1145 ‘phemiam
2335 1057 2677 1131 consacrilegi
2717 1061 2793 1113 tui
2832 1060 2944 1115 Arii
2972 1080 3059 1117 ore
3092 1066 3347 1134 prolatam
3395 1084 3533 1120 nunc
3574 1086 3664 1139 per

2047 1150 2298 1203 satellites
2348 1160 2464 1203 (nos
2494 1190 2507 1213 ,
2557 1168 2693 1205 nunc
2724 1154 2889 1208 edicto
2933 1164 3019 1209 tuo
3041 1198 3055 1222 ,
3085 1174 3223 1211 nunc
3264 1159 3534 1229 spiritibus
3563 1162 3664 1214 im-

2050 1243 2256 1295 mundis
2283 1245 2474 1313 referto
2502 1260 2591 1299 ore
2624 1254 2713 1298 tuo
2733 1248 3037 1316 prazdicare.
3066 1249 3222 1319 Quod
3246 1262 3425 1307 autem
3452 1253 3669 1310 Lucifer

2052 1334 2227 1390 Edicti
2260 1338 2477 1394 nomine
2511 1338 2648 1395 hanc
2680 1342 2969 1419 epistolam
3003 1345 3300 1416 significet,
3340 1356 3451 1402 tum
3482 1364 3671 1404 exem-

2051 1427 2139 1494 plu
2164 1427 2445 1485 Athanasii
2470 1434 2787 1501 conﬁrmari
2810 1444 3024 1505 potest,
3050 1437 3143 1509 qui
3172 1439 3383 1495 litteras
3411 1440 3663 1498 Praefecti

2052 1516 2356 1589 [Egyptide
2378 1520 2614 1593 Georgio
2648 1526 2699 1578 in
2731 1525 3017 1583 Athanasii
3054 1530 3221 1601 ipsius
3252 1532 3429 1599 locum
3466 1535 3671 1591 substi-

2055 1612 2257 1667 tnendo
2286 1614 2337 1669 in
2364 1618 2600 1687 speciem
2637 1619 2813 1675 Edicti
2848 1625 3155 1693 propositas
3188 1625 3354 1681 fuisse
3386 1628 3577 1683 scribit
3604 1628 3674 1683 ad

2055 1705 2437 1774 Orthodoxos,
2488 1710 2756 1779 siquidem
2809 1712 2891 1767 hae
2934 1714 3133 1771 littera:
3183 1718 3250 1772 ad
3300 1734 3505 1775 annum
3562 1722 3670 1779 356

348 1792 588 1860 ﬁrmare,
619 1801 835 1845 concuss
862 1795 1041 1861 fueras
1066 1794 1134 1845 ad
1161 1808 1360 1847 omnem
1393 1790 1494 1846 Dei
1536 1792 1823 1845 Ecclesium
1866 1792 1954 1846 de—
1984 1812 2031 1871 Β
2060 1795 2369 1851 referantur
2417 1814 2540 1853 cum
2588 1800 2754 1872 Pagio
2782 1812 2841 1871 et
2891 1804 3111 1860 Valesio
3138 1805 3164 1842 δ
3216 1817 3405 1864 contra
3448 1810 3671 1866 Baronii

344 1885 647 1940 struendam
660 1900 680 1948 ;
703 1900 821 1954 qua:
841 1886 1023 1941 omnia
1045 1895 1198 1941 certe
1219 1886 1624 1941 Mediolanense
1651 1885 1953 1940 Concilium

346 1990 624 2051 spectant,
667 1983 825 2053 cujus
872 1982 1081 2038 nefaria
1112 1993 1263 2053 gesta
1307 1982 1524 2038 Lucifer
1559 1984 1610 2036 in
1655 1984 1769 2036 suis
1802 1982 1958 2037 libris

346 2077 603 2134 omnibus
635 2079 940 2147 saepissime
972 2078 1311 2147 perstringit.
1342 2077 1532 2147 Neque
1560 2092 1620 2130 ea
1655 2077 1719 2130 ad
1755 2073 1957 2130 Arimi-

347 2185 572 2226 nensem
620 2172 903 2243 Synodum
951 2172 1142 2227 referri
1191 2181 1456 2241 possunt,
1498 2186 1617 2225 cum
1668 2171 1755 2224 illa
1805 2172 1957 2239 pacis

349 2266 483 2319 item
513 2266 741 2321 obtentu
786 2281 816 2319 a
843 2264 1168 2320 Constantio
1201 2275 1388 2334 postea
1422 2265 1584 2320 fuerit
1629 2263 1828 2318 indicta
1850 2306 1863 2328 ,
1900 2272 1959 2317 nt

346 2356 693 2412 Sozomenus
720 2356 749 2395 ι’
780 2367 835 2413 et
861 2356 1119 2413 Socrates
1150 2368 1172 2397 ο
1200 2366 1492 2423 testantur,
1528 2358 1623 2412 sed
1659 2358 1784 2412 ﬁcto
1812 2373 1957 2412 sem-

347 2465 446 2519 per
477 2460 532 2505 et
569 2452 761 2522 iniquo
801 2452 1187 2509 hzereticormn
1220 2453 1453 2508 consilio
1487 2470 1498 2506 :
1544 2452 1763 2508 Lucifer
1807 2452 1954 2507 cnim

349 2557 409 2599 se
438 2544 488 2597 id
516 2560 547 2599 a
566 2545 891 2599 Constantio
920 2545 1137 2601 audisse
1166 2545 1434 2611 affirmat,
1466 2544 1651 2599 Pacem
1678 2546 1791 2599 volo
1818 2545 1953 2615 ﬁeri,

349 2650 473 2689 eum
525 2651 722 2708 nempe
760 2635 995 2707 Legatus
1038 2637 1319 2691 Pontificis
1360 2635 1609 2691 Concilio
1658 2645 1955 2706 prmessct;

353 2739 409 2784 et
433 2728 687 2785 Liberius
715 2730 780 2785 ad
816 2731 1130 2786 Luciferum
1161 2731 1413 2787 scribens
1445 2731 1628 2800 paullo
1661 2740 1782 2799 post
1813 2730 1955 2784 idem

353 2822 654 2879 Concilium
677 2823 804 2878 hinc
824 2824 1117 2895 epistolam
1141 2824 1431 2880 exorditur
1450 2840 1573 2895 pag.
1588 2824 1625 2877 2
1642 2822 1768 2896 (col.
1796 2822 1953 2894 766):

355 2912 603 2980 Quamvis
623 2915 719 2970 sub
739 2916 969 2987 imagine
990 2917 1134 2989 pacis
1154 2916 1370 2971 humani
1386 2918 1590 2990 generis
1614 2917 1855 2970 inimicus
1878 2932 1959 2970 ve-

352 3010 638 3064 hementius
655 3012 708 3063 in
734 3011 965 3065 membra
988 3011 1239 3067 Ecclesia
1259 3011 1496 3066 videatur
1517 3029 1629 3067 esse
1651 3022 1918 3084 grassatus
1936 3053 1951 3078 ,

352 3108 444 3157 ros
463 3112 658 3170 tamen,
675 3113 773 3157 etc.
792 3103 944 3159 Hanc
958 3104 1145 3176 itaque
1162 3104 1231 3159 ob
1248 3120 1469 3159 causam
1487 3105 1683 3175 duplex
1711 3103 1957 3159 Edictum

2058 1890 2413 1956 sententiam,
2438 1891 2531 1961 qui
2552 1893 2771 1948 easdem
2795 1895 2862 1949 de
2876 1894 3142 1968 Gregorio
3160 1898 3347 1955 itidem
3373 1900 3425 1955 in
3443 1902 3670 1959 Alexan-

2060 1980 2277 2037 drinam
2308 1984 2493 2039 sedem
2541 1985 2749 2042 infruso
2801 1991 3035 2059 scriptas
3065 1993 3369 2060 existimat,
3403 2005 3456 2050 ct
3488 1996 3541 2051 in
3574 2013 3675 2053 an-

2058 2089 2187 2129 num
2212 2075 2391 2144 rejicit
2411 2075 2549 2144 342;
2573 2088 2685 2133 tum
2712 2082 3037 2138 auctoritate
3058 2084 3375 2159 Hieronymi
3397 2089 3465 2143 de
3483 2088 3669 2159 Prato,

2057 2167 2151 2238 qui
2195 2168 2251 2223 in
2300 2180 2426 2226 nota
2467 2171 2693 2243 Sulpicii
2744 2177 3063 2233 testimonio
3099 2180 3343 2251 subjecta
3383 2182 3671 2239 nobiscum

2057 2264 2370 2329 consentit;
2422 2276 2532 2319 tum
2581 2266 2821 2337 denique
2870 2270 3019 2340 quod
3054 2271 3195 2326 idem
3242 2272 3506 2330 Luciferi
3552 2291 3582 2331 a
3614 2293 3673 2332 se

2057 2355 2283 2427 suisque
2311 2357 2537 2435 collegis
2574 2359 2861 2431 Episcopls
2907 2362 3039 2417 illud
3089 2374 3461 2435 contemptum
3507 2367 3677 2425 fuisse

2055 2446 2202 2501 dicat
2228 2464 2240 2500 :
2271 2446 2411 2503 Bene
2440 2466 2519 2502 me
2544 2451 2867 2521 petulantem
2895 2452 3126 2521 diceres,
3159 2456 3204 2509 si
3232 2472 3334 2511 non
3363 2466 3499 2512 recte
3526 2474 3671 2512 cum-

2059 2541 2440 2607 tempsissemus
2469 2544 2781 2615 sacrilegum
2807 2544 3057 2600 Edictum
3078 2558 3260 2616 tuum;
3282 2550 3447 2622 idque
3472 2551 3676 2608 Medio-

2059 2628 2167 2684 lani
2184 2630 2239 2685 in
2256 2631 2470 2687 Palatio
2488 2645 2671 2689 actum
2693 2644 2830 2691 testa
2843 2647 2929 2692 tur
2946 2638 3000 2691 in
3019 2639 3160 2695 libro
3178 2640 3438 2697 Moriend.
3456 2660 3563 2699 esse
3580 2662 3674 2714 pro

2060 2719 2172 2775 Fil.
2198 2722 2292 2778 Dei
2315 2740 2436 2795 pag.
2456 2724 2564 2781 244
2594 2727 2716 2799 (col.
2746 2729 2932 2799 1014),
2968 2746 3087 2785 cum
3119 2733 3349 2790 dixisset
3369 2736 3639 2807 judicibus
3658 2781 3672 2804 ,

2058 2814 2383 2873 Constantio
2402 2820 2511 2873 velo
2531 2822 2685 2874 misso
2706 2820 2973 2890 audiente,
2994 2825 3137 2893 quod
3153 2826 3273 2881 licet
3288 2830 3469 2883 omnia
3500 2830 3571 2884 im
3582 2846 3675 2902 pe.

2061 2908 2125 2962 rii
2144 2923 2293 2962 arma
2320 2910 2372 2964 in
2396 2926 2457 2966 se
2477 2925 2715 2982 suosque
2734 2926 3219 2980 converterentur.
3238 2920 3396 2974 veluti
3419 2923 3472 2976 in
3502 2926 3639 2977 sacri
3653 2952 3672 2963 -

2059 3000 2159 3085 legi
2179 3001 2365 3057 decreti
2386 3015 2782 3075 contemptores,
2805 3024 3094 3081 numquam
3116 3030 3146 3069 e
3171 3016 3451 3085 proposito
3474 3018 3673 3073 Catho—

2060 3079 2181 3148 licae
2216 3092 2370 3150 Fidei
2416 3096 2632 3152 tuenda:
2670 3079 3011 3157 recessisset.
3042 3079 3185 3161 llazc
3209 3079 3391 3162 autem
3411 3152 3424 3175 ,
3455 3126 3574 3184 qua:
3606 3112 3676 3167 de

356 3198 638 3265 comperio
662 3196 829 3252 mum
853 3211 879 3249 τι
903 3195 1226 3254 Constantio
1250 3216 1263 3252 ε
1290 3200 1520 3254 anei-um
1544 3214 1650 3269 quo
1676 3197 1964 3268 Episcopi,
1995 3191 2042 3254 ρ
2074 3184 2317 3255 Epistula
2344 3229 2357 3253 ,
2391 3203 2489 3243 seu
2518 3189 2716 3245 Edicto
2741 3192 3049 3249 Constantii
3079 3196 3220 3251 dicta
3247 3211 3373 3252 sunt
3391 3241 3405 3265 ,
3443 3200 3681 3257 Hilarius

362 3290 457 3360 qui
488 3304 516 3343 a
539 3288 793 3345 Concilio
817 3289 1079 3355 aberant,
1107 3290 1246 3359 jussi
1278 3300 1403 3345 sunt
1434 3290 1783 3346 subscribere
1811 3290 1968 3344 Aria-

358 3398 555 3439 norum
582 3384 635 3439 in
659 3385 1009 3441 Athanasium
1040 3386 1331 3441 sententiae
1352 3402 1367 3451 ;
1391 3385 1533 3456 quod
1564 3385 1630 3439 ab
1657 3386 1776 3455 ipso
1798 3384 1967 3440 Atha-

360 3474 518 3528 nasio
552 3473 794 3528 innuitur
820 3491 831 3526 :
867 3473 1005 3538 Quot
1033 3473 1281 3546 (inquit)
1311 3472 1592 3544 EpiscOpi,
1622 3481 1773 3544 prout
1803 3473 1856 3526 in
1877 3488 1964 3527 sa-

359 3566 461 3620 cris
502 3566 689 3621 litteris
736 3575 839 3633 est,
872 3567 940 3620 ad
967 3567 1215 3637 prtesides
1241 3576 1288 3621 et
1317 3583 1463 3637 reges
1493 3566 1705 3620 abducti
1736 3575 1854 3619 sunt
1876 3606 1889 3629 ,
1922 3575 1969 3619 et

356 3674 388 3710 a
408 3656 682 3729 judicibus
707 3657 843 3712 hanc
869 3663 1171 3713 sententiam
1184 3658 1487 3722 audierunt,
1514 3658 1616 3711 Aut
1642 3656 1963 3721 subscribite,

361 3760 452 3804 aut
479 3751 544 3804 ab
569 3748 817 3806 Ecclesiis
845 3751 1098 3816 recedite;
1126 3750 1327 3806 detrahi
1352 3752 1487 3806 enim
1514 3768 1602 3806 vos
1630 3750 1693 3804 ab
1720 3750 1970 3805 Ecclesiis

367 3839 661 3913 Imperator
679 3841 889 3914 jussit"
919 3860 938 3897 :
962 3852 1017 3897 at
1044 3842 1111 3897 de
1142 3842 1243 3897 hoc
1263 3842 1483 3898 Lucifer
1505 3842 1727 3898 minime
1755 3842 1966 3908 scribit,

363 3933 568 4004 quippe
615 3932 924 4003 hujusmodi
971 3949 1095 3989 esse
1131 3936 1433 4003 significat,
1480 3943 1537 3989 ut
1584 3949 1777 3989 novam
1814 3933 1971 3989 Fidei

368 4026 658 4082 formulam
700 4028 1207 4098 complecteretur:
1256 4030 1488 4085 alterum
1536 4044 1701 4095 vero,
1748 4030 1891 4100 quod
1940 4045 1971 4084 a

361 4120 609 4193 Sulpicio
646 4120 853 4179 Severo
889 4122 1142 4195 Epistoltv
1198 4126 1420 4180 nomine
1469 4133 1711 4179 notatum
1762 4130 1873 4190 cst;
1917 4131 1973 4178 et

365 4226 451 4272 est
482 4214 647 4282 illud,
678 4216 823 4282 quod
862 4216 1079 4272 Lucifer
1121 4216 1419 4287 spectavit,
1460 4232 1582 4270 cum
1628 4231 1761 4271 suos
1800 4216 1973 4270 libros

367 4316 758 4377 componeret,
806 4310 1011 4379 cuique
1056 4311 1299 4380 apprime
1349 4310 1714 4375 conveniunt,
1761 4325 1881 4379 qua:
1917 4311 1973 4365 in

367 4399 501 4455 illud
538 4415 567 4453 a
603 4398 857 4455 Lucifero
887 4400 1097 4472 ingesta
1143 4402 1415 4472 leguntur.
1448 4401 1645 4455 Narrat
1671 4400 1816 4456 enim
1855 4401 1978 4456 Sul-

2072 3293 2290 3350 quoque
2316 3281 2369 3335 in
2391 3282 2573 3337 animo
2594 3284 2849 3352 habebat,
2871 3302 2992 3341 cum
3018 3304 3079 3343 ea
3106 3289 3389 3359 scripsiti,
3411 3304 3679 3362 qumattu-

2070 3371 2237 3425 limus
2258 3373 2311 3426 in
2333 3382 2461 3428 nota
2482 3376 2723 3446 subjecta
2744 3392 2866 3447 pag.
2889 3379 2953 3432 17
2980 3378 3103 3450 (col.
3134 3378 3262 3450 780)
3290 3381 3448 3454 hujus
3475 3383 3671 3440 editio-

2073 3464 2177 3527 nis,
2193 3474 2247 3517 et
2265 3480 2388 3534 qua:
2410 3464 2687 3522 Pratensis
2706 3483 2773 3522 ex
2790 3468 2982 3524 eodem
3005 3470 3125 3524 loco
3146 3472 3199 3525 in
3220 3473 3385 3527 aliam
3406 3474 3473 3529 ad
3493 3475 3677 3547 Sulpi-

2071 3559 2215 3610 cium
2250 3560 2586 3614 notationem
2633 3561 2955 3616 transtulit:
2997 3562 3160 3617 Antea
3200 3566 3334 3619 enim
3366 3568 3417 3619 in
3462 3567 3681 3624 obscuro

2070 3659 2223 3719 atque
2251 3651 2305 3704 in
2333 3652 2539 3724 angulis
2570 3651 2832 3708 Dominus
2862 3652 3095 3711 Christus
3128 3656 3224 3713 Dei
3250 3676 3361 3714 esse
3400 3664 3683 3718 secundum

2073 3753 2313 3797 naturam
2352 3741 2531 3799 Filius
2574 3746 2877 3818 negabatur,
2918 3758 2965 3801 et
2994 3752 3232 3805 essentia:
3259 3752 3410 3823 inops
3452 3765 3683 3824 paterna:

2072 3838 2335 3906 accepisse
2382 3854 2497 3891 cum
2542 3840 2795 3893 creaturis
2833 3842 3088 3913 originem
3132 3857 3201 3896 ex
3229 3861 3331 3898 non
3363 3848 3685 3903 exstantibus

2076 3933 2476 4003 praedicabatur.
2520 3935 2586 3989 At
2614 3951 2732 3989 vero
2763 3952 2900 3989 nunc
2929 3937 3154 4007 publica:
3197 3942 3519 3996 auctoritatis
3561 3960 3683 4011 pro-

2074 4025 2299 4093 fessione
2343 4027 2555 4081 haeresis
2598 4042 2972 4099 prorumpens,
3022 4029 3077 4081 id
3105 4033 3244 4099 quod
3280 4042 3438 4087 antea
3486 4032 3684 4105 factum

2075 4133 2212 4171 nunc
2242 4135 2343 4172 non
2379 4119 2515 4172 clam
2554 4120 2744 4173 victria:
2798 4120 3136 4190 gloriabatur.
3186 4122 3253 4177 Et
3283 4122 3390 4179 huc
3432 4126 3683 4181 referunt

2076 4210 2303 4267 Maurini
2360 4212 2594 4283 Operam
2643 4213 2700 4269 S.
2756 4213 2947 4269 Hilarii
3001 4216 3242 4271 editores
3301 4219 3679 4276 testimonium

2074 4304 2310 4361 Luciferi
2340 4322 2405 4361 ex
2454 4307 2549 4361 lib.
2583 4306 2844 4362 Moriend.
2884 4326 3012 4375 esse,
3043 4319 3153 4365 etc.
3202 4313 3387 4380 paullo
3422 4315 3677 4384 superius

2078 4398 2426 4467 productum.
2479 4397 2623 4453 Sane
2654 4398 2853 4454 Ariana
2892 4398 3117 4453 hmt‘esis
3150 4410 3259 4456 tum
3294 4403 3472 4471 primo
3504 4403 3680 4473 Impe-

372 4492 551 4562 picius
576 4503 625 4559 ο,
659 4493 930 4563 epistolam
957 4510 986 4547 a
1025 4494 1253 4550 Valente
1279 4505 1332 4550 et
1360 4493 1592 4549 Ursacio
1631 4494 1724 4547 sub
1754 4494 1979 4560 impera-
2081 4501 2325 4545 ratorum
2369 4492 2695 4546 auctoritate
2740 4490 2877 4545 fulta
2921 4493 2971 4545 in
3018 4491 3409 4551 Mediolanensi
3459 4498 3682 4569 Synodo

369 4589 500 4642 toris
526 4588 732 4643 nomine
757 4588 1003 4642 emissam
1032 4589 1171 4642 omni
1201 4588 1451 4658 pravitate
1471 4591 1744 4658 refertam,
1766 4603 1828 4641 eo
1853 4603 1975 4640 con-
2000 4572 2051 4633 Ῐ)
2082 4583 2273 4639 victrix
2298 4584 2350 4638 in
2376 4582 2681 4638 Romanum
2709 4582 2909 4638 Orbem
2940 4585 3113 4653 palam
3139 4587 3341 4657 erupit,
3370 4606 3492 4659 qua:
3520 4601 3684 4650 antea

373 4681 526 4747 sitio,
558 4688 642 4746 at,
674 4679 719 4735 si
750 4695 778 4733 a
808 4681 1011 4751 populo
1040 4680 1394 4753 probaretur,
1439 4680 1646 4750 publica
1673 4680 1980 4734 auctoritate

374 4773 552 4845 cupita
571 4774 902 4845 proferrent;
922 4776 1002 4830 sin
1018 4776 1188 4843 aliter,
1214 4776 1379 4829 omnis
1399 4774 1596 4829 invidia
1617 4785 1743 4829 esset
1762 4775 1814 4828 in
1838 4790 1975 4844 rege,

372 4866 465 4938 qui
487 4865 735 4922 nondum
758 4867 1086 4937 baptismate
1116 4868 1315 4922 tinctus
1342 4866 1494 4922 Fidei
1526 4868 1782 4938 mysteria
1816 4880 1980 4922 nosse

377 4975 487 5016 non
528 4971 780 5031 poterat:
813 4961 1023 5018 Lectum
1062 4964 1117 5017 in
1158 4962 1373 5019 ecclesia
1418 4960 1710 5029 Epistulam
1756 4961 1982 5031 populus

376 5065 686 5111 amsatur:
717 5056 1034 5129 Dionysius,
1080 5057 1203 5128 quia
1247 5074 1349 5111 non
1392 5066 1521 5112 esset
1551 5072 1815 5122 assensus,
1858 5054 1982 5110 urbe

376 5148 609 5217 pellitur,
639 5160 737 5204 etc.
768 5150 939 5206 Porro
962 5165 1123 5220 quam
1152 5150 1345 5205 callide
1372 5150 1575 5221 scripta
1599 5150 1759 5206 fuerit
1777 5192 1792 5215 ,
1818 5165 1977 5220 quam

376 5253 597 5316 compte
616 5255 674 5301 et
698 5255 912 5309 ornate,
938 5258 1050 5302 tum
1078 5246 1209 5317 quid
1238 5246 1327 5300 illa
1351 5246 1654 5301 contineret
1676 5244 1901 5315 impium
1924 5253 1980 5299 et

376 5338 762 5410 btasphemum
794 5338 848 5394 in
873 5339 1214 5396 Catholicam
1247 5338 1466 5407 Fidem,
1496 5337 1713 5394 Lucifer
1747 5338 1861 5408 ipse
1887 5337 1983 5392 de-

456 5485 481 5511 ίι
510 5472 631 5529 Lib.
667 5474 730 5539 de
757 5492 859 5529 non
906 5490 1051 5529 conv.
1087 5489 1203 5528 cum
1233 5474 1414 5533 lueret.
1462 5488 1581 5544 pag.
1612 5474 1645 5530 9
1678 5480 1733 5528 et
1762 5470 1830 5528 12
1859 5468 1981 5542 (col.

381 5544 489 5601 773
515 5558 561 5600 et
588 5545 740 5617 ηδ).
1146 5558 1152 5567 ·

454 5618 485 5658 ι)
515 5617 614 5673 Lib
638 5616 771 5673 4.70.
805 5619 895 5673 17.

461 5700 483 5728 ο
514 5687 635 5744 Lib.
665 5688 701 5741 2
727 5703 776 5743 c.
807 5690 898 5745 57.

461 5841 484 5868 θ
624 5867 638 5886 ο
713 5870 726 5885 ι
811 5848 825 5887 ι
888 5869 902 5887 ο
973 5848 999 5887 a

624 5867 638 5886 ο
670 5848 726 5885 ἲ.
759 5848 902 5887 ωδι.
929 5848 1088 5887 δθοτ.

2078 4691 2187 4734 ηοη
2234 4685 2343 4732 tuta
2394 4677 2526 4732 satis
2575 4691 2696 4732 sese
2752 4684 2871 4730 astu
2921 4686 2975 4732 et
3025 4677 3216 4735 fraude
3248 4682 3492 4751 tegebat;
3534 4686 3683 4757 quod

2078 4785 2227 4839 saepe
2244 4769 2300 4824 in
2321 4769 2698 4825 Constantium
2723 4768 2941 4825 Lucifer
2962 4770 3189 4842 ingerit,
3215 4773 3334 4843 ejus
3353 4778 3561 4834 scilicet
3582 4780 3683 4835 im-

2082 4864 2239 4935 perio
2253 4873 2308 4919 et
2329 4865 2569 4936 potentia
2584 4863 2845 4919 Arianum
2869 4866 3015 4920 virus
3040 4866 3091 4921 in
3112 4882 3304 4926 omnes
3324 4879 3483 4928 terra:
3502 4885 3684 4944 partes

2084 4957 2253 5013 fuisse
2272 4955 2550 5012 diffusum.
2570 4956 2837 5026 Superest
2856 4957 3265 5029 inquirendum,
3283 4974 3461 5020 utrum
3484 4965 3586 5022 huc
3601 4982 3687 5022 re-

2084 5053 2228 5109 ferre
2250 5067 2465 5123 quoque
2486 5060 2741 5121 oporteat
2772 5051 2915 5107 aliud
2946 5054 3183 5112 Luciferi
3219 5060 3395 5113 nostri
3434 5060 3682 5115 testimo-

2082 5146 2232 5203 nium
2252 5162 2315 5202 ex
2338 5146 2478 5202 libro
2500 5147 2562 5200 de
2587 5163 2691 5200 non
2713 5162 2924 5215 parcen.
2949 5148 3003 5201 in
3025 5146 3194 5204 Deum
3222 5150 3413 5218 delinq.
3430 5166 3553 5222 pag.
3578 5152 3686 5209 172

2086 5240 2210 5313 (cal.
2227 5238 2377 5310 940),
2402 5240 2544 5310 quod
2570 5251 2654 5295 est
2683 5240 2987 5312 ltujusmodi
3008 5259 3019 5293 :
3040 5242 3269 5314 Negabis
3295 5252 3342 5297 te
3368 5244 3437 5296 ad
3464 5245 3689 5301 idolola-

2082 5336 2233 5389 triant
2257 5336 2499 5391 invitasse
2524 5351 2615 5390 nos
2639 5334 3068 5407 suscipiendam?
3091 5336 3151 5390 Si
3174 5350 3348 5390 censes
3372 5339 3689 5407 negandum,

2171 5467 2189 5507 ί
2225 5470 2343 5527 Lil).
2378 5472 2441 5524 de
2472 5486 2575 5524 non
2602 5486 2749 5524 conv.
2782 5486 2898 5524 cum
2926 5468 3104 5524 Itazret.
3173 5487 3200 5526 a
3245 5513 3258 5527 .
3290 5474 3355 5529 17
3383 5474 3504 5544 (col.
3537 5476 3687 5547 780).

2171 5551 2192 5587 Β
2224 5541 2301 5595 Id.
2329 5543 2380 5596 in
2407 5542 2502 5596 lib.
2530 5538 2857 5593 Moriendum
2882 5556 2988 5592 esse
3012 5558 3105 5596 pro
3268 5542 3384 5596 Dei.
3412 5560 3533 5596 nae.
3560 5547 3685 5596 24L

2168 5551 2199 5618 ξ,
2224 5541 2380 5618 Ill-in
2402 5542 2502 5618 lib:
2530 5538 3105 5618 iterienslsrs.€s§£er_o
3130 5538 3240 5596 W-
3268 5538 3533 5618 υυίίριιςο
3560 5538 3689 5618 241,

2094 5611 2219 5684 ‘245.
2254 5611 2353 5667 aet
2393 5609 2891 5684 (colg.10ll,l_0l5,
2928 5611 3127 5684 iQ5t).~

2167 5682 2194 5760 1}
2228 5684 2328 5760 Lib
2359 5680 2412 5760 1ξ
2440 5682 2668 5737 Observ.
2701 5680 2929 5760 ad_t0t_n.
2962 5682 3015 5743 2.
3054 5680 3259 5760 Script.
3296 5686 3444 5752 Eccl.
3478 5689 3619 5747 Hist.

2177 5754 2188 5832 ξ
2380 5753 2442 5832 de
2471 5769 2572 5832 non
2599 5768 2739 5832 pare.
2772 5751 3019 5832 inpensa
3048 5751 3245 5829 delinq.
3280 5751 3403 5832 pag.
3438 5759 3560 5819 198.

2172 5829 2185 5875 t
2226 5825 2345 5881 Lib.
2376 5824 2444 5881 de
2474 5822 2681 5895 Synod.
2715 5836 2773 5881 ιι.
2803 5823 2901 5881 78.
