4148 6186
505 239 607 296 751

1513 234 1818 315 LUCIFER
1859 233 2233 295 EPISCOPUS
2274 233 2782 295 CALARITANUS.

3703 240 3814 298 75%

496 357 798 411 convincent
820 361 867 408 te
896 353 1240 423 expositiones
1262 358 1413 407 secta:
1434 361 1537 407 tua:
1560 352 1941 425 Episcoporum
1965 370 2102 407 com-
2127 356 2184 417 Α
2208 362 2333 419 tur;
2364 369 2488 410 nam
2516 367 2572 409 et
2598 352 2961 410 Ariminensis
2978 396 2992 421 ,
3025 362 3082 412 et
3106 354 3471 412 Seleucieusis
3492 397 3505 421 ,
3532 355 3647 413 sive
3670 358 3811 413 Aca-

499 446 916 517 blaspltemorum
957 444 1190 498 videlicet
1232 454 1475 510 tuorum,
1515 446 1814 499 convincent
1858 456 1904 499 te
1943 444 2104 500 libelli

493 540 700 593 recitati
722 556 752 591 a
779 549 854 604 te,
879 554 940 591 ac
970 538 1078 591 dati
1108 537 1291 592 ante
1316 536 1590 608 Episc0pis
1616 539 1769 592 etiam
1793 537 2100 604 Cat/tolicis,

491 632 565 686 ad
595 631 693 685 hoc
730 630 964 685 videlicet
986 674 998 694 ,
1034 641 1089 685 ut
1134 632 1274 686 omni
1319 633 1374 684 in
1406 632 1520 685 loco
1552 640 1643 685 tua
1668 632 1906 686 roborari
1935 641 2105 701 posset

493 724 837 794 blasphemia.
863 723 990 779 l-laac
1020 722 1259 779 Luciferi
1284 723 1451 779 verba
1480 725 1705 794 protulit
1736 714 1944 778 Anetor
1975 722 2101 777 Dia-

490 818 689 873 tribtel
707 818 775 873 de
791 818 960 889 geSIis
975 817 1180 873 Liberii
1206 816 1792 887 przepositteOperibus
1805 816 1864 872 S.
1886 815 2099 870 Damasi

488 912 743 985 §10pag.
763 912 863 967 117
884 911 1011 981 (col.
1028 910 1260 980 320),ex
1282 910 1377 966 lib.
1398 911 1519 965 scil.
1536 910 1712 980 primo
1732 924 1833 978 pro
1855 908 1913 965 S.
1932 907 2103 961 Atha-

486 1008 651 1061 nasio
683 1023 697 1059 :
727 1005 818 1075 qui
852 1003 1006 1059 locus
1034 1002 1335 1058 correctior
1364 1017 1393 1054 a
1425 1001 1585 1057 nobis
1612 1000 1749 1055 infra
1786 999 2096 1055 exhibetur.

489 1096 542 1153 Is
582 1110 750 1167 porro
779 1103 974 1149 auctor
1014 1102 1263 1149 autumat
1292 1093 1697 1147 Ariminensem
1725 1133 1739 1159 ,
1784 1107 1880 1147 seu
1922 1090 2100 1162 potius

486 1188 819 1245 Acacianant
865 1186 1154 1242 formulam
1186 1186 1255 1240 ab
1296 1184 1546 1241 Lucifero
1592 1184 1678 1238 hic
1723 1183 2097 1254 designatam,

485 1284 965 1355 signiﬁcatamque
1017 1280 1215 1347 fuisse;
1263 1289 1319 1335 et
1366 1280 1681 1350 opinionem
1733 1275 2101 1348 rejicit'l'ille-

482 1377 683 1433 montii
706 1420 720 1445 ,
753 1377 843 1448 qui
889 1376 1166 1432 existimat
1190 1384 1237 1439 α,
1272 1372 1586 1429 Luciferum
1618 1371 1670 1426 id
1711 1370 2001 1442 scripsisse
2032 1369 2100 1425 de

484 1467 749 1525 Formula
800 1467 1090 1524 Sirmiensi
1120 1467 1246 1520 anni
1279 1466 1408 1531 557,
1438 1478 1545 1534 quo
1576 1478 1720 1517 anno
1746 1461 2099 1517 Constantius

483 1563 678 1621 Romae.
702 1562 822 1629 fuit,
847 1561 1037 1630 ibique
1054 1562 1131 1613 ait
1156 1559 1404 1615 libellum
1431 1558 1499 1612 ab
1522 1558 1765 1628 Augusto
1786 1557 2096 1622 recitatum,

480 1671 587 1728 per
609 1657 798 1711 urbem
827 1667 1078 1723 sparsum
1104 1693 1118 1719 ,
1146 1660 1202 1707 et
1224 1649 1519 1706 Catholicis
1541 1649 1829 1719 Episcopis
1853 1649 2095 1705 oblatum

2208 446 2364 502 ciana
2386 446 2666 512 Formula,
2696 460 2831 515 quas
2854 446 2972 501 vult
3002 461 3032 501 a
3065 447 3322 503 Lucifero
3345 447 3576 503 indicari
3594 490 3608 512 ,
3634 450 3813 506 adhuc

2207 538 2597 612 promulganda
2629 548 2779 605 erat;
2825 548 2881 595 et
2918 538 3141 609 quidem
3196 540 3458 596 trienniO'
3489 550 3613 611 post
3649 541 3813 599 edita:

2205 633 2457 699 fuerunt,
2481 632 2528 687 si
2549 648 2673 688 cum
2712 633 2935 688 Petavio
2971 648 3175 689 annum
3200 633 3304 690 556
3331 634 3543 689 tribuas
3566 634 3812 692 Romano

2204 727 2509 783 Constantii
2543 726 2852 797 triumpho;
2887 738 3008 796 post
3034 726 3312 783 biennium
3342 742 3508 792 vero,
3535 728 3584 783 si
3617 729 3810 783 trium.

2204 820 2369 890 phum
2401 819 2554 875 illum
2581 819 2800 890 rejicias
2832 819 2885 874 in
2914 834 3118 875 annum
3144 819 3279 889 557,
3313 835 3437 876 cum
3472 820 3664 891 Pagio,
3701 822 3809 877 Va-

2203 916 2372 982 lesio,
2414 915 2669 985 aliisque.
2710 913 2985 971 Praeterea
3030 914 3401 970 Ariminensis
3437 930 3658 987 quoque
3702 914 3813 972 fur-

2202 1006 2347 1061 mula
2387 1006 2525 1060 clam
2567 1015 2623 1060 et
2658 1003 2847 1060 furtim
2878 1020 2909 1060 a
2940 1004 3170 1061 Valente
3206 1004 3457 1060 confecta
3486 1004 3704 1063 fuerat:
3741 1007 3811 1062 de

2200 1099 2536 1157 Seleucieusi
2595 1114 2727 1154 vero
2785 1097 3071 1154 condenda
3127 1109 3261 1169 quot
3312 1098 3456 1154 inter
3509 1098 3805 1155 haereticos

2203 1192 2506 1263 Episcopos
2534 1190 2761 1247 dissidia
2798 1202 2916 1247 orta
2939 1232 2952 1255 ,
2980 1200 3035 1247 et
3069 1191 3456 1247 contentiones
3482 1194 3679 1248 moue?
3709 1193 3804 1264 qui

2202 1283 2420 1338 tandem
2453 1282 2765 1338 Formulam
2798 1282 3202 1339 Ariminensem
3231 1282 3508 1355 suffragiis
3535 1285 3645 1339 suis
3672 1300 3804 1356 pro-

2199 1374 2495 1431 baverunt.
2534 1375 2723 1445 Neque
2763 1375 2848 1430 hte
2881 1386 3089 1431 tantum
3123 1377 3399 1433 Furmulze
3436 1387 3563 1448 post
3587 1378 3808 1450 scripta:

2200 1466 2420 1526 fuerunt
2439 1510 2455 1535 ,
2490 1484 2651 1540 quam
2681 1467 3037 1524 Constantius
3064 1469 3253 1524 Roma:
3295 1469 3514 1527 libellos
3545 1471 3669 1526 illos
3696 1472 3807 1527 dis-

2198 1563 2495 1618 seminavit
2532 1580 2544 1616 :
2596 1578 2719 1617 nam
2751 1571 2806 1618 et
2852 1562 3133 1617 Eudoxius
3179 1572 3453 1619 conventu
3500 1564 3806 1620 Antiochiae

2199 1653 2481 1709 celebrato
2519 1669 2610 1708 an.
2660 1654 2789 1721 558,
2823 1669 2929 1709 una
2960 1669 3084 1710 cum
3123 1654 3447 1726 Episcopis,
3490 1656 3583 1727 qui
3625 1656 3802 1712 eidem

480 1749 846 1821 Imperatoris
868 1748 1025 1819 jussu
1050 1788 1064 1813 ,
1097 1756 1155 1801 ut
1191 1760 1380 1801 eorum
1426 1744 1639 1799 animos
1682 1759 1747 1798 ac
1792 1742 2092 1798 sententias
2122 1733 2171 1794 Β
2198 1745 2443 1815 opinioni
2475 1745 2765 1812 favebant,
2796 1756 2852 1801 et
2895 1745 3086 1800 similis
3112 1746 3419 1801 substantia:
3448 1748 3767 1803 vocabulum
3787 1790 3802 1815 ,

482 1847 799 1917 exploraret
837 1844 906 1899 de
934 1842 1168 1897 formula
1200 1841 1289 1895 illa
1314 1839 1466 1895 Fidei
1501 1838 1686 1909 paullo
1724 1845 1844 1908 post
1889 1837 1943 1891 in
1973 1836 2089 1891 Sir-

480 1944 683 2000 miensi
730 1948 1003 1998 conventu
1038 1936 1387 2008 publicanda.
1419 1933 1528 1990 Sed
1558 1942 1845 2004 antequam
1880 1932 1932 1986 in
1976 1930 2091 1986 hare

481 2034 797 2107 diligentius
814 2032 1181 2103 inquiramus,
1197 2025 1739 2083 animadvertendum
1756 2023 2019 2095 est(quod
2038 2024 2090 2077 in

479 2129 629 2186 notis
645 2128 808 2183 etiam
829 2140 951 2195 pag.
972 2124 1046 2179 56
1063 2122 1187 2196 (col.
1203 2120 1331 2191 821)
1349 2121 1678 2181 monuimus,
1701 2118 1789 2172 ubi
1810 2118 2091 2186 corrigen-

479 2220 589 2277 dus
617 2233 806 2282 error,
840 2218 932 2286 qui
976 2231 1072 2285 per
1114 2210 1640 2269 inconsiderantiam
1684 2208 1929 2272 excidit,
1965 2222 2088 2262 cum

476 2314 819 2385 Hieronymo
841 2328 871 2366 a
892 2310 1053 2365 Prato
1074 2306 1336 2361 attributa
1359 2304 1523 2359 fuerit
1550 2302 1793 2357 Diatriha
1822 2300 1891 2355 de
1920 2301 2090 2371 gestis

476 2404 687 2462 Liberii
717 2401 1007 2473 praeposita
1035 2398 1307 2470 Operibus
1333 2396 1390 2452 S.
1420 2394 1636 2448 Damasi
1658 2390 1792 2463 PP.)
1818 2391 2086 2459 Perﬁdite,
2119 2413 2122 2416 ’

477 2494 852 2566 Blaspltemite,
882 2507 947 2549 ac
973 2490 1301 2546 Idololatrite
1316 2487 1537 2542 nomine
1555 2484 1848 2556 signiﬁcari
1871 2498 1901 2535 a
1932 2482 2089 2536 Luci-

479 2591 599 2647 fero
621 2587 940 2658 simpliciori
967 2600 1135 2642 sensu
1159 2581 1410 2638 haeresim
1438 2581 1607 2649 ipsam
1630 2578 1886 2631 Arianam
1910 2593 1924 2641 ;
1960 2576 2091 2631 licet

479 2684 710 2755 intelligi
732 2681 1059 2753 quandoque
1093 2687 1256 2749 queat
1278 2676 1431 2730 hisce
1454 2674 1678 2729 vocibus
1702 2670 1946 2725 Edictum
1978 2670 2086 2723 Me-

479 2778 805 2834 diolaneuse
825 2816 840 2841 ,
869 2774 939 2829 de
968 2786 1075 2843 quo
1104 2786 1226 2825 mox
1260 2769 1501 2824 diximus
1528 2784 1540 2819 :
1583 2765 1685 2820 hoc
1710 2779 1844 2819 vero
1872 2764 1923 2817 in
1969 2763 2088 2817 loco

479 2872 589 2926 tria
619 2877 748 2925 sunt
793 2864 1220 2936 distinguenda;
1256 2860 1583 2915 ldololatria:
1630 2873 1692 2912 ac
1737 2856 2087 2924 Blaspltemiw

478 2980 682 3028 voces,
715 2961 1080 3031 Expositiones
1116 2957 1493 3025 Episcoporum
1524 2954 1865 3017 Arianorum,
1908 2961 1960 3005 et
1992 2950 2085 3003 Li-

482 3059 608 3113 belli
652 3056 853 3110 recitati
897 3069 958 3105 ac
992 3052 1101 3105 dati
1148 3050 1327 3105 Romae
1371 3064 1403 3101 a
1449 3045 1766 3101 Constantio
1814 3043 2084 3116 Episc0pis

2199 1848 2254 1893 et
2282 1838 2750 1893 Consubstantialis
2775 1837 2941 1894 etiam
2974 1852 3165 1894 vocem
3191 1838 3384 1907 reiecit
3404 1881 3418 1906 ,
3453 1846 3513 1894 ut
3540 1841 3805 1896 Sozome-

2200 1946 2302 1985 nus
2331 1927 2603 1985 asscritd.
2652 1929 2795 1984 Nihil
2843 1939 3138 2000 propterea
3180 1933 3314 1985 certi
3360 1929 3523 1985 exiis
3562 1930 3806 1987 Luciferi

2198 2024 2381 2079 verbis
2402 2024 2662 2079 constitui
2688 2032 2907 2094 potest;
2930 2039 3051 2094 qua:
3075 2065 3088 2089 ,
3117 2032 3175 2078 ut
3198 2022 3340 2078 idem
3366 2032 3559 2079 auctor
3586 2025 3803 2092 scribit,

2195 2117 2511 2172 subobscura
2536 2116 2696 2170 videri
2725 2124 2931 2185 queunt
2958 2115 3134 2182 nobis,
3161 2116 3248 2185 qui
3274 2115 3336 2168 ab
3387 2115 3451 2170 iis
3482 2117 3804 2187 temporibus

2198 2210 2351 2283 longe
2392 2210 2661 2264 absumus.
2710 2208 2819 2264 Sed
2847 2218 2906 2262 ut
2934 2216 3121 2263 nostra
3153 2223 3373 2278 quoque
3402 2209 3671 2264 sententia
3705 2224 3805 2278 pa-

2197 2311 2339 2368 teat,
2384 2302 2464 2355 sic
2503 2301 2723 2370 quidem
2771 2302 3099 2364 statuimus,
3135 2298 3448 2354 Luciferum
3500 2314 3608 2353 non
3657 2299 3801 2353 hanc

2194 2395 2281 2451 vel
2314 2395 2461 2448 illam
2505 2394 2685 2464 potius
2715 2392 2867 2447 Fidei
2896 2391 3293 2463 Expositionem
3335 2394 3600 2459 innuero,
3634 2393 3803 2448 unice

2196 2498 2376 2545 autem
2408 2489 2748 2560 exprobrare
2774 2486 3098 2543 Constantio
3123 2529 3139 2555 ,
3168 2494 3301 2557 quot
3328 2502 3601 2558 quamque
3630 2487 3801 2542 variis

2194 2592 2322 2655 post
2365 2583 2774 2639 Mediolanense
2817 2582 3125 2638 Concilium
3159 2581 3317 2637 Fidei
3365 2580 3799 2653 Expositionibus

2194 2685 2424 2732 conatus
2468 2676 2637 2731 fuerit
2663 2675 2941 2732 Nicaanam
2988 2675 3175 2731 Fidem
3219 2675 3388 2745 impie
3416 2683 3697 2742 evertere,
3741 2685 3799 2731 et

2193 2771 2448 2825 Arianam
2493 2770 2864 2840 blasphemiam
2904 2770 2959 2823 in
2999 2772 3141 2824 omni
3184 2770 3297 2824 loco
3335 2771 3616 2836 roborare;
3649 2771 3795 2841 quod

2190 2879 2408 2918 rursum
2440 2864 2495 2918 in
2526 2864 2666 2918 libro
2698 2862 2921 2918 Morien.
2955 2879 3066 2918 esse
3093 2879 3185 2932 pro
3216 2860 3265 2915 F
3269 2864 3330 2917 il.
3359 2862 3451 2918 Dei
3475 2861 3800 2920 Constantio

2190 2956 2407 3027 objicit,
2460 2958 2536 3011 uti
2586 2956 2658 3012 ibi
2710 2956 3066 3013 advertimus.
3114 2956 3312 3012 Libelli
3358 2965 3540 3013 autem
3591 2957 3659 3011 ab
3698 2957 3795 3012 illo

2190 3047 2378 3103 Roma:
2403 3049 2642 3116 recitati,
2672 3058 2727 3105 et
2748 3049 2858 3104 dati
2891 3051 3054 3103 etiam
3085 3048 3390 3104 Catholicis
3418 3048 3731 3118 Episcopis,
3758 3048 3793 3103 ii

483 3148 786 3204 Catholicis.
818 3142 1165 3212 Blasphemiw
1187 3144 1370 3211 itaque
1393 3154 1455 3194 ac
1475 3137 1800 3193 Idololatriaz
1820 3151 1981 3191 voces
2008 3135 2090 3203 ip-
2115 3124 2160 3188 C
2195 3140 2443 3211 profecto
2473 3142 2711 3207 fuerunt,
2736 3155 2875 3211 quos
2901 3140 2952 3195 in
2974 3140 3170 3197 eodem
3200 3140 3343 3195 libro
3364 3142 3426 3196 de
3452 3157 3557 3195 mm
3578 3158 3789 3213 ραγεεη,

481 3258 599 3299 sam
632 3240 743 3295 Arii
773 3238 1025 3296 haeresim
1057 3234 1302 3290 indicant
1323 3274 1336 3297 ,
1370 3248 1532 3303 quam
1561 3230 1910 3286 Constantius
1936 3228 2088 3283 robo-

481 3337 592 3389 rari
615 3336 672 3388 in
693 3333 835 3387 omni
865 3332 1013 3396 loco,
1045 3339 1099 3385 et
1129 3328 1329 3397 suscipi
1362 3326 1430 3381 ab
1461 3324 1714 3379 omnibus
1742 3323 1960 3378 volebat
1988 3337 2087 3393 per

478 3427 714 3483 Arianae
745 3423 896 3478 Fidei
922 3421 1332 3493 expositiones,
1366 3428 1423 3474 et
1450 3418 1763 3473 libellorum
1790 3417 2083 3487 impiorum

477 3533 582 3589 ope
601 3559 616 3583 ,
637 3532 776 3588 quos
805 3515 996 3569 Romae
1022 3513 1327 3584 prtesertim
1351 3511 1516 3582 jussit
1542 3508 1782 3581 dispergi
1809 3528 1820 3561 :
1850 3520 1903 3563 et
1937 3517 2085 3564 recte

479 3612 707 3683 quidem
730 3624 929 3665 novum
964 3606 1291 3663 idololatriae
1312 3620 1482 3676 genus
1508 3605 1711 3659 Ariaua
1739 3602 1963 3658 haeresis
1984 3642 1998 3667 ,
2030 3609 2085 3656 et

477 3707 786 3765 idololatrae
807 3703 994 3761 Ariani
1017 3702 1148 3758 dicti
1180 3712 1306 3758 sunt
1335 3700 1403 3755 ab
1426 3698 1546 3754 aliis
1571 3698 1822 3755 Patribus
1843 3696 2085 3752 Athana-

474 3804 593 3869 sio,
624 3800 858 3866 Basilio,
890 3797 1156 3868 Gregorio
1186 3807 1451 3865 utroque,
1482 3794 1826 3850 Nazianzeno
1856 3806 1920 3846 ac
1945 3789 2084 3861 Nys-

474 3911 637 3962 seno,
661 3904 719 3951 et
734 3893 947 3967 Cyrillo
971 3892 1370 3957 Alexandrino,
1397 3889 1523 3959 quia
1542 3930 1556 3952 ,
1583 3896 1642 3942 ut
1661 3902 1726 3943 ex
1751 3887 1817 3942 iis
1838 3882 2083 3939 animad-

476 3989 648 4045 vertit
681 3986 935 4042 Petavius
962 3984 989 4022 ι)
1009 4026 1023 4047 ,
1053 4000 1201 4050 eum,
1248 3999 1398 4050 quem
1432 3989 1720 4035 creaturam
1754 3977 2079 4048 fatebantur,

475 4082 697 4136 adorare
728 4089 899 4131 tamen
934 4092 1043 4130 sese
1083 4076 1349 4139 dicerent,
1382 4073 1520 4126 unde
1556 4070 1689 4124 nihil
1724 4087 1755 4123 a
1788 4067 2082 4123 Gentilibus

476 4170 747 4238 differrent
779 4184 797 4222 :
834 4166 1055 4222 nomine
1095 4175 1274 4219 autem
1323 4162 1654 4231 blasphemia:
1694 4176 1802 4215 non
1830 4174 1937 4214 una
1967 4159 2082 4214 Sir-

2187 3235 2242 3288 in
2284 3232 2454 3287 Deum
2498 3233 2688 3303 delinq.
2736 3249 2862 3303 pag.
2905 3233 3012 3289 2‘20
3051 3232 3176 3305 (col.
3219 3231 3793 3304 990)-c0mmemorat

2187 3324 2339 3381 hisce
2353 3325 2561 3381 verbis:
2582 3325 2847 3392 Quantum
2863 3326 3006 3389 apud
3023 3334 3072 3379 te
3088 3332 3181 3390 est,
3202 3323 3467 3378 tradidisti
3484 3340 3620 3388 eum,
3637 3323 3686 3379 id
3706 3333 3791 3379 est

2186 3418 2382 3475 Filium
2411 3420 2505 3475 Dei
2529 3459 2543 3482 ,
2573 3420 2637 3472 de
2665 3435 2767 3488 quo
2797 3428 2843 3471 et
2876 3418 3034 3472 libros
3059 3419 3281 3487 scriptos
3305 3417 3528 3484 dedisti;
3557 3417 3793 3486 ideoque

2184 3512 2455 3581 ejusmodi
2482 3519 2670 3578 erant,
2700 3510 2900 3580 quibus
2939 3511 3202 3567 Arianum
3232 3510 3430 3582 dogma
3464 3511 3629 3581 impie
3660 3527 3792 3582 pro-

2186 3605 2530 3676 pugnabatur
2552 3646 2566 3670 ,
2610 3603 2706 3659 sed
2750 3604 2947 3660 callide
2976 3604 3044 3660 ab
3076 3605 3360 3675 Episcopis
3388 3604 3642 3672 Arianis,
3675 3605 3791 3661 for-

2184 3705 2333 3751 tasse
2374 3696 2443 3752 ab
2475 3695 2597 3763 ipso
2640 3694 2891 3751 Eudoxio
2929 3696 3295 3752 Germaniciae
3328 3707 3440 3751 tum
3474 3697 3749 3767 Episcopo
3773 3740 3789 3767 ,

2182 3791 2278 3862 qui
2304 3805 2425 3846 cum
2452 3789 2778 3846 Constantio
2803 3789 2994 3845 Romae
3012 3791 3360 3857 versabatur,
3384 3791 3700 3861 compositi,
3732 3800 3793 3846 ut

2183 3884 2484 3939 Romanam
2508 3882 2724 3954 plebem
2747 3890 2802 3937 et
2818 3880 3126 3937 Catholicos
3149 3882 3451 3952 Episcopos
3471 3881 3788 3937 fraudulen-

2185 3987 2271 4034 ter
2298 3979 2351 4033 in
2382 3992 2627 4033 errorem
2673 3976 3087 4045 pertraherent;
3115 3976 3245 4047 quin
3275 3974 3447 4030 multo
3475 3984 3559 4030 est
3597 3975 3793 4031 verisi-

2184 4070 2370 4126 milius
2409 4072 2462 4125 in
2496 4070 2689 4126 iisdem
2736 4070 2933 4141 impias
2961 4072 3082 4125 illas
3127 4060 3433 4126 Iecutiones
3477 4069 3789 4140 descriptas

2184 4161 2374 4228 fuisse,
2407 4173 2463 4219 et
2489 4163 2844 4233 blasphemas
2874 4163 3178 4219 sententias
3198 4204 3212 4229 ,
3240 4177 3379 4233 quas
3406 4161 3652 4232 Epistola
3678 4162 3785 4217 Me-

475 4263 706 4322 miensis
734 4260 990 4315 Formula
1023 4258 1203 4314 notari
1233 4266 1443 4327 potest,
1467 4253 1562 4310 sed
1589 4269 1780 4308 omnes
1809 4251 2079 4306 haeretica:
2180 4257 2518 4314 diolanensis
2537 4298 2552 4324 ,
2583 4257 2701 4313 sive
2731 4255 2979 4311 Edictum
3020 4255 3493 4327 complectebatur
3521 4270 3535 4307 :
3581 4255 3650 4309 de
3699 4254 3787 4309 his

474 4359 806 4416 Arianorum
861 4353 1155 4417 Formulac;
1180 4349 1325 4422 quod
1376 4360 1430 4405 et
1474 4348 1741 4403 Hilarium
1772 4345 1969 4401 fecisse
1998 4344 2081 4399 af-
2181 4366 2281 4423 per
2317 4351 2690 4421 conjecturam
2734 4350 3013 4406 disserere
3044 4351 3200 4416 licet,
3242 4364 3365 4405 cum
3394 4348 3464 4403 de
3497 4348 3608 4404 ἱειο
3637 4348 3785 4404 con-

473 4455 700 4509 ﬁrmant
749 4447 868 4520 ejus
911 4447 1150 4519 Operum
1194 4445 1436 4501 editores
1462 4454 1508 4498 ο.
1555 4444 1627 4497 At
1663 4440 1847 4507 enim,
1902 4437 2079 4510 inquit
2107 4444 2364 4520 “stantii
2412 4443 2656 4499 facinore
2705 4458 2866 4498 nemo
2910 4452 3161 4499 veterum
3210 4450 3409 4511 praeter
3465 4441 3785 4496 Luciferum

469 4547 726 4603 laudatus
762 4504 975 4598 auctor.
1014 4539 1272 4596 Diatribae
1319 4538 1584 4593 adversus
1625 4534 2034 4590 Tillemontium
2056 4576 2071 4601 ,
2101 4504 2157 4566 Ῑ)
2182 4536 2459 4592 memoriae
2480 4535 2773 4606 quidquam
2797 4534 3279 4604 prodiderit.Quid
3302 4542 3487 4589 autem
3511 4534 3785 4604 integrum

469 4657 593 4695 cum
624 4639 836 4708 Lucifer
876 4636 1136 4691 recitatos
1178 4649 1209 4685 a
1250 4631 1553 4686 Constantio
1585 4628 1852 4693 Libellos,
1896 4642 1956 4680 ac
1985 4642 2074 4696 per

471 4748 659 4789 manus
695 4730 1076 4802 Episwporum
1106 4725 1326 4780 traditos
1357 4722 1576 4785 scribat,
1612 4730 1664 4773 ut
1695 4721 1811 4788 ejus
1844 4721 1895 4772 in
1922 4717 2071 4772 omni

466 4826 595 4882 loco
646 4820 899 4879 roborari
950 4826 1138 4889 posset
1190 4812 1570 4885 blasphemia,
1622 4810 1778 4882 facile
1830 4809 2071 4881 intelligit

466 4921 653 4984 lector,
694 4930 849 4987 agere
878 4912 1031 4967 illum
1065 4924 1168 4962 non
1198 4907 1261 4961 de
1304 4905 1663 4975 praemeditata
1704 4912 1947 4967 tantum,
1979 4900 2071 4955 sed

469 5011 725 5084 producta
755 5010 871 5080 jam
914 5005 969 5058 in
997 5004 1198 5067 lucem,
1231 5012 1278 5053 et
1322 4999 1652 5069 promulgata
1692 4996 2065 5065 blasphemia;

467 5106 655 5161 deinde
704 5117 849 5156 nemo
897 5097 1052 5171 facile
1096 5109 1434 5149 concessurus
1467 5092 1601 5158 erit,
1632 5089 2067 5159 blasphemiam,

465 5217 622 5273 quam
652 5198 821 5254 sciunt
852 5208 1027 5249 omnes
1048 5187 1322 5246 Sirmiensi
1343 5184 1436 5239 illo
1460 5185 1747 5239 clanculari
1770 5198 1830 5235 ac
1853 5180 2068 5249 fortuito

466 5271 745 5367 congressu
789 5287 974 5344 deinde
1020 5283 1396 5353 conscriptam,
1431 5295 1489 5333 eo
1517 5280 1625 5341 iam
1656 5286 1879 5347 tempore
1908 5271 2068 5340 eﬂor-

465 5398 693 5450 malam,
728 5384 909 5437 lectam
941 5376 1221 5433 Catltolicis
1273 5373 1583 5442 Episccpis,
1635 5386 1695 5421 ac
1743 5383 1834 5438 per
1882 5384 2065 5420 manus

460 5480 711 5531 traditam
739 5490 850 5529 esse
878 5472 1127 5541 potuisse.
1163 5467 1290 5522 Haec
1318 5465 1437 5529 ille,
1470 5472 1525 5519 et
1555 5469 1704 5518 recte
1731 5460 1797 5515 de
1828 5458 2058 5514 formula

456 5570 777 5632 Sirmiensi;
810 5583 931 5637 quae
969 5573 1149 5620 tamen
1183 5566 1413 5616 summet
1441 5556 1733 5613 sententia:
1763 5554 2057 5612 adversan-

537 5688 562 5714 η
596 5681 713 5730 Art.
742 5678 834 5731 6⁸5.
868 5679 937 5732 de
961 5676 1150 5731 Arian.
1184 5691 1236 5728 ιι.
1268 5674 1321 5729 6.

538 5746 565 5787 ι’
599 5744 719 5801 Lib.
751 5747 808 5799 2.
833 5761 954 5815 cap.
984 5746 1073 5801 l2.
1106 5762 1160 5799 ιι.
1191 5744 1245 5799 6.

2184 4632 2351 4689 hocce
2393 4630 2631 4688 Luciferi
2676 4633 3049 4689 testimonium
3086 4634 3244 4703 juvet
3289 4632 3493 4688 laudati
3529 4632 3788 4687 Auctoris

2181 4726 2509 4782 sententiam
2557 4724 2625 4781 de
2673 4725 2879 4795 duplici
2920 4726 3125 4781 Liberii
3179 4726 3416 4792 exsilio,
3467 4724 3615 4795 quod
3667 4726 3790 4795 ipse

2181 4827 2394 4883 tuetur,
2425 4821 2556 4873 satis
2580 4832 2690 4874 non
2714 4817 2874 4875 video
2898 4835 2915 4873 :
2943 4818 3189 4874 ulteriori
3215 4816 3639 4887 investigatione
3663 4831 3785 4872 rem

2182 4910 2323 4965 hanc
2366 4925 2472 4965 non
2517 4914 2858 4981 premimus,
2909 4926 3032 4967 cum
3082 4910 3366 4982 negotium
3398 4910 3551 4971 istud
3596 4919 3785 4965 nostra

2180 5018 2287 5060 non
2332 5004 2564 5059 intersit.
2610 5005 2893 5061 Monemus
2949 5015 3133 5062 tamen
3173 5006 3490 5077 Opinionem
3532 5004 3781 5075 ejusdem

2177 5097 2435 5153 Auctoris
2464 5099 2532 5153 de
2575 5113 2741 5154 sensu
2783 5100 3011 5169 hujusce
3042 5102 3197 5157 vocis
3236 5099 3567 5170 blasphemia:
3596 5099 3723 5155 ideo
3749 5115 3782 5155 a

2173 5190 2331 5245 nobis
2352 5190 2655 5260 subjectam
2688 5190 2859 5247 fuisse
2889 5209 3011 5264 pag.
3036 5192 3106 5250 56
3130 5192 3253 5266 (col.
3277 5192 3411 5265 82l)
3432 5192 3501 5247 ad
3533 5191 3777 5262 primum

2177 5282 2410 5338 Luciferi
2436 5284 2631 5340 librum
2656 5300 2755 5356 pro
2778 5287 2834 5342 S.
2863 5289 3187 5352 Athanasio,
3210 5288 3301 5343 ubi
3320 5288 3638 5343 idololatria:
3667 5302 3775 5343 vox

2174 5376 2393 5445 irrepsit
2416 5391 2517 5446 pro
2540 5392 2674 5433 voce
2699 5378 3051 5452 blasphemite,
3073 5382 3200 5451 quia
3226 5380 3303 5436 ibi
3328 5380 3396 5437 de
3420 5380 3569 5435 illius
3584 5394 3774 5444 sensu,

2169 5468 2511 5540 aliarumque
2533 5470 2775 5526 affinium
2808 5488 2999 5528 vocum
3023 5490 3089 5529 ex
3114 5472 3369 5529 Lucifero
3392 5478 3645 5545 quaedam
3678 5486 3775 5526 no-

2167 5564 2421 5631 tavimus,
2439 5580 2561 5635 qua:
2583 5568 2801 5623 caeteris
2824 5567 2950 5623 inde
2975 5566 3208 5624 Luciferi
3234 5568 3409 5625 nostri
3430 5568 3568 5625 locis
3594 5567 3771 5624 lucem

2244 5688 2266 5715 ο
2299 5676 2357 5730 In
2385 5675 2481 5731 lib.
2513 5678 2568 5731 4.
2599 5679 2669 5733 de
2698 5678 2897 5736 Trinit.
2930 5695 2985 5735 η.
3020 5679 3109 5735 η.

2238 5745 2265 5782 *³
2296 5746 2417 5802 Lib.
2444 5748 2500 5805 4.
2531 5763 2582 5805 c.
2617 5748 2707 5805 12.
