4148 6186
368 302 471 357 755

1732 302 2059 361 LUCIFERI
2105 256 2287 361 vmt.

3559 304 3670 363 754

362 415 653 479 afferrent;
676 430 798 471 cum
822 417 1152 486 ccuteroqnin
1170 417 1421 473 Auctoris
1443 416 1606 472 verba
1631 428 1683 473 et
1698 417 1967 474 sententia
1996 420 2047 479 Α
2074 419 2290 473 Arianae
2330 418 2604 475 luercseos
2636 420 2859 475 faecibus
2897 419 3233 491 purgandam
3273 420 3582 491 delegatum
3611 435 3674 477 se

360 511 429 565 ad
462 510 841 565 testimonium
875 510 1044 579 ipsius
1082 509 1311 565 Luciferi
1359 526 1483 565 mox
1529 511 1861 581 explicatum
1909 526 1969 566 re

360 618 490 658 vera
522 604 855 673 pertineant.
890 603 1008 657 .Iam
1042 603 1110 658 de
1140 602 1225 657 his
1254 605 1407 659 satis.
1441 605 1520 659 Ad
1550 604 1786 660 Luciferi
1815 614 1967 676 gesta

358 700 649 751 veniamus
680 704 934 766 oportet,
971 707 1025 750 et
1056 712 1117 751 ea
1145 738 1160 763 ,
1208 712 1330 766 quze
1361 698 1444 752 vel
1492 696 1557 751 ad
1588 697 1735 751 illius
1785 698 1966 752 aetatis

361 789 650 845 historiam
683 798 966 860 spectant,
996 790 1083 845 vel
1112 806 1331 846 sensum
1367 790 1656 845 verborum
1680 833 1694 857 ,
1728 802 1781 846 et
1809 790 1967 846 Luci-

361 882 462 939 feri
495 896 729 939 mentem
758 882 1111 953 aliquomodo
1141 886 1417 954 respicere
1444 892 1703 952 possunt,
1734 884 1964 955 quisque

359 977 602 1033 offendet
632 978 683 1033 in
711 975 1015 1048 suppositis
1061 977 1186 1031 huic
1218 976 1444 1032 editioni
1487 976 1958 1032 annotationibus.

1084 1070 1111 1140 δ
1156 1068 1238 1123 Vl.

426 1163 754 1218 Constantio
784 1162 1031 1234 Augusto
1059 1177 1089 1217 e
1135 1162 1275 1216 vivis
1320 1162 1532 1217 sublato
1580 1163 1959 1232 Mopsucrenis

354 1273 529 1329 prope
556 1257 788 1312 Tarsum
817 1256 904 1312 Ill.
936 1256 1076 1313 Non.
1124 1255 1460 1312 Novembres
1493 1272 1635 1311 anno
1660 1255 1790 1311 Chr.
1829 1257 1956 1323 561,

353 1365 479 1404 cum
511 1350 580 1402 ab
615 1349 817 1404 Euzoio
846 1348 1051 1403 Ariano
1080 1348 1352 1418 Episcopo
1374 1390 1387 1413 ,
1430 1357 1489 1403 ut
1519 1348 1596 1402 ait
1624 1348 1881 1403 Socrates
1908 1357 1955 1415 η,

353 1440 460 1496 sub
488 1451 720 1496 mortem
750 1441 1053 1510 baptizatus
1084 1441 1298 1507 fuisset,
1331 1439 1530 1495 frustra
1562 1440 1824 1496 suadente
1846 1439 1957 1495 Lu-

350 1532 524 1587 cifero
546 1574 563 1599 ,
615 1541 674 1586 ut
721 1547 817 1601 per
846 1531 1207 1587 Athanasium
1232 1575 1246 1599 ,
1282 1534 1397 1587 sive
1428 1534 1797 1602 Coepisc0pos
1837 1534 1957 1600 ejus

352 1623 594 1679 salutare
625 1624 890 1693 consequi
940 1624 1111 1678 vellet
1139 1624 1571 1693 regenerationis
1602 1624 1877 1678 lavacrum
1903 1623 1950 1691 ι),

350 1716 577 1772 Flavius
604 1714 866 1771 Claudius
894 1715 1141 1771 Julianus
1171 1727 1538 1786 cognomento
1568 1716 1817 1788 Apostata
1849 1715 1954 1769 Ro-

2072 511 2345 565 intellexit
2368 511 2563 567 litteris
2588 512 2789 568 Liberii
2816 510 3158 579 Pontilicish,
3179 514 3269 581 qui
3297 523 3348 568 et
3375 513 3673 568 Eusebium

2072 601 2484 658 Vercellensem
2536 620 2633 673 per
2678 606 2729 659 id
2779 614 3018 675 tempus,
3057 613 3116 659 ut
3148 606 3535 661 Alexandrinae
3571 605 3677 661 Ec—

2070 695 2251 749 clesim
2282 696 2523 751 subsidio
2554 707 2734 763 esset,
2770 698 3006 767 legatum
3039 698 3407 752 destinaverat
3447 697 3672 769 Synodo

2062 784 2175 855 jam
2210 786 2449 841 indictae.
2484 786 2559 841 Ita
2607 788 2847 849 Lucifer,
2878 790 3006 843 dum
3038 788 3308 843 Eusebius
3350 805 3471 844 cum
3503 789 3675 844 Atha-

2071 881 2224 933 nasio
2253 880 2620 934 Alexandrino
2646 880 2890 936 Concilio
2939 892 3087 937 totus
3134 884 3429 951 incumbit,
3463 883 3527 938 ad
3567 882 3671 937 Ca-

2070 972 2295 1027 tholicos
2345 973 2652 1027 Antiochia:
2702 974 3018 1030 domesticis
3064 976 3239 1030 turbis
3295 977 3558 1047 agitatas,
3613 985 3672 1031 et

2066 1066 2284 1120 Arianis
2330 1068 2790 1136 persequentibus
2828 1068 3139 1124 laborantes
3179 1070 3417 1124 accurrit
3464 1113 3480 1136 ,
3512 1079 3567 1125 et
3596 1071 3667 1125 ad

2066 1158 2493 1212 Alexandrinam
2525 1158 2804 1230 Synodum
2827 1202 2841 1225 ,
2875 1175 2995 1215 cum
3027 1162 3143 1232 ipse
3176 1162 3255 1216 ire
3284 1176 3391 1216 non
3438 1172 3663 1231 posset,

2062 1248 2268 1318 legatos
2299 1264 2398 1303 suo
2430 1252 2650 1315 nomine
2683 1254 2830 1307 misit
2861 1252 3131 1308 Diaconos
3162 1253 3299 1309 duos
3330 1254 3665 1311 Herennium

2061 1349 2118 1397 et
2148 1347 2449 1413 Agapetum
2469 1385 2483 1409 ,
2514 1354 2570 1397 ut
2596 1360 2663 1398 ex
2696 1345 3198 1415 subscriptiouibus
3223 1347 3498 1418 synodicze
3522 1348 3668 1417 ejus-

2060 1435 2183 1489 dem
2214 1436 2447 1490 Concilii
2494 1448 2723 1506 apparet
2754 1436 2795 1491 ί.
2842 1439 2977 1494 Hinc
3024 1441 3315 1495 manifesta
3358 1452 3443 1497 est
3483 1442 3668 1497 Rufini

2061 1528 2448 1594 ballucinatio,
2501 1545 2671 1584 unum
2719 1534 3099 1587 tantummodo
3139 1534 3375 1589 Luciferi
3423 1536 3662 1605 legatum

2059 1620 2139 1675 illi
2168 1622 2414 1676 Concilio
2446 1622 2764 1680 interfuisse
2794 1627 3090 1681 scribentis
3118 1630 3129 1676 i
3159 1644 3173 1691 ;
3203 1628 3309 1681 nisi
3340 1628 3527 1683 dicere
3567 1644 3664 1683 ve-

2057 1714 2247 1780 limus,
2292 1716 2624 1773 Ilerennium
2658 1720 2833 1773 solum
2861 1722 3175 1777 nominasse
3209 1731 3481 1792 tamquam
3514 1724 3665 1793 prin-

351 1812 495 1866 mani
529 1812 746 1881 Imperii
779 1811 1044 1877 habenas,
1073 1827 1207 1881 quas
1235 1812 1422 1867 favore
1451 1813 1682 1866 militum
1712 1812 1947 1881 primum
1982 1810 2029 1869 B
2055 1808 2284 1877 cipalem
2310 1850 2324 1874 ,
2380 1826 2485 1865 non
2528 1811 2757 1867 excluso
2778 1854 2791 1873 .
2841 1813 2936 1867 sed
2980 1815 3355 1884 przetermisso
3382 1815 3664 1885 Agapeto,

348 1902 577 1959 Lutetia:
626 1904 962 1959 Parisiorum
1020 1905 1291 1973 superiori
1342 1920 1515 1971 anno,
1573 1905 1696 1960 dein
1747 1905 1943 1959 iisdem

346 1998 659 2053 volentibus
700 1997 753 2051 in
785 1997 948 2051 Dacia
992 1999 1300 2067 arripuerat
1327 1996 1651 2052 Constantio
1681 1999 1901 2052 vivente
1930 2039 1943 2062 ,

346 2095 617 2165 regendas
645 2102 791 2148 metu
819 2092 961 2148 liber
989 2102 1043 2147 et
1070 2093 1220 2147 solus
1248 2092 1508 2162 suscepit.
1541 2093 1597 2147 In
1634 2094 1752 2162 ipso
1779 2092 1946 2147 veluti

346 2185 689 2255 Principatus
717 2184 991 2241 vestibulo
1024 2200 1274 2255 magnam
1307 2185 1407 2241 sibi
1440 2186 1653 2240 laudem
1684 2186 1825 2255 apud
1854 2201 1949 2256 op-

345 2279 508 2333 timos
550 2294 797 2349 quosque
840 2279 1184 2348 comparavit
1226 2278 1555 2334 vaferrimas
1600 2280 1944 2347 Imperator,

344 2386 533 2442 pacem
581 2372 814 2427 turbatis
863 2372 1123 2427 Ecclesize
1171 2372 1333 2427 rebus
1382 2372 1484 2427 sub
1539 2372 1947 2443 praedecessore

342 2464 545 2521 frustra
578 2466 895 2536 qumsitam,
942 2464 1421 2536 desideratamque
1465 2466 1761 2521 restituens
1786 2508 1800 2532 ,
1831 2480 1948 2519 om-

342 2574 553 2630 nesque
578 2559 875 2630 Episcopos
898 2560 1097 2615 exsilio
1119 2569 1276 2615 antea
1300 2576 1329 2614 a
1346 2558 1669 2615 Constantio
1692 2560 1948 2614 multatos

340 2650 407 2707 ad
440 2667 567 2706 suas
593 2651 868 2706 Ecclesias
898 2650 1077 2706 redire
1108 2652 1433 2721 permittens
1459 2663 1505 2717 ο,
1536 2652 1840 2722 iisdemque
1867 2652 1949 2706 di-

341 2758 493 2817 repta
523 2746 592 2800 ab
624 2745 903 2801 haereticis
924 2746 1065 2801 bona
1093 2746 1465 2810 restituenda,
1492 2760 1594 2801 nec
1621 2760 1945 2815 quemquam

342 2838 578 2906 amplius
622 2852 722 2907 pro
776 2837 907 2893 Fide
956 2838 1263 2893 vexandum
1312 2838 1619 2894 decernens
1640 2839 1688 2893 α.
1730 2838 1948 2893 Lucifer

341 2945 477 3001 ergo
519 2931 717 2986 Juliatti
754 2931 926 3001 gratia
972 2931 1167 2985 exsilio
1204 2930 1470 2986 liberatus
1509 2931 1690 2987 Tauro
1724 2942 1775 2985 ct
1820 2931 1947 2985 Flo-

344 3023 521 3081 rentio
565 3021 719 3077 Coss.
764 3037 910 3079 anno
936 3006 1036 3077 36‘1
1082 3022 1147 3076 ad
1192 3023 1352 3078 finem
1400 3032 1708 3094 vergente?
1739 3022 1945 3095 Egyp-

345 3120 539 3174 tiacam
569 3117 922 3172 solitudinem
952 3116 1210 3187 reliquit,
1245 3125 1300 3170 et
1328 3117 1393 3170 ad
1427 3116 1743 3171 Catholicos
1772 3116 1942 3170 redux

2051 1902 2193 1971 quod
2246 1912 2300 1957 et
2349 1902 2547 1958 fecisse
2598 1905 3029 1960 existimaverim
3080 1906 3377 1962 Auctorem
3425 1909 3551 1962 vita:
3602 1908 3663 1964 S.

2052 1993 2273 2051 Eusebii
2301 1996 2667 2052 Vercellensis
2692 1995 2738 2062 ιε,
2767 1997 3166 2069 Hieronymum
3190 2014 3217 2051 a
3245 1999 3407 2053 Prato
3430 1996 3475 2065 ι,
3496 1999 3665 2054 alios-

2049 2104 2154 2159 que
2194 2091 2563 2156 recentiores,
2597 2093 2688 2161 qui
2719 2092 3048 2162 digniorem,
3078 2094 3229 2148 socio
3260 2094 3531 2164 neglecto,
3564 2110 3663 2150 no-

2050 2183 2350 2236 minarunt.
2402 2185 2707 2254 Antequam
2752 2184 3097 2239 Antiochiam
3152 2197 3367 2255 peteret
3401 2187 3655 2255 Lucifer,

2050 2288 2169 2328 cum
2199 2275 2503 2331 Athanasio
2536 2287 2589 2331 et
2619 2278 2857 2333 Eusebio
2880 2279 3230 2335 Alexandriae
3258 2280 3657 2351 aliquantisper

2050 2381 2172 2422 eum
2204 2369 2516 2424 constitisse
2544 2370 2661 2424 vult
2691 2369 2890 2425 citatus
2914 2370 3241 2426 Eusebiance
3268 2372 3394 2426 vita:
3419 2374 3661 2443 scriptor

2052 2477 2147 2531 per
2170 2461 2285 2517 haec
2316 2463 2479 2517 verba
2507 2481 2521 2517 :
2547 2462 2740 2517 Beatus
2760 2480 2879 2518 vero
2901 2463 3138 2534 Lucifer,
3166 2462 3501 2520 Calaritanus
3524 2464 3656 2533 Epi-

2049 2574 2253 2627 scopus,
2304 2560 2416 2613 vale
2460 2560 2533 2613 eis
2565 2558 2761 2629 faciens
2788 2560 3075 2614 Athanasio
3104 2570 3152 2614 et
3193 2558 3439 2625 Eusebio,
3477 2560 3657 2614 Antio-

2050 2651 2221 2703 chiam
2270 2652 2333 2705 ab
2379 2653 2453 2706 eis
2497 2654 2683 2705 missus
2722 2662 2823 2716 est,
2854 2663 2908 2706 ut
2938 2651 3199 2706 Ecclesias
3230 2653 3562 2721 conﬁrmaret
3591 2652 3656 2706 de

2052 2744 2586 2799 cansubstantialitate
2616 2744 2898 2799 divinitatis
2922 2788 2934 2811 ,
2967 2746 3263 2817 relinquens
3288 2764 3403 2800 cum
3428 2749 3498 2801 eis
3528 2748 3654 2801 Ale-

2049 2836 2288 2890 xandria
2331 2837 2619 2891 Diaconum
2647 2855 2834 2903 suum,
2864 2838 2954 2907 qui
2984 2841 3096 2910 ejus
3132 2841 3185 2892 in
3216 2838 3455 2892 Concilio
3486 2840 3647 2893 vicem

2050 2938 2276 2991 teneret,
2310 2946 2400 2998 per
2427 2947 2574 2998 quem
2602 2935 2868 3001 professus
2897 2941 2968 2984 est
2989 2972 3003 2997 ,
3035 2942 3204 2985 ratum
3233 2950 3289 2987 se
3315 2932 3610 2987 habiturum
3635 2974 3650 2997 ,

2048 3022 2302 3091 quidquid
2348 3032 2479 3077 esset
2510 3022 2735 3079 Concilii
2779 3023 2961 3078 ordine
3008 3026 3360 3081 constitutum.
3399 3028 3653 3081 Attamen

2052 3124 2292 3184 pugnant
2335 3114 2451 3170 hare
2482 3118 2829 3185 apertissime
2871 3133 2993 3172 cum
3038 3118 3102 3171 iis
3148 3135 3269 3187 qua:
3314 3120 3516 3174 ibidem
3564 3134 3653 3176 se—

346 3208 550 3264 afflicto
579 3208 840 3263 Ecclesiae
878 3208 1039 3262 statui
1071 3206 1375 3261 subsidium
1406 3207 1588 3261 attulit
1626 3208 1943 3277 priesentis-
1974 3182 2019 3243 (ἶ
2052 3218 2293 3277 quuntur
2322 3226 2334 3261 :
2370 3207 2581 3280 Lucifer
2603 3221 2775 3264 autent
2814 3228 2929 3265 cum
2960 3221 3260 3266 exoraretur
3295 3213 3357 3265 ab
3388 3212 3611 3265 Eusebio
3640 3254 3653 3275 ,

347 3304 544 3357 simum
565 3345 579 3368 ,
610 3312 664 3358 et
693 3318 817 3358 cum
847 3300 1088 3357 Eusebio
1115 3301 1475 3367 Vercellcnsi,
1506 3301 1824 3369 apostolicae
1863 3301 1942 3355 le-

347 3398 583 3468 gationis
612 3396 786 3464 socio,
824 3412 920 3451 eos
946 3396 1039 3467 qui
1066 3394 1284 3450 Arianae
1311 3394 1506 3449 haeresi
1536 3408 1753 3448 manum
1781 3393 1947 3449 dede-

348 3500 492 3553 rant,
514 3488 581 3543 ad
608 3488 906 3544 Catholica:
928 3487 1188 3542 Ecclesia:
1212 3488 1389 3541 sinum
1414 3501 1673 3542 revocare
1695 3494 1948 3557 satagens

349 3584 591 3641 Orientis
625 3583 930 3655 provincias
962 3598 1159 3652 magno
1186 3582 1370 3635 labore
1401 3581 1645 3634 lustravit
1674 3578 1715 3633 τ.
1749 3579 1949 3635 Itinera

354 3680 471 3733 brec
493 3678 794 3733 absolvisse
817 3675 1127 3732 Luciferum
1148 3676 1401 3729 existimo
1424 3690 1451 3726 a
1479 3685 1726 3743 tempore
1753 3674 1952 3739 Edicti,

353 3788 463 3843 quo
510 3772 761 3827 Julianus
813 3771 1113 3841 Episcopos
1164 3768 1516 3823 Orthodoxos
1564 3766 1678 3821 suis
1730 3765 1956 3821 sedibus

354 3864 619 3929 restituit,
645 3873 881 3919 exeunte
903 3862 1112 3917 scilicet
1137 3860 1429 3915 Novembri
1458 3874 1645 3912 mense
1671 3858 1797 3912 anni
1824 3857 1949 3925 561,

354 3958 422 4013 ad
453 3968 663 4028 tempus
691 3972 893 4027 usque,
927 3969 1035 4025 quo
1064 3954 1327 4009 indictum
1355 3952 1781 4011 Alexandrinum
1809 3948 1951 4006 Con-

355 4050 576 4114 cilium,
626 4064 769 4103 anno
813 4048 1071 4102 nimirum
1121 4046 1370 4115 sequenti
1417 4045 1540 4099 362.
1576 4053 1697 4114 post
1734 4043 1957 4113 Georgii

356 4142 698 4212 Cappadocis
724 4140 911 4195 Ariani
946 4139 1202 4211 Episcopi
1235 4137 1587 4192 Alexandrini
1614 4137 1841 4202 obitum,
1870 4150 1955 4190 re-

358 4233 643 4303 ditumque
675 4233 741 4285 ad
775 4232 923 4287 illam
954 4231 1137 4285 sedem
1171 4230 1351 4300 magni
1379 4228 1661 4283 Athanasii
1688 4237 1735 4280 ts.
1773 4227 1957 4280 Diver-

359 4326 426 4380 tit
454 4334 635 4381 autem
666 4341 694 4380 a
724 4326 995 4395 susceptis
1022 4325 1317 4378 itineribus
1340 4321 1575 4384 Lucifer,
1597 4336 1721 4377 cum
1748 4319 1814 4374 ad
1843 4323 1952 4373 An-

363 4416 646 4473 tiochenas
707 4418 892 4472 turbas
956 4416 1264 4479 sedandas,
1322 4414 1582 4483 illamque
1652 4411 1956 4468 Ecclesium

441 4612 463 4637 "
498 4602 613 4657 Lib.
643 4603 693 4656 1.
725 4617 773 4656 c.
807 4600 898 4656 46.

439 4672 469 4710 lt
500 4673 615 4727 Lib.
652 4674 700 4726 1.
736 4688 833 4741 pro
862 4673 920 4727 S.
956 4669 1218 4725 Albanas.
1250 4682 1371 4737 pag.
1402 4666 1506 4741 109
1538 4664 1661 4741 (col.
1687 4663 1837 4741 875).

444 4757 467 4781 ε
502 4743 693 4798 Omnes
734 4736 982 4812 Epismpi
1005 4784 1019 4806 ,
1049 4743 1138 4813 qui
1165 4741 1227 4795 de
1253 4736 1505 4813 propriis
1519 4737 1726 4813 sedilius
1756 4736 1963 4813 fuerant

370 4816 733 4879 exterminati,
774 4804 866 4885 per
895 4804 1275 4885 indulgentiam
1315 4804 1429 4885 novi
1456 4806 1730 4885 ~Principis
1765 4806 1834 4885 a_d
1862 4804 1966 4885 Ec:

370 4887 552 4940 clesios
573 4876 806 4939 redeunt.
837 4876 1068 4939 Hieron:
1089 4884 1209 4937 adv.
1240 4880 1415 4935 Lttcif.
1452 4879 1607 4936 Socr.
1642 4877 1739 4932 lib.
1780 4879 1813 4930 5
1853 4891 1903 4929 c.
1931 4876 1957 4930 ‘l

373 4966 428 5011 et
455 4957 507 5010 5.
545 4957 755 5012 Sozom.
798 4956 965 5011 lib.5.
994 4971 1042 5009 c.
1069 4956 1131 5019 5;
1153 4952 1362 5008 Theod.
1393 4950 1485 5005 lib.
1517 4951 1570 5005 5.
1602 4964 1652 5002 c.
1685 4950 1739 5003 4.
1762 4948 1961 5002 Baron.

374 5028 440 5080 ad
471 5044 559 5081 an.
588 5027 716 5081 Chr.
752 5027 878 5090 561,
913 5043 971 5082 n.
1007 5026 1093 5081 15.

444 5095 472 5133 ά
508 5096 823 5167 Proscriptis
849 5114 966 5151 vero
996 5098 1105 5168 lege
1130 5098 1235 5168 lata
1266 5094 1685 5168 facultatessuas
1712 5091 1970 5145 restituit:

373 5170 582 5240 populis
629 5163 798 5224 autem
846 5163 1107 5240 civitatum
1148 5167 1327 5240 palam
1366 5163 1675 5226 interdixit,
1722 5179 1784 5215 ne
1820 5179 1969 5240 quem

374 5234 787 5293 Christianorum
818 5250 907 5293 aut
936 5239 1129 5308 injuria
1149 5234 1464 5308 ofﬁcerent.
1499 5244 1588 5288 aut
1630 5234 1970 5296 contumelia,

373 5327 497 5364 neve
540 5312 726 5365 invitos
774 5311 841 5364 ad
886 5306 1610 5378 sacriﬁcandumrtraherent.
1648 5308 1865 5361 Sozom.
1901 5320 1972 5378 ex_

377 5397 523 5437 vers.
554 5381 735 5437 Vales.
759 5383 849 5436 lib.
882 5383 933 5434 5.
955 5376 1091 5435 c.'5.
1125 5379 1190 5433 γ.
1213 5377 1485 5432 lulianum
1509 5378 1686 5447 ipsmn
1712 5393 1800 5442 ep.
1834 5378 1885 5429 7.
1907 5376 1974 5428 ad

376 5452 694 5518 Artabiunt,
723 5468 810 5521 ep.
842 5451 934 5506 45.
962 5451 1027 5505 ad
1063 5449 1395 5521 Hecebolnm
1425 5464 1512 5517 ep.
1541 5447 1631 5503 52.
1661 5447 1727 5521 a_d
1758 5448 1975 5521 Bostre-

380 5540 516 5579 nos..
549 5523 719 5591 Quam
753 5518 987 5579 subdole
1031 5523 1146 5577 btec
1180 5520 1628 5591 Julianttst‘vide
1670 5518 1849 5591 Gr_eg._
1868 5518 1972 5570 Na-

380 5587 683 5649 zianszr.
724 5595 777 5649 2.
828 5596 879 5647 in
921 5593 1146 5658 Julian.,
1189 5591 1407 5647 Sozom.
1455 5588 1529 5643 lib
1564 5589 1617 5643 5.
1650 5604 1698 5642 c.
1732 5588 1788 5641 4.
1818 5587 1973 5643 Socr.

383 5665 479 5720 lib.
528 5661 582 5721 3.
623 5678 672 5719 c.
723 5666 771 5719 1.
802 5664 1009 5719 Theod.
1049 5666 1121 5719 lib
1164 5664 1216 5719 5.
1251 5678 1302 5719 c.
1335 5662 1387 5715 6.
1423 5674 1477 5715 et
1518 5660 1605 5714 17.
1638 5659 1836 5728 Evagr.
1868 5658 1975 5715 Vit.

387 5731 588 5809 ἰδίη.ρη
618 5737 910 5809 Apollonio
936 5750 986 5789 c.
1020 5732 1074 5787 7.
1141 5806 1150 5809 Α
1394 5794 1413 5809 ό

354 5828 357 5831 λ
466 5792 723 5861 *Chroii.
779 5805 969 5875 rtosp.
1019 5806 1198 5873 Aquit.
1248 5809 1335 5871 apt
1388 5794 1567 5857 Canis.
1624 5806 1663 5853 tt
1714 5798 1761 5853 1.
1811 5792 1973 5855 Thais.

1987 4593 2041 4652 Ι)
2065 4589 2303 4645 Monum.

2052 3300 2174 3369 quia
2215 3310 2424 3369 uterque
2463 3302 2515 3353 in
2550 3302 2785 3370 partibus
2830 3303 3011 3355 vicinis
3036 3301 3270 3373 (Egypto
3316 3302 3483 3370 fuerat
3523 3303 3658 3356 rele-

2052 3401 2205 3465 gatus
2230 3433 2243 3455 ,
2276 3402 2329 3444 ut
2370 3393 2439 3446 ad
2465 3394 2742 3446 videndum
2770 3393 3113 3448 Athanasium
3139 3393 3508 3448 Alexandriam
3538 3411 3654 3463 per-

2055 3494 2263 3557 gerent,
2287 3486 2641 3553 communique
2662 3495 2879 3539 tractatu
2898 3503 3013 3539 cum
3039 3487 3103 3539 iis
3133 3488 3222 3557 qui
3261 3490 3622 3559 superfuerant
3639 3529 3655 3551 ,

2059 3576 2423 3631 Sacerdotibus
2440 3577 2503 3630 de
2530 3587 2665 3630 statu
2692 3576 2935 3632 Ecclesia:
2955 3577 3303 3640 decernerent.
3329 3580 3657 3651 prwsentiant

2062 3670 2144 3721 sui
2174 3670 2431 3740 abnegans
2454 3711 2468 3734 ,
2497 3671 2721 3740 legatum
2768 3687 2861 3739 pro
2898 3687 2952 3725 se
2982 3670 3271 3725 Diaconum
3303 3688 3453 3726 suum
3478 3674 3657 3739 mittit,

2062 3773 2211 3833 atque
2242 3764 2351 3832 ipse
2378 3764 2570 3815 intento
2601 3755 2774 3816 animo
2801 3764 3130 3818 Antiochiam
3148 3767 3315 3834 pergit
3336 3774 3396 3820 ω.
3430 3766 3484 3820 Si
3511 3766 3659 3820 enim

2064 3853 2363 3909 Athanasio
2406 3853 2723 3909 valcdicens
2755 3869 2818 3909 ac
2851 3854 3088 3910 Eusebio
3118 3857 3187 3910 ab
3220 3857 3415 3911 iisdem
3460 3857 3662 3911 missus

2064 3947 2165 4001 fuit
2208 3945 2430 4001 Lucifer
2461 3945 2840 4010 Antiochiam,
2879 3963 3001 4001 cum
3034 3948 3099 4002 iis
3140 3948 3386 4017 profecto
3415 3950 3660 4005 Alexan-

2059 4039 2195 4095 driae
2239 4039 2546 4095 diversatus
2595 4049 2717 4105 est,
2767 4040 2856 4095 ubi
2905 4040 3206 4095 Diaconum
3255 4056 3412 4097 suum
3459 4042 3661 4097 dicitur

2064 4134 2377 4203 reliquisse.
2406 4134 2606 4190 Contra
2636 4149 2766 4189 vero
2794 4134 2841 4188 si
2873 4144 3127 4190 exoratus
3154 4136 3256 4190 fuit
3284 4135 3352 4189 ab
3385 4135 3620 4192 Eusebio
3646 4177 3660 4199 ,

2064 4235 2123 4281 ut
2152 4242 2341 4283 secum
2385 4227 2451 4281 ad
2484 4227 2839 4282 Athanasium
2884 4227 3231 4283 invisendum
3272 4228 3661 4283 Alexandriam

2066 4329 2353 4389 pergeret,
2388 4319 2431 4373 si
2466 4319 2735 4373 recusavit
2762 4321 2946 4385 coire,
2997 4320 3041 4374 si
3077 4319 3377 4375 Diaconum
3406 4335 3563 4373 suum
3596 4319 3669 4373 il-

2068 4411 2159 4465 luc
2204 4410 2387 4475 misit,
2436 4410 2664 4466 evidens
2707 4412 2934 4466 omnino
2979 4421 3096 4475 est,
3140 4425 3242 4466 nec
3276 4410 3664 4466 Alexandriam

2339 4605 2392 4659 p.
2434 4589 2562 4663 295.
2593 4600 2644 4645 et
2689 4590 2874 4645 Petav.
2913 4591 3036 4646 Rat.
3073 4593 3266 4663 Temp.
3313 4594 3364 4648 in
3406 4593 3661 4652 Success.

2066 4662 2230 4717 Cons.
2265 4660 2421 4715 Rom.
2455 4671 2495 4714 t.
2524 4662 2579 4715 2.
2616 4678 2667 4729 p.
2703 4679 2772 4715 m.
2806 4663 2931 4718 466.

2146 4730 2164 4769 τ
2202 4732 2287 4786 Ex
2316 4732 2479 4806 Greg.
2515 4733 2766 4806 ljazia‘n‘z.
2796 4734 2947 4789 Orat.
2977 4735 3045 4792 de
3076 4736 3324 4793 laudibus
3353 4737 3576 4806 Basilii,
3606 4748 3662 4796 et
3730 4774 3735 4775 ί

2074 4805 2269 4858 Baron.
2300 4805 2366 4858 ad
2395 4819 2482 4858 an.
2513 4803 2640 4858 Chr.
2672 4804 2796 4859 362.
2826 4822 2880 4859 n.
2912 4806 3001 4862 58.

2147 4884 2171 4920 Β
2207 4874 2268 4929 V.
2296 4875 2546 4929 Nazianz.
2576 4874 2708 4930 ibid.
2742 4888 2797 4930 et
2826 4877 3021 4933 Baron.
3057 4880 3185 4935 ibid.
3218 4898 3271 4935 n.
3305 4882 3428 4937 171.

2148 4946 2171 4982 δ
2206 4945 2397 4999 Baron.
2438 4946 2569 4999 ibid.
2604 4962 2655 4999 η.
2691 4948 2809 5001 177.

2152 5017 2163 5053 ί
2204 5015 2407 5092 Ἐ’χῴ-τε
2447 5015 2756 5092 Ἀθανάσιος,
2808 5020 2995 5092 ὁμοίως
3034 5028 3117 5078 καὶ
3144 5026 3190 5078 οἱ
3218 5023 3355 5080 ἄλλοι
3397 5028 3667 5080 ἐπίσκοποι

2078 5089 2473 5172 οξσυνελθρντες
2498 5089 2803 5172 ὺπέχροεψαν
2834 5089 2918 5172 imi
2946 5095 2993 5149 οἱ
3024 5096 3404 5172 citrea-radiare;
3435 5095 3487 5172 3}
3515 5101 3669 5172 παρὰ

2121 5165 2170 5239 έν
2200 5162 2507 5239 ιξοωςὶφερος
2546 5168 2637 5239 to}?
2679 5163 2976 5239 timentium:
2989 5166 3205 5239 Zapdi};
3230 5162 3672 5239 vnaou,__6w'zatovot

2121 5186 2170 5217 εν
2200 5186 2507 5237 Λουκιφερος
2546 5186 2637 5215 του
2679 5186 2961 5219 επισκοπου
2989 5186 3205 5239 εαροιας
3230 5188 3410 5229 νησου,
3446 5186 3663 5222 ammonet

2079 5186 2471 5307 ἕρφςΕρέννιος
2495 5233 2907 5307 ἕκίᾊγαπητός.
3028 5237 3083 5289 2.
3117 5236 3329 5292 Concil.
3360 5235 3492 5307 edit.
3531 5238 3663 5291 Ven.

2086 5301 2401 5377 1728,‘pag.
2445 5301 2583 5377 947.
2610 5301 2681 5377 et:
2705 5319 2823 5373 seq.
2853 5317 2907 5360 et
2930 5306 2991 5359 T.
3027 5308 3077 5360 1.
3110 5308 3250 5377 Opp.
3293 5307 3350 5361 S.
3385 5306 3673 5364 Athanasii

2086 5374 2217 5430 edit.
2249 5372 2419 5444 Paris.
2444 5390 2533 5427 an.
2564 5374 2724 5439 1627,
2754 5372 2873 5444 pag.
2898 5376 3022 5432 580.

2157 5455 2170 5493 t
2213 5444 2327 5498 Lib.
2360 5443 2413 5499 8.
2446 5459 2495 5499 c.
2526 5446 2616 5498 27.
2653 5446 2713 5498 V.
2745 5443 2942 5499 Baron.
2971 5448 3007 5500 Ι.
3040 5462 3092 5501 c.
3122 5463 3177 5500 η.
3213 5448 3335 5505 180.

2155 5514 2181 5551 ιι
2215 5516 2270 5569 In
2306 5515 2484 5567 Addit.
2517 5516 2582 5569 ad
2612 5513 2778 5569 Cone.
2811 5515 2965 5570 Alex.
3009 5533 3075 5572 ex
3118 5534 3253 5572 nova
3287 5520 3520 5577 Collect.
3560 5521 3664 5577 Ba-

2082 5586 2291 5659 luziifI‘.
2322 5585 2377 5639 2.
2407 5584 2621 5659 Concil.
2644 5586 2817 5659 ejusd.
2851 5586 2981 5641 edit.
3009 5603 3131 5659 pag.
3156 5589 3281 5645 951,

2162 5656 2193 5743 1—
2310 5657 2559 5743 nqtasad
2591 5656 2744 5743 διῄρε
2777 5657 2924 5743 Sex.”
2941 5656 3211 5743 t.‘2..'pa_g.

2158 5740 2198 5765 ιη
2227 5728 2384 5797 Apud
2417 5728 2555 5782 Bell.
2591 5726 2659 5782 ad
2691 5728 2833 5786 diem
2855 5728 2947 5785 25.
2983 5726 3110 5788 Maii
3142 5726 3275 5790 tom.
3308 5727 3362 5792 5;
