4148 6186
464 261 572 318 755

1486 255 1785 314 LUCIFER
1828 254 2203 315 EPISCOPUS
2232 253 2761 313 CALARITANUS.

3667 253 3780 310 756

455 377 726 442 intrasse,
779 388 880 431 nec
928 372 1288 429 Athanasium
1331 371 1572 438 vidisse,
1619 387 1721 428 nec
1758 371 2057 427 Diaconum
2089 374 2134 433 Α
2166 372 2267 428 bus
2295 373 2461 429 etiam
2489 373 2629 428 votis
2669 371 2974 442 studiisque
3020 372 3324 442 Episcopus
3355 371 3775 428 admitteretur,

458 468 574 534 ibi,
618 477 675 520 ut
718 480 819 519 suo
852 465 1073 519 nomine
1115 464 1337 535 Synodo
1381 463 1708 530 interesset,
1753 462 2062 533 reliquisse.

462 560 605 629 Ergo
651 558 740 627 qui
785 556 952 611 vitam
981 554 1135 610 illam
1178 556 1498 622 contexuit,
1527 555 1632 610 sibi
1677 554 1902 610 minime
1930 570 2067 607 con-

461 662 654 718 stans,
702 651 978 707 historica:
1015 649 1232 705 veritati
1278 664 1385 704 non
1433 649 1775 705 consuluisse
1803 646 2069 703 dicendus

464 756 569 802 est.
601 745 712 814 Ego
737 742 959 814 quidem
981 742 1267 798 crederem
1294 742 1666 799 narrationem
1694 739 1842 794 illam
1873 740 2069 808 partim

464 853 493 892 a
527 836 708 892 Ruﬁni
755 834 989 891 historia
1036 843 1386 905 excerptam,
1434 833 1634 903 partim
1686 833 1754 887 ab
1797 846 2071 902 anonymo

469 938 697 983 auctore
724 941 756 982 e
795 927 1024 983 cerebro
1053 927 1304 982 eductam
1324 968 1341 993 ,
1373 926 1623 996 adeoque
1650 922 1752 981 sibi
1786 923 2074 979 manifeste

465 1019 968 1079 contradicentem:
996 1021 1165 1075 verba
1193 1021 1339 1076 enim
1365 1021 1479 1085 illa,
1504 1017 1710 1089 Lucifer
1730 1027 1922 1085 autem,
1940 1026 2073 1082 etc.,

468 1130 593 1185 qua:
637 1122 917 1185 postrema
958 1112 1309 1168 rccitavimus
1333 1154 1349 1180 ,
1380 1122 1639 1182 excerpta
1666 1110 1995 1166 adamussim
2021 1118 2079 1165 et

470 1213 688 1278 integre
707 1216 835 1262 sunt
859 1222 922 1261 cx
942 1204 1124 1261 Ruﬁni
1144 1204 1281 1260 libro
1312 1223 1349 1260 ι.
1367 1221 1419 1261 c.
1436 1204 1527 1258 27.
1545 1204 1890 1260 Credendum
1914 1219 2080 1274 porro

473 1311 580 1368 est,
613 1309 670 1355 ut
696 1314 860 1371 supra
892 1298 1523 1365 innuimus,Lucil‘erum
1556 1286 1701 1354 recta
1728 1297 2079 1354 Antiochiam

474 1395 847 1462 contendisse,
888 1408 987 1450 nec
1002 1392 1345 1449 Alexandriae
1364 1394 1687 1448 convenisse
1698 1391 2079 1460 Athanasium,

476 1492 571 1547 sed
606 1493 673 1545 ab
693 1490 930 1547 Eusebio
960 1488 1255 1553 divulsum,
1285 1488 1591 1559 legatisque
1610 1488 1723 1542 suis
1752 1488 1819 1542 ad
1848 1488 2085 1543 Alexan—

476 1581 987 1669 drinamSynodum
1002 1580 1394 1647 destinatis,ad
1409 1581 1667 1637 auxilium
1691 1580 2082 1650 praestandum,

476 1679 878 1748 ferendumque
916 1676 1276 1732 Autiochenis
1315 1675 1571 1732 solatium
1612 1689 1956 1745 properasse.

557 1858 683 1913 Haec
740 1866 869 1911 tunc
928 1767 1765 1927 temporis§eytitLAntiochensi
1821 1852 2083 1909 Ecclesia;

482 1949 672 2006 facies.
726 1947 846 2004 Duo
898 1964 1062 2001 unam
1124 1945 1487 2015 eamdemque
1528 1943 1716 1999 sedem
1747 1943 2087 2015 occupabant

482 2043 739 2114 Episcopi
766 2084 781 2110 ,
817 2042 1066 2097 Meletius
1092 2047 1317 2111 propter
1345 2037 1683 2096 Catholicam
1715 2037 1879 2093 ﬁdem
1906 2039 2085 2105 exsul,

487 2145 543 2188 et
572 2133 811 2189 Euzoius
841 2133 1000 2189 datus
1031 2132 1255 2187 Meletio
1283 2146 1573 2186 successor
1600 2131 1668 2186 ab
1695 2128 1933 2186 Arianis.
1957 2130 2087 2198 Quae

486 2239 620 2284 tunc
662 2227 969 2283 Antiochiae
1023 2225 1228 2281 turbae!
1272 2224 1459 2281 Ariani
1511 2223 1833 2280 Constantio
1874 2224 2089 2281 lavente

491 2329 684 2375 contra
712 2317 1059 2373 Orthodoxos
1094 2332 1190 2386 pro
1226 2316 1428 2372 tuendo
1455 2317 1660 2372 Euzoio
1688 2317 1815 2387 quid
1848 2333 1955 2374 non
1996 2334 2092 2374 au-

493 2410 740 2465 debant?
787 2405 1055 2463 Catholici
1103 2421 1236 2462 vero
1288 2408 1339 2461 in
1385 2408 1518 2462 duas
1564 2416 1753 2476 partes
1802 2407 2091 2473 distracti,

496 2500 841 2557 Eustathiani
897 2499 1153 2555 nimirum
1209 2499 1518 2565 Meletium,
1572 2499 1667 2569 qui
1725 2500 1943 2555 Arionis
1996 2501 2092 2556 ali-

496 2595 717 2667 quando
745 2596 893 2651 visus
926 2589 1104 2649 fuerat
1135 2593 1456 2658 adhaerere,
1485 2590 1580 2646 sed
1616 2591 1682 2646 ab
1713 2590 1902 2646 iisdem
1945 2605 2095 2647 rece—

492 2687 631 2744 dens
674 2690 726 2743 in
770 2688 1020 2743 exsilium
1056 2687 1249 2757 pulsus
1282 2684 1569 2739 Antiochia
1617 2684 1844 2752 aberat,
1878 2686 2096 2755 penitus

495 2780 906 2844 aversabantur,
925 2789 1112 2849 utpote
1130 2778 1385 2832 haeretica
1403 2776 1786 2830 communione
1805 2775 2093 2846 pollutum.

495 2881 840 2943 suspectum,
884 2878 939 2924 et
980 2880 1267 2941 perosum;
1311 2868 1403 2922 alii
1444 2877 1629 2922 contra
1679 2851 1895 2923 Meletio
1940 2869 2098 2925 obse-

497 2976 769 3037 quentes,
824 2964 1050 3034 ejusque
1104 2961 1354 3036 partibus
1408 2962 1705 3031 impensius
1754 2960 1996 3016 faventes
2045 2973 2101 3018 et

500 3059 894 3115 Eustathiauos
932 3056 1240 3128 fugiebant,
1276 3065 1323 3109 et
1370 3063 1428 3109 ut
1458 3056 1754 3124 legitimum
1804 3070 2101 3127 verumque

2167 469 2371 525 Accitis
2408 479 2708 538 propterea
2741 468 2955 522 duobus
2987 468 3132 534 aliis,
3160 467 3414 539 Cymatio
3444 466 3691 522 Palteusi
3718 477 3783 523 et

2169 561 2427 616 Anatolio
2453 560 2735 616 Berteensi
2766 559 3100 615 Praesulibus
3122 558 3175 626 δ,
3206 560 3514 616 Paullinum
3544 560 3658 615 illis
3678 560 3784 616 do-

2170 654 2315 709 tibus
2335 663 2615 719 ornatum,
2642 664 2695 708 et
2725 668 2835 723 prte
2858 653 3078 708 caneris
3098 667 3162 708 ea
3189 652 3408 723 dignum
3432 652 3570 709 sede
3592 653 3784 707 Antio-

2171 747 2358 803 chena:
2383 746 2643 801 Ecclesia:
2670 744 2976 815 praefecitC,
3005 746 3098 815 qui
3125 744 3286 815 hujus
3310 745 3554 801 nominis
3582 758 3786 801 secun-

2173 840 2274 895 dus
2313 840 2369 894 in
2399 854 2461 893 ea
2497 839 2962 893 Antiochenorum
3000 837 3306 893 Praesulum
3344 838 3524 893 serie.
3556 835 3788 907 Opinati

2176 940 2301 987 sunt
2339 931 2608 986 Baronius
2628 928 2655 967 ἀ
2686 939 2743 986 et
2774 929 3028 985 Valesius
3054 938 3102 997 ε,
3126 928 3433 984 Paullinum
3479 930 3545 985 ad
3592 930 3792 985 Antio-

2178 1024 2409 1079 chenam
2445 1023 2632 1078 sedem
2673 1033 2919 1077 evectum
2961 1029 3089 1076 ante
3137 1020 3418 1093 Synodum
3460 1020 3791 1076 Alexandri-

2178 1132 2326 1172 nam.
2372 1115 2574 1172 Verum
2602 1130 2726 1171 cum
2754 1114 3077 1170 Hermantio
3108 1115 3161 1169 in
3192 1114 3304 1169 vita
3330 1114 3388 1171 S.
3423 1114 3704 1170 Athanasii
3734 1115 3783 1179 ε’,

2181 1210 2344 1279 Pugio
2371 1219 2420 1275 Β,
2453 1208 2689 1264 Boschio
2716 1206 2739 1245 ιι
2759 1249 2773 1273 ,
2802 1218 2861 1265 et
2902 1208 3205 1264 editoribus
3245 1207 3486 1277 Onerum
3518 1208 3583 1264 Β.
3614 1208 3789 1265 Athl-

2182 1300 2324 1356 nasii
2354 1302 2369 1337 ί
2405 1300 2461 1356 in
2489 1316 2607 1355 eam
2640 1301 2821 1371 potius
2848 1301 3178 1356 sententiam
3207 1301 3596 1365 concedimus,
3626 1300 3791 1355 Paul-

2184 1395 2353 1451 linum
2385 1393 2746 1449 Autiochenis
2776 1393 2965 1450 datum
2997 1393 3169 1449 tuisse
3196 1392 3533 1464 Episcopum
3566 1408 3596 1447 a
3627 1393 3792 1448 Luci-

2184 1487 2303 1543 fero
2326 1488 2439 1557 ipsa
2465 1486 2825 1542 Alexandrina
2848 1486 3069 1559 Synodo
3089 1485 3347 1541 durante.
3372 1485 3559 1542 Novus
3582 1485 3791 1541 intem

2190 1581 2569 1637 Antiochenus
2598 1581 2803 1636 Praesul
2832 1580 3114 1635 Paullinus
3139 1580 3277 1635 duos
3307 1580 3457 1634 misit
3482 1621 3496 1647 ,
3531 1590 3591 1635 ut
3614 1578 3795 1649 legiti-

2190 1688 2310 1728 mus
2356 1673 2691 1744 Episcopus,
2735 1672 2803 1727 ad
2835 1672 3267 1728 Alexandrinum
3311 1672 3619 1728 Concilium
3668 1672 3796 1727 Dia-

2112 1766 2160 1826 B
2185 1780 2358 1823 conos
2386 1782 2517 1822 suos
2544 1766 2839 1822 Maximum
2869 1776 2926 1823 et
2949 1767 3279 1823 Calimerum
3298 1809 3312 1833 ,
3343 1777 3403 1822 ut
3444 1767 3527 1822 illi
3556 1782 3654 1823 suo
3696 1783 3798 1822 no-

2186 1858 2332 1914 mine
2363 1858 2727 1923 interessent,
2759 1859 2851 1929 qui
2877 1866 2933 1913 et
2960 1858 3104 1913 inter
3132 1855 3365 1913 Concilii
3400 1857 3593 1914 Patres
3631 1857 3794 1914 sede-

2186 1959 2344 2017 runt,
2376 1958 2432 2005 et
2457 1949 2575 2004 suis
2602 1949 3103 2020 subscriptionibus
3148 1950 3289 2004 illius
3330 1950 3539 2021 Synodi
3568 1948 3797 2005 decreta

2190 2044 2492 2113 probavere
2521 2044 2569 2096 i.
2621 2041 2691 2097 Et
2735 2057 2796 2098 re
2843 2042 3065 2112 quidem
3093 2056 3219 2097 vera
3267 2040 3523 2113 Synodus
3558 2042 3799 2097 Alexan-

2190 2134 2345 2190 drina
2386 2135 2694 2191 Paullinum
2730 2142 2784 2189 ut
2831 2150 3017 2189 verum
3061 2134 3475 2205 legitimumque
3499 2133 3801 2190 Antioche-

2194 2244 2389 2284 nurum
2440 2229 2768 2299 Episcopum
2815 2228 3108 2298 cognovit,
3144 2237 3254 2282 tum
3304 2229 3499 2297 legatis
3544 2228 3664 2296 ejus
3702 2227 3802 2281 ad-

2197 2322 2397 2387 missis,
2424 2330 2534 2376 tum
2558 2336 2747 2377 eorum
2769 2320 3263 2392 subscriptionibus
3284 2321 3539 2390 acceptis.
3569 2320 3803 2390 Insuper

2198 2414 2385 2468 Patres
2412 2413 2494 2468 illi
2517 2414 2571 2468 in
2594 2413 2866 2483 Synodica
2893 2413 3136 2483 Epistola
3167 2414 3238 2467 ita
3270 2412 3477 2468 hortari
3506 2414 3803 2469 Antioche-

2199 2519 2300 2558 nos
2330 2504 2605 2571 videntur,
2639 2516 2694 2559 ut
2724 2505 2919 2575 positis
2948 2506 3182 2575 partium
3224 2505 3422 2559 studiis
3454 2506 3546 2560 uni
3583 2504 3800 2560 obtem-

2199 2605 2393 2668 perent
2420 2597 2667 2653 Paullino
2693 2614 2706 2651 :
2738 2597 2941 2652 Deinde
2970 2598 3058 2667 qui
3095 2597 3158 2650 ob
3186 2598 3393 2653 Arianis
3432 2598 3694 2652 redierunt
3722 2600 3804 2652 al-

2202 2693 2340 2747 licite
2370 2692 2439 2746 ad
2466 2708 2579 2757 vos,
2613 2709 2799 2763 eosque
2830 2701 2883 2746 nt
2911 2701 3079 2762 patres
3108 2692 3375 2756 assumite,
3407 2702 3454 2744 et
3479 2702 3535 2745 nt
3565 2692 3801 2762 magistri

2201 2797 2247 2838 ct
2275 2794 2467 2839 tutores
2490 2786 2730 2852 accipite,
2754 2794 3050 2854 coaptantes
3072 2800 3159 2838 vos
3181 2786 3387 2837 interim
3409 2784 3599 2838 dilecto
3628 2792 3806 2837 nostro

2206 2876 2459 2931 Paullino
2485 2879 2697 2947 ejusque
2721 2877 2915 2930 sociis:
2943 2886 2997 2930 ct
3027 2875 3241 2930 absenti
3287 2875 3536 2929 Paullino
3571 2875 3805 2945 Synodi.

2204 2987 2322 3027 cam
2366 2971 2539 3041 ipsam
2580 2969 3033 3025 subscribendam
3065 2969 3347 3023 mittentes
3392 2969 3461 3020 ab
3505 2968 3597 3022 illo
3642 2968 3806 3023 etiam

2206 3064 2332 3120 ﬁdei
2364 3063 2760 3134 professionem
2794 3060 3029 3117 Solemni
3069 3062 3277 3129 scripto
3320 3068 3571 3114 testatam
3613 3061 3802 3113 volue-

497 3152 858 3207 Antiochente
908 3149 1166 3205 Ecclesize
1228 3155 1504 3217 pastorem
1560 3162 1723 3200 unum
1783 3145 2096 3214 Meletium,
2128 3150 2174 3211 C
2207 3164 2331 3211 ι-ιηη
2354 3154 2403 3209 ιι,
2452 3154 2525 3209 [ia
2571 3153 2902 3208 Athanasius
2939 3166 3061 3207 cum
3114 3149 3330 3223 Egypti
3371 3150 3703 3220 Episcopis,
3752 3159 3812 3204 et

502 3245 751 3316 quamvis
800 3243 1084 3307 exsulem,
1133 3234 1525 3308 suSpiciebant.
1574 3238 1683 3292 Has
1731 3248 1789 3293 ut
1834 3240 2106 3308 procellas

506 3340 725 3394 Lucifer
766 3338 1015 3400 sedaret,
1070 3333 1252 3387 statim
1292 3345 1357 3385 ac
1398 3328 1744 3385 Antiochiam
1779 3332 1957 3396 venit,
1990 3333 2109 3389 ani-

506 3446 652 3484 mum
685 3432 939 3497 viresque
968 3440 1159 3479 omnes
1191 3420 1425 3476 intendit
1454 3439 1514 3476 ea
1554 3436 1660 3493 qua
1711 3423 1949 3493 pollebat
1978 3440 2107 3481 auc-

506 3526 726 3579 toritate
750 3563 764 3588 ,
815 3530 871 3573 ut
902 3526 1080 3589 partes
1127 3526 1518 3587 componeret,
1560 3516 1769 3570 animos
1800 3517 1976 3571 amico
2009 3517 2109 3574 [ω-

505 3618 636 3670 dere
657 3615 943 3684 junget'cl,
980 3624 1278 3679 pacemque
1311 3606 1572 3663 Ecclesiae
1614 3608 1688 3661 illi
1722 3610 2033 3665 restitueret
2056 3620 2104 3665 ει.

506 3704 564 3762 lu
611 3716 851 3762 mentem
901 3718 1035 3774 ergo
1081 3696 1335 3756 Lucifero
1380 3701 1566 3766 venit,
1618 3700 1825 3768 rcjecto
1870 3700 2107 3770 primum

508 3802 715 3858 Euzoio
744 3799 979 3865 Ariano,
1013 3805 1068 3851 et
1091 3796 1313 3850 excluso
1338 3793 1572 3849 subinde
1592 3793 1807 3848 Meletio
1830 3792 2111 3849 Catholico

510 3898 820 3967 Episcopo,
868 3901 927 3946 ut
959 3891 1009 3945 in
1044 3889 1265 3944 tertium
1299 3886 1592 3956 quemdam
1625 3884 1925 3941 Orthodoxi
1955 3885 2114 3940 dissi-

510 3989 703 4042 dentes
748 3982 1142 4045 convenirent,
1190 3976 1282 4047 qui
1333 3974 1437 4029 ﬁde
1470 3976 1856 4044 integerrima,
1903 3984 1958 4029 et
1990 3974 2113 4029 vitze

510 4077 802 4131 sanctitate
830 4068 1084 4126 omnibus
1107 4065 1464 4124 Antiochenis
1494 4066 1786 4135 probatus,
1813 4069 2116 4124 communi-

584 4258 610 4333 ε)
647 4244 824 4333 Ruﬁn;
867 4253 921 4333 et
964 4242 1163 4333 Bar‘o‘p.
1206 4239 1244 4293 1.
1289 4239 1383 4295 cit.
1417 4248 1472 4295 et
1509 4238 1756 4297 Cassiod.
1790 4242 1928 4299 Hist.
1960 4245 2107 4303 Eccl.

510 4314 945 4446 Ἰ.τῖρὲξὶθῖἷέιῇ
969 4326 1025 4441 il
1053 4312 1180 4441 iiiis
1207 4380 1273 4437 ad
1294 4381 1441 4438 diem
1467 4382 1556 4438 ao.
1587 4398 1637 4439 c.
1672 4385 1727 4439 δ.
1758 4401 1812 4438 ιι.
1838 4385 1927 4442 54.

2210 3245 2548 3316 Epiphanius
2576 3260 2700 3299 cum
2748 3243 3017 3299 universis
3041 3244 3206 3313 Cypri
3252 3243 3518 3299 Ecclesiis
3559 3243 3811 3298 Paullino

2207 3337 2675 3395 communicantes
2718 3337 2861 3390 illius
2890 3337 3145 3392 electioni
3192 3345 3547 3392 asscnserunt
3579 3333 3592 3371 ¹
3622 3352 3639 3397 ς
3672 3335 3811 3405 quin

2209 3442 2262 3488 et
2286 3447 2316 3485 a
2348 3430 2595 3485 Romano
2638 3428 2902 3485 Pontiﬁce
2935 3430 3154 3486 Liborio
3194 3429 3641 3498 approbationem
3688 3444 3815 3483 me-

2208 3526 2354 3590 ruit,
2388 3532 2444 3577 ut
2492 3522 3005 3577 Ecclesiasticorum
3035 3521 3332 3576 Annalium
3376 3536 3580 3591 parens
3624 3530 3816 3575 osten-

2214 3616 2295 3671 dit
2329 3625 2391 3682 ω,
2437 3630 2537 3670 nec
2591 3613 2768 3668 minus
2819 3614 3093 3685 placuisse
3141 3614 3359 3671 videtur
3406 3614 3673 3680 Damaso,
3720 3612 3813 3683 qui

2218 3705 2471 3761 Paullino
2518 3706 2781 3774 epistolas
2827 3705 2980 3761 dedit
3026 3716 3137 3760 tum
3188 3707 3240 3760 in
3287 3708 3507 3776 negotio
3532 3706 3724 3762 Vitalis
3747 3706 3815 3761 de

2213 3798 2726 3867 Apollinaristarum
2784 3796 2978 3853 haeresi
3051 3799 3288 3869 suspecti
3353 3811 3407 3855 et
3461 3798 3700 3854 accusati
3743 3806 3814 3865 τι,

2216 3898 2328 3943 tum
2371 3898 2560 3945 contra
2591 3889 2927 3960 Apollinaris
2951 3930 2966 3956 ,
3000 3890 3117 3947 Arii
3140 3930 3156 3957 ,
3185 3890 3405 3945 Sabellii
3432 3932 3448 3957 ,
3473 3889 3813 3956 Macedonii,

2217 3979 2513 4046 Ennomii,
2577 3990 2631 4034 et
2694 3978 2911 4034 Photini
2970 3994 3191 4035 errores
3243 3989 3289 4036 ο.
3346 3979 3546 4036 Verum
3598 3982 3817 4051 quidem

2219 4081 2300 4126 est
2327 4110 2343 4135 ,
2394 4069 2705 4126 Orientales
2739 4069 3038 4141 Episc0pos
3080 4070 3311 4128 Paullini
3352 4073 3682 4129 electionem
3735 4090 3820 4127 re-

2218 4248 2343 4304 264.
2375 4246 2573 4328 gol.__2.
2606 4245 2863 4328 Athanasii
2900 4259 2947 4303 et
2975 4250 3392 4328 toutg__l’l§gypt_c
3420 4258 3819 4328 commugiquait

2219 4316 2594 4397 avegPanlin,
2625 4318 3045 4397 Epipftanc‘avec
3074 4318 3179 4375 l‘ile
3203 4316 3539 4395 dc'Cltypre,
3570 4316 3818 4397 I’Eviique

2218 4391 2473 4458 delicate
2498 4406 2621 4443 uvec
2647 4390 2720 4443 (es
2756 4389 3131 4447 Occidentem.

587 4474 609 4502 c
643 4462 802 4518 Socr.
834 4457 1053 4515 Sozom.
1075 4453 1349 4531 _l_3_tiron._l.
1383 4469 1434 4509 c.
1468 4454 1671 4511 Chron.
1704 4456 1895 4531 Prosp.
1921 4458 2112 4531 _Aquit.
2146 4466 2199 4525 D
2289 4453 2335 4499 ἰη
2367 4462 2497 4516 Loc.
2529 4463 2624 4515 cit.
2653 4475 2708 4531 n.
2738 4460 2865 4515 ‘2'51.
2900 4471 2954 4515 et
2984 4477 3105 4531 seq.

513 4532 657 4606 apud
686 4531 871 4606 Canis.
893 4539 951 4606 _t.
982 4526 1239 4606 LA'l‘hes.
1284 4524 1537 4606 Monum;
1573 4541 1693 4606 pag.
1736 4524 2118 4606 ἓθὸζκιιιὲἑίερς

512 4594 977 4677 aitjectisdgobus
1035 4594 1425 4677 Confessoribns
1492 4596 1801 4677 Paullinum
1856 4594 2117 4677 Eustathii

513 4667 774 4747 Episcopi
800 4670 1202 4747 Presbyterum,
1230 4668 1321 4747 qui
1355 4682 1409 4723 se
1447 4682 1724 4747 numquam
1754 4667 2117 4747 haereticorum

515 4736 874 4798 communione
919 4736 1207 4807 polluerat,
1245 4736 1299 4790 in
1342 4746 1489 4804 parte
1522 4736 1780 4792 catholica
1828 4740 2117 4801 Antiochia:

518 4812 851 4883 Episcopum
870 4812 1014 4883 facit.

586 4885 614 4922 ά
645 4876 790 4939 Loco
811 4876 905 4938 cli.
934 4876 999 4935 n.’
1020 4876 1147 4932 {80.

593 4968 616 4993 θ
648 4958 706 5010 In
731 4961 843 5011 not.
871 4953 938 5013 ad
968 4953 1126 5011 Socr.
1157 4947 1251 5003 lib.
1286 4949 1339 5003 ὅ.
1369 4964 1420 5004 c.
1450 4947 1501 5003 5.

596 5026 616 5065 ί
649 5026 768 5085 Lib.
801 5024 870 5079 10
888 5035 938 5078 c.
964 5022 1018 5077 9.

589 5108 615 5146 ε
647 5097 704 5157 In
728 5097 853 5152 crit.
887 5093 1084 5159 Baron.
1112 5088 1181 5143 ad
1207 5091 1393 5148 eumd.
1426 5106 1516 5149 an.
1544 5107 1598 5151 n.
1626 5092 1717 5150 23.

585 5167 615 5205 ιι
642 5169 779 5225 Hist.
821 5160 1086 5223 Chronol.
1121 5161 1425 5221 Patriarch.
1459 5164 1715 5222 Antioch.
1749 5166 1804 5220 in
1844 5164 1965 5221 Act.
2010 5164 2111 5223 SS.

516 5252 651 5299 tom.
682 5240 736 5299 4.
760 5235 897 5308 _Julli
928 5248 1052 5308 pag.
1082 5234 1172 5308 58_.
1203 5232 1334 5308 edit.
1375 5233 1508 5308 Ven.

596 5314 609 5348 ί
649 5311 701 5365 In
731 5298 1097 5363 Monito'td'm.
1125 5303 1150 5358 i
1188 5320 1238 5376 p.
1273 5303 1329 5357 2.
1363 5305 1476 5376 n.§
1510 5320 1630 5376 pag.
1662 5298 1787 5361 770.

592 5386 604 5431 l
648 5384 703 5436 In
730 5381 823 5435 cit.
854 5378 1140 5451 Synodica_
1159 5375 1330 5451 Epist.
1356 5376 1401 5431 A
1430 5375 1675 5451 Paullino
1704 5388 1821 5430 vero
1850 5376 2114 5433 Maximus

515 5464 561 5506 et
590 5445 921 5523 Calimerus,
943 5450 1029 5523 qui
1056 5458 1102 5523 et
1123 5446 1227 5523 ipsi
1258 5445 1481 5523 Iliaconi
1508 5454 1649 5523 sunt.

591 5523 612 5560 κ
648 5523 703 5575 1η
731 5523 852 5574 ead.
892 5515 1101 5590 Sjnod.
1135 5516 1245 5590 ligo
1276 5515 1556 5590 Paullinus
1600 5520 1673 5573 ita
1702 5520 1865 5574 sentio
1886 5560 1901 5584 ,
1934 5535 2113 5590 quem-

515 5592 797 5644 admodum
842 5586 1018 5657 acccpi
1057 5604 1090 5641 a
1120 5587 1394 5656 Pambus,
1441 5586 1640 5645 Filium
1669 5606 1776 5646 esse
1802 5633 1815 5659 ,
1848 5602 1894 5645 et
1925 5586 2121 5646 subsis-

520 5671 621 5767 ιενεῖ
647 5661 961 5793 'iiiiigmi
976 5669 1113 5782 eici.
1144 5726 1374 5782 Diction.
1402 5728 1563 5785 Uuiv.
1590 5733 1653 5787 ν.
1692 5733 1959 5787 Antiochia
1998 5750 2119 5807 pag.

2294 4541 2320 4567 ιι
2352 4534 2620 4587 Observat
2649 4530 2947 4587 Severinus
2978 4530 3164 4588 Binius
3195 4534 3445 4591 Paullino
3480 4539 3821 4596 Thessaloni-

2221 4606 2359 4657 censi
2403 4602 2542 4659 talso
2582 4602 2901 4670 inscriptam
2948 4602 3244 4671 Epismlam
3288 4606 3503 4665 Damasi
3534 4625 3599 4666 ex
3632 4612 3821 4668 dolosa

2222 4674 2478 4732 nimirqu
2512 4671 2870 4741 inscriptione
2891 4685 2921 4728 a
2944 4671 3292 4733 Theodoreto
3318 4680 3549 4736 conﬁcta
3578 4690 3635 4737 ct
3660 4682 3824 4740 afﬁxa

2223 4744 2513 4826 Synodica;
2557 4740 2825 4826 Epistolas
2862 4744 3088 4801 Concilii
3138 4747 3369 4826 Romani
3422 4748 3529 4826 ill,
3578 4753 3647 4826 de
3689 4771 3825 4826 “qua

2221 4814 2345 4940 vgde
2372 4822 2556 4940 ῗῧιῖιέιι
2603 4824 2921 4885 sequentem
2953 4832 3022 4873 ex
3052 4829 3182 4875 tom.
3210 4818 3266 4873 2.
3298 4814 3658 4879 Οοηυίῑίθάὶι
3684 4814 3823 4882 Ven.

2222 4902 2254 4940 ι)
2293 4902 2344 4940 α.
2529 4925 2541 4937 .

2222 4886 2761 5041 ﬂagiéiiiloélicahaec
2781 4957 3011 5041 epistola
3033 4968 3118 5015 est
3135 4956 3365 5041 Concilii
3384 4962 3459 5041 _lll
3512 4962 3671 5041 Rom.
3699 4964 3827 5041 data

2222 5026 2855 5101 PaullinoAAntigcheno
2890 5030 3178 5101 Episcopo.
3211 5029 3599 5090 Theodoretus
3629 5036 3826 5095 dolose

2222 5097 2299 5173 i_lli
2330 5096 2587 5173 praeﬁxit
2634 5095 3365 5158 Thessalonicensi'Pautlino
3409 5103 3505 5160 lib.
3545 5103 3599 5160 ὅ.
3633 5123 3688 5166 c.
3738 5112 3824 5166 ll.

2220 5166 2468 5244 Cerlum_
2491 5171 2637 5223 enim
2669 5178 2751 5244 e_s_l
2774 5212 2789 5236 ,
2831 5180 2957 5244 tunc
2986 5174 3258 5244 temporis
3300 5175 3613 5244 Acholium,
3644 5180 3824 5234 virum

2218 5239 2645 5320 sanctissimum,
2678 5238 3255 5320 :l‘liessalonicensibus
3313 5238 3622 5316 prmfuissc';
3680 5253 3825 5320 quod

2218 5319 2272 5364 et
2323 5310 2463 5364 idem
2507 5309 2885 5367 Theodoretus
2937 5315 3136 5369 suimet
3185 5309 3473 5371 immemor
3533 5309 3712 5375 tradit'
3755 5338 3825 5376 ex

2222 5380 2461 5457 Epistola
2513 5382 2777 5457 Syllodica
2826 5383 3053 5457 Concilii
3103 5385 3717 5457 Constantinopolitani.
3770 5391 3827 5448 Id

2224 5453 2423 5531 factum
2458 5466 2520 5531 _a
2560 5452 2944 5531 ⁷’1Ὶιεῖοιιυιεθιο⁵
2973 5455 3327 5531 Paulliniante
3376 5452 3512 5531 parti
3571 5460 3785 5531 infenso
3812 5505 3826 5527 ,

2226 5539 2293 5593 ne
2346 5522 2621 5578 Paullinus
2674 5524 2788 5593 ipse
2841 5523 3103 5593 catholica
3156 5522 3543 5586 communione
3596 5522 3832 5589 Damaso

2227 5592 2853 5671 I_’on_tilici_conjunctus'
2898 5596 3197 5671 videretur,
3260 5609 3317 5653 ut
3370 5603 3677 5671 suspicatur
3731 5601 3833 5660 Se—

2228 5665 2449 5741 verinus
2500 5662 2789 5741 Biniusuin
2843 5668 3098 5741 nolisittd
3149 5671 3287 5741 hanc
3331 5662 3504 5741 Episi.
3560 5672 3719 5730 Tom.
3772 5674 3829 5731 9.

2228 5736 2437 5791 Concil.
2470 5751 2588 5809 pag.
2636 5737 2776 5792 1065
2826 5739 2958 5795 odit.
2994 5740 3124 5797 Ven.
3154 5740 3231 5797 De
3262 5736 3564 5805 hae'etiam
3611 5743 3829 5808 Damasi
