4148 6186
400 239 506 298 757

1788 236 2112 294 LUCIFERI
2158 238 2338 293 VI'I‘A.

3599 245 3707 302 758

397 355 630 425 spuisse,
661 362 716 410 et
770 351 994 409 Meletio
1044 366 1266 422 semper
1315 349 1614 405 adhtesisse
1641 391 1654 415 ,
1707 356 1873 419 atque
1928 348 1998 402 ita
2033 352 2074 411 Α
2108 347 2309 402 Verum
2336 349 2554 407 Lucifer
2583 367 2611 405 a
2654 368 2713 408 se
2758 354 2953 410 factam
2985 355 3217 412 Paullini
3246 357 3568 413 electionem
3612 358 3705 412 ubi

391 448 634 503 schisma
666 444 974 503 Antiochia:
1009 444 1357 514 perdurasse,
1388 442 1565 498 donec
1596 440 1871 496 Meletium
1907 440 1992 494 in-

394 550 477 597 ter
503 549 561 597 et
585 540 896 595 Paullinum
938 553 1041 607 pax
1073 536 1281 593 sancita
1312 544 1398 591 est
1428 550 1489 590 ea
1531 533 1872 595 conditione,
1906 546 1996 587 ac-

392 640 665 703 ceptoque
689 631 925 702 partium
950 636 1321 693 sacramento,
1340 626 1586 682 Flaviani
1614 625 1911 695 praesertim
1935 639 1997 679 ac

396 726 697 791 Theodori,
723 742 790 780 ne
813 724 1066 780 alterutri
1086 722 1374 778 decedenti
1398 735 1679 776 successor
1701 719 1992 784 daretur";

395 821 495 877 sed
530 819 879 876 conventioui
911 818 1223 874 Orientales
1260 815 1517 887 Episcopi
1555 830 1661 868 nou
1695 821 1993 877 steterunt;

396 915 464 968 ab
499 914 607 968 illis
636 913 784 967 enim
831 912 1104 967 exstincto
1137 910 1357 965 Meletio
1400 909 1451 963 in
1495 905 1838 963 Autiochena
1866 903 1996 961 sede

394 1005 691 1062 Flavianus
713 1003 971 1059 suffectus
998 1003 1118 1068 fuit;
1148 1012 1202 1058 et
1228 1002 1294 1056 ad
1327 1002 1530 1056 multos
1556 1015 1730 1055 annos
1758 998 1993 1054 schisma

394 1097 697 1153 recruduit.
718 1096 838 1153 1am
854 1096 1215 1151 dissensionis
1244 1111 1405 1149 causa
1435 1094 1579 1148 inter
1600 1092 1910 1148 Luciferum
1943 1100 1996 1147 et

390 1188 734 1255 Eusebium,
770 1188 1101 1259 improbatio
1128 1187 1384 1243 nimirum
1432 1185 1721 1242 electionis
1763 1183 1992 1239 Paulliui

392 1296 422 1337 ι
455 1281 716 1338 Lucifero
764 1281 950 1348 factas,
978 1298 1083 1336 non
1128 1291 1210 1336 est
1250 1280 1608 1347 admittenda,
1648 1278 1750 1334 etsi
1792 1276 1993 1342 Rufini,

393 1375 641 1430 Socratis
697 1386 752 1431 et
807 1375 1095 1430 Sozomeni
1147 1373 1462 1429 testimonio
1516 1370 1811 1433 iniciatur;
1870 1384 1990 1424 cum

396 1465 666 1520 Eusebius
699 1466 818 1536 ipse
849 1468 901 1520 in
934 1465 1305 1521 Alexandrina
1338 1463 1558 1536 Synodo
1577 1473 1631 1518 et
1658 1461 1994 1518 Athanasius

392 1557 685 1628 czeterique
739 1557 931 1613 Patres
973 1558 1120 1613 illam
1172 1567 1344 1611 ratam
1396 1555 1686 1610 habuerint
1738 1571 1751 1607 :
1820 1568 1993 1624 neque

392 1652 536 1708 enim
570 1660 784 1722 poterat
808 1651 1077 1707 Eusebius
1106 1650 1237 1704 illud
1270 1649 1556 1714 damnare,
1604 1646 1749 1718 quod
1791 1646 1990 1701 solem-

2098 445 2271 497 sensit
2297 452 2352 498 ut
2381 446 2711 516 prrecipitem
2747 448 2984 504 Eusebio
3008 449 3375 519 displicuisse,
3422 451 3539 520 ejus
3559 450 3701 520 judi-

2097 533 2237 588 cium
2266 551 2409 607 mgre
2443 538 2580 593 tulit.
2614 539 3052 608 I’rzcconccptam
3101 543 3239 597 hanc
3276 542 3442 596 animi
3491 543 3701 597 acerbi-

2100 634 2264 681 tatem
2319 627 2543 684 Concilii
2592 633 2942 686 Alexandrini
2988 634 3202 687 decreta
3236 635 3303 689 de
3350 634 3516 704 lapsis
3571 649 3700 693 vere

2102 719 2501 787 paenitentibus
2553 724 2902 794 recipiendis,
2938 726 3237 781 dummodo
3266 727 3536 782 ha'resum
3570 741 3697 781 auc-

2098 824 2245 867 tores
2267 829 2373 869 non
2404 828 2616 883 essent,
2646 819 2831 889 eisque
2858 837 2980 876 cum
2998 822 3258 891 dignitate
3274 823 3337 876 ad
3379 837 3508 876 suas
3541 822 3700 878 sedes

2097 906 2449 962 restituendis
2468 920 2759 976 auxerunt,
2783 923 2805 950 ο
2828 917 3126 981 prmsertitn
3157 932 3277 968 cum
3309 927 3502 982 praeter
3542 932 3693 969 suam

2098 998 2453 1066 sententiam,
2511 1016 2616 1070 qua
2664 1003 2730 1056 ad
2763 1002 2922 1058 fidem
2978 1006 3334 1061 orthodoxam
3386 1008 3453 1060 ab
3499 1009 3690 1063 lueresi

2099 1089 2397 1146 redeuntes
2442 1093 2815 1148 communioni
2866 1094 3085 1165 quidem
3144 1098 3493 1163 admittendi,
3556 1099 3699 1168 pris-

2100 1179 2226 1234 tinis
2273 1189 2454 1237 tamen
2490 1182 2793 1240 honoribus
2831 1195 2991 1241 erant
3030 1188 3317 1257 privandi,
3368 1188 3613 1245 Eusebio
3643 1200 3699 1245 et

2098 1270 2397 1330 Athanasio
2452 1278 2767 1333 auctoribus
2833 1278 3033 1336 factum
3094 1284 3491 1352 suSpicaretur.
3549 1281 3698 1349 Qua-

2099 1379 2324 1440 propter
2353 1370 2729 1441 indignatione
2758 1382 3001 1429 :estuans
3035 1375 3253 1433 Lucifer
3293 1377 3524 1436 Concilii
3557 1382 3705 1438 illius

2100 1462 2317 1517 decreta
2345 1463 2562 1531 rejecit,
2594 1475 2651 1518 et
2680 1480 2803 1519 cum
2835 1466 3120 1536 Episc0pis
3151 1469 3403 1540 dignitati
3428 1474 3703 1529 restitutis

2098 1562 2248 1609 ratus
2290 1569 2395 1609 non
2421 1570 2544 1610 esse
2566 1559 3107 1624 communicandum,
3143 1563 3211 1615 ab
3241 1563 3323 1617 eis
3369 1567 3699 1638 caeterisque

2099 1646 2487 1702 Alexandrinae
2530 1647 2735 1719 Synodi
2784 1650 3037 1706 Patribus
3078 1667 3201 1708 sese
3239 1659 3537 1725 separavit.
3586 1660 3699 1714 Iloc

390 1747 533 1799 niter
565 1745 679 1813 ipse
712 1743 1041 1813 probaverat
1067 1738 1117 1794 ι’.
1153 1740 1267 1811 Ego
1298 1755 1430 1794 sane
1460 1736 1789 1793 crediderim
1824 1779 1838 1803 ,
1880 1752 1985 1792 non
2018 1746 2066 1807 Β
2095 1738 2239 1795 facto
2263 1740 2571 1811 periculoso
2594 1742 2876 1798 schismati
2904 1744 3082 1799 locum
3109 1756 3164 1801 et
3191 1762 3393 1803 nomen
3410 1750 3580 1818 dedit;
3606 1753 3699 1821 qui

390 1835 610 1908 quidem
660 1833 899 1891 Luciferi
941 1835 1141 1890 factum
1176 1833 1511 1905 improbasse
1544 1831 1865 1897 Eum-bium,
1898 1830 1990 1886 sed

393 1929 729 2001 przecipitem
753 1939 919 1998 atque
936 1929 1372 1998 intempestivam
1402 1922 1635 1981 Paulliui
1658 1926 1990 1983 electionem

391 2020 474 2076 illi
511 2021 667 2075 unice
708 2018 1081 2089 displicuisse,
1124 2021 1191 2075 de
1219 2036 1324 2091 qua
1358 2021 1535 2076 amice
1566 2034 1689 2074 cum
1742 2018 1992 2075 Lucifero

389 2126 790 2185 conquestum,
832 2115 917 2169 ubi
980 2115 1321 2169 Antiochiam
1365 2114 1637 2170 accedens
1691 2114 1991 2169 catholicas

393 2223 482 2263 res
531 2222 638 2262 non
682 2210 1014 2276 compositas
1044 2207 1224 2272 modo,
1257 2207 1350 2261 sed
1381 2208 1693 2276 asperiores
1735 2206 1989 2271 offendit,

395 2314 676 2371 novasque
705 2309 757 2355 et
779 2300 1065 2370 graviores
1098 2300 1231 2354 vidit
1263 2298 1618 2354 Orthodoxos
1651 2299 1795 2353 inter
1833 2314 1993 2353 exor-

390 2404 475 2449 tas
520 2393 982 2463 perturbationes.
1032 2391 1247 2448 Etenim
1298 2391 1500 2447 Meletii
1549 2389 1790 2447 fautores
1816 2391 1892 2445 illi
1923 2392 1990 2446 ab

391 2486 587 2541 exsilio
608 2484 956 2541 Antiochiam
990 2485 1177 2541 reduci
1203 2500 1323 2540 sese
1353 2480 1713 2553 adjunxerant
1735 2526 1749 2551 ,
1785 2493 1837 2537 et
1866 2496 1987 2538 cum

392 2578 490 2633 illo
520 2585 827 2633 conventus
866 2592 1029 2648 agere
1065 2586 1327 2647 ceperant
1355 2593 1383 2631 a
1412 2575 1772 2631 Paullinianis
1799 2590 1988 2646 segre-

390 2673 522 2743 gati,
570 2679 759 2741 utpote
791 2673 880 2741 qui
908 2688 1072 2726 unum
1104 2658 1384 2726 Meletium
1429 2672 1832 2726 Antiocheuum
1881 2671 1988 2725 An-

392 2764 618 2818 tistitem
666 2774 1050 2835 agnoscerent,
1106 2764 1232 2819 etsi
1276 2764 1572 2834 aliquando
1622 2765 1893 2819 Aeaciana
1934 2774 1987 2818 ct

396 2854 714 2912 Eudoxiana
761 2852 1146 2912 communione
1188 2856 1421 2927 lapsum,
1472 2854 1710 2925 gloriosa
1742 2864 1988 2925 postmo-

394 2950 522 3003 dum
546 2949 890 3005 confessione
913 2949 1180 3020 insignem
1203 2964 1416 3004 summo
1432 2948 1742 3003 sacerdotio
1761 2948 1983 3017 dignum

390 3043 813 3109 existimarent,
856 3042 1056 3107 immo,
1105 3042 1149 3097 si
1194 3041 1334 3096 forte
1378 3056 1407 3094 e
1442 3040 1707 3110 dignitate
1753 3039 1985 3094 excidis-

2097 1832 2242 1888 enim
2273 1832 2326 1887 in
2354 1832 2469 1902 ejus
2500 1834 2826 1889 sententiam
2857 1835 3134 1903 abierunt,
3184 1837 3516 1897 Luciferiani
3560 1842 3693 1898 dicti

2096 1936 2245 1991 sunt,
2277 1940 2481 1995 eosque
2510 1925 2561 1979 in
2588 1924 2839 1982 haeresim
2882 1926 3082 1984 deinde
3116 1931 3353 1999 turpiter
3402 1933 3693 2002 prolapsos

2095 2021 2337 2092 egregiis
2359 2020 2577 2090 scriptis
2607 2020 2667 2075 D.
2711 2020 3077 2093 Hieronymus
3130 2024 3412 2080 insecutus
3459 2035 3564 2081 est.
3598 2026 3691 2081 In-

2097 2122 2270 2178 terea,
2320 2112 2447 2167 dum
2490 2112 2722 2168 reditum
2775 2114 2829 2169 in
2879 2115 3089 2172 Italiam
3131 2117 3372 2188 cogitat,
3425 2118 3694 2175 Caesarem

2094 2205 2398 2261 consistere
2443 2205 2753 2262 Luciferum
2792 2209 3060 2278 Oportuit,
3107 2220 3163 2265 ιιι
3192 2212 3357 2266 urbes
3392 2212 3472 2266 illi
3503 2213 3695 2268 Eccle-

2094 2301 2188 2354 siae
2225 2301 2274 2354 in
2317 2298 2658 2371 Cappadocia
2704 2301 2998 2373 subjectas,
3045 2320 3168 2374 quae
3208 2315 3432 2375 propter
3470 2306 3691 2361 Eusebii

2092 2393 2460 2448 Czesareeusis
2505 2390 2758 2465 EpiscOpi
2811 2394 3140 2453 electionem
3174 2395 3321 2453 inter
3365 2406 3425 2454 Se
3456 2397 3688 2455 disside-

2093 2485 2244 2553 bant,
2290 2487 2356 2541 ad
2404 2488 2645 2557 quietem
2689 2487 3023 2545 traduceret.
3079 2487 3241 2545 Initio
3286 2490 3415 2545 anni
3460 2491 3688 2547 secumli

2092 2576 2294 2631 Juliani
2329 2578 2578 2649 Augusti,
2617 2590 2858 2635 exeunte
2896 2581 3107 2636 scilicet
3136 2580 3397 2638 Ianuario
3435 2598 3522 2638 an.
3559 2584 3687 2649 565,

2092 2685 2214 2725 cum
2258 2671 2550 2727 Annalium
2601 2673 3112 2733 Eeclesiastlcorum
3168 2678 3405 2733 maximo
3457 2689 3687 2749 parente

2096 2761 2195 2816 hoc
2231 2763 2486 2818 evenisse
2542 2762 2914 2821 existimamus
2964 2764 3015 2821 ιι.
3063 2766 3156 2822 His
3196 2768 3436 2838 expletis
3468 2770 3685 2826 tandem

2093 2853 2159 2906 ab
2206 2851 2428 2909 Oriente
2474 2854 2525 2909 in
2560 2854 2773 2910 Italiam
2823 2857 2996 2913 redux
3037 2858 3256 2915 Lucifer
3287 2876 3353 2915 eo
3387 2861 3506 2931 ipso
3534 2877 3681 2916 anno

2091 2943 2219 2999 Chr.
2254 2945 2381 3015 565,
2406 2946 2625 3002 Juliano
2654 2947 2899 3020 Augusto
2935 2949 3025 3019 IV,
3054 2961 3108 3007 et
3136 2952 3394 3008 Secundo
3426 2954 3688 3009 Sallustio

2094 3039 2350 3094 Promoto
2373 3038 2559 3106 Coss.,
2584 3052 2639 3096 ιιι
2666 3053 2788 3113 post
2820 3052 2899 3098 tot
2928 3044 3248 3101 exantlatos
3277 3046 3494 3102 labores
3515 3047 3691 3119 quieti

391 3145 497 3201 set,
526 3132 591 3189 ad
620 3150 738 3190 eam
764 3132 1008 3191 dicerent
1043 3132 1353 3190 restitutum
1379 3132 1551 3204 ipsius
1593 3128 1981 3188 Alexamlrimc
2011 3125 2055 3186 C
2090 3132 2385 3203 aliquando
2429 3136 2744 3192 consuleret
2792 3152 2939 3203 sum,
2974 3139 3025 3193 in
3061 3138 3371 3195 Sardiniam
3418 3155 3545 3196 sese
3602 3157 3692 3196 re-

392 3227 596 3299 Syuodi
640 3229 868 3283 solemni
918 3229 1144 3283 decreto
1192 3226 1262 3282 de
1306 3228 1471 3296 lapsis
1531 3241 1661 3281 vere
1718 3227 1984 3293 paeniten-

390 3320 539 3374 tibus
569 3319 634 3373 ad
665 3324 874 3390 primos
903 3320 1141 3374 honores
1167 3317 1572 3387 dignitatesque
1603 3317 1979 3372 restituendis.

388 3410 523 3478 Qute
555 3420 842 3481 pr0pterea
873 3406 1092 3465 dissldia
1119 3418 1172 3464 et
1204 3407 1456 3463 scandala
1486 3420 1608 3462 eum
1637 3406 1813 3462 futura
1847 3423 1984 3478 prm-

390 3503 618 3559 vidisset
661 3503 961 3570 Eusebius,
1008 3518 1112 3557 non
1163 3504 1332 3573 potuit
1358 3501 1652 3567 contineri,
1686 3501 1814 3570 quin
1857 3516 1980 3555 cum

389 3594 641 3651 Lucifero
664 3594 1023 3649 dissensionis
1047 3593 1451 3665 quodammodo
1491 3600 1714 3647 auctore
1748 3591 1983 3647 familia-

387 3689 526 3743 riter
556 3697 1007 3759 conqucrerctut',
1056 3687 1347 3742 Consiliittn
1390 3686 1506 3755 ejus
1542 3686 1590 3738 itt
1627 3686 1980 3755 pra-propera

387 3780 479 3834 illa
505 3779 775 3835 electione
798 3778 1027 3833 Paulliui
1054 3776 1433 3833 funestissimis
1451 3774 1738 3831 effectibus
1757 3776 1979 3846 gravida

387 3872 612 3926 omnino
644 3872 979 3943 improbans.

1068 3963 1094 4035 ξ
1143 3964 1271 4018 νιιι.

462 4055 645 4125 Itaque
680 4098 693 4123 ,
744 4066 799 4111 ut
844 4054 1082 4111 diximus
1109 4100 1121 4119 ,
1154 4072 1274 4110 cum
1328 4054 1595 4111 Eusebius
1634 4056 1980 4113 Antiochiam

387 4151 614 4206 veniens
648 4192 663 4213 ,
712 4161 931 4221 accepta
980 4152 1088 4217 jam
1130 4151 1487 4206 Paullinianre
1542 4152 1836 4208 electionis
1888 4171 1985 4209 nu-

389 4244 546 4308 titia,
602 4244 955 4300 concordiam
1002 4258 1029 4297 a
1080 4242 1333 4297 Lucifero
1377 4243 1642 4297 intentam
1676 4259 1782 4299 non
1822 4246 1983 4301 modo

387 4336 735 4390 conciliatam
779 4352 883 4390 non
932 4336 1124 4400 fuisse,
1176 4336 1270 4389 sed
1322 4350 1459 4389 nova
1490 4335 1634 4388 inter
1668 4334 1983 4392 Catholicos

386 4436 506 4482 orta
537 4427 763 4482 dissidia
780 4427 1165 4498 comperisset,
1194 4428 1372 4487 celere
1401 4428 1563 4481 nimis
1588 4426 1820 4482 Luciferi
1854 4442 1983 4484 con-

2092 3228 2254 3296 cepit.
2288 3229 2427 3282 Sunt
2469 3231 2581 3300 qui,
2615 3241 2904 3301 antequam
2937 3232 3154 3287 Lueifer
3186 3232 3426 3287 Calarim
3458 3233 3685 3300 rediret,

2090 3320 2243 3376 illum
2270 3322 2418 3375 aiunt
2453 3324 2504 3376 in
2530 3323 2883 3392 Campaniam
2916 3323 3215 3394 appulisse,
3238 3321 3516 3379 Zozimum
3547 3324 3685 3380 Nea-

2090 3415 2387 3483 politanum
2435 3415 2984 3489 pseudo-episcopum
3038 3418 3274 3474 Maximo
3317 3420 3369 3473 in
3426 3418 3683 3476 exsilium

2088 3507 2246 3575 pulso
2300 3506 2369 3560 ab
2428 3507 2644 3562 Arianis
2694 3507 2985 3564 suffectum
3045 3521 3067 3543 θ
3118 3512 3345 3579 vitasse,
3403 3512 3683 3567 Liberittm

2089 3599 2407 3655 Pontificem
2464 3601 2652 3656 Roma:
2698 3603 3047 3659 convenisse.
3074 3603 3140 3659 At
3162 3619 3284 3660 cum
3302 3603 3464 3660 dubia
3498 3608 3684 3662 omnia

2090 3690 2395 3756 videantur,
2433 3702 2798 3762 suspectoque
2832 3693 3015 3749 Fausti
3049 3704 3102 3750 et
3132 3695 3439 3753 Marcellini
3469 3696 3685 3753 Lucife-

2087 3783 2364 3837 riauorum
2396 3783 2707 3840 testimonio
2739 3786 2974 3840 maxime
3000 3786 3291 3842 fulciantur
3347 3787 3391 3852 ί,
3427 3789 3681 3844 volentes

2088 3874 2429 3946 libentesque
2485 3877 2650 3931 missa
2704 3877 2931 3933 facimus
2964 3920 2978 3943 ,
3037 3875 3367 3935 Calai-itania
3427 3880 3680 3949 regenda:

2091 3966 2353 4023 Ecclesia:
2381 3968 2537 4024 annis
2565 3984 2595 4022 a
2625 3968 2804 4024 reditu
2836 3971 3054 4026 circiter
3077 3980 3201 4025 octo
3228 3971 3477 4029 incubuit
3512 3973 3677 4029 Luci—

2088 4061 2171 4116 fer
2201 4059 2523 4116 difficillima
2554 4060 2653 4115 sub
2691 4060 2919 4117 Valente
2949 4062 3150 4118 Ariano
3180 4064 3416 4119 Orientis
3438 4065 3680 4136 Impera-

2092 4165 2207 4210 tore
2243 4166 2437 4211 nactus
2477 4164 2753 4226 tempora.
2784 4156 3169 4211 Valentiniano
3202 4158 3419 4213 tandem
3458 4161 3681 4214 seniore

2088 4248 2458 4307 Occidentalis
2503 4249 2717 4320 Imperii
2773 4251 3013 4306 habenas
3060 4250 3379 4308 moderante
3411 4265 3501 4309 an.
3537 4252 3675 4307 Chr.

2088 4342 2187 4395 571
2242 4340 2546 4406 inchoato,
2605 4342 2819 4411 imperii
2873 4343 2989 4411 ejus
3040 4341 3149 4395 VIII
3183 4383 3196 4407 ,
3251 4343 3516 4397 Gratiano
3568 4345 3677 4397 Au-

2089 4440 2247 4501 gusto
2291 4432 2370 4497 II,
2418 4440 2474 4486 et
2528 4431 2656 4487 Sex.
2691 4432 2883 4487 Anicio
2925 4431 3101 4487 Probo
3148 4429 3328 4499 Coss.,
3361 4431 3445 4489 vel
3477 4428 3671 4489 saltem

386 4520 572 4574 silium
604 4520 905 4583 damnavit,
935 4519 1271 4589 studuitque,
1309 4530 1363 4573 ut
1408 4519 1763 4575 Antiochense
1791 4520 1984 4576 Eccle-
2010 4507 2063 4566 D
2092 4525 2271 4595 priore
2317 4524 2379 4576 ad
2414 4524 2575 4578 finem
2626 4524 2941 4591 inclinante,
2996 4523 3361 4579 Valentiniani
3396 4525 3508 4591 VII,
3542 4523 3674 4581 Chr.

388 4611 485 4665 sia:
524 4611 754 4681 negotiis
784 4612 1024 4679 meliori,
1063 4626 1170 4681 quo
1197 4611 1315 4667 fieri
1353 4619 1559 4680 posset,
1597 4612 1761 4667 modo
1799 4614 1983 4683 provi-

386 4718 510 4758 sum
558 4704 683 4759 iret.
725 4703 870 4774 Ergo
913 4703 1204 4758 Antiochia
1249 4703 1432 4772 aliqua
1475 4703 1987 4775 quomodocumque

388 4812 524 4867 pace
566 4797 790 4862 donata,
835 4796 1105 4852 Eusebius
1140 4796 1206 4850 ad
1255 4796 1392 4850 alias
1421 4794 1663 4850 Orientis
1712 4796 1987 4852 Ecelesias

388 4889 719 4945 ordinandas
768 4890 1011 4944 animum
1066 4897 1126 4943 et
1184 4886 1617 4943 sollicitudinem
1684 4893 1983 4947 convertit.

388 5042 511 5081 cum
553 5026 803 5081 Paullino
840 5024 1227 5080 communione
1269 5021 1499 5076 videnda
1533 5023 1692 5091 epist.
1722 5021 1781 5079 S.
1816 5023 1997 5081 Basilii

387 5097 519 5153 2M.
550 5098 684 5152 alias
714 5096 841 5153 559.
867 5106 922 5149 et
952 5096 1112 5163 epist.
1144 5094 1269 5149 216.
1302 5094 1372 5147 al.
1404 5091 1531 5145 272.
1576 5102 1630 5148 et
1673 5092 1995 5150 Sarazanius

390 5171 457 5224 ad
507 5170 707 5238 Opusc.
769 5176 826 5222 et
875 5166 1037 5223 Gesta
1104 5166 1163 5221 S.
1219 5164 1431 5219 Damasi
1491 5164 1649 5236 Papa:
1718 5178 1837 5235 cap.
1902 5169 1986 5223 10.

390 5239 781 5365 nuinSocr.
812 5318 868 5365 et
910 5274 1075 5378 Greg.
1105 5306 1329 5380 Nasiang.
1361 5306 1614 5362 Petavius
1641 5306 1765 5362 flat.
1794 5306 1987 5380 Temp.

391 5398 448 5453 p.
486 5382 535 5436 I.
567 5382 663 5437 lib.
699 5381 756 5436 6.
786 5396 839 5437 c.
874 5382 927 5434 7.
958 5395 1081 5450 pag.
1115 5396 1191 5433 m.
1216 5378 1347 5433 28L

464 5451 492 5491 ι)
519 5452 721 5507 Baron.
758 5452 795 5506 Ι.
825 5467 875 5506 c.
909 5468 963 5506 n.
996 5451 1124 5507 215.

468 5469 492 5490 υ
519 5469 721 5519 naxon.
760 5469 795 5506 ι.
825 5469 875 5506 c.
909 5469 963 5506 ιι.
996 5469 1124 5507 21:).

468 5534 489 5562 ε
516 5526 689 5579 Cone.
731 5533 772 5578 t.
822 5523 881 5580 2.
926 5522 1016 5577 ubi
1043 5536 1167 5593 sup.
1212 5520 1338 5574 Ruf.
1375 5520 1470 5577 lib.
1502 5524 1559 5577 2.
1590 5537 1639 5577 c.
1666 5521 1758 5577 28.
1791 5523 1991 5580 Baron.

396 5598 439 5651 L
639 5594 893 5793 Ξξέὅϐὅ.
942 5673 1000 5723 et
1029 5666 1151 5723 Act.
1194 5664 1294 5722 SS.
1342 5663 1405 5719 T.
1458 5680 1530 5721 tv.
1564 5663 1686 5720 Maii
1744 5665 1811 5721 ad
1844 5666 1897 5721 δ·
1927 5666 1998 5724 Ἡ

398 5756 450 5795 c.
523 5777 539 5794 .
570 5756 627 5793 ιι.
735 5777 749 5793 ο

398 5756 450 5797 C.
484 5756 539 5795 0.
570 5756 627 5793 11.
654 5756 749 5793 40.

2090 4616 2217 4672 570.
2255 4617 2486 4671 Damaso
2514 4618 2760 4672 Romano
2788 4617 3057 4672 Pontifice
3086 4617 3302 4674 Lucifer
3335 4616 3682 4677 Calaritanus

2090 4710 2390 4779 Episcopus
2413 4726 2473 4764 ea
2524 4708 2575 4764 in
2624 4711 2760 4766 urbe
2791 4725 2822 4765 e
2856 4710 2998 4765 vivis
3029 4709 3302 4765 discessit.
3339 4711 3472 4783 Ejus
3496 4712 3681 4769 obitus

2090 4802 2144 4856 in
2174 4800 2453 4858 Chronico
2485 4800 2800 4873 Hieronymi
2832 4803 2902 4857 ita
2934 4812 3157 4858 notatur
3183 4820 3195 4855 :
3243 4802 3454 4876 Lucifer
3480 4803 3685 4861 Caturi-

2092 4903 2243 4948 tanus
2268 4892 2560 4964 Episcopus
2587 4895 2829 4959 moritur,
2851 4895 2938 4964 qui
2966 4908 3083 4948 cum
3114 4893 3366 4965 Gregorio
3397 4895 3687 4967 Hispania—

2181 5038 2214 5100 e_
2247 5026 2681 5100 V.‘M_azoch._in
2712 5028 2837 5100 Vet.
2866 5028 3087 5100 Martyr.
3129 5044 3322 5100 marm.
3344 5028 3606 5100 Ifleap._c.
3634 5032 3683 5085 I.

2103 5108 2158 5154 ct
2186 5097 2242 5151 4.
2270 5098 2335 5152 ad
2368 5098 2424 5151 d.
2475 5116 2549 5153 xl.
2595 5098 2756 5154 Janu.
2814 5097 3035 5155 Sabbat.
3089 5101 3140 5153 in
3170 5098 3290 5153 Vet.
3341 5099 3457 5151 Kal.
3515 5098 3685 5167 Neap.

2100 5181 2139 5225 t.
2176 5170 2230 5225 5.
2263 5185 2317 5238 p.
2340 5169 2432 5223 26.
2465 5169 2660 5224 Muret.
2714 5170 2778 5225 ad
2805 5169 3007 5226 Chron.
3043 5170 3107 5224 .lo
3152 5168 3684 5238 Diac,oni,,Colctum

2098 5239 2218 5295 Ital.
2266 5237 2537 5296 Sacruin
2592 5238 2853 5312 Arcltiep.
2912 5240 3081 5312 Neap.
3112 5248 3155 5312 t.
3186 5238 3239 5312 6.
3271 5237 3467 5312 Matth.
3521 5239 3683 5294 Sard.

2099 5312 2222 5368 Sac.
2250 5312 2372 5365 loco
2393 5314 2485 5366 cit.
2513 5312 2603 5366 ubi
2633 5315 2685 5366 in
2715 5310 2840 5367 nota
2870 5330 2883 5364 :
2921 5332 2938 5363 ι
2978 5310 3121 5364 Illud
3142 5310 3519 5376 animadverto,
3552 5314 3689 5379 quod

2106 5402 2125 5434 ι
2156 5384 2298 5454 apud
2326 5382 2615 5438 Baronium
2639 5384 2874 5454 fortassis
2896 5382 3289 5435 ainanuensium
3317 5381 3469 5448 culpa
3499 5382 3688 5437 dicitur

2102 5472 2124 5508 ι
2164 5455 2425 5508 Maximus
2476 5458 2528 5507 in
2583 5454 2755 5507 locum
2796 5452 2994 5523 Zosimi
3042 5455 3319 5523 suffectus.
3357 5450 3525 5505 Miror
3552 5454 3687 5508 hunc

2106 5544 2125 5576 ›
2158 5541 2383 5578 errorem
2421 5524 2825 5577 oculatissimum
2876 5521 3138 5577 Mansium‘
3185 5524 3237 5575 in
3294 5522 3512 5576 Lucensi
3558 5526 3681 5580 edit.

2107 5610 2126 5648 ι
2158 5612 2261 5650 non
2287 5595 2602 5657 emendasse,
2632 5593 2832 5647 tametsi
2859 5594 2935 5647 rei
2957 5593 3070 5662 ipse
3093 5592 3301 5649 Coletus
3330 5590 3395 5648 T.
3436 5591 3531 5648 VI.
3563 5592 3687 5651 Ital.

2108 5686 2128 5719 ι
2162 5667 2285 5722 Sac.
2312 5666 2569 5720 monuerit
2595 5676 2705 5721 esse
2732 5666 3119 5736 corrigendum.
3155 5680 3175 5717 ι

2188 5738 2205 5777 ί
2235 5737 2408 5795 Libel.
2438 5738 2691 5807 Precum,
2715 5753 2805 5811 ap.
2837 5737 3003 5795 Sirm.
3039 5738 3074 5792 Ι.
3105 5754 3155 5794 c.
