4148 6186
321 294 421 351 76f

1546 291 1883 349 EPISTOLA
1920 291 2410 351 DEDICATORIA.

3513 297 3618 355 762

319 408 435 462 tiss.
470 406 647 474 Pater,
681 408 856 463 nostri
902 406 1115 463 ordinis
1140 414 1512 477 contemptum
1541 416 1599 462 et
1649 406 1916 476 dedigna-
1947 408 1995 468 Α
2024 408 2173 476 dem,
2201 411 2347 482 quod
2373 412 2484 482 jam
2518 422 2631 469 tum
2674 414 2833 470 valde
2863 414 3316 483 reformidabam,
3347 416 3617 474 comoedia

318 501 525 557 tionem
566 510 755 558 nostra
801 500 961 572 culpa
1023 502 1095 555 ita
1144 501 1425 566 miseram,
1461 508 1519 555 ut
1572 498 1710 554 nihil
1742 499 1915 555 ferme

317 593 554 661 amplius
582 592 926 648 auctoritatis
956 590 1282 657 habeamus;
1308 600 1364 648 et
1385 591 1632 663 profecto
1656 606 1777 647 eam
1806 606 1916 647 non

319 698 622 739 meremur.
675 684 1025 754 Quapropter
1079 682 1147 738 ad
1200 685 1405 753 primos
1462 693 1682 739 nostros
1724 684 1915 739 Patres

318 777 522 833 Christi
556 778 769 833 Domini
801 775 1142 847 temporibus
1174 777 1596 847 propinquiores
1637 775 1913 847 confugio,

319 883 616 940 eorumque
652 869 859 940 scripta
908 870 1103 924 evolvo
1134 877 1188 924 et
1230 870 1513 939 perquiro,
1542 876 1601 923 ut
1628 868 1913 924 ostendam

320 961 597 1031 quomodo
642 961 696 1015 in
752 962 1005 1017 doctrina
1063 960 1215 1015 illius
1248 961 1531 1016 tractanda
1563 976 1626 1016 se
1656 975 1917 1016 exercue-

321 1066 469 1122 runt,
498 1069 658 1124 quam
698 1055 917 1126 quidem
966 1056 1035 1109 ab
1068 1055 1185 1124 ipso
1214 1054 1441 1125 ejusque
1473 1055 1749 1124 Apostolis
1779 1064 1915 1109 tem-

317 1160 513 1215 porum
545 1161 841 1217 progressu
870 1146 1200 1213 didicerunt,
1232 1163 1410 1217 quove
1438 1157 1596 1218 pacto
1624 1156 1677 1203 et
1705 1148 1916 1217 seipsos

318 1247 373 1293 et
416 1239 621 1294 Christi
655 1248 842 1309 partes
875 1243 1141 1295 adversus
1180 1240 1525 1295 inimicorum
1574 1239 1806 1294 insultus
1834 1239 1916 1294 fo-

320 1341 537 1387 verunt.
585 1333 731 1388 lnter
769 1347 908 1403 quos
938 1334 1304 1389 clarissimum
1332 1334 1466 1389 mihi
1502 1333 1654 1388 sidus
1693 1332 1915 1389 Lucifer

321 1424 434 1491 hic,
476 1426 609 1480 solis
658 1428 840 1482 lumen
872 1427 1164 1493 referiens,
1198 1427 1418 1494 affulsit,
1467 1430 1560 1498 qui
1617 1428 1911 1499 pessimam

319 1518 478 1573 istam
511 1527 565 1572 et
614 1520 858 1574 omnium
918 1532 1044 1592 post
1104 1521 1353 1577 homines
1406 1531 1565 1577 natos
1624 1523 1912 1577 maximam

321 1612 434 1667 Arii
459 1612 736 1680 bteresim,
770 1614 1089 1671 Antichristi
1116 1626 1370 1681 matrem,
1413 1617 1467 1672 in
1514 1627 1757 1687 apertum
1788 1632 1915 1687 pro-

324 1703 426 1759 fert
452 1714 509 1761 et
539 1704 797 1761 elucidat.
831 1706 1003 1775 Quem
1023 1708 1370 1778 splendorem
1397 1710 1447 1764 in
1481 1718 1583 1764 tuae
1610 1709 1913 1765 sanctitatis

321 1798 543 1852 nomine
592 1813 862 1869 apparere
911 1801 1095 1869 cupio,
1129 1801 1285 1871 cujus
1312 1804 1652 1857 evectionem
1682 1818 1751 1857 ne
1796 1802 1916 1871 qui-
1949 1797 1992 1857 Β

319 1891 444 1947 dem
475 1893 761 1949 universus
792 1896 943 1950 orbis
969 1896 1133 1951 amici
1164 1906 1327 1969 atque
1358 1898 1562 1953 inimici
1606 1900 1918 1968 improbare

318 1993 415 2041 aut
464 1994 824 2045 contemnere
869 1999 1116 2059 possent,
1151 2006 1253 2046 nec
1299 1994 1565 2061 majorem
1615 1993 1667 2047 in
1699 2003 1917 2063 pastore

319 2093 505 2134 curam
538 2089 592 2135 ct
619 2080 862 2136 laborem
890 2098 987 2152 pro
1008 2082 1275 2138 Ecclesiae
1306 2084 1546 2139 utilitate
1573 2084 1913 2140 desiderare.

322 2169 541 2226 Duabus
574 2182 757 2227 autem
793 2174 1137 2243 potissimum
1191 2174 1260 2230 de
1286 2177 1466 2231 causis
1498 2176 1549 2231 id
1583 2176 1745 2240 facio,
1777 2191 1915 2247 qua-

317 2281 438 2320 rum
479 2266 633 2336 prior
683 2276 771 2322 est
805 2309 820 2331 ,
874 2276 934 2322 ut
964 2284 1088 2323 meo
1117 2268 1298 2323 ordini
1326 2270 1628 2340 antiquitus
1654 2269 1707 2324 in
1742 2268 1916 2325 Gallia

318 2359 693 2431 integerrimo,
727 2372 891 2433 atque
936 2366 988 2417 in
1038 2364 1210 2419 Deum
1244 2373 1300 2419 et
1346 2364 1648 2435 principem
1680 2380 1915 2436 propenv

315 2453 534 2508 sissimo
562 2468 627 2510 ac
658 2454 979 2511 fidelissimo
1009 2457 1363 2525 exprobrem,
1398 2457 1544 2528 quod
1582 2458 1666 2514 his
1695 2467 1915 2529 tempo-

320 2547 475 2602 ribus
508 2548 714 2603 nostris
742 2548 880 2604 adeo
908 2549 1095 2605 infelix
1141 2560 1196 2605 et
1222 2549 1595 2617 deplorandus
1622 2550 1809 2618 fuerit,
1835 2561 1912 2618 ut,

319 2655 488 2711 puero
538 2656 668 2710 rege
719 2651 911 2697 nostro
957 2642 1439 2697 Christianissimo
1484 2658 1511 2696 a
1559 2640 1919 2698 Christianis-

316 2733 467 2789 simis
500 2734 722 2805 regibus
750 2735 891 2791 bene
920 2735 987 2791 de
1018 2736 1175 2790 nobis
1208 2736 1425 2791 meritis
1456 2747 1603 2799 orto,
1656 2751 1726 2791 ne
1776 2751 1919 2791 unus

318 2828 539 2898 quidem
568 2839 825 2899 repertus
854 2830 948 2896 sit,
985 2830 1075 2899 qui
1110 2827 1185 2883 illi
1220 2829 1542 2900 religionem
1576 2839 1777 2883 sartam
1809 2838 1919 2883 tec-

320 2930 430 2975 tam
484 2924 944 2978 conservaverit:
996 2924 1234 2978 maxime
1276 2939 1400 2976 cum
1433 2923 1517 2977 his
1544 2921 1715 2976 oculis
1769 2921 1918 2976 vide-

319 3016 495 3069 rimus
540 3015 834 3070 cathedras
884 3015 1164 3070 cathedris
1216 3014 1531 3079 adversari,
1593 3023 1647 3070 et
1699 3029 1920 3071 mensas

318 3109 573 3178 profanas
602 3108 867 3164 adversus
884 3108 1074 3162 altaria
1093 3108 1249 3178 erigi,
1281 3107 1580 3178 fidelesque
1604 3108 1697 3161 Dei
1731 3120 1917 3163 servos

2022 503 2075 559 in
2107 504 2425 576 tragoediam
2464 517 2792 564 verteretur.
2846 509 3032 580 Itaque
3061 510 3213 566 solus
3256 511 3308 565 in
3343 525 3460 567 mea
3490 526 3617 567 sen-

2021 600 2187 655 tentia
2236 603 2531 671 permansi,
2566 614 2618 659 et
2666 604 2735 659 ab
2764 604 2854 659 illa
2885 606 3281 675 disputatione,
3312 622 3436 676 qua:
3480 606 3615 663 mihi

2019 694 2251 749 scelesta
2283 696 2590 762 videbatur,
2617 713 2705 753 me
2732 698 2989 765 subduxi,
3018 709 3183 770 atque
3216 699 3450 755 multum
3475 714 3614 754 con-

2022 782 2279 840 tristabar
2311 786 2380 841 ibi
2435 802 2523 842 res
2566 802 2753 843 sacras
2784 790 3134 857 profanarum
3167 806 3319 846 more
3368 791 3615 845 tractari.

2019 874 2198 943 Quare
2225 892 2251 928 a
2281 877 2607 947 quibusdam
2637 895 2735 949 pro
2782 880 3047 936 seditioso
3078 895 3132 937 et
3163 882 3421 938 hteretico
3452 897 3620 952 prope

2019 982 2141 1021 sum
2194 967 2435 1024 habitus.
2489 969 2597 1026 Sed
2623 1013 2635 1037 ,
2667 987 2829 1042 quam
2882 974 3079 1041 tristis,
3104 982 3270 1045 atque
3291 973 3429 1029 adeo
3456 989 3617 1045 quam

2020 1058 2327 1114 horrendus
2390 1076 2577 1117 rerum
2628 1063 2805 1118 exitus
2854 1063 3070 1129 fuerit,
3126 1066 3380 1130 omnibus
3430 1074 3617 1135 postea

2019 1154 2275 1221 innotuit,
2307 1154 2451 1225 quod
2507 1171 2614 1212 non
2663 1158 2841 1213 solum
2898 1159 3102 1215 nostris
3157 1160 3257 1229 piis
3299 1158 3617 1215 hominibus

2020 1249 2177 1304 triste
2222 1251 2482 1316 occurrit,
2513 1267 2700 1307 verum
2731 1253 2894 1307 etiam
2947 1254 3181 1323 posteris
3212 1268 3407 1325 magno
3436 1253 3617 1309 dolori

2020 1342 2220 1413 poterit
2267 1356 2408 1399 esse.
2469 1344 2735 1413 Superest
2783 1354 2840 1400 ut
2884 1361 3164 1411 enarrem,
3223 1355 3401 1401 utrum
3429 1346 3615 1417 operis

2020 1435 2179 1491 istius
2232 1445 2441 1503 auctor,
2501 1446 2559 1491 ut
2593 1448 2647 1493 et
2707 1439 2983 1510 plerisque
3035 1439 3390 1507 doctissimis,
3428 1450 3483 1495 et
3515 1441 3619 1511 ipsi

2018 1548 2235 1603 quoque
2265 1532 2603 1602 peritissimo
2634 1533 2835 1589 divina:
2866 1534 3148 1604 sapientia:
3178 1534 3460 1590 Salomoni
3489 1549 3616 1590 eve-

2019 1625 2169 1680 nisse
2195 1624 2421 1693 dicitur,
2451 1626 2552 1681 sub
2583 1627 2711 1681 vita:
2753 1628 3045 1682 terminum
3089 1626 3143 1681 in
3188 1642 3474 1682 erroneam
3500 1628 3621 1699 opi-

2021 1720 2238 1772 nionem
2272 1719 2343 1772 sit
2397 1718 2710 1789 prolapsus,
2769 1734 2892 1774 eum
2956 1718 3204 1773 nonnulli
3234 1718 3615 1776 Luciferianos

2020 1809 2165 1864 illius
2186 1791 2487 1881 discipulos
2506 1810 2559 1865 in
2590 1810 2975 1865 hmreticorum
3006 1825 3293 1865 numerum
3317 1810 3617 1866 ascribant.

2019 1901 2194 1957 Meum
2226 1917 2331 1956 non
2362 1912 2446 1957 est
2475 1904 2543 1958 de
2568 1903 2732 1957 tantis
2762 1903 2899 1957 viris
2952 1903 3281 1958 sententiam
3312 1902 3487 1968 ferre;
3521 1903 3617 1959 sed

2021 1997 2257 2066 ingenue
2283 1996 2488 2062 diram,
2524 2012 2643 2052 eam
2680 2006 2792 2051 tum
2835 1996 3006 2051 fuisse
3043 1998 3305 2054 Ecclesize
3334 1998 3621 2069 integrita-

2021 2095 2152 2154 tem,
2188 2098 2245 2141 ut
2291 2088 2492 2143 nullam
2532 2104 2759 2161 prorsus
2804 2090 3216 2146 contentionem
3263 2092 3614 2163 perciperet,

2018 2178 2146 2248 quin
2180 2193 2211 2233 e
2259 2181 2493 2250 vestigio
2546 2189 2756 2235 notaret
2789 2198 2802 2234 :
2836 2196 2942 2234 non
2994 2182 3141 2252 quod
3172 2181 3419 2252 insignes
3468 2183 3618 2237 viros

2020 2271 2420 2341 imaginationis
2440 2272 2524 2327 vel
2549 2272 2824 2343 opinionis
2846 2272 3131 2343 cujusdam
3158 2274 3450 2329 occasione
3465 2275 3620 2329 dam-

2020 2373 2176 2418 naret
2232 2364 2531 2429 hmreseos,
2588 2365 2693 2419 nisi
2748 2379 2936 2420 eorum
2991 2365 3227 2420 assertio
3256 2367 3421 2421 etiam
3453 2365 3523 2422 de
3554 2381 3618 2423 re

2020 2456 2167 2526 gravi
2218 2457 2433 2527 penitus
2491 2457 2761 2525 majorum
2818 2456 3169 2526 dogmatibus
3209 2446 3617 2526 adversaretur,

2019 2551 2330 2607 concordia:
2381 2562 2559 2605 tamen
2608 2566 2672 2605 ac
2719 2552 2868 2622 pacis
2915 2551 3175 2607 Ecclesiae
3206 2552 3345 2607 adeo
3376 2550 3476 2606 fuit
3505 2559 3621 2606 stu-

2019 2644 2193 2709 diosa,
2214 2653 2357 2699 utne
2386 2644 2671 2698 minimam
2703 2643 2924 2714 quidem
2952 2658 3140 2698 ansam
3164 2644 3530 2700 seditionibus
3556 2659 3621 2700 ac

2020 2738 2262 2793 dissidiis
2288 2736 2524 2808 praeberi
2557 2745 2856 2807 pateretur.
2907 2736 3254 2806 Quapropter
3302 2736 3434 2791 nihil
3481 2736 3607 2791 huic

2022 2845 2217 2900 magno
2256 2828 2557 2884 confessori
2594 2828 2769 2897 magis
2802 2828 2935 2881 vitio
2964 2827 3219 2894 vertitur,
3251 2842 3415 2898 quam
3450 2827 3616 2883 nimia

2020 2922 2251 2977 durities
2280 2930 2444 2991 atque
2472 2920 2738 2976 severitas
2768 2921 3036 2975 adversus
3068 2922 3257 2975 matris
3286 2930 3487 2975 nostra:
3518 2920 3619 2975 Ec-

2021 3014 2203 3070 clesia:
2240 3014 2460 3077 solitam
2494 3012 2888 3084 indulgentiam
2917 3021 2971 3067 et
3003 3013 3438 3084 conniventiam,
3471 3014 3615 3082 quod

2022 3108 2091 3163 ab
2148 3107 2233 3161 his
2286 3106 2610 3173 recederet,
2668 3106 2760 3175 qui
2818 3106 3119 3177 Episcopos
3170 3116 3226 3161 et
3280 3107 3513 3161 clericos
3564 3107 3617 3162 in

320 3199 629 3271 Episcopos
652 3201 813 3255 etiam
849 3200 997 3270 ipsos
1026 3201 1094 3255 ab
1136 3199 1411 3255 haereticis
1449 3211 1503 3254 et
1551 3199 1772 3269 perfidis
1820 3199 1913 3255 lio-
1942 3176 1988 3238 (ἶ
2023 3199 2272 3255 haeresim
2325 3200 2530 3269 lapsos,
2557 3209 2614 3255 et
2654 3198 2903 3255 relictam
2936 3214 2966 3253 a
3000 3214 3058 3253 se
3089 3198 3248 3253 fidem
3277 3198 3610 3253 catholicam

321 3292 559 3349 minibus
580 3293 835 3361 judicari,
868 3307 932 3347 ac
957 3291 1132 3347 modis
1154 3293 1414 3346 omnibus
1443 3292 1699 3362 opprimi;
1725 3307 1916 3347 cumu-

321 3386 505 3441 lumne
533 3387 717 3441 dicere
748 3386 1049 3442 auderem?
1080 3385 1334 3442 athcismi
1370 3387 1583 3456 praxim
1613 3395 1667 3441 et
1697 3401 1916 3440 omnem

322 3478 418 3533 Dei
471 3479 806 3535 oblivionem
864 3494 1209 3534 communem
1266 3494 1432 3543 esse,
1493 3488 1547 3533 et
1595 3479 1915 3548 sanguinem

317 3570 521 3626 Christi
549 3571 815 3627 beneficio
840 3572 1185 3642 redemptum
1205 3570 1408 3641 ubique
1432 3571 1610 3625 fusum
1630 3569 1873 3626 defluere
1898 3588 1912 3624 :

318 3668 376 3716 et
406 3671 588 3717 tamen
620 3678 688 3719 ne
713 3664 817 3718 ulla
843 3663 1061 3734 quidem
1090 3672 1400 3718 nostrorum
1426 3650 1739 3717 voxadhuc
1767 3663 1920 3717 obla-

320 3755 504 3810 travit.
559 3754 691 3823 Sed,
739 3757 863 3826 quia
896 3765 1149 3810 anteacto
1184 3765 1432 3825 tempore
1460 3755 1532 3809 ita
1585 3756 1762 3824 ignavi
1812 3755 1916 3810 fiti-

323 3863 466 3915 mus,
502 3865 669 3912 nunc,
705 3865 828 3905 cum
858 3850 963 3905 sub
997 3858 1089 3903 tuo
1123 3850 1307 3904 favore
1347 3862 1511 3919 atque
1554 3850 1804 3918 exemplo
1834 3863 1915 3904 re-

318 3942 533 4013 spirare
562 3943 708 4007 licet,
735 3951 791 3995 ut
822 3942 1077 3997 similiter
1096 3941 1383 4010 Episcopis
1402 3940 1661 3995 fratribus
1675 3942 1916 3995 animum

314 4033 536 4097 demus,
579 4035 837 4104 viresque
868 4047 1237 4097 resutnamus,
1288 4044 1518 4086 mortem
1548 4033 1728 4101 potius
1751 4046 1920 4101 oppe-

316 4126 499 4191 tituri,
532 4142 695 4196 quam
727 4125 973 4181 Ecclesia
1004 4126 1253 4195 speciosa
1282 4125 1453 4179 amica
1498 4133 1554 4179 et
1582 4139 1787 4196 sponsa
1814 4125 1918 4178 Do-

315 4220 455 4277 mini
517 4221 687 4275 nostri
738 4219 871 4275 Jesu
922 4217 1125 4273 Christi
1175 4219 1414 4287 amplius
1468 4218 1538 4270 ita
1567 4218 1835 4273 laceretur
1864 4228 1917 4272 et

314 4316 577 4370 violetur.
598 4314 680 4370 Ad
711 4330 871 4384 quam
898 4330 1012 4369 rem
1044 4314 1175 4367 satis
1197 4328 1292 4369 eos
1322 4311 1583 4367 animabit
1614 4312 1773 4382 hujus
1797 4328 1920 4382 gra-

314 4409 534 4465 vissimi
590 4407 930 4463 confessoris
981 4418 1036 4461 et
1089 4405 1389 4475 evangelici
1445 4405 1711 4475 prmconis
1771 4405 1915 4459 tuba.

318 4499 511 4553 Altera
561 4514 649 4553 me
692 4499 909 4569 impulit
957 4499 1118 4563 ratio,
1151 4498 1294 4568 quod
1326 4498 1554 4552 multum
1588 4511 1704 4551 mea
1732 4497 1786 4550 in
1817 4497 1920 4551 hoc

320 4589 465 4645 libro
498 4590 737 4646 intersit.
783 4589 919 4644 Nam
953 4589 1054 4644 etsi
1087 4597 1260 4643 totum
1306 4588 1559 4663 volumen
1604 4586 1732 4642 mihi
1780 4602 1914 4656 opus
1943 4569 1997 4628 Ῑ)

322 4679 583 4736 videatur
624 4691 799 4736 tractu
854 4695 965 4735 uno
1020 4679 1342 4751 Imperatori
1374 4678 1695 4735 Constantio
1740 4680 1920 4735 couti-

320 4785 569 4839 nuatum,
604 4776 780 4843 ipsum
814 4774 1070 4830 tamenin
1097 4774 1315 4830 libellos
1337 4774 1569 4845 partitus
1594 4785 1681 4830 est
1707 4784 1916 4841 auctor;

319 4882 554 4939 quorum
584 4882 725 4922 unus
754 4868 956 4922 asserit
984 4882 1107 4922 cum
1143 4866 1418 4922 haereticis
1448 4868 1638 4922 venire
1671 4867 1826 4922 nobis
1857 4867 1922 4922 li-

321 4962 493 5016 citum
544 4976 651 5015 non
697 4975 844 5026 esse,
892 4969 985 5015 aut
1038 4960 1241 5028 aliquid
1293 4973 1583 5014 commune
1630 4975 1754 5014 cum
1789 4961 1920 5028 ipsis

324 5053 549 5108 habere.
607 5052 744 5107 Cum
794 5067 1043 5108 essemus
1096 5051 1405 5117 Poessiaci,
1451 5068 1555 5108 non
1611 5061 1718 5107 tam
1748 5053 1921 5108 libere

318 5162 445 5203 sum
499 5147 745 5212 locutus,
781 5145 880 5201 sed
910 5145 1045 5201 illud
1078 5145 1258 5200 solum
1286 5145 1431 5212 dixi,
1488 5163 1610 5202 eum
1656 5147 1928 5203 haereticis

320 5238 710 5309 disputationis
737 5238 967 5308 publica:
992 5238 1329 5308 colloquium
1374 5247 1430 5294 et
1460 5240 1811 5295 collationem
1844 5242 1926 5296 in-

321 5336 556 5390 stituere
590 5334 744 5391 nefas
775 5351 919 5401 esse,
950 5337 1102 5406 quasi
1139 5337 1191 5390 in
1226 5336 1497 5392 theatrum
1525 5344 1580 5394 et
1625 5338 1801 5393 lusum
1830 5353 1926 5390 vo-

321 5442 582 5484 caremus
638 5428 866 5485 verbum
924 5429 1172 5492 Domini;
1225 5429 1371 5485 unde
1401 5429 1537 5484 nihil
1568 5429 1715 5484 aliud
1763 5445 1922 5499 quam

322 5520 717 5577 offendiculum
776 5523 958 5578 multis
1014 5523 1164 5578 nasci
1193 5522 1433 5594 oririque
1460 5530 1670 5593 posset,
1695 5530 1753 5577 et
1805 5532 1924 5576 tan-

403 5670 427 5697 ἰ
449 5661 805 5738 Augustinus
838 5660 1014 5738 in_lib.
1045 5660 1112 5714 de
1144 5659 1338 5738 hazres.
1370 5673 1478 5714 non
1531 5657 1767 5738 Luciferi
1787 5698 1817 5738 ,ο
1834 5657 1930 5713 sed

330 5731 798 5799 Luciferianorttm
829 5731 1142 5799 opinionem
1172 5732 1236 5785 de
1268 5740 1457 5799 natura
1489 5732 1684 5799 animae
1706 5731 1922 5799 recitat,

336 5796 569 5868 eamque
620 5796 751 5869 ipsi:
798 5796 1061 5863 minima,
1121 5802 1322 5871 quippe
1358 5798 1446 5863 nul
1480 5796 1658 5856 dicunt
1688 5798 1923 5854 animam

2022 3301 2356 3363 repetentes,
2409 3292 2475 3345 ad
2509 3293 2771 3347 honorem
2804 3300 2861 3345 et
2910 3291 3198 3362 pristinum
3261 3290 3313 3344 in
3368 3290 3613 3344 Ecclesia

2021 3399 2217 3441 munus
2266 3384 2627 3455 recipiebant.
2671 3382 2910 3438 Narrant
2938 3383 3330 3437 ecclesiasticae
3368 3383 3616 3438 bistorim

2020 3481 2297 3549 quomodo
2355 3481 2470 3535 hrec
2509 3480 2832 3544 acciderint,
2880 3494 3214 3550 causamque
3256 3478 3619 3535 dissensionis

2023 3574 2165 3628 inter
2211 3573 2364 3627 illum
2417 3581 2473 3628 et
2524 3572 2820 3627 Eusebium
2867 3571 3274 3627 Vercellensem
3310 3590 3322 3624 :
3364 3586 3427 3625 ac
3478 3584 3615 3641 quo-

2023 3665 2192 3729 niam,
2224 3664 2313 3719 ubi
2347 3664 2585 3718 hmreses
2617 3677 2681 3717 ac
2711 3663 3003 3717 schismata
3039 3660 3331 3732 plurimum
3363 3671 3616 3731 regnant,

2024 3757 2205 3812 nullus
2230 3756 2532 3827 disciplinze
2561 3756 2714 3811 locns
2749 3756 3098 3826 relinquitur,
3128 3766 3185 3811 et
3228 3770 3409 3810 mores
3448 3757 3621 3824 magis

2024 3848 2403 3917 inquinantur,
2435 3848 2554 3916 ipse
2582 3862 2646 3903 ac
2666 3847 2785 3916 ejus
2816 3847 3040 3901 asseclte
3066 3846 3169 3901 hoc
3198 3846 3367 3901 veluti
3400 3845 3609 3906 colore,

2023 3951 2080 3996 ut
2108 3943 2233 3997 vitia
2262 3951 2318 3997 et
2356 3943 2586 3997 vitiosos
2625 3943 2872 4012 fugerent
2894 3984 2908 4007 ,
2950 3955 3078 3997 sese
3107 3957 3135 3995 a
3167 3940 3410 3996 fidelium
3441 3941 3617 3995 socie-

2023 4044 2135 4091 tate
2155 4035 2538 4106 segregabam.
2595 4035 2670 4089 Ex
2706 4035 3157 4106 'eleganti’oribus
3207 4035 3381 4090 sancti
3424 4034 3616 4089 lliero-

2025 4130 2170 4199 nymi
2199 4129 2355 4184 libris
2384 4145 2521 4183 unus
2553 4128 2731 4182 adhuc
2758 4129 2913 4183 nobis
2943 4138 3213 4197 superem,
3240 4129 3333 4195 qui
3357 4127 3626 4183 adversus

2023 4237 2118 4276 eos
2149 4222 2483 4277 inscribitur.
2518 4220 2692 4287 Quam
2728 4221 2946 4275 tandem
2989 4221 3400 4276 excusationem
3444 4223 3619 4274 nostri

2025 4317 2286 4387 temporis
2317 4316 2557 4370 hzeretici
2609 4315 2878 4379 afferent,
2928 4316 3116 4384 quise
3164 4315 3353 4369 eadem
3398 4314 3626 4381 vestigia

2023 4406 2235 4475 insequi
2262 4405 2521 4474 jactitant
2540 4406 2565 4458 ?
2587 4404 2821 4460 Sanctus
2842 4406 3007 4459 etiam
3040 4406 3373 4473 Augustinus
3396 4405 3450 4458 in
3474 4404 3621 4458 hunc

2022 4501 2198 4570 ipsum
2229 4497 2537 4553 Luciferum
2567 4498 2748 4552 acrius
2794 4497 3096 4563 invehitur,
3136 4507 3410 4566 tamquam
3461 4497 3623 4550 nimis

2030 4605 2306 4649 morosum
2337 4598 2391 4644 et
2417 4588 2695 4644 difficilem
2715 4630 2729 4653 ,
2761 4588 2906 4659 quod
2932 4586 3002 4642 de
3032 4587 3275 4654 Christo,
3311 4587 3403 4658 qui
3432 4587 3628 4643 Eccle-

2031 4687 2125 4742 sia:
2166 4693 2329 4754 caput
2379 4692 2487 4748 est,
2516 4682 2658 4738 bene
2693 4683 2768 4737 illi
2800 4681 3097 4737 conveniat
3148 4697 3270 4737 cum
3302 4679 3627 4745 Catholicis,

2030 4779 2098 4834 de
2127 4791 2358 4847 corpore
2388 4790 2554 4840 vero,
2588 4775 2731 4845 quod
2783 4774 3024 4830 Ecclesia
3067 4775 3288 4842 dicitur,
3321 4790 3429 4830 non
3464 4775 3625 4841 item;

2033 4884 2135 4925 nec
2164 4876 2347 4922 tamen
2378 4875 2404 4902 ει
2439 4866 2557 4935 ejus
2587 4866 2919 4921 sententiam
2951 4866 3020 4920 de
3048 4865 3359 4922 animarum
3399 4880 3631 4936 genera-

2033 4964 2181 5017 tione
2226 4960 2454 5015 omnino
2500 4958 2743 5013 damnat.
2804 4958 3181 5028 Recentiores,
3206 4960 3407 5031 quibus
3446 4960 3629 5015 minus

2035 5056 2158 5110 fidei
2204 5062 2258 5108 et
2304 5050 2646 5107 auctoritatis
2694 5051 3002 5117 adhibetur,
3058 5052 3260 5123 quique
3309 5052 3378 5106 de
3416 5066 3483 5106 eo
3515 5061 3623 5105 tam

2029 5159 2179 5204 certa
2236 5159 2562 5217 expromere
2608 5144 2835 5199 minime
2895 5146 3242 5215 potuissent,
3298 5160 3398 5214 pro
3467 5143 3626 5197 tibitu

2031 5240 2290 5311 quicquid
2330 5238 2559 5294 voluere
2602 5238 2899 5293 commenti
2932 5247 3081 5305 sunt,
3132 5239 3200 5292 ita
3236 5246 3295 5291 ut
3320 5236 3442 5291 loco
3471 5234 3631 5289 unius

2033 5330 2172 5386 dttos
2202 5340 2555 5396 recenseant,
2587 5345 2754 5383 unum
2783 5328 3030 5399 Smyrna:
3079 5328 3402 5397 Episcopum
3458 5336 3513 5382 et
3552 5327 3632 5381 al-

2036 5434 2210 5481 terum
2264 5424 2556 5487 Sardiniae,
2607 5424 2760 5477 illum
2816 5422 3033 5492 quidem
3092 5421 3450 5487 haereticum,
3486 5421 3633 5476 hunc

2034 5536 2165 5578 vero
2187 5520 2365 5575 virum
2417 5520 2647 5590 probum
2676 5524 2732 5572 et
2777 5514 3117 5584 religiosum.
3146 5514 3419 5586 Quidquid
3468 5531 3634 5588 porro

2040 5674 2104 5712 ea:
2152 5656 2507 5727 transfusione
2547 5650 2810 5727 generari.
2836 5647 2980 5704 Sane
3008 5650 3141 5704 nihil
3194 5649 3520 5727 hujusmodi
3558 5655 3637 5710 le-
3721 5713 3728 5721 ,

2075 5730 2181 5783 itur
2237 5720 2310 5790 in.
2347 5726 2504 5796 libris
2549 5720 2832 5796 Lucilgrii
2893 5731 2992 5787 nec
3031 5730 3292 5796 _veterum
3347 5724 3633 5796 quisquam

2075 5743 2181 5783 tlttt‘
2237 5744 2288 5781 In
2348 5743 2501 5781 llDt‘ts
2560 5743 2831 5785 [muter];
2894 5743 2992 5787 nec
3045 5743 3089 5774 γε

2035 5743 2179 5852 guno
2218 5786 2461 5852 errorem
2490 5786 2541 5849 in
2574 5774 2822 5848 Lucifero
2852 5788 3089 5861 agnovit;
