4148 6186
569 264 676 321 765

1577 262 1874 321 LUCIFER
1918 260 2291 320 EPiSCOPUS
2328 258 2836 321 CALARITANUS.

3760 264 3857 323 761

568 377 619 432 id
655 381 743 444 sit,
776 393 880 433 non
910 378 1087 433 solum
1114 392 1143 431 a
1184 378 1298 433 suis
1344 377 1819 449 contemporaneis
1871 375 2165 448 proximas-
2190 375 2242 440 Δ
2267 374 2373 432 hoc
2403 376 2541 432 libro
2572 376 2823 445 habetur,
2855 377 2996 435 tales
3024 377 3187 435 hodie
3207 378 3353 434 illico
3383 379 3579 449 capitis
3600 380 3859 451 supplicio

567 486 674 542 que
700 472 873 524 rotatis
907 469 1224 524 hominibus
1255 469 1440 525 clarus
1466 469 1684 524 habitus
1715 478 1798 524 est
1826 483 1889 524 ac
1919 478 2164 538 sanctus,

567 577 858 618 commune
890 572 1019 618 tunc
1040 562 1317 633 epitheton
1351 562 1607 618 omnibus
1638 561 1899 618 Ecclesia:
1928 562 2164 617 militan-

570 657 641 710 tis
672 655 773 709 hor,
802 664 915 709 toto
943 656 1075 711 urbe
1108 655 1379 721 lidelibus,
1410 670 1599 711 verum
1651 656 1843 722 etiam,
1879 663 2166 727 postquam

570 766 603 807 e
664 750 807 806 vivis
853 751 1091 806 excessit
1128 790 1144 817 ,
1199 752 1376 806 beatus
1421 757 1508 806 est
1554 748 1884 821 appellatus.
1944 750 2170 819 Magnus

568 842 929 909 Athanasius,
950 842 1303 909 Ambrosius,
1326 853 1381 899 et
1406 842 1648 898 Hilarius
1690 843 1842 899 illum
1872 857 2087 898 summo
2114 843 2168 899 in

570 939 781 995 honore
829 937 1056 1001 habent.
1118 951 1181 992 ac
1210 936 1278 992 de
1337 936 1458 1007 ipso
1502 935 1795 1008 splendide
1850 937 2166 1006 loquuntur.

571 1031 892 1086 Communis
951 1029 1081 1084 mihi
1134 1038 1297 1100 atque
1343 1028 1488 1084 illius
1533 1028 1712 1083 :etatis
1753 1027 1969 1083 videtur
2000 1027 2170 1099 ipsius

573 1138 778 1188 sermo,
808 1121 945 1178 adeo
976 1121 1130 1177 rudis
1158 1131 1246 1177 est
1289 1130 1345 1176 et
1372 1122 1701 1191 incomptus,
1735 1135 1894 1190 quem
1937 1120 2169 1192 ipsemet

573 1215 737 1269 etiam
782 1215 1047 1269 rusticum
1080 1224 1237 1268 vocat
1269 1231 1281 1268 :
1308 1222 1365 1269 at
1391 1214 1484 1285 qui
1532 1213 1829 1284 diligenter
1860 1213 2171 1285 perpende-

575 1309 668 1374 rit,
719 1323 841 1363 eum
890 1323 1113 1378 gravem
1170 1316 1225 1364 et
1268 1308 1554 1362 sententiis
1618 1306 1903 1371 refertum,
1961 1308 2171 1378 virique

574 1405 792 1475 ingenio
819 1405 1051 1460 valentis
1084 1404 1347 1459 inveniet.
1374 1402 1627 1459 Ostendit
1647 1402 1794 1457 enim
1819 1401 2001 1458 versio
2024 1402 2174 1459 loco-ﬁ

575 1515 694 1554 rum
726 1499 867 1554 sacri
894 1498 1184 1553 voluminis
1208 1539 1222 1563 ,
1248 1497 1393 1567 quod
1427 1497 1516 1552 illa
1546 1508 1696 1552 certe
1727 1496 1964 1566 vulgaris
2008 1505 2169 1562 erat,

576 1606 775 1663 neque,
812 1600 871 1645 ut
898 1600 1086 1662 postea
1131 1589 1255 1656 fuit,
1307 1588 1590 1660 recognita
1636 1598 1694 1643 et
1723 1587 2035 1644 emendata.
2070 1587 2170 1654 Qui

578 1684 639 1738 fit
679 1692 736 1739 ut
790 1685 1092 1740 locutiones
1142 1683 1551 1751 varietatesque
1598 1680 1870 1735 notabiles
1898 1695 2007 1735 non
2028 1679 2174 1735 desi—

2269 468 2588 524 afficiendos
2634 484 2759 525 esse
2786 470 3166 538 clamitarent,
3200 480 3258 527 et
3288 472 3586 543 principes,
3616 474 3708 542 qui
3749 474 3860 531 haec

2271 570 2587 632 paterentur
2617 572 2709 618 ant
2734 562 3169 627 dissimularent,
3201 566 3449 621 stultitia;
3481 575 3576 620 aut
3607 567 3862 636 simplici-

2272 652 2398 709 tatis
2448 666 2766 725 arguerent,
2813 657 2929 712 sive
2977 657 3022 712 is
3069 668 3216 713 esset
3254 657 3617 714 Constantius
3650 670 3859 729 noster,

2268 749 2387 803 sive
2423 747 2765 804 Theodosius
2824 751 2918 806 ille
2972 766 3202 823 magnus
3250 767 3279 806 a
3334 764 3525 808 sancto
3581 753 3861 813 Ambrosio

2273 841 2514 897 Ecclesia
2544 843 2731 913 pulsus
2778 861 2792 897 :
2851 843 3037 899 ferunt
3077 846 3221 900 enim
3248 848 3491 916 graviter
3529 856 3588 903 et
3617 848 3861 914 moleste,

2270 935 2417 1005 quod
2458 951 2618 1006 reges
2664 936 2898 993 reddere
2918 948 3196 1007 nequeant
3248 952 3356 993 tam
3398 939 3627 995 infestos
3661 942 3862 1011 probis,

2271 1042 2431 1098 quam
2477 1026 2576 1083 fuit
2629 1029 2875 1086 Herodes
2900 1029 3097 1086 Joanni
3129 1030 3406 1101 Baptisttc.
3443 1033 3704 1099 Quamvis
3735 1042 3864 1089 ante

2273 1119 2417 1175 hunc
2466 1121 2889 1188 Constantium,
2931 1131 3166 1194 excepto
3214 1123 3389 1194 ipsius
3441 1134 3625 1196 patre,
3681 1127 3868 1182 nullus
3920 1130 3927 1137 '

2273 1210 2573 1280 Imperator
2592 1210 2885 1268 Christiani
2916 1230 3115 1271 nomen
3134 1226 3527 1287 aseumpserat,
3550 1217 3689 1273 unde
3714 1220 3865 1288 peri-

2271 1307 2454 1363 culum
2499 1318 2641 1374 erat,
2690 1324 2761 1365 ne
2816 1304 3057 1366 ferocior
3112 1312 3394 1384 magisque
3448 1312 3870 1369 titillationiob-

2273 1401 2470 1456 noxius
2521 1401 2867 1459 redderetur.
2915 1404 3096 1474 Atque
3149 1404 3274 1459 illos
3320 1406 3592 1465 maximos
3630 1404 3869 1476 Impera-

2274 1502 2422 1549 tores
2480 1494 2647 1549 totius
2698 1495 2849 1552 orbis
2904 1494 3159 1552 dominos
3190 1495 3361 1553 fuisse
3404 1506 3644 1565 constat,
3676 1500 3870 1568 quibus

2277 1586 2447 1643 nostri
2494 1602 2652 1657 reges
2716 1590 3064 1657 quantumvis
3125 1596 3377 1659 potentes
3431 1605 3610 1659 neque
3664 1588 3871 1646 viribus

2278 1694 2454 1750 neque
2499 1681 2828 1736 auctoritate
2848 1696 3014 1751 pares
3044 1681 3215 1737 videri
3248 1691 3500 1753 possunt.
3531 1681 3639 1738 Sed
3667 1692 3871 1752 quanto

575 1788 707 1834 nant
732 1794 1045 1842 occurrere,
1079 1793 1215 1848 quas
1267 1777 1461 1834 lectori
1510 1777 1710 1841 minus,
1745 1790 1910 1847 quam
1958 1788 2171 1841 sumus,
2204 1759 2252 1820 Β
2281 1774 2454 1845 magis
2483 1774 2682 1830 summi
2721 1790 2881 1845 reges
2927 1776 3172 1845 potentia
3225 1775 3524 1842 excellunt,
3556 1791 3625 1831 eo
3677 1776 3872 1846 majori

576 1879 842 1941 occupato
888 1871 1229 1941 colligendas
1281 1870 1670 1940 relinquimus.
1704 1867 1902 1924 Totum
1934 1866 2172 1935 denique

577 1967 680 2020 hoc
733 1981 869 2036 opus
920 1966 1175 2036 exiguum
1205 1963 1501 2018 admodum
1534 1963 1697 2028 foret,
1727 1963 1772 2017 si
1801 1961 1869 2016 ab
1896 1976 1964 2017 eo
1993 1960 2176 2033 Scrip-

576 2069 697 2113 tura
727 2058 933 2120 divina,
965 2072 1127 2128 quam
1162 2059 1557 2127 promptiorem
1585 2055 1789 2110 habere
1831 2068 1938 2109 non
1972 2053 2173 2122 potuis-

573 2160 678 2211 sct,
709 2149 1055 2206 scinderetur
1081 2159 1138 2204 et
1178 2148 1505 2204 auferretur.
1538 2148 1749 2203 Idcirco
1780 2162 1949 2219 purus
1975 2155 2031 2202 et
2060 2146 2175 2201 sin-

573 2257 734 2299 cerus
759 2242 847 2296 hic
876 2250 1055 2297 textus
1073 2241 1277 2311 absque
1296 2240 1407 2295 ullo
1430 2241 1675 2311 periculo
1693 2238 2040 2310 recipiendus
2066 2246 2168 2294 est.

577 2334 732 2401 Quod
764 2335 807 2389 si
840 2342 1031 2388 auctor
1066 2332 1348 2387 haereseos
1378 2331 1501 2386 labe
1542 2340 1760 2386 notatus
1810 2330 2023 2395 fuisset,
2058 2345 2174 2385 ma-

572 2428 681 2497 jori
740 2426 944 2497 probro
997 2424 1157 2480 nobis
1203 2425 1456 2489 daretur,
1509 2424 1556 2478 si
1585 2423 1750 2479 homo
1803 2426 2174 2495 reprehensus

580 2528 689 2574 tam
742 2516 1002 2575 eximium
1054 2531 1194 2586 opus
1226 2514 1512 2581 edidisset,
1556 2530 1653 2570 nos
1703 2530 1833 2570 vero
1864 2516 1917 2569 in
1945 2514 2175 2570 deman—

576 2612 720 2669 datis
751 2612 908 2667 nobis
936 2610 1235 2683 provinciis
1265 2621 1467 2678 mutos,
1498 2611 1782 2675 attonitos,
1816 2620 1870 2665 et
1899 2612 2174 2666 excordes

579 2706 805 2778 degere,
833 2705 933 2762 hac
966 2705 1269 2778 praesertim
1303 2713 1481 2769 atate,
1512 2704 1734 2775 quando
1763 2705 1998 2761 maxime
2037 2720 2174 2776 opus

580 2809 685 2865 est,
716 2807 775 2853 ut
812 2799 928 2868 pari
957 2799 1129 2853 simus
1159 2799 1327 2853 animi
1356 2798 1696 2863 fortitudine.
1720 2813 1825 2867 qua
1860 2808 1987 2854 tunc
2016 2808 2176 2855 erant

578 2889 656 2945 illi
692 2890 1000 2956 Antistites,
1028 2904 1151 2944 cum
1182 2898 1428 2945 nostrum
1466 2890 1535 2946 de
1571 2890 1839 2961 religione
1884 2889 2172 2946 dissidium

579 2993 702 3053 post
735 2981 863 3037 illud
885 2982 999 3036 Arii
1029 2983 1102 3036 sit
1132 2984 1329 3052 majus,
1351 2998 1511 3049 quam
1543 2997 1799 3052 umquam
1842 2983 1988 3044 inter
2018 2983 2178 3038 Chri.

577 3077 788 3130 stianos
816 3074 980 3130 fuerit
1008 3088 1287 3131 exortum.
1310 3074 1366 3130 Si
1398 3076 1519 3145 quis
1553 3091 1694 3131 nunc
1724 3077 2035 3131 mormlium
2065 3085 2174 3132 tam

576 3177 780 3223 sanctae
810 3169 936 3221 vita:
968 3181 1032 3222 ac
1061 3167 1259 3222 sacrati
1297 3167 1507 3223 ordinis
1547 3178 1810 3233 exstaret,
1852 3169 1943 3239 qui
1978 3169 2176 3225 talibus
2201 3136 2248 3199 δ

579 3262 762 3316 verbis
794 3260 1099 3331 principem
1132 3274 1289 3314 suum
1324 3260 1630 3331 improbum
1661 3270 1714 3316 et
1745 3261 2018 3331 perditura
2052 3276 2178 3331 pro-

578 3354 877 3419 scituleret,
904 3352 1363 3423 quemadmodum
1412 3353 1499 3407 hic
1545 3352 1740 3423 dignus
1778 3352 2016 3409 faciebat
2045 3368 2179 3410 coe-

579 3450 755 3502 l'essnr
806 3448 968 3501 etiam
1010 3449 1061 3500 in
1093 3448 1346 3504 exsilium
1399 3448 1599 3502 missus
1630 3459 1685 3503 et
1732 3447 2021 3517 relegatus,
2048 3449 2176 3519 quid

579 3557 767 3612 quaeso
790 3543 858 3595 de
885 3542 979 3595 illo
1009 3541 1326 3597 diceretur?
1359 3542 1490 3597 Eum
1521 3553 1676 3596 vocat
1708 3554 2046 3612 serpentem,
2066 3545 2179 3600 bel-

580 3634 724 3689 luam
773 3642 829 3688 et
887 3633 1339 3688 immanissimam
1375 3632 1579 3697 feram,
1630 3635 1918 3701 latronem,
1953 3637 2177 3692 sacrilo~

576 3742 727 3795 gum,
775 3726 1109 3793 carnificem,
1145 3726 1494 3790 homicidam,
1526 3727 1887 3792 idololatram,
1916 3729 2174 3797 templum

580 3819 893 3875 daemonum
921 3860 935 3881 ,
987 3826 1045 3873 et
1072 3818 1353 3888 religionis
1406 3833 1723 3875 eversorem
1751 3859 1766 3883 ,
1811 3819 2125 3875 hmreticum
2157 3858 2173 3886 ,

580 3920 908 3980 apostatam,
965 3909 1288 3965 Antichristi
1342 3924 1764 3980 prmcursorem,
1821 3919 1983 3981 atque
2040 3912 2178 3969 adeo

583 4002 758 4068 ipsum
778 3999 1358 4055 AntichristumJ’acis
1377 4000 1597 4070 insuper
1612 4001 1849 4056 edictum
1868 4003 2007 4069 ejus,
2030 4002 2176 4072 quod

584 4101 851 4161 praetextu
898 4093 1266 4148 sedandorum
1321 4095 1652 4148 tunmltuum
1692 4095 2173 4166 promulgaverat,

580 4183 912 4253 sacrilegum
956 4193 1012 4239 et
1061 4182 1382 4254 pestiferum
1414 4184 1673 4255 appellat.
1710 4185 1961 4241 εἰει-ειίθὶ
1988 4201 2176 4243 susur-

578 4280 772 4346 rones,
818 4280 907 4349 qui
954 4278 1249 4336 mundanis
1275 4280 1625 4351 principibus
1672 4282 1988 4350 adulantur,
2042 4285 2177 4355 ipsis

2277 1867 2391 1923 fere
2435 1882 2655 1938 semper
2702 1868 2994 1923 clementia
3044 1876 3101 1923 et
3140 1867 3484 1923 humanitate
3527 1867 3747 1922 coalitus
3781 1868 3874 1924 do-

2276 1971 2491 2027 nantur,
2551 1963 2676 2031 quia
2733 1962 2815 2016 sic
2866 1962 2982 2017 Deo
3010 1961 3136 2031 Opt.
3190 1961 3335 2016 Max.
3364 1975 3496 2016 suos
3534 1975 3874 2032 suorumque

2278 2057 2493 2125 negotia
2514 2069 2709 2110 curare
2760 2064 2815 2110 et
2879 2069 3211 2111 conservare
3272 2054 3446 2110 visum
3506 2065 3611 2110 est.
3667 2053 3782 2109 Sed
3824 2063 3877 2108 nt

2277 2148 2438 2203 finem
2489 2147 2705 2212 faciam,
2759 2164 2880 2216 qua:
2912 2148 3000 2202 hic
3049 2156 3277 2218 apparet
3325 2145 3582 2213 historia,
3624 2156 3875 2215 tempora

2277 2249 2460 2294 nostra
2509 2239 2774 2310 depingit,
2825 2239 3008 2310 qualia
3039 2238 3110 2293 ab
3140 2238 3477 2308 aliquotjam
3508 2239 3670 2293 amris
3691 2252 3877 2308 cmpec

2276 2344 2423 2397 runt,
2466 2348 2573 2387 non
2595 2341 2745 2388 certe
2789 2333 2908 2387 sine
2946 2331 3184 2387 maximo
3236 2333 3402 2386 totius
3430 2330 3624 2387 Callia
3667 2330 3873 2400 impro-

2277 2425 2452 2495 perio,
2482 2440 2605 2496 quae
2658 2425 2860 2479 nullam
2915 2440 3170 2496 umquam
3213 2435 3374 2479 antea
3425 2424 3680 2480 haeresim
3711 2424 3879 2478 susti-

2262 2527 2469 2572 nuerat
2498 2526 2605 2593 ‘aut
2636 2516 2867 2582 foverat,
2896 2531 3181 2588 quousque
3227 2532 3370 2572 nunc
3400 2516 3502 2572 sub
3529 2517 3677 2587 regis
3702 2518 3877 2571 nostri

2278 2610 2505 2677 pueritia
2536 2618 2592 2665 et
2618 2611 2928 2665 innocentia
2952 2609 3177 2664 emersit
3206 2627 3220 2663 :
3266 2609 3355 2663 cui
3405 2606 3882 2663 Christianissimo

2279 2702 2638 2774 piissimoque
2672 2713 2879 2757 tantum
2937 2703 3060 2772 opis
3090 2710 3144 2756 et
3185 2702 3375 2772 gratiae
3406 2700 3662 2756 Christus
3690 2700 3879 2755 Domi-

2280 2817 2379 2853 nus
2435 2809 2624 2854 noster
2680 2798 2947 2868 impertiri
3004 2796 3283 2867 dignetur,
3344 2805 3402 2851 ut
3452 2794 3576 2850 fana
3602 2806 3663 2850 et
3698 2795 3877 2860 lucos,

2277 2908 2604 2963 omnemque
2651 2891 3016 2947 idololatriam
3068 2889 3397 2944 demoliatur
3447 2903 3513 2943 ac
3572 2886 3787 2953 diruat,
3830 2896 3881 2943 et

2276 3002 2495 3041 omnem
2525 2984 2778 3040 haeresim
2804 2985 3067 3054 reprimat
3116 2993 3171 3037 et
3196 2982 3525 3051 exstinguat.
3558 2981 3678 3049 Qua
3711 2981 3771 3036 in
3805 2995 3878 3047 re,

2283 3080 2509 3135 Beatiss.
2566 3079 2749 3145 Pater,
2780 3076 3143 3132 sanctissimae
3198 3085 3301 3131 tua:
3329 3074 3744 3131 admonitiones
3768 3117 3781 3139 ,
3828 3086 3881 3127 ut

2282 3171 2470 3235 debes,
2507 3171 2677 3225 multo
2706 3169 3024 3240 adjumento
3073 3182 3198 3223 esse
3225 3176 3502 3237 poterunt,
3552 3181 3677 3222 cum
3742 3168 3881 3221 bona

2281 3265 2371 3319 illa
2405 3263 2616 3318 vivendi
2648 3277 2862 3326 norma,
2892 3276 3053 3332 quam
3114 3260 3615 3316 Ecclesiasticorum
3657 3268 3877 3314 nostro-

2281 3374 2399 3414 rum
2445 3358 2709 3413 abusihus
2736 3355 2999 3412 adhibere
3045 3370 3230 3409 curas.
3257 3355 3528 3423 Quantum
3580 3361 3764 3406 autem
3815 3350 3882 3404 ad

2282 3467 2369 3506 me
2396 3459 2628 3520 spectat,
2657 3449 2748 3519 qui
2781 3449 2915 3503 nihil
2938 3447 3084 3502 aliud
3119 3463 3279 3518 quam
3331 3456 3492 3502 teme
3547 3444 3884 3500 vermiculus

2282 3558 2422 3607 sum,
2455 3552 2510 3597 et
2531 3556 2638 3597 non
2666 3556 2888 3612 possum
2922 3556 3027 3595 non
3077 3541 3447 3609 perturbatum
3482 3539 3748 3595 Ecclesia:
3798 3552 3887 3593 or-

2283 3636 2465 3691 dinem
2517 3641 2680 3703 atque
2735 3635 2891 3688 istam
2948 3632 3328 3688 confusionem
3385 3631 3722 3698 lamentari,
3779 3645 3883 3683 non

2282 3726 2422 3798 quod
2448 3726 2571 3782 ideo
2594 3725 2756 3781 velim
2780 3725 2846 3780 ab
2870 3727 2983 3795 ipsa
3005 3724 3288 3790 recedere,
3305 3736 3395 3778 aut
3418 3722 3578 3777 alicui
3599 3722 3760 3776 alteri
3779 3720 3885 3775 tale

2282 3820 2561 3891 quippiam
2603 3818 2857 3881 suadere,
2910 3817 3046 3872 satis
3088 3816 3222 3871 mihi
3256 3826 3340 3872 est
3388 3816 3443 3870 in
3473 3816 3633 3870 vinea
3663 3812 3882 3868 Domini

2283 3927 2381 3981 pro
2426 3912 2618 3964 virium
2667 3925 2908 3964 mearum
2958 3912 3228 3964 tenuitate
3260 3908 3506 3977 operari,
3547 3906 3762 3976 tibique
3789 3903 3884 3959 de-

2283 4004 2559 4059 votionem
2586 4018 2764 4059 meam
2788 4017 2851 4059 ac
2879 4018 3007 4074 erga
3041 4001 3444 4058 sanctissimam
3479 4000 3670 4055 sedem
3709 4006 3882 4054 testa-

2284 4106 2391 4151 tam
2421 4097 2755 4166 relinquere,
2788 4097 3065 4166 Deumque
3112 4096 3238 4166 Opt.
3278 4094 3417 4149 Max.
3451 4109 3550 4163 pro
3584 4092 3763 4163 Regis
3784 4089 3887 4146 mei

2283 4190 2565 4255 felicitate,
2598 4204 2697 4260 pro
2742 4188 2933 4260 patriae
2977 4204 3112 4243 mete
3162 4186 3577 4257 tranquillitate,
3634 4197 3879 4254 paceque

2282 4284 2523 4339 universi
2566 4281 2717 4337 orbis
2755 4280 3053 4336 Christiani
3097 4278 3407 4349 deprecari,
3435 4278 3487 4332 in
3516 4292 3625 4347 qua
3668 4276 3882 4330 salvum

581 4371 917 4441 persuadere
967 4374 1230 4439 nitentes,
1280 4372 1429 4443 quod
1478 4372 1745 4446 Episcopi
1775 4353 2177 4448 Episcoporum
2206 4353 2259 4415 D
2282 4386 2340 4435 et
2368 4378 2697 4433 incolumem
2727 4374 2977 4430 Christus
3006 4374 3096 4429 diu
3128 4382 3179 4429 te
3211 4372 3369 4429 nobis
3410 4380 3727 4427 conservet.
3759 4369 3882 4424 Mel.

578 4474 704 4519 sunt
735 4505 750 4530 ,
787 4464 951 4520 sicuti
997 4463 1121 4546 huic
1169 4463 1491 4536 imperatori
1549 4466 1874 4525 Constantio
1922 4471 2178 4529 evenisse

2286 4471 2370 4529 dis
2396 4485 2455 4527 ut
2486 4468 2623 4526 Non.
2652 4468 2879 4525 Ianuar.
2912 4465 3249 4526 MDLXVIII.
