4148 6186
502 269 611 330 767

1584 269 1907 329 LUCIFERI
1948 270 2260 329 EPISCOPI
2297 269 2721 327 CALARITANI

3702 275 3805 332 768

504 391 757 450 cerdotcs
784 402 835 461 α,
861 392 1078 465 egregia
1103 400 1159 447 et
1185 388 1474 461 singularis
1507 387 1642 444 ﬁdes
1684 395 1741 444 et
1769 387 1857 442 hic
1903 387 2101 459 proba-
2127 393 2179 452 Α
2206 386 2375 443 solius
2426 387 2791 456 persecutoris
2841 396 3098 443 cruentos
3126 387 3336 458 gladios
3381 389 3587 445 sentire
3619 398 3810 459 potue-

508 484 643 540 biles
674 485 787 540 Deo
814 474 1071 541 ostendet
1098 526 1114 551 ,
1143 484 1326 550 etiam
1350 482 1415 537 ad
1445 480 1681 536 futuram
1699 480 1927 551 gloriam
1961 495 2105 535 mar-

509 585 658 647 tyres
701 575 1025 648 designavit.
1071 576 1189 644 Quo
1223 576 1405 646 itaque
1444 574 1720 643 praeconio
1752 573 1927 629 laudis
1954 616 1968 639 ,
1999 588 2106 644 qua

507 668 659 725 vocis
689 670 1059 727 exsultatione
1088 670 1280 725 merita
1307 669 1521 723 virtutis
1562 679 1759 723 vesme
1787 667 2056 738 proferam
2087 709 2103 735 ,

506 762 721 832 positus
752 763 893 818 inter
924 778 1214 819 maerorem
1241 760 1504 816 absentiae
1532 768 1729 817 vestrae
1770 770 1826 816 et
1850 760 2106 830 gaudium

507 851 698 921 gloriae
716 894 731 919 ,
766 868 989 923 prorsus
1014 854 1260 909 invenire
1286 866 1390 906 non
1416 866 1632 921 possum
1657 851 1801 915 :Tnisi
1826 850 1968 922 quod
1996 851 2108 907 scio

509 940 638 998 hinc
669 957 757 998 me
787 944 1149 1014 probabiliora
1180 945 1335 999 vobis
1362 943 1557 998 solatia
1585 942 1848 1000 exhibere
1870 986 1884 1009 ,
1912 944 1958 998 si
1985 960 2107 1001 cre-

506 1033 651 1089 datis
677 1051 765 1091 me
791 1036 843 1091 in
871 1037 1125 1092 exsilium
1157 1036 1320 1092 simul
1349 1037 1624 1092 vobiscum
1654 1052 1776 1093 esse
1803 1038 2105 1093 detrusum.

510 1125 754 1198 Denique
780 1144 867 1184 me
898 1128 1078 1183 adhuc
1106 1130 1157 1183 in
1191 1130 1304 1199 ipsa
1333 1129 1746 1200 exspectatione
1778 1130 2107 1199 pendentem

509 1218 655 1288 qttod
683 1234 711 1271 a
743 1221 1023 1275 consortio
1075 1230 1261 1275 vestro
1307 1220 1494 1275 durior
1544 1221 1844 1276 necessitas
1894 1222 2107 1277 interim

513 1309 805 1378 distrahit,
836 1314 973 1367 satis
1003 1312 1320 1367 contristor.
1352 1311 1677 1383 Oplaveram
1706 1315 1882 1379 enim,
1918 1315 2111 1370 fratres

514 1400 884 1471 devotissimi,
911 1404 1059 1474 prior
1090 1420 1187 1475 pro
1215 1404 1467 1460 omnibus
1514 1404 1667 1460 vobis
1714 1406 1949 1475 impendi
1988 1427 2001 1459 :
2054 1416 2113 1461 ut

514 1494 821 1565 exemplum
851 1495 1040 1566 gloriae
1071 1510 1167 1566 per
1192 1512 1276 1552 me
1305 1498 1477 1568 magis
1520 1508 1701 1552 vestra
1729 1498 1949 1573 dilectio
1980 1513 2111 1553 con—

517 1598 857 1658 sequeretur.
880 1587 987 1644 Sed
1017 1588 1177 1645 fuerit
1207 1590 1324 1645 haec
1350 1591 1526 1661 palma
1560 1591 1873 1646 meritorum
1904 1601 2112 1645 vestro-

515 1694 671 1747 rum,
705 1688 765 1734 ut
798 1680 1008 1749 priores
1038 1680 1106 1736 de
1152 1680 1557 1751 perseverantia
1608 1680 1733 1737 ﬁdei
1785 1681 1852 1736 ad
1899 1681 2109 1737 confes-

2209 487 2378 534 rnnt:
2433 486 2620 533 contra
2662 493 2789 545 vos,
2833 478 3015 535 devoti
3067 495 3162 550 per
3206 482 3390 535 omnia
3438 481 3532 536 Dei
3564 482 3805 548 milites,

2208 572 2369 627 etiam
2401 582 2421 609 ο
2455 571 2616 626 falsos
2646 570 2841 628 fratres
2871 574 3117 628 inimicos
3162 574 3407 644 experti,
3460 574 3527 629 de
3584 575 3808 644 perﬁdia

2209 666 2491 721 victoriam
2523 668 2864 736 pertttlistis:
2921 685 3151 737 quorum
3205 680 3411 739 quanto
3461 671 3723 725 violentia
3752 672 3807 726 in

2210 757 2412 813 sarculo
2454 773 2706 814 crescere
2756 758 2931 828 potuit
2956 802 2969 824 ,
3002 769 3153 813 tanto
3193 762 3399 816 sanctis
3428 760 3811 817 sacerdotibus

2212 852 2432 921 prmmia
2460 850 2631 903 laudis
2654 851 3003 905 inveniuntur
3030 850 3300 907 conferre.

2286 940 2473 995 Estote
2502 941 2682 1009 itaque
2712 940 2780 995 de
2809 941 3173 1010 promissione
3230 942 3441 998 caelesti
3496 944 3672 999 securi
3702 963 3715 997 :
3757 955 3815 1002 et

2212 1035 2333 1102 quia
2357 1036 2713 1102 proxiutiores
2734 1036 2867 1090 estis
2892 1036 3000 1090 Deo
3029 1035 3231 1100 eﬁ‘ecti,
3254 1037 3447 1092 vestris
3469 1038 3816 1094 orationibus

2214 1141 2300 1180 me
2323 1134 2561 1180 vestrum
2588 1127 3033 1183 consacerdotetn
3081 1128 3341 1183 famulum
3376 1129 3465 1184 Dei
3496 1130 3563 1184 ad
3625 1132 3817 1186 Domi-

2214 1233 2341 1272 num
2367 1218 2647 1273 sublevate
2668 1260 2683 1283 ,
2716 1230 2768 1272 ut
2802 1221 3250 1289 supervenientes
3276 1202 3545 1290 impetus,
3594 1224 3686 1291 qui
3737 1223 3815 1277 de

2213 1310 2300 1365 die
2332 1311 2385 1365 in
2413 1310 2555 1364 diem
2583 1326 2704 1366 cum
2736 1313 3146 1377 annuntiantur,
3174 1312 3423 1383 graviora
3452 1314 3679 1369 vulnera
3729 1316 3815 1369 in-

2217 1402 2443 1472 ﬂigunt,
2482 1402 2840 1458 tolerabiliter
2897 1404 3041 1459 ferre
3069 1404 3384 1474 possimus:
3439 1412 3499 1458 ut
3553 1403 3815 1460 inviolata

2214 1496 2351 1562 ﬁde,
2380 1497 2533 1551 salvo
2562 1506 2706 1551 statu
2754 1496 3017 1551 Ecclesia:
3062 1498 3380 1563 Catholicae,
3435 1512 3620 1565 parem
3656 1498 3813 1554 Vobis

2212 1590 2463 1661 dignetur
2488 1606 2575 1645 me
2602 1590 2861 1645 Dominus
2911 1590 3149 1646 efﬁcere.
3212 1590 3277 1645 Et
3328 1590 3455 1659 quia
3494 1590 3656 1659 eupio
3687 1607 3810 1659 qua:

2215 1693 2366 1755 gesta
2398 1692 2525 1737 sunt
2550 1686 2602 1737 in
2632 1683 2745 1752 ipsa
2767 1679 2793 1718 ά
2825 1682 3218 1752 congressione
3260 1682 3473 1737 ﬁdelius
3504 1684 3645 1736 scire
3670 1722 3685 1747 ,
3710 1682 3814 1737 ob-

515 1771 687 1827 sionis
718 1770 988 1827 illustrem
1012 1772 1241 1842 gloriam
1273 1773 1557 1829 veneritis.
1606 1773 1803 1842 Quaeso
1840 1774 2002 1844 igitur
2022 1775 2108 1829 di-
2141 1787 2189 1845 Β
2216 1792 2372 1833 secro
2398 1777 2742 1832 sanctitatem
2766 1786 3027 1840 vestram,
3059 1775 3316 1829 universa
3348 1773 3583 1829 ﬁdeliter
3619 1773 3818 1829 litteris

515 1862 809 1919 lectionem
840 1873 1073 1919 vestram
1091 1906 1107 1932 ,
1130 1876 1186 1920 ut
1214 1880 1301 1922 me
1338 1876 1659 1937 praasentem
1686 1867 1964 1923 vobiscum
1986 1884 2111 1925 esse

518 1954 759 2010 credatis
788 1971 803 2021 ;
833 1965 995 2027 atque
1024 1972 1092 2013 eo
1122 1972 1210 2013 me
1238 1957 1433 2014 aﬂ'ectu
1490 1958 1772 2015 absentem
1831 1976 1937 2016 non
1990 1976 2113 2018 esse

515 2046 799 2114 sentiatis,
830 2058 884 2103 et
906 2048 1225 2120 intelligatis
1250 2049 1439 2106 dolere
1486 2066 1574 2107 me
1620 2055 1779 2119 satis,
1809 2053 1958 2124 quod
1988 2070 2110 2110 sum

515 2140 735 2197 interim
760 2157 791 2197 a
816 2155 1000 2199 vestro
1030 2143 1308 2199 consortio
1355 2144 1689 2214 disparatus.
1717 2146 1986 2215 Quantam
2011 2148 2108 2204 de-

518 2233 681 2303 nique
709 2234 935 2305 gloriam
980 2236 1191 2292 fueritis
1219 2238 1535 2302 consecuti,
1592 2237 1719 2295 hinc
1768 2242 1944 2311 magis
1970 2242 2111 2297 scire

517 2324 809 2395 potestis,b
830 2326 975 2397 quod
1007 2328 1055 2383 si
1078 2328 1169 2399 qui
1198 2328 1253 2382 in
1281 2330 1663 2399 persecutione
1687 2334 1935 2389 coronati
1958 2344 2106 2400 sunt,

514 2461 739 2588 ingerins
762 2462 1082 2519 notandum.
1113 2465 1288 2535 Atque
1315 2464 1402 2521 hic
1430 2467 1763 2523 notationem
1804 2468 2105 2525 Constantii

514 2548 573 2588 su
618 2547 762 2588 ncto.

512 2547 762 2602 sunttcto.

587 2604 741 2681 Apud
774 2604 1246 2681 Hilarium‘cxstat
1271 2608 1388 2663 haec
1426 2609 1655 2678 epistola
1681 2612 1873 2681 fragm.
1914 2628 1986 2667 νι.
2033 2628 2104 2668 ex

516 2688 648 2749 mss.
677 2674 890 2749 Remig.
922 2688 977 2732 ct
1006 2678 1145 2732 Pitlt.
1177 2694 1275 2733 nec
1301 2695 1406 2734 non
1441 2674 1579 2749 apud
1611 2674 1898 2739 Baroriium
1923 2684 1987 2737 ad
2012 2698 2103 2738 an.

519 2746 646 2818 555.
676 2761 731 2800 ιι.
759 2746 855 2818 5‘2.
878 2758 931 2803 et
960 2749 1295 2818 Stephanum
1330 2746 1639 2807 Ferrerintn
1690 2770 1721 2810 e
1779 2754 1973 2809 tabulis
2003 2755 2103 2809 Ec-

517 2817 699 2894 clesim
732 2817 1198 2894 Vercellen‘s‘iset
1248 2820 1505 2876 Vaticano
1553 2825 1741 2881 codice
1808 2828 2099 2894 exscripta.

521 2887 637 2966 Eon
672 2890 829 2959 longe
852 2902 972 2959 post
998 2890 1783 2966 diediolanensemSynodum,
1812 2911 1933 2966 qua:
1958 2887 2103 2952 anno

518 2958 648 3015 555.
678 2958 861 3025 et,'ut
881 2961 1109 3016 eruditis
1136 2963 1355 3030 quidem
1385 2958 1617 3029 videtur,
1649 2958 1887 3031 ineunte,
1923 2968 2101 3022 habita

517 3038 946 3103 estpanlequam
976 3032 1224 3088 Liberius
1263 3034 1379 3102 ipse
1410 3035 1766 3092 Mediolanum
1795 3046 2099 3103 vocaretur,

523 3101 688 3154 immo
709 3112 761 3155 et
782 3112 1072 3173 antequam
1098 3101 1503 3179 qlt:e_p_r.'edicla
1534 3110 1587 3161 in
1644 3109 1850 3179 synodo
1878 3101 2104 3164 fuissent

2215 1871 2467 1925 intimare
2481 1868 2771 1939 dignemini
2802 1887 2815 1923 :
2846 1876 2903 1921 ιιι
2926 1866 3351 1922 additamentum
3386 1868 3560 1935 majus
3587 1867 3669 1922 vel
3698 1867 3819 1935 ipse

2216 1963 2456 2027 animus,
2490 1964 2580 2032 qui
2620 1961 2849 2016 diversis
2880 1961 3188 2015 rumoribus
3234 1961 3529 2025 cruciatur,
3560 1961 3643 2015 vel
3672 1959 3819 2015 vires

2216 2056 2460 2128 corporis
2489 2055 2694 2124 ipsius,
2721 2070 2841 2125 quae
2869 2056 2982 2123 jam
3028 2063 3334 2108 extenuatae
3385 2059 3548 2117 sunt,
3594 2052 3663 2106 de
3717 2066 3818 2107 co-

2217 2147 2525 2205 hortatione
2554 2155 2737 2201 vestra
2784 2145 2993 2215 possint
3040 2144 3265 2199 sentire.
3327 2142 3394 2196 Et
3447 2142 3556 2196 alia
3606 2159 3767 2196 manu
3797 2184 3817 2210 ,

2218 2251 2241 2279 ε’
2279 2242 2416 2297 Deus
2442 2253 2541 2295 vos
2573 2237 2872 2295 incolumes
2899 2236 3210 2304 custodiat,
3239 2234 3445 2291 domini
3469 2235 3683 2291 fratres.

2214 2470 2514 2525 Romanum
2547 2470 2768 2524 minime
2794 2467 2989 2522 deceat
3014 2508 3029 2531 ,
3062 2466 3310 2537 proprios
3334 2465 3565 2537 clericos
3593 2463 3815 2537 honori-

2215 2541 2330 2596 ﬁcis
2356 2544 2503 2596 hisce
2550 2541 2720 2595 titulis
2766 2539 3130 2606 compellare,
3168 2536 3299 2593 ’veri
3333 2536 3551 2591 videtur
3578 2536 3813 2606 similius

2212 2614 2542 2682 singularem
2566 2611 2848 2682 epistolam
2874 2604 3158 2682 Pancratio
3185 2616 3347 2682 atqtu:
3376 2604 3811 2682 liila_rio__utﬁli_is

2211 2698 2240 2737 a
2268 2676 2483 2739 Luiberio
2509 2676 2764 2751 scriptam
2788 2696 2931 2735 eSse.
2987 2680 3039 2733 In
3069 2676 3272 2733 tabulis
3296 2678 3557 2751 Ecclesia:
3580 2676 3812 2751 Vercel—

2212 2755 2379 2809 lensis
2409 2746 2634 2824 prout-ia
2656 2753 2889 2807 Eusebio
2916 2761 3137 2824 servata
3152 2759 3235 2824 est
3252 2749 3545 2824 inscriptio
3578 2750 3630 2824 in
3650 2746 3808 2824 hunc

2213 2817 2430 2879 modum
2455 2867 2469 2889 ,
2502 2825 2735 2879 Liberius
2768 2824 3035 2891 episcopus
3085 2820 3419 2875 dilectissimo
3447 2820 3599 2891 fratri
3642 2817 3810 2871 Euse-

2212 2897 2293 2951 bio
2322 2914 2339 2950 :
2366 2899 2459 2951 sed
2490 2899 2539 2950 in
2560 2889 2805 2962 epistolte
2820 2901 2961 2949 serie
2986 2892 3120 2948 nihil
3147 2894 3508 2945 immutatum.
3531 2889 3806 2962 Constant.

2211 2970 2295 3021 cui
2341 2960 2670 3023 assentimur
2696 2982 2711 3031 ;
2742 2966 2837 3021 sed
2865 2964 2934 3020 de
2975 2973 3250 3033 tempore,
3299 2977 3408 3033 quo
3432 2960 3638 3031 scripta
3666 2962 3763 3013 fuit
3790 3002 3808 3024 ,

2213 3038 2335 3093 vide
2364 3038 2529 3094 Praef.

2285 3119 2309 3145 ιι
2334 3110 2405 3165 Ita
2438 3110 2632 3164 Baron.
2662 3109 2726 3163 At
2753 3124 2856 3162 ms.
2881 3106 3050 3173 Pith.,
3086 3106 3469 3174 acceptissimos
3495 3105 3809 3174 sacerdotes.

518 3179 635 3251 a_cta
664 3181 816 3227 certo
842 3182 901 3229 et
924 3186 1183 3251 accurate
1204 3175 1490 3251 didicisset
1512 3220 1527 3242 ,
1560 3173 1806 3249 adeoque
1826 3179 1968 3234 circa
1995 3197 2102 3232 tne-
2130 3184 2177 3247 (ζ
2212 3181 2365 3251 Apud
2422 3180 2637 3236 Ferrer.
2682 3179 3067 3249 acceptissimos
3114 3173 3228 3232 Deo
3274 3176 3589 3231 sacerdotes.
3638 3173 3817 3227 Cons-

521 3241 893 3315 dium_annum
922 3244 1048 3300 555.
1075 3246 1274 3314 Scripta
1297 3257 1401 3300 est.
1436 3248 1697 3304 Baronius
1719 3241 1730 3249 ’
1752 3251 1817 3304 ad
1848 3266 1937 3304 an.
1976 3251 2104 3315 555,

522 3329 577 3366 ιι.
760 3324 872 3392 tum
918 3316 985 3392 ad
1023 3312 1302 3392 Eusebium
1333 3328 1439 3371 tum
1492 3322 1560 3373 ad
1587 3322 1806 3392 reliquos
1841 3312 2106 3391 episwpos

523 3385 725 3456 casulas
748 3384 1091 3456 Dionysium,
1144 3399 1189 3442 et
1218 3389 1349 3443 alios
1395 3406 1568 3447 omnes
1597 3384 1777 3447 datam
1831 3384 1882 3447 iti
1921 3384 2108 3448 codice

530 3453 929 3534 Vziticano_legi
972 3459 1581 3534 t_estatur._Optandnm
1637 3474 1755 3518 erat
1809 3474 1865 3518 ut
1888 3465 2107 3534 propria

523 3526 853 3598 exemplaris
886 3528 1049 3582 verba
1080 3531 1481 3598 exscripsisset.
1507 3533 1638 3588 Nam
1664 3549 1857 3590 vereor
1891 3526 1957 3589 ἰιι
1993 3526 2107 3589 ἰιοιι

521 3595 668 3675 aliud
693 3612 809 3675 prze
830 3598 1048 3675 se_ferat
1082 3600 1168 3656 hic
1194 3595 1397 3675 codex.
1422 3620 1583 3673 quam
1611 3606 1755 3674 quod
1777 3606 1917 3675 apud
1967 3606 2114 3661 Hila-

525 3665 704 3741 rium.'
725 3665 964 3721 Liberius
994 3681 1266 3741 antequam
1308 3674 1376 3726 ad
1406 3665 1643 3728 cnsilium
1665 3678 1793 3741 iret,
1814 3665 1958 3731 'Itanc
1998 3679 2113 3729 uni-

520 3740 743 3812 formem
763 3740 1044 3812 epistolam
1074 3740 1463 3812 Confessoribus
1484 3748 1727 3811 scripsit,
1776 3748 1830 3801 id
1853 3757 1927 3802 est
1946 3788 1960 3808 ,
2008 3748 2113 3800 Ett-

520 3808 1053 3891 sebiohbiouysjo,
1089 3823 1144 3891 et
1185 3808 1426 3891 Lucifero
1469 3818 1525 3871 in
1575 3808 1757 3873 exsilio
1798 3820 2111 3891 constitutis.

521 3879 689 3954 tiujus
715 3879 1087 3950 inscriptionis
1114 3879 1363 3939 littermsi
1390 3892 1722 3954 hmreamns,
1762 3905 1867 3944 non
1890 3890 1958 3942 ad
1982 3889 2117 3943 Con~

522 3952 936 4029 {esseresnomnes
961 3956 1173 4029 diversis
1187 3957 1240 4029 in
1264 3958 1387 4010 locis
1404 3952 1715 4029 Texsulantes
1753 3962 2030 4029 encyclica,
2063 3971 2118 4014 nt

522 4022 713 4092 scribit
741 4022 1136 4092 Baronius.sed
1162 4026 1228 4079 ad
1260 4042 1392 4081 uno;
1422 4028 1716 4083 Eusebium
1738 4069 1754 4092 ,
1806 4022 2116 4091 Dionvsinm

524 4100 578 4143 et
623 4090 933 4147 Luciferum
980 4097 1291 4158 uniformis,
1348 4113 1442 4153 seu
1495 4100 1668 4155 tribus
1722 4090 1879 4157 unius
1929 4090 2118 4156 furata:

524 4161 790 4243 exemplis
812 4202 827 4224 ,
858 4165 1001 4243 quod
1032 4174 1216 4243 postea
1248 4168 1561 4243 dictumest
1582 4174 1750 4243 a_pari
1770 4214 1786 4239 ,
1814 4172 2120 4243 conscripta

525 4238 629 4307 est.
663 4231 968 4307 Aliquando
996 4231 1214 4305 quidem
1246 4238 1526 4307 probabile
1552 4231 1944 4307 existimaram,
1974 4231 2123 4298 ea'tn-

525 4302 648 4357 dem
681 4309 736 4356 et
764 4303 831 4386 ad
856 4302 1202 4362 Rancratintn
1237 4302 1617 4386 presbyterum
1645 4324 1700 4386 et.
1724 4302 1984 4369 Hilarium
2008 4316 2122 4369 dia-

523 4386 721 4428 conum
746 4384 1148 4455 missam‘esse:
1178 4387 1234 4433 at
1262 4394 1383 4435 cum
1418 4385 1469 4437 in
1500 4384 1725 4452 epistola
1762 4400 1857 4441 eos
1883 4387 2125 4455 alloqua-

527 4454 636 4521 t_ur,
664 4449 875 4521 quosiin
908 4450 1172 4519 principio
1200 4449 1588 4521 occeptissintos
1621 4456 1678 4509 in
1708 4456 1932 4512 Domino
1953 4449 2125 4513 sacer-

522 4518 664 4569 dotes
691 4558 705 4579 ,
736 4520 966 4575 subinde
990 4518 1195 4575 sanctos
1224 4518 1517 4580 sacerdotes
1539 4566 1553 4589 ,
1577 4536 1633 4581 et
1660 4528 1712 4581 in
1744 4528 1851 4583 ﬁne
1888 4530 2123 4583 dominos

2213 3261 2347 3308 tant.

2281 3323 2309 3361 δ
2338 3324 2492 3389 Apud
2519 3323 2733 3379 Ferrer.
2764 3322 2903 3390 quod
2931 3320 3020 3389 qui
3075 3321 3128 3373 in
3171 3318 3525 3390 persecutione
3578 3318 3816 3390 coronati

2211 3404 2350 3457 sunt,
2375 3388 2534 3449 solius
2560 3388 2903 3460 persecutoris
2931 3388 3128 3462 fructus
3151 3390 3348 3463 gladio.
3378 3390 3435 3463 In
3460 3389 3632 3463 tribus
3660 3388 3820 3440 hisce

2216 3468 2505 3535 postremis
2527 3466 2712 3519 verbis
2739 3459 2981 3518 concinit
3004 3474 3058 3516 et
3086 3459 3187 3515 ms.
3221 3462 3359 3535 Pith.
3393 3459 3658 3513 Baronins
3682 3473 3823 3535 vero

2217 3530 2467 3606 praefert,
2516 3536 2652 3606 quod
2694 3536 2781 3604 qui
2816 3575 2827 3587 .
2862 3573 2873 3586 .
2909 3574 2921 3586 .
2961 3574 2986 3606 ,ν
3010 3573 3024 3587 .
3058 3573 3073 3588 .
3109 3574 3121 3586 .
3152 3570 3165 3585 .
3194 3572 3208 3587 .
3235 3533 3422 3606 εοίίιιιιΔ
3444 3530 3825 3606 persecutionis

2216 3602 2450 3661 cruentos
2474 3602 3085 3677 gladiosJRetinendnm
3107 3603 3450 3677 persecutoris
3470 3642 3483 3663 ,
3512 3602 3598 3655 cui
3641 3616 3825 3677 oppo-

2219 3689 2420 3733 nunlur
2448 3673 2632 3748 fratres
2663 3678 2815 3745 falsi,
2867 3692 2894 3729 ιι
2941 3676 3136 3748 quibus
3161 3676 3607 3748 persecutionem
3654 3673 3825 3748 susti-

2218 3765 2349 3804 nere
2378 3761 2428 3801 ιιι
2448 3743 2672 3819 'gravins
2702 3756 2786 3802 est
2805 3791 2818 3811 ,
2867 3748 2938 3819 ita
2960 3743 3025 3799 et
3050 3744 3119 3819 de
3159 3743 3291 3812 ipsis
3338 3743 3676 3813 triumphare
3704 3744 3827 3812 glo-

2220 3816 2570 3875 riosinsrésse
2594 3820 2844 3875 Liberius
2867 3818 3017 3872 dicit.
3046 3816 3316 3871 Constant.

2297 3904 2317 3929 ε
2351 3890 2401 3944 Id
2426 3902 2543 3955 cst,
2572 3892 2803 3945 Arianos
2838 3891 3151 3956 EpiSCOpOS,
3179 3885 3482 3955 prtesertim
3509 3884 3825 3951 Valentem,

2220 3970 2275 4017 et
2297 3961 2617 4025 Ursacium;
2649 3962 2717 4016 de
2746 3962 2942 4029 quibus
2979 3974 3124 4027 saepe
3154 3958 3303 4011 alibi.

2293 4029 2320 4068 ά
2351 4033 2545 4086 Baron.
2572 4032 2968 4103 congregatione
2989 4072 3013 4103 ,ν
3035 4030 3243 4103 rejecto
3286 4029 3338 4083 in
3366 4042 3537 4103 marg.
3586 4042 3835 4103 congres-

2224 4106 2396 4168 sione,
2428 4105 2572 4173 quod
2605 4098 2900 4173 pricfewrunt
2928 4102 3018 4155 alii
3049 4100 3201 4166 libri,
3256 4108 3312 4155 et
3356 4098 3576 4169 quidem
3602 4099 3836 4152 concin-

2226 4176 2369 4230 nius.
2395 4173 2664 4231 Constant.

2300 4256 2323 4283 ε
2347 4244 2617 4301 Clausulzc
2643 4246 2798 4301 istius
2816 4244 2936 4300 loco
2959 4243 3075 4298 haec
3092 4242 3233 4311 apud
3263 4241 3571 4295 Ferrerinm
3594 4240 3835 4309 legitur:

2230 4316 2371 4391 Deus
2384 4327 2431 4391 te
2445 4319 2748 4391 incolumem
2768 4316 3043 4381 custodiat,
3062 4315 3268 4391 domine
3299 4317 3460 4391 frater
3491 4311 3839 4391 charissime;

2230 4387 2365 4442 Item
2392 4382 2499 4454 ipse
2526 4399 2575 4443 et
2597 4390 2692 4441 mei
2719 4403 2910 4441 memor
2933 4403 3039 4441 esse
3059 4382 3308 4454 digneris.
3367 4382 3444 4436 lbi
3493 4396 3689 4454 nempe
3714 4382 3840 4434 iure

2228 4451 2465 4527 epistola
2485 4469 2542 4514 ut
2568 4460 2660 4513 ιιιιί
2687 4458 2921 4513 Eusebio
2940 4451 3200 4527 inscripta
3219 4454 3534 4527 exhibetur.
3553 4451 3834 4527 Constant.

2228 4522 2359 4599 Qua:
2390 4531 2527 4586 forte
2555 4530 2796 4585 clausula
2828 4538 2881 4583 et
2901 4522 3207 4597 exemplari
3247 4525 3491 4596 epistolae
3518 4524 3585 4578 ad
3614 4522 3838 4577 Lucife-

525 4591 715 4657 fratres
738 4592 1010 4659 appellat,
1040 4608 1272 4662 cutnque
1304 4596 1632 4667 Episcopum
1664 4609 1827 4670 atque
1858 4601 1911 4655 in
1934 4601 2123 4671 primis
2150 4592 2205 4651 D
2231 4591 2351 4656 Fum
2377 4603 2557 4657 missa:
2587 4601 2828 4671 subjecta
2859 4600 2979 4654 fuit.

536 4696 3844 4727 .___________—___________________________

1392 4779 1536 4894 S.
1614 4780 1785 4891 Ρ.
1861 4782 2047 4895 N.
2126 4781 2980 4896 LUGIFERI

1740 4954 2095 5020 EPISCOPI
2138 4954 2631 5019 CALARITANI

960 5092 1102 5242 DE
1212 5086 1434 5243 NON
1542 5086 2325 5243 CONVENIENM
2433 5085 2668 5238 CUM
2739 5081 3402 5263 IUERETICIS,

1164 5308 1325 5429 AD
1399 5300 2250 5388 CONSTANTIUM
2322 5295 3200 5385 IMPERATOREM

1853 5436 2176 5508 LIBER
2227 5432 2369 5507 UN
2379 5432 2532 5506 US.

2024 5576 2359 5594 μ

544 5718 551 5731 η,
614 5661 749 5738 Cum
775 5662 1029 5745 omnibus
1055 5664 1377 5733 perniciosis
1422 5665 1531 5719 tuis
1560 5663 1850 5741 conatibus
1874 5660 2139 5717 advenis.

544 5750 633 5803 tios
682 5748 813 5803 itum
869 5748 1119 5804 obviam.
1172 5760 1403 5817 euinctus
1454 5752 1632 5809 orttnia
1691 5752 2133 5810 machinamenta

2248 5668 2437 5713 contra
2461 5657 2556 5713 Dei
2587 5657 2883 5713 Ecclesiam
2914 5666 3001 5711 tua
3026 5657 3376 5735 ,.reperisses
3402 5668 3602 5737 cuncto
3626 5658 3718 5714 Dei

2245 5750 2370 5809 0qu
2394 5748 2629 5804 revelata
2657 5780 2670 5815 ο
2704 5746 2895 5805 dixisti
2929 5760 3025 5806 nos
3054 5742 3221 5806 fuisse
3250 5752 3409 5819 atcue
3430 5762 3551 5807 esse
3592 5740 3839 5805 inimicos
