4148 6186
363 188 471 246 769

1047 195 1136 253 DE
1176 195 1313 256 NON
1351 195 1845 259 CONVENIENDO
1883 202 2025 263 CUM
2068 202 2458 268 H/ERETICIS
2496 209 2704 272 LIBER
2744 213 2951 276 UNUS.

3552 226 3662 284 770

363 292 513 373 pacis
538 347 551 369 ,
584 304 769 363 hostes
806 309 1029 366 unitatis
1054 354 1068 375 ,
1098 313 1446 371 adversarios
1491 316 1657 372 etiam
1703 317 1958 374 fraterna:
1985 323 2033 381 A
2068 320 2188 377 Non
2216 327 2415 396 ponetis
2430 328 2497 381 ad
2523 346 2607 384 eos
2636 339 2992 388 testamentum
3026 376 3038 397 ,
3073 352 3232 406 neque
3262 348 3283 375 ε
3316 338 3660 395 misereamini

361 395 667 452 clnniiatis.
694 398 748 454 Si
780 400 921 455 inter
949 401 1044 458 Dei
1072 405 1315 462 cultores
1342 416 1397 463 et
1421 407 1539 477 ejus
1554 408 1831 478 religionis
1851 412 1955 466 ini-

359 488 531 543 micos
555 488 691 544 nihil
719 506 841 546 esse
868 492 1032 549 debet
1085 495 1247 561 inter,
1298 513 1395 553 cur
1445 500 1658 571 Moyses
1711 509 1957 572 tempore

357 596 468 651 quo
516 582 652 638 vidit
674 587 930 655 populum
959 588 1109 643 illum
1138 591 1412 647 carnalem
1438 592 1721 649 Iudaicum
1745 636 1761 662 ,
1799 595 1956 666 cujus

358 679 417 728 tu
448 676 769 745 sapientiam
800 687 975 746 lenes,
1010 680 1336 738 idololatriae
1378 686 1675 741 incurrisse
1717 699 1952 754 reatum,

357 775 714 839 posteaquam
741 770 922 841 gladio
949 784 1133 829 certos
1157 776 1365 845 percuti
1391 775 1536 842 fecit,
1564 780 1728 834 etiam
1765 781 1955 837 statio-

358 874 484 915 nem
534 876 685 917 suam
735 874 1072 935 segregatam
1122 883 1246 925 esse
1271 870 1479 925 voluit?
1534 888 1653 942 quae
1685 874 1758 929 ita
1788 891 1910 932 esse
1934 918 1950 944 ,

358 952 544 1021 accipe
589 952 874 1023 scriptum.
908 956 975 1009 Et
1028 959 1159 1012 dixit
1189 958 1447 1016 Dominus
1472 963 1542 1016 ad
1570 962 1819 1035 Moysen:
1852 966 1952 1021 Dic

355 1044 480 1112 ﬁliis
502 1043 695 1110 Israel,
719 1046 825 1103 Vos
850 1051 1071 1118 papulus
1099 1051 1246 1107 durae
1272 1056 1504 1123 cervicis,
1526 1057 1689 1113 videte
1711 1076 1772 1115 ne
1795 1060 1951 1115 aliam

353 1136 564 1206 plagam
590 1138 842 1195 inducens
868 1158 1023 1211 super
1051 1159 1176 1210 vos,
1215 1145 1415 1200 deleam
1460 1162 1569 1204 vos.
1626 1150 1784 1206 Nunc
1826 1169 1952 1225 ergo

351 1230 589 1299 deponite
616 1233 774 1286 stolas
798 1234 975 1303 gloria:
1002 1246 1185 1292 vestra:
1214 1248 1260 1292 et
1288 1252 1673 1311 ornamentum,
1704 1256 1751 1299 et
1770 1256 1951 1318 osten-

352 1323 473 1378 dam
497 1340 615 1396 quae
637 1330 869 1396 facturus
891 1345 1007 1383 sum
1027 1332 1186 1386 vobis.
1216 1331 1284 1386 Et
1310 1332 1635 1389 abstulerunt
1658 1337 1756 1406 ﬁlii
1784 1337 1951 1395 Israel

348 1426 593 1471 ornatum
623 1435 776 1472 suum
796 1461 811 1487 ,
842 1430 889 1474 et
920 1424 1079 1476 stolas
1105 1441 1136 1476 a
1163 1434 1332 1479 monte
1357 1425 1552 1482 Cltoreb
1578 1470 1593 1495 ,
1637 1438 1686 1483 et
1742 1446 1949 1485 sumens

347 1511 738 1567 tabernaculum
766 1513 973 1586 Moyses
998 1558 1013 1583 ,
1044 1518 1159 1586 ﬁxit
1180 1520 1315 1573 illud
1337 1531 1478 1575 extra
1504 1534 1673 1578 castra
1695 1566 1709 1589 ,
1743 1525 1892 1597 longe
1919 1543 1951 1581 a

348 1605 564 1671 castris,
595 1614 644 1659 et
664 1606 989 1676 appellatum
1016 1620 1089 1663 est
1116 1610 1504 1667 tabernaculum
1551 1617 1825 1670 testimonii
1852 1659 1867 1683 ,
1902 1628 1949 1672 et

2062 432 2267 486 eorum,
2302 436 2466 492 neque
2490 424 2708 479 tradetis
2735 428 2810 481 eis
2836 429 2975 496 ﬁlias
2996 440 3189 485 vestras
3213 442 3462 503 nuptum,
3496 450 3659 503 neque

2060 509 2204 564 dabis
2247 512 2358 580 ﬁlio
2389 523 2475 569 tuo
2508 515 2669 581 ﬁliam
2711 519 2854 574 illius
2879 536 2898 574 :
2924 522 3132 577 seducet
3157 525 3293 579 enim
3316 526 3486 595 ﬁlium
3512 537 3658 582 tuum

2058 613 2091 649 a
2116 614 2195 652 me
2218 638 2233 663 ,
2267 610 2316 654 et
2339 604 2521 658 serviet
2549 604 2649 659 diis
2676 608 2892 677 alienis,
2940 620 2986 665 et
3015 613 3266 669 irascetur
3294 617 3374 670 ira
3404 615 3657 673 Dominus

2057 692 2113 745 in
2138 708 2226 747 vos
2243 734 2257 758 ,
2288 704 2337 748 et
2363 699 2720 754 exterminabit
2747 712 2796 757 te
2816 703 2914 759 cito
2932 704 3111 773 (Deut.
3140 723 3213 763 vu
3232 751 3245 775 ,
3271 709 3306 763 2
3328 708 3509 781 ).Cum
3537 710 3658 768 htec

2057 786 2279 841 mandet
2321 786 2470 854 tieri,
2522 792 2801 860 quomodo
2827 810 3114 866 possumus
3145 800 3427 858 vobiscum
3454 818 3657 861 conve-

2056 879 2206 944 nire,
2238 882 2513 938 vobiscum
2545 900 2734 954 pacem
2752 888 2976 956 habere,
2999 906 3121 948 cum
3146 897 3494 965 negatoribus
3511 900 3655 956 unici

2056 970 2151 1026 Dei
2183 971 2307 1027 Filii
2336 973 2358 1026 ?
2383 977 2658 1045 quomodo
2689 988 3039 1049 potueramus
3063 984 3221 1040 istam
3251 995 3395 1042 tuam
3426 989 3655 1059 implere

2054 1064 2443 1121 voluntatem?
2491 1084 2615 1124 eum
2650 1070 2819 1127 Deum
2872 1074 3058 1131 videas
3098 1077 3302 1135 dixisse
3333 1096 3429 1150 per
3456 1082 3649 1154 Moyeu

2054 1156 2124 1211 de
2150 1157 2399 1215 Moabitis
2416 1201 2430 1226 ,
2456 1160 2786 1219 Ammonitis
2804 1207 2819 1231 ,
2854 1165 2979 1221 Non
3002 1168 3297 1225 salutabitis
3324 1189 3410 1227 eos
3439 1177 3656 1247 paciﬁce

2053 1252 2285 1306 omnibus
2307 1253 2485 1307 diebus
2508 1256 2622 1311 vitm
2648 1266 2751 1313 tua:
2776 1261 2999 1329 usquein
3028 1273 3278 1319 teternum
3300 1264 3468 1337 (Ibid.
3496 1284 3652 1339 xxul,

2053 1339 2086 1395 6
2108 1342 2153 1412 ).
2185 1342 2469 1410 Quomodo
2491 1347 2654 1401 simul
2681 1363 2804 1405 esse
2842 1350 3028 1408 Ariani
3054 1364 3108 1410 et
3132 1355 3427 1414 Christiani
3458 1368 3654 1430 potue-

2053 1435 2279 1488 ramus?
2312 1451 2433 1491 eum
2456 1438 2647 1494 audias
2675 1440 2895 1512 Moysen
2912 1444 3098 1501 dicere
3124 1464 3138 1500 :
3173 1446 3295 1503 Non
3325 1452 3421 1505 erit
3451 1451 3471 1489 τ
3502 1453 3658 1509 adul-

2053 1536 2161 1580 tera
2188 1544 2251 1581 ex
2279 1529 2491 1598 ﬁliabus
2516 1532 2689 1586 Israel
2714 1532 2882 1605 (Ibid.
2902 1535 3025 1607 l7);
3051 1547 3108 1594 et
3133 1541 3283 1596 omni
3305 1554 3655 1602 commoneat

2053 1619 2174 1675 loco
2205 1631 2263 1676 ut
2316 1624 2495 1680 omnis
2547 1625 2761 1682 adulter
2816 1628 3195 1699 interﬁciatur,
3246 1635 3546 1705 productus
3582 1638 3652 1695 ad

346 1700 497 1769 ﬁebat
526 1710 579 1754 ut
606 1702 792 1768 omnis,
820 1703 1127 1773 quicumque
1152 1707 1409 1776 quwrebat
1431 1707 1731 1774 Dominum,
1756 1711 1859 1765 ibat
1880 1711 1949 1765 ad
1978 1717 2026 1777 B
2055 1720 2265 1781 portam
2288 1754 2303 1776 ,
2333 1715 2607 1784 lapidibus
2636 1735 2648 1771 :
2683 1716 2752 1773 Et
2788 1720 2977 1777 tolletis
2998 1764 3012 1787 ,
3068 1700 3277 1796 inquit,
3329 1729 3567 1799 iniquum
3619 1749 3651 1785 a

348 1795 735 1849 tabernaculum
758 1798 1037 1851 testimonii
1060 1803 1201 1870 foras
1225 1811 1372 1855 extra
1390 1814 1581 1857 castra.
1616 1804 1747 1859 Cum
1773 1816 1942 1861 autem

344 1888 699 1958 egrediebatur
730 1892 874 1960 foras
900 1891 964 1943 de
988 1891 1321 1948 tabernaculo
1352 1894 1561 1966 Moyses
1581 1938 1596 1963 ,
1645 1897 1811 1952 stabat
1835 1916 1945 1953 om-

343 1983 423 2036 nis
453 1985 675 2054 populus
704 1993 730 2021 ⁸
757 1988 1080 2056 speculantes
1102 1992 1448 2062 unusquisque
1472 1994 1540 2047 ad
1558 1996 1943 2052 ostium-taber-

341 2077 520 2130 naculi
551 2078 652 2131 sui.
686 2079 1092 2136 Considerabant
1148 2094 1348 2138 euntem
1393 2086 1611 2158 Moysen
1629 2106 1788 2159 usque
1819 2092 1943 2145 dum

340 2167 577 2222 introiret
601 2169 990 2226 tabernaculum
1017 2190 1036 2227 :
1057 2190 1179 2229 mox
1206 2185 1383 2230 autem
1422 2194 1543 2232 cum
1572 2179 1856 2236 introiisset
1886 2183 1940 2237 in

342 2260 737 2317 tabernaculum
766 2263 975 2336 Moyses
1000 2307 1013 2330 ,
1048 2266 1386 2324 descendebat
1416 2271 1663 2326 columna
1692 2273 1869 2339 nubis,
1893 2284 1942 2330 et

338 2353 505 2409 stabat
536 2356 587 2409 in
600 2357 767 2425 janua
786 2359 1104 2414 tabernaculi
1120 2403 1134 2427 ,
1195 2371 1241 2415 et
1271 2363 1571 2433 loquebatur
1621 2364 1832 2437 Moysi,
1893 2378 1941 2423 et

338 2448 541 2501 ridebat
596 2451 763 2504 omnis
813 2452 1036 2521 populus
1087 2453 1378 2507 columnam
1416 2454 1564 2508 nubis
1612 2465 1832 2511 stantem
1885 2459 1940 2514 in

334 2541 503 2612 janua
531 2541 870 2607 tabernaculi,
896 2552 944 2598 et
965 2553 1105 2598 stans
1134 2554 1271 2599 totus
1299 2547 1523 2618 p0pulus
1546 2545 1572 2584 ι’
1592 2549 1937 2604 adoraverunt

340 2634 689 2705 unusquisque
700 2634 768 2688 ad
785 2635 973 2688 ostium
995 2638 1336 2705 tabernaculi,
1359 2651 1406 2692 et
1432 2639 1635 2694 locutus
1659 2652 1735 2695 est
1754 2641 1937 2697 Domi-

339 2744 437 2783 nus
462 2729 531 2782 ad
559 2727 775 2800 Moysen
802 2730 977 2799 palam
1002 2732 1054 2785 in
1088 2731 1290 2801 palam,
1339 2734 1775 2802 quemadmodum
1821 2737 1937 2804 quis

337 2823 571 2892 loquitur
587 2823 656 2875 ad
671 2825 893 2877 amicum
921 2841 1093 2880 suum.
1126 2824 1365 2881 Minister
1385 2836 1554 2881 autem
1578 2827 1773 2883 Hiesus
1792 2830 1935 2899 ﬁlius

338 2912 702 2986 Naijunior
728 2932 829 2971 non
849 2917 1020 2971 exibat
1043 2917 1452 2989 de',tabernaculo
1477 2918 1607 2990 (Eas.
1627 2936 1826 2986 χχχιιι,
1851 2920 1929 2992 5).

336 3009 447 3067 Per
464 3010 606 3079 quod
624 3010 843 3076 factum,
859 3023 1139 3068 ostensum
1157 3022 1240 3069 est
1262 3030 1360 3069 vos
1378 3015 1428 3068 in
1453 3016 1621 3069 Deum
1648 3024 1934 3085 peccantes

2049 1804 2429 1875 nobismetipsis
2454 1806 2618 1879 (Ibid.
2652 1826 2797 1880 xxrv,
2835 1812 2933 1885 7).
2966 1814 3022 1871 Si
3049 1819 3269 1874 carnale
3318 1821 3648 1882 adulterium

2046 1895 2179 1952 dicit
2210 1898 2284 1952 ita
2314 1902 2588 1954 exsecrari
2639 1904 2808 1959 Deum
2856 1913 2913 1960 ut
2951 1905 3181 1975 jusserit
3226 1926 3419 1969 omnes
3467 1918 3649 1985 puniri

2045 1989 2329 2046 adulteros
2350 2032 2366 2059 ,
2398 2002 2604 2063 quanto
2650 1996 2823 2067 magis
2850 1998 3180 2057 adulterium
3209 2014 3452 2062 vestrum
3483 2008 3649 2079 spiri-

2045 2083 2153 2137 tale
2176 2092 2201 2130 ϐ
2226 2094 2546 2140 exsecretur
2574 2087 2838 2144 Dominus
2871 2106 3094 2150 necesse
3123 2106 3235 2162 est,
3273 2097 3419 2154 unde
3448 2108 3504 2155 et
3531 2100 3648 2157 fue-

2044 2176 2174 2231 ratis
2201 2187 2365 2249 atque
2386 2180 2517 2235 estis
2548 2181 2786 2252 fugiendi
2816 2202 2829 2240 :
2860 2200 2983 2241 eum
3028 2190 3345 2258 apostolicis
3400 2208 3507 2250 non
3549 2209 3646 2266 po-

2043 2275 2321 2326 tueramus
2341 2276 2641 2330 convenire
2670 2275 2997 2347 Christiani,
3025 2284 3245 2350 quando
3266 2285 3470 2343 dixisse
3498 2288 3645 2345 inve.

2041 2363 2257 2417 niamus
2301 2364 2559 2433 Spiritum
2591 2380 2836 2425 sanctum
2879 2386 2976 2441 per
3003 2373 3225 2445 Moysen
3258 2393 3271 2431 :
3302 2378 3513 2448 Aperiet
3554 2381 3647 2435 tibi

2041 2451 2181 2508 Deus
2209 2454 2508 2512 thesaurum
2536 2460 2788 2518 ccelestem
2801 2465 3051 2533 optimum
3072 2508 3087 2533 ,
3105 2466 3132 2504 ιι
3147 2469 3272 2524 dare
3298 2471 3391 2525 tibi
3417 2472 3645 2543 pluviam

2040 2555 2192 2602 terra:
2214 2561 2318 2604 tute
2337 2591 2351 2616 ,
2380 2551 2436 2605 in
2465 2561 2690 2625 tempore
2713 2556 2976 2614 benedicet
3001 2576 3130 2629 opus
3157 2579 3405 2620 manuum
3429 2576 3641 2624 tuarum

2040 2655 2225 2709 onme,
2257 2645 2515 2712 fenerabis
2547 2657 2721 2716 gentes
2747 2651 2968 2718 multas,
3023 2661 3078 2708 tu
3128 2666 3301 2711 autem
3346 2675 3452 2715 non
3501 2664 3643 2734 fene-

2036 2730 2272 2802 raberis,
2299 2744 2351 2789 et
2368 2738 2629 2807 prwliabis
2655 2751 2830 2811 gentes
2859 2745 3084 2814 multas,
3137 2758 3185 2802 te
3215 2759 3390 2806 autem
3420 2730 3521 2809 non
3552 2771 3644 2811 ea:-

2038 2825 2371 2897 pugnabunt,
2403 2832 2680 2886 constituet
2709 2843 2757 2888 te
2781 2832 3039 2892 Dominus
3062 2838 3206 2895 Deus
3234 2852 3357 2899 tuus
3374 2845 3427 2899 in
3451 2858 3641 2918 caput,

2033 2926 2082 2970 et
2113 2935 2214 2973 non
2238 2921 2291 2973 in
2312 2922 2482 2976 cauda
2498 2965 2513 2989 ,
2539 2934 2587 2978 et
2608 2928 2710 2983 eris
2731 2945 2892 3000 supra
2918 2942 3090 2988 etnon
3117 2936 3320 3005 subtus,
3345 2941 3389 2994 si
3412 2942 3643 3001 audieris

2036 3009 2294 3065 mandatis
2315 3009 2533 3069 Domini
2558 3016 2657 3072 Dei
2691 3020 2767 3074 tui
2789 3062 2803 3087 ,
2849 3025 3208 3097 quodcumque
3246 3046 3339 3101 ego
3382 3035 3641 3090 mandabo

334 3103 587 3161 vitandos
614 3145 630 3170 ,
661 3105 1134 3177 secedendumque
1158 3121 1279 3162 esse
1301 3123 1329 3161 a
1356 3108 1534 3163 vobis.
1558 3108 1662 3164 Sed
1714 3109 1885 3179 inquit
1912 3126 1924 3163 :
1957 3115 2002 3179 (ζ
2035 3102 2126 3156 tibi
2155 3104 2307 3159 hodie
2349 3109 2611 3165 custodire
2656 3122 2703 3165 et
2728 3116 2931 3184 facere,
2986 3114 3002 3153 ί
3057 3128 3105 3173 et
3159 3137 3263 3176 non
3290 3124 3554 3181 discedere
3576 3128 3640 3183 ab

335 3196 481 3252 Ecce
509 3196 722 3269 Moyses
745 3239 759 3263 ,
797 3198 927 3253 licet
948 3200 1057 3255 alio
1105 3200 1157 3253 in
1190 3200 1311 3255 loco
1339 3201 1589 3256 habuerit
1614 3202 1935 3257 tabernacu-

335 3289 449 3345 lum
480 3332 495 3357 ,
527 3300 707 3347 tamen
737 3308 844 3346 non
876 3292 1119 3348 deseruit
1142 3295 1396 3363 populum
1416 3336 1430 3361 ,
1463 3294 1559 3350 sed
1584 3295 1831 3350 hortatus
1852 3306 1936 3352 est

334 3398 433 3439 eos
466 3385 743 3455 corrigere
792 3386 905 3441 vias
946 3401 1193 3441 errorum
1242 3402 1464 3443 suorum
1498 3389 1611 3443 Deo
1659 3390 1931 3460 propitio;

332 3490 439 3531 nec
466 3476 552 3543 hi,
584 3476 675 3547 qui
708 3486 799 3532 tuo
820 3480 1107 3550 sacrilegio
1130 3480 1350 3536 misceri
1383 3494 1813 3550 recusaverunt,
1839 3485 1937 3541 de-

329 3577 462 3623 sunt
483 3567 553 3623 ab
584 3568 668 3623 his
689 3568 926 3624 officiis:
960 3571 1064 3625 dici
1093 3574 1295 3627 etenim
1329 3573 1424 3628 tibi
1456 3576 1741 3645 cognoscis
1768 3618 1782 3641 ,
1832 3576 1935 3632 nisi

331 3660 453 3715 vias
480 3662 791 3717 correxeris
821 3674 969 3726 tuas,
1000 3664 1143 3734 quod
1171 3666 1245 3720 sis
1273 3665 1326 3720 in
1344 3674 1611 3722 aeternum
1632 3669 1931 3738 periturus.

330 3747 391 3803 Id
447 3749 591 3819 quod
640 3765 771 3822 ergo
826 3752 1108 3808 intendere
1136 3768 1508 3824 coeperamus,
1550 3772 1661 3826 quo
1715 3758 1935 3828 penitus

330 3858 627 3915 possumus
652 3846 951 3915 perducere
976 3846 1041 3902 ad
1073 3848 1446 3919 probationem
1468 3850 1491 3903 ?
1511 3850 1760 3919 quotiens
1787 3866 1937 3905 mur-

331 3939 570 3993 muravit
593 3940 828 4011 populus
854 3950 1042 3996 contra
1090 3942 1261 3997 Deum
1284 3985 1299 4009 ,
1354 3953 1408 3998 et
1437 3944 1853 4000 insurrexerunt
1880 3945 1934 4001 in

330 4030 557 4103 Moysen
578 4074 592 4099 ,
621 4033 799 4104 legisti
832 4034 999 4089 Deum
1024 4035 1228 4091 dixisse
1255 4035 1321 4090 ad
1364 4036 1587 4108 Moysen
1621 4047 1678 4093 et
1706 4039 1886 4094 Aaron
1918 4057 1931 4093 :

335 4134 360 4163 ο
395 4123 637 4180 Secedite
681 4143 709 4181 e
737 4128 906 4181 medio
934 4130 1115 4198 populi
1152 4128 1309 4203 hujus
1337 4130 1711 4202 indisciplinati
1738 4144 1786 4188 et
1812 4150 1935 4187 con-

332 4218 585 4283 tumacis,
636 4231 683 4274 et
714 4221 1013 4293 disperdam
1034 4239 1118 4276 eos
1143 4221 1462 4293 ego(Num.
1500 4240 1609 4289 xvs,
1644 4225 1758 4295 ‘21).
1795 4225 1932 4292 Quid

329 4310 496 4381 igitur
525 4326 623 4367 nos
651 4314 767 4368 vult
797 4313 1009 4383 facere,
1040 4316 1140 4370 nisi
1171 4326 1229 4371 ut
1275 4332 1373 4371 vos
1418 4317 1857 4387 iudisciplinatos
1880 4327 1937 4373 et

320 4412 684 4460 contumaces
713 4404 985 4476 fugiamus
1011 4448 1026 4473 ,
1061 4423 1127 4463 ne
1154 4408 1311 4463 simul
1339 4408 1619 4464 vobiscum
1640 4452 1655 4476 ,
1684 4408 1826 4465 sicut
1855 4411 1933 4465 illi

2037 3195 2177 3249 omni
2206 3212 2439 3253 sermone
2465 3216 2616 3271 quem
2643 3220 2738 3274 ego
2761 3208 2950 3261 mando
2974 3208 3066 3263 tibi
3085 3209 3274 3279 hodie,
3326 3214 3509 3269 dextra
3550 3228 3641 3273 aut

2035 3290 2243 3343 sinistra
2267 3290 2433 3363 (Ibid.
2457 3310 2623 3350 xxvtu
2645 3337 2658 3361 ,
2692 3296 2759 3351 l9.
2785 3296 2826 3370 ).
2873 3299 3156 3369 Quomodo
3208 3318 3334 3360 cum
3369 3308 3638 3376 pseudoe-

2036 3379 2274 3451 piscopis
2304 3394 2470 3439 sectae
2501 3395 2607 3441 tua:
2632 3388 2851 3445 Arionis
2873 3392 3029 3447 nobis
3056 3403 3271 3463 poterat
3306 3402 3601 3459 convenire
3620 3444 3636 3469 ,

2037 3474 2256 3543 quando
2284 3474 2468 3531 videas
2497 3494 2604 3533 non
2632 3495 2729 3536 nos
2758 3480 3074 3541 benedictos
3094 3502 3215 3544 esse
3235 3492 3499 3561 potuisse,
3531 3496 3637 3552 nisi

2037 3564 2165 3634 quia
2205 3581 2314 3621 non
2365 3567 2660 3626 abierimus
2688 3581 2811 3642 post
2856 3574 3222 3634 idololatriam
3274 3584 3476 3638 tuam?
3529 3587 3634 3644 nisi

2038 3655 2160 3726 quia
2178 3659 2441 3714 exsecrati
2468 3660 2730 3719 fuerimus
2754 3664 3003 3723 lneresim
3027 3679 3261 3727 vestram
3282 3672 3633 3745 Arianorum,

2035 3748 2194 3804 sicuti
2221 3759 2274 3805 et
2299 3752 2538 3808 omnium
2561 3769 2911 3813 exsecramur
2932 3759 3312 3820 haereticorum
3336 3769 3360 3821 ει
3388 3770 3489 3826 nisi
3509 3773 3635 3841 quia

2037 3842 2173 3899 tales
2198 3860 2294 3901 vos
2322 3846 2746 3917 iudicaverimus
2770 3894 2786 3921 ,
2820 3864 2983 3927 atque
3006 3857 3337 3931 habeamus,
3368 3867 3555 3936 quales
3580 3880 3636 3925 et

2038 3937 2320 4007 ethnicos,
2367 3942 2608 3999 cultores
2666 3945 2921 4005 videlicet
2969 3953 3210 4009 omnium
3282 3957 3636 4017 daemonum?

2040 4032 2142 4087 nisi
2175 4035 2298 4105 quia
2328 4036 2407 4093 sic
2437 4046 2489 4094 te
2518 4038 2782 4099 fuerimus
2805 4044 3183 4106 abominantes
3213 4093 3227 4116 ,
3276 4057 3556 4124 quomodo
3582 4066 3640 4115 et

2036 4124 2285 4197 Judaaos,
2312 4130 2403 4200 qui
2426 4133 2777 4192 inveniuntur
2790 4153 2914 4195 esse
2939 4142 3057 4198 sine
3094 4143 3211 4201 Deo
3229 4188 3246 4213 ,
3289 4163 3354 4203 ex
3382 4166 3492 4221 quo
3518 4152 3637 4207 uui-

2038 4236 2160 4277 cum
2186 4227 2508 4296 negaverint
2534 4227 2729 4286 Filium
2764 4231 2858 4289 Dei
2886 4234 2910 4287 ?
2938 4232 3093 4305 Apud
3113 4235 3333 4295 Hiesum
3360 4240 3535 4300 Nave:
3567 4246 3636 4300 At

2038 4316 2123 4368 ubi
2168 4316 2397 4384 audivit,
2431 4317 2602 4390 inquit
2623 4364 2637 4386 ,
2667 4325 2888 4395 populus
2918 4343 3087 4382 vocem
3106 4330 3367 4397 tubarum,
3388 4335 3637 4403 jubilavit

2038 4405 2308 4460 universus
2335 4409 2557 4479 papulas
2572 4409 2746 4481 jubilo
2775 4431 2993 4486 magno,
3019 4427 3066 4471 et
3087 4420 3382 4475 ceciderunt
3410 4425 3636 4480 universi

328 4496 420 4566 qui
450 4511 573 4551 cum
600 4495 804 4562 Chore,
833 4498 1039 4553 Dathan
1065 4509 1119 4555 et
1144 4499 1350 4555 Abiron
1378 4500 1591 4556 fuerant
1617 4502 1927 4569 coadunati,
1957 4511 2012 4571 D
2036 4501 2171 4552 muri
2199 4501 2424 4556 civitatis
2446 4502 2501 4555 in
2529 4504 2778 4570 circuitu,
2829 4516 2881 4561 et
2913 4510 3148 4565 ascendit
3174 4513 3442 4570 universus
3463 4534 3631 4589 popu-

326 4604 620 4659 pcreamus
646 4591 670 4645 ἲ
720 4592 828 4647 Aut
878 4592 1100 4663 negabis
1152 4602 1206 4648 te
1252 4593 1710 4665 iudisciplinatum
1767 4604 1930 4666 atque
2028 4591 2109 4645 lus
2140 4594 2191 4646 in
2216 4594 2475 4649 civitatem
2496 4598 2844 4669 unusquisque
2870 4617 3047 4656 coram
3074 4604 3385 4664 adversariis
3405 4612 3515 4667 suis
3539 4652 3553 4680 ,
3586 4623 3634 4668 et

327 4685 986 4756 contmnaeem?re5pice
1012 4696 1166 4742 actus
1189 4696 1310 4742 tuos
1332 4688 1473 4743 circa
1519 4688 1732 4743 Domini
1782 4689 1930 4744 exhi-
2026 4684 2323 4741 invaserunt
2362 4687 2620 4744 civitatem
2675 4701 2724 4746 et
2770 4695 3332 4757 anathematizaverunt
3382 4722 3533 4775 eam,
3581 4720 3632 4764 et

329 4776 474 4831 bitos
510 4777 796 4834 ecclesiam
813 4820 829 4845 ,
859 4788 914 4834 et
933 4780 1175 4835 invenies
1201 4796 1367 4851 quam
1389 4782 1464 4836 sis
1490 4780 1927 4852 indiseipliuatus
2024 4796 2352 4851 qutecumque
2378 4783 2591 4837 erantin
2611 4785 2842 4855 civitate,
2861 4804 2893 4842 a
2920 4789 3030 4845 viro
3048 4808 3208 4865 usque
3232 4796 3301 4850 ad
3327 4800 3630 4869 mulierem,

330 4878 492 4941 atque
520 4880 834 4928 contumax.
867 4870 923 4927 lu
969 4871 1397 4930 Deuteronomio
1439 4874 1570 4931 dicit
1618 4875 1832 4946 Moyses
1853 4873 1879 4913 ἀ
1908 4894 1920 4930 :
2023 4893 2055 4929 a
2065 4879 2257 4948 juvene
2276 4893 2435 4942 usque
2460 4877 2528 4931 ad
2549 4890 2799 4946 senem,et
2821 4898 2981 4954 usque
3004 4886 3074 4940 ad
3092 4888 3548 4965 vitulumgetusque
3564 4897 3633 4950 ad

404 5087 432 5117 ι
457 5080 798 5152 Speculantes
821 5125 836 5148 ,
883 5082 961 5136 uti
1001 5081 1054 5135 in
1085 5080 1282 5152 θνρεοοί
1320 5082 1681 5152 ᾳκοπεύοντις.
1727 5078 1933 5135 Sabba-

331 5150 519 5225 tierius
547 5153 971 5225 legitspeculans
999 5169 1064 5208 ex
1092 5151 1222 5207 edit.
1257 5151 1396 5225 Bibl.

402 5222 430 5261 ι’
459 5223 533 5306 Ita
554 5222 732 5306 Graec.
752 5226 1143 5306 προσεκύνησεν
1161 5240 1173 5286 ;
1190 5223 1410 5306 cum-Sa
1421 5223 1568 5306 b‘bat.
1583 5222 1727 5306 legat
1747 5223 1931 5306 adora-

326 5296 400 5349 uit
424 5310 491 5367 ex
522 5295 667 5350 laud.
698 5295 855 5360 edii.,
888 5306 941 5350 et
976 5298 1160 5365 paullo
1188 5295 1412 5350 interius
1436 5296 1573 5367 facie
1600 5297 1669 5349 ad
1699 5297 1880 5367 faciem
1907 5337 1923 5363 ,

326 5367 419 5422 ubi
453 5366 538 5421 hic
557 5368 732 5437 palam
749 5369 801 5422 in
830 5370 1024 5436 palam.

320 5448 339 5471 ι
400 5450 422 5477 ο
449 5438 641 5521 versio
672 5441 905 5507 Antiqua
934 5458 947 5493 :
982 5439 1387 5523 Absceditenvos
1407 5437 1477 5493 de
1502 5438 1671 5492 medio
1702 5454 1921 5509 synago-

323 5526 408 5581 ga:
428 5512 613 5577 istius,
645 5521 692 5565 et
720 5512 1085 5568 consummabo
1116 5528 1202 5566 eos
1231 5512 1407 5565 simul.

397 5580 423 5619 ἀ
462 5581 619 5637 Vers.
650 5582 782 5638 Ant.
837 5583 963 5639 Non
991 5584 1235 5654 dispones
1273 5582 1343 5638 ad
1382 5598 1466 5637 eos
1520 5588 1920 5645 testamentum,

323 5669 488 5724 neque
514 5655 827 5737 miserearis.
865 5698 878 5710 .
911 5698 925 5711 .
964 5696 977 5709 .
1026 5672 1198 5737 neque
1230 5654 1572 5737 matrimoniis
1602 5734 1610 5737 _
1625 5654 1927 5737 jungamini

320 5726 545 5785 cumeis.
567 5724 765 5782 Filiam
791 5739 932 5784 tuam
954 5745 1055 5783 non
1078 5727 1226 5783 dabis
1257 5728 1369 5797 ﬁlio
1398 5730 1530 5799 ejus,
1561 5734 1611 5781 et
1632 5724 1796 5794 ﬁliam
1814 5727 1926 5797 ejus

2033 5095 2135 5134 non
2160 5081 2575 5165 sumesﬁliotuo
2600 5098 2618 5137 :
2649 5082 2917 5142 discedere
2937 5089 3073 5146 enim
3099 5094 3270 5165 faciet.
3306 5136 3317 5149 .
3355 5134 3371 5151 .
3404 5146 3409 5151 .
3445 5099 3631 5157 alienis

2084 5194 2096 5207 .
2131 5191 2145 5206 .
2158 5222 2171 5223 ί
2184 5193 2196 5205 .
2224 5152 2604 5223 indignatione.

2105 5222 2387 5312 fi’l‘OplllS
2425 5224 2511 5312 'ad
2546 5223 2736 5312 graec.
2769 5228 3034 5293 ἐλεήσητε.
3079 5234 3291 5293 Caetera
3331 5238 3626 5312 singularia

2028 5294 2082 5349 in
2114 5293 2213 5349 hac
2244 5312 2392 5351 vers.
2425 5296 2604 5352 Lucil’.

2105 5364 2124 5403 τ
2174 5366 2325 5422 Vers.
2362 5371 2491 5424 Ant.
2526 5372 2790 5426 meretrix.

2100 5446 2127 5484 ε
2166 5437 2362 5521 lintea,
2396 5452 2693 5521 exsecratur
2720 5441 2995 5521 Dominus.
3020 5443 3246 5504 Necesse
3273 5461 3369 5521 est,
3398 5462 3496 5509 etc.
3529 5472 3629 5515 uos

2025 5522 2146 5563 cum
2175 5509 2386 5567 Latinio
2420 5513 2513 5575 ita,
2542 5522 2596 5567 et
2622 5513 2848 5568 clarius.

2100 5577 2126 5653 1}
2166 5581 2390 5653 §:ibbat.
2418 5583 2569 5653 legit.
2605 5594 2661 5636 ut
2688 5584 2897 5639 tribuat.
2942 5586 3120 5646 Grec.
3164 5591 3359 5653 δοῦναι.

2107 5650 2121 5687 ί
2171 5651 2324 5710 Vers.
2379 5650 2507 5711 Ant'.
2560 5670 2663 5710 non
2717 5657 3001 5725 praeteribis
3045 5664 3109 5718 ab
3142 5650 3376 5727 omnibus
3414 5670 3617 5743 verbis,

2028 5739 2161 5795 quae.
3050 5752 3057 5758 ·
