4148 6186
505 183 604 250 τη

1581 175 1904 246 LUGIFERI
1945 176 2255 248 EPISCOPI
2294 171 2724 250 CALARITANi

3708 177 3808 246 ΥΩ

509 308 930 381 subjunctorium
953 307 1252 362 occiderunt
1280 305 1334 360 in
1359 319 1446 360 ore
1462 304 1624 378 gladii
1645 346 1659 371 ,
1680 314 1729 359 et
1756 305 1956 360 duobus
1963 309 2115 378 juve—
2143 311 2194 370 Α
2222 305 2488 377 PrOpheta
2517 308 2652 362 alius
2684 305 2945 362 habitabat
2982 305 3035 360 in
3063 295 3244 374 Bethel
3265 347 3279 371 ,
3338 314 3385 360 et
3425 314 3670 361 venerunt
3714 306 3814 375 ﬁlii

512 403 663 458 nibus
683 403 770 472 qui
799 401 1194 472 esploraverant
1212 439 1228 467 ,
1261 398 1394 454 dixit
1420 397 1606 453 Hiesus
1635 414 1652 452 :
1677 396 1900 452 Introite
1924 399 1979 452 in
2021 399 2117 452 do-

512 513 652 551 mum
674 494 909 552 mulieris
962 503 1010 548 et
1051 493 1320 563 producite
1363 508 1499 557 eam,
1539 500 1587 546 et
1631 506 1965 561 quascumque
1996 500 2117 544 sunt

508 593 624 662 ejus
642 604 660 641 :
682 596 730 642 et
751 587 1068 641 introierunt
1088 585 1196 639 duo
1207 587 1424 658 juvenes
1448 585 1535 654 qui
1561 584 1947 656 exploraverant
1993 583 2119 635 civi-

509 690 664 736 tatem
695 680 749 734 in
772 679 982 733 domum
1007 677 1260 745 mulieris,
1296 677 1654 748 eleduaterunt
1687 675 1866 730 Rahab
1887 675 2120 730 meretri-

505 789 614 827 cem
633 764 724 835 ,et
747 780 946 841 patrem
964 774 1078 843 ejus
1093 811 1106 836 ,
1131 780 1180 824 et
1201 779 1414 826 matrem
1430 811 1442 834 ,
1466 779 1512 823 et
1525 771 1712 839 fratres
1733 771 1844 841 ejus
1861 809 1876 834 ,
1901 777 1948 821 et
1971 783 2119 837 qutu-

515 881 736 936 cumqtse
776 873 924 920 erant
963 865 1146 928 illius,
1185 872 1233 918 et
1261 880 1464 918 onmem
1488 862 1850 934 cognationem
1875 864 2015 934 ejus,
2069 870 2119 915 et

514 959 844 1015 deduxerunt
870 974 986 1014 eam
1020 960 1162 1028 foras
1211 967 1360 1012 extra
1394 965 1570 1012 castra
1621 954 1822 1020 Israel,
1866 964 1913 1009 et
1941 954 2119 1007 civitas

513 1053 726 1122 incensa
749 1062 822 1108 est
850 1052 958 1125 igni
981 1068 1097 1105 eum
1119 1051 1354 1104 erunibus
1373 1059 1647 1122 quteerant
1672 1050 1723 1103 in
1751 1065 1810 1103 ea
1850 1046 1998 1121 (Jos.
2032 1063 2080 1101 Vl
2102 1090 2116 1113 ,

509 1143 622 1216 30).
635 1144 705 1199 Et
719 1143 887 1212 infra:
910 1143 1055 1198 Raab
1071 1143 1390 1197 meretricem
1403 1152 1450 1196 et
1465 1151 1491 1182 ι
1505 1157 1706 1197 omnem
1726 1141 1935 1195 dontum
1957 1139 2122 1210 patris

510 1236 626 1306 ejus
680 1235 956 1304 viviﬁcavit
1004 1234 1227 1301 Hiesus,
1276 1246 1324 1290 et
1375 1245 1690 1288 commorata
1740 1243 1812 1287 est
1849 1233 1902 1286 in
1951 1230 2122 1286 Israel

515 1343 677 1398 usque
717 1329 774 1382 in
797 1327 1105 1381 hodiernum
1127 1327 1264 1381 diem
1310 1326 1498 1396 (lbid.,
1523 1326 1597 1380 25
1622 1327 1660 1396 ).
1702 1324 1930 1392 Quando
1959 1325 2122 1394 igitur

515 1419 708 1476 videas
757 1434 947 1475 omnes
973 1420 1025 1474 in
1056 1419 1280 1474 civitate
1308 1419 1568 1475 Hiericho
1619 1417 1989 1473 inhabitantes
2025 1431 2122 1472 ore

516 1513 740 1584 punitos
755 1512 950 1583 gladii,
977 1528 1200 1568 ornncm
1227 1512 1508 1567 incensam
1533 1509 2124 1582 civilatem,qnomudo

518 1608 721 1679 putasti
754 1622 854 1664 nos
883 1608 1130 1678 potuisse
1151 1615 1332 1662 tecum
1361 1607 1657 1662 convenire
1683 1619 1807 1660 cum
1839 1604 2117 1671 haeretica,

2217 401 2332 472 ejus
2351 440 2365 464 ,
2392 408 2439 452 et
2471 400 2834 454 nuntiaverunt
2854 398 2901 453 ei
2927 398 3104 453 omnia
3123 413 3282 465 opera
3307 413 3421 464 qua:
3441 398 3630 467 fecerat
3661 399 3814 453 hoato

2217 489 2320 546 Dei
2349 490 2547 545 dieillo
2573 491 2631 544 in
2650 489 2833 544 Bethel
2853 531 2867 557 ,
2890 499 2938 544 et
2966 489 3114 545 verba
3139 506 3252 559 qua:
3273 491 3476 556 locutus
3506 501 3579 548 est
3599 491 3736 560 regi,
3765 499 3816 544 et

2218 593 2508 637 averterunt
2537 582 2722 652 faciem
2744 583 2908 654 patris
2921 583 3006 636 sui
3023 624 3038 649 ,
3063 591 3111 638 et
3132 583 3334 637 locutus
3364 592 3438 637 est
3464 583 3535 650 ad
3560 598 3647 637 eos
3674 591 3819 653 pater

2219 693 2396 731 eorum
2436 677 2611 731 dicens
2644 693 2662 730 :
2713 676 2830 746 Qua
2873 677 2955 732 via
3001 677 3130 732 abiit
3157 677 3184 730 Ρ
3230 676 3301 742 Et
3332 677 3818 746 demonstraverunt

2219 769 2318 838 ﬁlii
2349 773 2464 843 ejus
2493 771 2628 824 riam
2661 787 2751 836 per
2769 786 2927 841 quam
2955 771 3083 824 ierat
3111 770 3264 824 homo
3299 769 3394 824 Dei
3422 772 3510 844 qui
3535 781 3820 826 veneratea:

2218 859 2250 914 J
2259 860 2392 926 uda,
2415 869 2463 916 et
2489 861 2621 916 dixit
2649 861 2772 930 ﬁliis
2794 862 2902 916 suis
2927 877 2947 916 :
2965 861 3191 918 Sternite
3213 861 3340 928 mihi
3356 864 3589 928 asinam;
3618 874 3664 918 et
3687 873 3824 918 stra-

2219 965 2402 1009 verunt
2421 955 2470 1010 ei
2489 997 2504 1022 ,
2533 965 2581 1009 et
2610 956 2846 1024 ascendit
2871 972 3027 1028 super
3053 956 3201 1011 illam
3223 999 3237 1021 ,
3292 966 3340 1010 et
3367 957 3491 1022 abiit
3512 967 3626 1038 post
3654 955 3826 1011 homi-

2221 1062 2336 1100 nem
2370 1046 2494 1112 Dei,
2519 1057 2566 1101 et
2588 1048 2780 1102 invenit
2805 1064 2922 1102 eum
2952 1047 3209 1103 sedentem
3246 1049 3340 1102 sub
3363 1048 3544 1110 arbore
3570 1050 3706 1104 ilicis
3725 1091 3740 1116 ,
3773 1058 3826 1103 et

2222 1139 2354 1193 dixit
2374 1141 2418 1193 ei
2451 1156 2470 1194 :
2494 1140 2556 1194 Si
2582 1149 2634 1193 tu
2662 1156 2714 1194 es
2737 1141 2888 1195 homo
2922 1141 3016 1195 Dei
3040 1142 3128 1216 qui
3149 1143 3332 1210 venisti
3359 1158 3421 1196 ex
3439 1139 3617 1206 Iuda?
3660 1152 3708 1197 et
3735 1143 3827 1196 di-

2221 1233 2296 1287 xit
2319 1249 2337 1286 :
2370 1231 2482 1304 Ego
2507 1249 2641 1287 sum.
2670 1232 2740 1286 Et
2768 1233 2897 1288 dixit
2926 1235 3006 1304 ei:
3044 1233 3174 1289 Veni
3193 1251 3392 1288 mecum
3415 1277 3428 1301 ,
3471 1248 3518 1291 et
3565 1236 3828 1290 manduca

2223 1341 2445 1396 partem;
2488 1335 2533 1378 et
2569 1325 2702 1379 dixit
2727 1342 2746 1379 :
2795 1325 2918 1380 Non
2951 1343 3162 1396 possum
3188 1327 3370 1396 reverti
3416 1337 3612 1394 tecum,
3662 1345 3826 1406 neque

2227 1416 2541 1470 manducare
2563 1432 2784 1485 panem,
2827 1432 2990 1487 neque
3013 1417 3181 1472 bibere
3207 1435 3399 1486 aquam
3439 1419 3492 1472 in
3521 1418 3620 1482 hoc
3667 1419 3782 1480 loco
3810 1462 3826 1488 ,

2223 1512 2468 1582 quoniam
2493 1512 2566 1566 sic
2588 1513 2836 1582 praecepit
2875 1513 3004 1578 mihi
3035 1513 3086 1565 in
3125 1512 3278 1568 verbo
3311 1511 3570 1586 Dominus
3603 1513 3780 1568 dicens
3808 1529 3830 1568 :

2229 1601 2351 1657 Non
2382 1604 2718 1660 manducabis
2765 1620 2950 1675 panem
2989 1605 3089 1670 ibi,
3126 1615 3173 1660 et
3214 1623 3317 1660 non
3345 1605 3482 1662 bibes
3507 1622 3693 1677 aquam
3722 1606 3828 1675 ibi,

518 1702 736 1774 quando
765 1701 984 1773 quidem
1020 1701 1141 1771 plus
1166 1709 1218 1756 te
1245 1709 1405 1771 atque
1439 1709 1562 1755 tuos
1589 1699 1783 1770 dignos
1810 1696 1971 1754 esse”
1991 1712 2120 1754 ana—
2152 1701 2198 1761 Β
2226 1707 2274 1753 et
2298 1715 2401 1752 non
2440 1700 2705 1753 reverteris
2733 1700 2851 1753 inde
2877 1718 2969 1771 per
2989 1702 3123 1756 viam
3144 1716 3297 1780 quam.
3325 1700 3467 1754 ieris.
3509 1699 3577 1766 Et
3605 1699 3733 1753 dixit
3760 1698 3834 1752 ad

517 1798 703 1855 thema
734 1838 748 1862 ,
779 1813 942 1868 quam
971 1795 1047 1851 illi
1079 1797 1289 1851 fuerant
1311 1785 1771 1857 {adverteremus
1791 1794 1816 1848 τ
1839 1792 2124 1861 Quomodo

518 1902 868 1962 potueramus
925 1905 1049 1944 cum
1085 1887 1567 1958 psetidoepisc0pis
1597 1896 1762 1942 sectae
1794 1894 1901 1941 tua!
1927 1900 2128 1940 conve-

523 1985 644 2039 nire
666 1983 884 2037 Arianis
908 2021 922 2046 ,
955 1981 1174 2050 quando
1201 1980 1387 2034 videas
1416 1978 1622 2034 nullmn
1651 1978 1718 2032 ad
1749 1977 1912 2032 vitam
1942 1989 2125 2031 rescr-

519 2089 702 2133 valnm
749 2077 804 2131 in
848 2077 1106 2141 civitate,
1141 2074 1193 2127 in
1243 2089 1345 2143 qua
1399 2071 1707 2127 idololatras
1747 2069 2120 2136 morabantur,

522 2173 626 2230 nisi
659 2179 864 2225 tantum
894 2167 1048 2222 Raab
1068 2208 1081 2232 ,
1116 2173 1398 2235 prOpterea
1427 2165 1572 2235 quod
1600 2163 1850 2219 crederet
1877 2176 2000 2218 esse
2029 2161 2132 2216 Do-

523 2263 734 2319 minum
764 2268 1012 2315 nostrum
1043 2265 1213 2313 totum
1228 2263 1506 2327 potentem
1533 2273 1548 2323 ;
1605 2255 1971 2310 idololatriam
1999 2267 2132 2308 vero

526 2355 582 2410 in
614 2369 718 2422 qua
745 2350 1057 2408 conlidedat
1083 2349 1319 2420 populus
1371 2349 1424 2406 in
1459 2347 1718 2402 Hiericho
1755 2347 2090 2402 constitutus
2116 2386 2131 2412 ,

523 2447 671 2520 quod
704 2447 896 2501 luisset
921 2459 1112 2500 errore
1143 2443 1360 2498 inventa
1403 2442 1686 2497 humano?
1723 2439 2008 2508 Quomodo
2037 2455 2134 2508 po-

525 2545 806 2593 tueramus
833 2533 1110 2590 vobiscum
1161 2532 1485 2598 convenire,
1535 2531 1751 2602 quando
1779 2531 1834 2585 in
1867 2539 1890 2570 ο
1919 2530 2134 2601 Regno-

525 2647 646 2687 rum
676 2629 839 2686 tertio
863 2627 1126 2699 scriptum
1182 2627 1255 2682 sit
1302 2626 1482 2692 libro,
1535 2639 1638 2681 nec
1689 2625 1882 2680 domos
1925 2633 2136 2680 vestras

528 2739 656 2781 esse
679 2721 1006 2788 calcandas,
1041 2735 1144 2776 nec
1162 2719 1318 2776 cibos
1348 2719 1630 2775 vobiscum
1657 2716 1955 2773 sumendos
1975 2757 1988 2779 ,
2031 2731 2132 2770 ne-

523 2834 633 2888 que
660 2833 858 2888 aquam
888 2815 1259 2887 accipiendam
1287 2830 1317 2869 a
1347 2815 1499 2870 vobis
1519 2814 1546 2867 ‘l‘
1565 2813 1693 2869 Haec
1719 2813 1791 2867 ita
1815 2827 1937 2868 esse
1961 2810 2138 2881 aperit

519 2925 678 2967 sacra
715 2909 998 2979 Scriptura
1032 2926 1046 2962 :
1081 2906 1144 2961 Et
1175 2909 1371 2977 factum
1396 2916 1502 2972 est,
1553 2905 1686 2961 dicit
1707 2905 1778 2960 de
1816 2903 1912 2958 illo
1937 2917 2136 2973 coapo-

524 3011 666 3058 stata
707 3010 830 3065 tuo,
858 2997 886 3036 ‘1
932 2999 1142 3053 verbum
1169 2998 1392 3052 hominis
1423 2996 1521 3052 Dei
1549 2997 1570 3068 (
1597 2995 1666 3051 Ill
1691 2995 1824 3068 Reg.
1855 3011 1954 3051 xm
1974 3037 1989 3062 ,
2022 2994 2090 3066 4)
2121 3011 2133 3048 :

2228 1807 2345 1846 eum
2369 1807 2387 1845 :
2413 1791 2476 1845 Et
2501 1808 2592 1862 ego
2621 1789 2908 1863 Prophetes
2933 1811 3047 1848 sum
3074 1793 3207 1848 sicut
3228 1804 3274 1862 et
3293 1801 3346 1846 tu
3373 1835 3388 1861 ,
3421 1801 3469 1862 et
3497 1792 3722 1864 Angelus
3753 1793 3839 1845 lo-

2228 1896 2376 1939 cutus
2405 1885 2476 1939 es?
2504 1884 2572 1938 ad
2594 1901 2672 1940 me
2689 1887 2741 1939 in
2772 1885 2923 1940 verbo
2951 1884 3167 1940 Domini
3187 1885 3362 1940 dicens
3385 1901 3404 1938 :
3427 1884 3605 1950 Reduc
3628 1901 3743 1939 eum
3763 1884 3840 1939 ad

2229 1989 2278 2034 te
2324 1979 2378 2033 in
2423 1980 2633 2034 domum
2677 1989 2855 2046 tuam,
2917 1989 2964 2034 et
3011 1979 3288 2034 manducet
3343 1996 3528 2050 panem
3569 2022 3583 2047 ,
3613 1990 3660 2034 et
3696 1978 3843 2033 bibat

2227 2089 2433 2138 aquam.
2459 2071 2524 2126 Et
2545 2074 2784 2128 mentitus
2805 2082 2878 2128 est
2902 2073 3004 2141 illi,
3026 2083 3072 2128 et
3090 2074 3294 2142 reduxit
3317 2090 3455 2142 eum,
3477 2083 3526 2128 et
3549 2073 3843 2127 manduca.

2231 2167 2300 2219 vit
2320 2181 2507 2237 panem
2536 2166 2592 2219 in
2612 2167 2764 2220 domo
2793 2168 2906 2239 ejus
2925 2207 2938 2230 ,
2977 2153 3026 2220 et
3046 2164 3172 2220 bibit
3190 2181 3376 2236 aquam
3394 2206 3410 2234 ,
3453 2149 3507 2220 et
3539 2168 3736 2237 factum
3761 2173 3844 2226 est

2233 2257 2530 2312 sedentibus
2556 2257 2663 2312 illis
2688 2259 2756 2311 ad
2785 2274 3011 2312 mensam
3031 2245 3244 2313 verbum
3274 2257 3484 2311 Domini
3503 2257 3574 2310 ad
3610 2257 3847 2328 pseudo-

2233 2350 2538 2424 prophetam
2565 2353 2657 2421 qui
2679 2351 2884 2406 reduxit
2908 2367 3054 2414 eum,
3086 2360 3135 2406 et
3153 2351 3282 2404 dixit
3311 2351 3380 2404 ad
3409 2349 3667 2404 hominem
3698 2349 3796 2406 Dei
3821 2394 3839 2418 ,

2231 2444 2318 2514 qui
2341 2452 2549 2497 venerat
2577 2459 2640 2498 ea:
2657 2441 2800 2497 Iuda
2819 2486 2834 2511 ,
2865 2442 3080 2497 dicens:
3103 2441 3233 2496 IIa'c
3252 2442 3374 2508 dicit
3402 2440 3653 2496 Dominus
3679 2458 3849 2513 prop-

2235 2548 2308 2591 ter
2333 2536 2471 2606 quod
2492 2538 2808 2592 exacerbasti
2839 2536 3045 2591 verbum
3068 2533 3313 2602 Domini,
3363 2544 3410 2590 et
3441 2552 3541 2590 non
3567 2535 3856 2596 custodisti

2236 2641 2550 2702 praeceptum
2576 2632 2715 2703 quod
2743 2631 2986 2703 precepit
3015 2629 3103 2685 tibi
3131 2629 3384 2686 Dominus
3424 2627 3742 2694 Deusktuus,
3788 2639 3850 2683 et

2236 2724 2414 2780 redisti
2436 2733 2483 2778 et
2507 2723 2833 2778 manducasti
2857 2739 3069 2794 panem,
3115 2732 3162 2778 et
3205 2722 3377 2778 bibisti
3403 2739 3591 2794 aquam
3636 2723 3690 2776 in
3738 2721 3850 2792 hoc

2235 2818 2379 2883 loco,
2406 2817 2471 2872 de
2495 2833 2598 2889 quo
2621 2818 2822 2873 locutus
2855 2828 2925 2872 est
2947 2817 3019 2871 ad
3043 2827 3090 2872 te
3111 2817 3323 2873 dicens:
3356 2817 3478 2873 Non
3501 2817 3850 2883 manducabis

2239 2927 2422 2979 panem
2451 2926 2613 2982 neque
2641 2911 2780 2965 bibes
2819 2927 3039 2983 aquam;
3079 2911 3197 2966 ideo
3241 2927 3344 2966 non
3395 2912 3606 2978 intrabit
3650 2927 3850 2982 corpus

2239 3010 2383 3057 tuum
2413 3003 2468 3057 in
2493 3012 2880 3058 monumentum
2903 3011 3110 3073 patrum
3135 3012 3363 3058 tuorum.
3407 3003 3471 3058 Et
3522 3005 3721 3073 factum
3765 3012 3852 3057 est

525 3106 582 3152 et
625 3093 763 3151 inira
798 3111 817 3148 :
847 3091 917 3147 Et
944 3092 1176 3148 extendit
1205 3109 1420 3146 ntanum
1448 3107 1596 3146 suam
1637 3091 1704 3144 ad
1734 3107 1882 3144 aram
1913 3089 2092 3144 dicens
2115 3105 2134 3144 :
2164 3083 2209 3147 C
2240 3105 2507 3166 postquam
2532 3095 2863 3151 manducavit
2885 3113 3067 3167 panem
3096 3106 3144 3150 et
3173 3096 3300 3164 bibit
3329 3113 3544 3168 aquam,
3573 3105 3624 3150 et
3647 3105 3851 3151 strave-

527 3185 920 3259 A-pprelteudite
930 3200 1065 3250 eum,
1091 3193 1140 3238 et
1153 3182 1306 3237 arida
1327 3184 1468 3253 facta
1488 3193 1564 3238 est
1593 3198 1777 3236 ntanus
1801 3181 1957 3254 regis,
1978 3196 2133 3250 quam

527 3279 762 3334 extendit
799 3278 858 3333 in
886 3286 1056 3344 ,eum,
1111 3285 1160 3329 et
1212 3291 1314 3329 non
1344 3275 1512 3346 potuit
1537 3275 1790 3329 reducere
1815 3289 1928 3327 eam
1951 3275 2019 3326 ad
2039 3289 2094 3327 se
2117 3315 2131 3340 ,

527 3383 578 3428 et
609 3383 632 3410 ⁰
663 3372 957 3427 sacrarium
975 3381 1190 3435 ruptum
1226 3379 1332 3433 est,
1355 3379 1404 3424 et
1426 3368 1590 3435 effusa
1621 3379 1696 3423 est
1717 3367 1980 3441 pinguedo
2023 3370 2138 3440 ejus
2169 3368 2171 3371 ’

533 3483 566 3520 a
587 3464 824 3520 sacrario
843 3463 1129 3518 secundum
1146 3463 1285 3533 quod
1310 3461 1444 3516 dixit
1466 3461 1621 3515 homo
1641 3458 1741 3514 Dei
1769 3463 1822 3514 in
1848 3460 1998 3515 verbo
2027 3459 2138 3514 Do-

527 3557 674 3611 mini.
709 3554 777 3608 Et
809 3555 1076 3625 respondit
1107 3570 1199 3608 rea:
1219 3563 1266 3608 et
1297 3553 1432 3607 dixit
1461 3551 1662 3606 homini
1705 3549 1843 3606 Dei:
1875 3549 2023 3621 Roga
2059 3548 2078 3588 ί
2105 3566 2138 3604 a

463 3705 466 3712 ,
531 3648 664 3717 faeie
685 3645 898 3702 Domini
923 3645 1017 3700 Dei
1045 3647 1122 3700 tui
1139 3689 1152 3709 .
1185 3656 1240 3700 ut
1263 3653 1544 3700 revertatur
1575 3661 1760 3700 manus
1791 3661 1904 3698 mea
1934 3644 2004 3697 ad
2032 3661 2134 3699 me.

530 3737 601 3794 Et
627 3739 828 3811 rogavit
852 3741 1004 3794 homo
1057 3736 1157 3793 Dei
1209 3740 1394 3809 {aciem
1439 3737 1682 3805 Domini,
1734 3747 1781 3791 et
1825 3753 2028 3792 reversa
2064 3745 2138 3792 est

533 3851 718 3891 manus
748 3836 886 3908 regis
914 3833 984 3888 ad
1013 3849 1130 3889 eum
1151 3874 1164 3900 ,
1193 3844 1240 3889 et
1269 3836 1412 3905 facta
1439 3842 1517 3887 est
1543 3831 1984 3902 quemadmodum
2032 3832 2142 3900 pri—

531 3943 704 3989 mum.
750 3938 797 3982 et
827 3927 1035 3982 locutus
1075 3935 1152 3981 est
1195 3941 1288 3979 rea:
1329 3927 1397 3978 ad
1457 3926 1713 3980 hominem
1742 3921 1841 3978 Dei
1865 3932 1914 3978 et
1955 3922 2088 3976 dixit
2120 3937 2139 3976 :

534 4018 686 4076 Intra
716 4037 916 4075 mecum
941 4021 996 4074 in
1017 4023 1225 4074 domum
1252 4031 1298 4072 et
1315 4017 1514 4090 prande
1536 4059 1549 4084 ,
1569 4029 1613 4071 et
1635 4019 1766 4072 dabo
1796 4018 1887 4072 tibi
1905 4032 2137 4077 munera.

544 4112 613 4167 Et
636 4114 767 4168 dixit
790 4114 941 4167 homo
968 4112 1065 4167 Dei
1094 4113 1162 4166 ad
1187 4127 1359 4182 regem
1391 4127 1410 4165 :
1458 4110 1570 4166 Nec
1610 4113 1656 4164 si
1692 4110 1821 4165 mihi
1869 4110 2141 4164 dimidiam

540 4205 698 4262 dares
725 4215 750 4256 8
775 4205 984 4260 domum
1009 4215 1150 4259 tuam
1167 4243 1183 4272 ,
1215 4221 1316 4259 non
1339 4204 1542 4258 intrabo
1566 4214 1732 4258 tecum
1756 4251 1770 4275 ,
1804 4220 1898 4258 nec
1923 4203 2142 4258 mandu-

534 4300 663 4355 cabo
688 4314 908 4372 panem,
961 4314 1052 4353 nec
1081 4297 1252 4352 bibam
1280 4314 1470 4368 aquam
1497 4299 1551 4352 in
1588 4295 1686 4352 hoc
1715 4297 1829 4352 loco
1853 4339 1867 4362 ,
1899 4300 2143 4368 quoniam

529 4395 605 4450 sic
633 4394 878 4465 pracepit
905 4391 1032 4446 milii
1054 4389 1312 4446 Dominus
1341 4392 1395 4444 in
1415 4391 1566 4445 verbo
1596 4391 1775 4447 dicens
1803 4406 1821 4446 :
1847 4389 1973 4445 Non
1993 4407 2140 4445 utan-

2235 3197 2358 3243 runt
2377 3189 2422 3242 ei
2442 3190 2645 3244 asinam
2665 3234 2678 3257 ,
2707 3199 2758 3243 et
2786 3205 3013 3244 reversus
3037 3199 3140 3256 est,
3168 3199 3217 3243 et
3242 3189 3369 3244 abiit
3386 3231 3401 3256 ,
3432 3200 3477 3242 et
3504 3189 3698 3243 invenit
3725 3206 3854 3243 eum

2237 3280 2317 3336 leo
2344 3283 2399 3336 in
2429 3285 2544 3350 via,
2571 3293 2620 3337 et
2649 3281 2838 3337 occidit
2867 3299 3011 3350 eum,
3061 3292 3112 3336 et
3141 3293 3251 3337 erat
3277 3298 3464 3352 corpus
3493 3285 3608 3356 ejus
3634 3285 3855 3354 projec-

2237 3373 2422 3426 tumin
2451 3373 2562 3440 via,
2619 3383 2668 3428 et
2719 3373 2870 3427 asina
2897 3374 3065 3428 stabat
3094 3375 3164 3428 ad
3205 3391 3351 3440 eum,
3403 3384 3449 3428 et
3475 3373 3560 3441 leo
3579 3373 3856 3440 stabatad

2237 3479 2426 3532 corpus
2447 3463 2643 3533 ipsius,
2674 3473 2721 3518 et
2742 3473 2988 3520 venerunt
3007 3464 3106 3519 viri
3129 3465 3353 3521 civitatis
3375 3465 3558 3534 illius,
3597 3475 3645 3519 et
3683 3465 3856 3520 locuti

2237 3565 2357 3610 sunt
2386 3557 2441 3610 in
2469 3557 2673 3612 civitate
2696 3558 2781 3612 ubi
2813 3559 3088 3629 praphetes
3115 3559 3288 3614 senior
3324 3558 3589 3614 habitabat
3616 3559 3670 3613 in
3699 3559 3802 3612 illa
3831 3600 3850 3626 ,

2238 3657 2424 3702 etcum
2451 3650 2714 3704 audissent
2735 3650 2822 3721 qui
2847 3650 3163 3706 reduxerant
3177 3667 3294 3706 eum
3325 3653 3387 3704 de
3412 3653 3518 3717 via,
3544 3651 3681 3707 dixit
3699 3667 3717 3704 :
3736 3650 3854 3712 Hic

2237 3755 2311 3798 est
2341 3746 2495 3798 homo
2524 3743 2621 3800 Dei
2641 3745 2729 3815 qui
2759 3747 3081 3801 exacerbavit
3108 3751 3316 3802 verbum
3340 3747 3589 3816 Domini;
3618 3758 3664 3803 et
3692 3748 3852 3815 abiit,
3955 3733 3958 3738 I

2239 3846 2286 3892 et
2311 3839 2502 3894 invenit
2521 3855 2708 3911 corpus
2723 3843 2836 3913 ejus
2863 3844 3149 3913 projectum
3178 3839 3233 3894 in
3257 3841 3338 3894 via
3361 3856 3380 3895 :
3409 3851 3456 3894 et
3485 3841 3657 3908 asina,
3691 3850 3738 3894 et
3760 3841 3856 3895 leo

2238 3931 2402 3986 stabat
2433 3947 2590 4000 super
2611 3947 2799 4001 corpus
2827 3935 2972 4006 ejus,
3002 3942 3050 3986 et
3071 3933 3150 3988 leo
3177 3949 3284 3986 non
3305 3934 3409 3986 edit
3436 3949 3624 4005 corpus
3653 3931 3804 3987 illius
3832 3974 3856 4002 ,

2241 4041 2402 4094 neque
2421 4025 2636 4080 insilivit
2662 4027 2717 4080 in
2746 4027 2947 4080 asinam
2983 4025 3147 4098 (Ibid.
3172 4025 3294 4098 10).
3328 4027 3386 4083 Si
3412 4027 3488 4082 illi
3514 4030 3618 4090 hoc
3640 4043 3856 4098 reptat-

2238 4123 2513 4172 sentatum
2561 4125 2680 4184 est,
2725 4113 2752 4152 ίι
2809 4133 2910 4173 cur
2935 4117 3316 4175 manducasse!
3350 4133 3542 4189 panem
3571 4128 3627 4176 et
3654 4101 3852 4194 potum

2239 4209 2566 4279 sumpsisset
2604 4224 2757 4280 aqua:
2785 4211 2837 4265 in
2863 4212 2986 4267 loco
3012 4210 3241 4282 profano
3263 4212 3404 4282 apud
3432 4195 3682 4268 homines
3709 4213 3849 4268 alie-

2241 4299 2486 4372 nigenas,
2515 4301 2644 4372 quid
2675 4301 2831 4358 nobis
2861 4292 3320 4373 reprzesentatum‘
3377 4303 3574 4360 luisset
3598 4344 3613 4370 ,
3666 4304 3714 4359 si
3762 4313 3850 4360 te—

2242 4409 2388 4461 cum,
2423 4412 2583 4467 quem
2615 4397 2818 4452 scimus
2863 4397 3180 4455 haereticum
3209 4439 3223 4465 ,
3251 4414 3413 4470 quem
3447 4399 3694 4468 novimus
3719 4413 3852 4454 esse

532 4490 746 4546 dacabis
773 4505 959 4558 panem
989 4497 1037 4542 et
1064 4503 1168 4542 non
1201 4486 1338 4542 bibes
1364 4503 1582 4559 aquam,
1639 4497 1688 4541 et
1738 4503 1842 4541 non
1867 4487 2134 4542 reverteris
2159 4476 2218 4537 Β
2238 4495 2552 4557 negatorem
2577 4488 2720 4542 unici
2747 4487 2874 4544 Filii
2902 4488 3022 4557 Dei,
3051 4498 3108 4545 ut
3137 4489 3853 4561 desiderabas,copulasse-

532 4585 590 4639 in
627 4586 711 4640 via
745 4601 848 4654 qua
892 4583 991 4638 ibis
1035 4583 1094 4637 iis
1145 4599 1208 4636 ea
1239 4581 1425 4654 (Ibid.
1451 4582 1492 4654 ).
1519 4580 1807 4651 Quomodo
1854 4582 2134 4637 vobiscum

535 4688 895 4748 potueramus
914 4678 1211 4733 convenire
1250 4676 1316 4731 ad
1363 4677 1529 4731 Deum
1576 4674 1966 4732 adorandum?
2011 4691 2134 4732 cum

536 4770 642 4826 iste
668 4769 831 4824 homo
861 4770 956 4825 Dei
985 4769 1078 4841 qui
1125 4786 1153 4821 a
1203 4769 1312 4824 Deo
1355 4767 1751 4838 objurgandum
1809 4767 2134 4825 Hieroboam

537 4877 722 4934 regem
752 4861 930 4917 luerat
974 4862 1208 4926 missus,
1235 4859 1495 4931 quoniam
1539 4875 1636 4931 per
1665 4861 1816 4917 illum
1838 4863 1928 4932 qui
1959 4863 2138 4919 dictus

537 4964 623 5010 est
666 4955 972 5024 PrOpheta,
1033 4953 1480 5023 circumscriptus
1538 4953 1743 5021 fuerit,
1793 4964 1899 5010 tam
1957 4955 2138 5026 gravis

535 5048 679 5104 circa
705 5047 856 5102 illum
885 5044 1124 5102 vindicta
1149 5045 1501 5116 processerit.
1534 5045 1600 5103 Et
1629 5048 1758 5103 abiis
1780 5089 1794 5112 ,
1822 5048 1995 5119 inquit
2017 5056 2144 5119 post

539 5141 659 5196 lucc
683 5140 964 5209 Scriptura
992 5140 1060 5194 de
1086 5139 1183 5194 illo
1208 5138 1429 5212 homine
1451 5139 1582 5206 Dei,
1604 5158 1696 5211 per
1722 5142 1881 5196 aliam
1905 5143 2040 5198 viam
2058 5183 2073 5208 ,
2093 5151 2140 5197 et

538 5254 640 5292 non
690 5245 766 5290 est
803 5251 1041 5290 reversus
1070 5252 1160 5306 per
1187 5236 1320 5289 viam
1343 5251 1444 5307 qua
1472 5245 1676 5292 venerat
1720 5240 1773 5290 in
1820 5235 2038 5304 Bethel,
2090 5247 2141 5294 et

607 5384 632 5411 ε
657 5373 814 5429 Vers.
850 5373 976 5428 Ant.
1019 5382 1069 5427 et
1132 5371 1358 5442 ιιοηηιηιΔ
1398 5381 1669 5438 paternam
1710 5370 1858 5442 ejus,
1913 5370 2133 5432 Lucifer

537 5460 659 5500 cum
691 5445 866 5500 Graae.
901 5447 985 5499 καί
1010 5445 1184 5514 πάντα
1199 5445 1283 5500 τὸν
1311 5435 1464 5514 aliter.

608 5515 633 5552 ι)
664 5515 768 5569 Pro
796 5517 1144 5570 anathemate.
1173 5513 1369 5570 Tilius.

612 5594 634 5660 οῖ
669 5583 725 5660 id
745 5585 1059 5657 est-Regum
1077 5626 1092 5651 ,
1113 5585 1192 5640 uti
1215 5573 1458 5660 etiamin
1484 5585 1580 5658 lib.
1607 5601 1626 5644 ι
1655 5599 1757 5658 pro
1778 5583 1836 5656 Β.
1861 5586 2125 5656 Athanas.

542 5649 869 5707 notabimus.

609 5715 634 5753 ιι
677 5717 734 5771 In
761 5719 856 5775 lib.
885 5721 954 5778 de
977 5725 1111 5794 Reg.
1143 5724 1337 5794 Apost.
1363 5724 1498 5798 legit
1517 5765 1533 5796 ,
1559 5735 1614 5782 ut
1629 5726 1826 5784 audivit
1848 5725 2018 5785 verba.

2242 4597 2361 4636 mns
2391 4581 2698 4638 amicitias?
2722 4583 2768 4638 si
2799 4583 3083 4639 vobiscum
3117 4583 3336 4652 Arianis
3366 4599 3583 4657 precem
3611 4582 3852 4640 fudisse-

2238 4676 2396 4730 mus?
2420 4674 2464 4730 si
2494 4675 2734 4746 denique
2764 4691 2953 4748 passos
2995 4690 3098 4746 nos
3128 4675 3452 4746 fuissemus,
3476 4674 3658 4746 omnia
3678 4717 3693 4741 ,
3722 4691 3852 4745 qua:

2235 4768 2578 4825 celebramus
2604 4767 2823 4826 Domini
2853 4769 3168 4827 sacerdotes
3193 4813 3216 4842 ι
3245 4785 3370 4840 (ξυνίῃ
3419 4768 3848 4841 pseudoepisco-

2236 4865 2316 4934 pis
2353 4863 2572 4922 Arianis
2613 4867 2720 4920 tuis
2746 4864 3069 4921 celebrare?
3111 4865 3327 4920 Interea
3360 4852 3440 4920 sic
3482 4875 3535 4920 te
3579 4863 3747 4918 fuisse
3773 4861 3849 4917 ad

2237 4973 2339 5013 nos
2383 4957 2919 5015 circumscribendos
2967 4959 3273 5015 immissum
3297 5001 3311 5027 ,
3345 4967 3403 5014 ut
3443 4957 3510 5014 ad
3560 4957 3713 5013 illum
3743 4955 3846 5011 Dei

2238 5051 2520 5106 hominem
2546 5049 2717 5106 fuerit
2737 5051 2829 5106 ille
2858 5050 3382 5123 pseudoprophetes,
3399 5050 3570 5106 debes
3589 5055 3846 5120 repetens

2235 5155 2387 5200 actus
2429 5152 2552 5209 tuos
2600 5159 2932 5216 cognoscere
2977 5145 3390 5223 amarissimam
3429 5153 3496 5213 ut
3539 5145 3688 5216 enim
3745 5141 3844 5210 ille

2241 5251 2364 5296 cum
2412 5235 2607 5292 fuisset
2657 5235 3138 5310 pseudoprOpheta
3166 5280 3182 5307 ,
3235 5239 3564 5313 prophetam
3609 5253 3672 5300 ab
3713 5249 3847 5302 esse

2315 5382 2339 5410 θ
2371 5370 2452 5428 Ib.
2476 5371 2676 5444 legitur
2705 5373 2958 5444 sacriﬁci.
3027 5413 3044 5442 ς

2316 5441 2336 5482 ί
2371 5441 2604 5498 Faciem.
2631 5439 2810 5499 Latin.
2841 5390 3044 5503 uti“?

2316 5441 2336 5482 ί
2371 5439 2604 5498 Facient.
2631 5439 2810 5499 Latin.
2841 5439 2972 5512 utin
2995 5439 3096 5506 lib.
3143 5444 3214 5503 de
3253 5445 3388 5522 Reg.
3430 5448 3632 5520 Apost.
3655 5446 3837 5510 Graec.

2237 5513 2438 5646 δεήθἘ-ι.
2458 5521 2548 5578 ταῦ
2576 5518 2886 5599 προσώπου,
3600 5593 3611 5605 .

2311 5599 2335 5637 s
2415 5604 2485 5646 rs.
2511 5586 2692 5644 Latin.
2720 5579 2920 5646 Dares.
2956 5588 3113 5646 Vera.
3157 5589 3286 5646 Ant.
3317 5606 3448 5646 cum
3477 5591 3657 5646 Lucil.

2311 5579 2485 5658 spes.
2511 5579 2692 5656 Latin.
2720 5579 2920 5657 Dares,
2956 5588 3113 5660 Vera.
3157 5589 3286 5647 Ant.
3317 5606 3448 5660 cum
3477 5591 3657 5662 Lucil.

2305 5657 2332 5696 ιι
2359 5649 2464 5718 Pro
2483 5659 2606 5718 quia
2622 5698 2637 5718 .
2669 5665 2736 5718 ut.
2751 5674 2898 5718 seem
2916 5659 3076 5718 alibi.

2483 5660 2606 5732 quia
2622 5698 2637 5728 ,
2669 5665 2898 5734 autem
2916 5660 3079 5742 alihiq
