4148 6186
484 187 593 244 ’175

1550 183 1872 244 LUCIFERI
1916 178 2232 242 EPISCOPI
2271 173 2691 236 CALARITANI

3674 172 3784 233 776

485 300 618 356 lium
651 301 699 354 in
729 313 836 370 quo
863 313 1025 356 omne
1053 298 1338 355 consilium
1369 312 1476 354 non
1501 309 1605 365 est,
1638 301 1740 356 nisi
1773 311 1830 355 ut
1864 301 1955 355 Dei
1982 315 2080 356 ne-
2111 306 2159 364 Α
2188 295 2496 360 destructa,
2547 293 2810 349 aediﬁcata
2860 308 2992 349 vero
3055 293 3248 349 fuisset
3305 294 3504 349 Ariana
3555 292 3784 348 bzeresis

485 402 644 463 getur
674 393 865 455 Filius,
910 403 970 446 ut
1015 391 1156 447 Deus
1196 400 1352 462 pater
1396 407 1503 446 non
1553 406 1675 448 esse
1720 408 1880 447 verus
1933 402 2084 461 pater

485 486 830 550 defendatur,
863 494 922 540 ut
951 485 1187 553 Spiritus
1212 493 1432 541 sanctus
1465 486 1774 555 paraclctus
1819 499 1922 540 non
1965 499 2086 539 ess-3

488 591 648 631 verus
682 575 775 631 Dei
799 576 1022 646 spiritus
1048 585 1412 643 asseveretur,
1441 586 1498 630 ut
1519 577 1815 646 apostolica
1839 585 1895 631 et
1920 592 2087 630 cvan-

489 670 662 740 gelica
694 669 912 725 traditio
956 670 1288 735 destruatur,
1322 680 1381 724 Ill.
1411 669 1633 725 traditio
1661 669 1776 726 Arii
1803 669 2086 724 ﬁrmetur?

490 761 544 818 in
574 778 682 834 quo
710 762 944 818 concilio
974 762 1106 817 nihil
1147 762 1292 816 aliud
1344 761 1624 828 ﬁrmatur,
1653 760 1760 816 nisi
1789 761 1931 830 quod
1973 776 2088 815 om.

488 855 650 911 nibus
682 854 957 910 haereticis
1000 863 1055 910 et
1086 853 1319 911 ethnicis
1349 863 1513 924 atque
1559 852 1762 908 Iudaeis
1795 854 1966 922 possit
1999 853 2090 907 la:-

490 950 663 1006 titiam
715 951 1039 1020 conquirere
1108 952 1397 1022 magnam?
1447 950 1703 1005 Gaudent
1766 951 1945 1006 cuncti
1994 951 2090 1006 Dei

489 1044 772 1115 religionis
799 1053 1200 1112 exsecratores,
1233 1044 1376 1114 quod
1407 1046 1554 1100 enim
1586 1054 1638 1099 te
1667 1043 1886 1100 videant
1913 1046 2090 1115 impe-

491 1146 731 1195 ratorem
780 1138 890 1193 voti
941 1137 1026 1192 sui
1076 1154 1190 1193 rem
1241 1148 1661 1208 exsequentem,
1691 1141 1832 1210 quod
1862 1141 2006 1194 enim
2042 1148 2093 1193 te

493 1229 773 1284 exstitisse
825 1229 969 1284 unici
1001 1229 1126 1283 Filii
1153 1229 1250 1283 Dei
1282 1239 1627 1299 negatorem,
1661 1239 1717 1285 et
1761 1230 1879 1300 ejus
1908 1245 2094 1285 servo-

492 1338 613 1378 rum
646 1321 936 1377 advertant
965 1332 1370 1392 persecutorem
1406 1338 1419 1387 ;
1458 1322 1558 1376 hoc
1607 1332 1690 1377 est
1715 1331 1739 1358 α
1769 1322 2091 1386 concilium,

490 1416 637 1488 quod
671 1431 1000 1487 magnopere
1028 1416 1283 1471 omnibus
1313 1415 1520 1470 viribus
1551 1415 1764 1484 imperii
1800 1416 1874 1480 tui
1905 1415 2098 1470 solitus

492 1524 552 1565 cs
584 1508 846 1575 adunare,
876 1508 942 1564 ad
975 1509 1078 1564 hoc
1103 1507 1291 1577 utique
1320 1517 1379 1562 ut
1404 1508 1586 1564 omnis
1613 1508 1917 1563 auctoritas
1948 1507 2099 1562 Scri-

496 1609 779 1673 pturarum
811 1617 1090 1657 sacrarum
1119 1601 1195 1655 tui
1226 1600 1438 1671 imperii
1470 1601 1792 1655 auctoritate
1819 1601 2061 1654 solvatur
2082 1640 2096 1667 ,

2187 397 2367 442 vestra
2389 428 2404 454 ,
2438 387 2542 441 nisi
2574 396 2630 441 ut
2659 401 2852 442 omnes
2903 386 2998 441 tibi
3031 403 3137 441 non
3193 388 3605 457 acquiescentes
3647 385 3784 439 fuis-

2185 491 2309 536 sent
2354 481 2657 550 deportati,
2699 482 3020 550 proscripti,
3069 481 3219 536 varie
3265 480 3681 547 excarniﬁcati,
3713 478 3782 533 ad

2189 575 2436 629 ultimum
2469 575 2782 630 interfecti?
2807 585 2863 630 et
2894 575 3102 630 idcirco
3129 576 3367 646 Spiritus
3395 585 3615 630 sanctus
3639 585 3690 629 te
3723 590 3788 630 ac

2190 680 2310 724 tuos
2340 669 2630 738 designans
2657 669 2859 739 pariter
2883 683 2947 724 ac
2977 657 3285 739 percutiens
3315 667 3446 722 dicit
3468 684 3532 723 ex
3558 681 3788 737 persona

2192 762 2373 833 populi
2405 762 2577 816 nostri
2610 782 2622 818 :
2656 763 2782 816 Cum
2813 763 3140 831 operantibus
3168 763 3488 832 iniquitatem
3511 779 3576 816 ne
3604 761 3791 830 perdas

2193 871 2292 920 me,
2309 870 2422 914 cum
2442 853 2519 906 Itis
2545 855 2630 922 qui
2647 854 2925 919 loquuntur
2944 869 3123 922 pacem
3139 869 3254 907 cum
3273 854 3509 922 proximo
3522 869 3635 919 suo,
3654 855 3794 906 mala

2193 959 2359 1002 autem
2385 957 2501 1001 sunt
2531 948 2584 1000 in
2609 948 2764 1002 corde
2794 965 2968 1002 eorum
3015 946 3181 1019 (Ibid.
3216 947 3292 1017 5).
3328 946 3494 1002 Nobis
3533 946 3792 1002 dicebas:

2196 1040 2390 1095 Pacem
2411 1042 2524 1094 volo
2551 1041 2664 1109 ﬁeri
2685 1051 2788 1105 ,"et
2836 1042 2886 1094 in
2935 1041 3099 1095 corde
3144 1049 3239 1094 tuo
3271 1055 3496 1095 manens
3533 1040 3797 1094 advertun-

2195 1135 2310 1189 rius
2338 1133 2619 1204 religionis
2665 1143 2867 1188 nostrre
2909 1133 3183 1204 cogitabat
3230 1147 3329 1202 per
3377 1141 3430 1186 te
3461 1133 3638 1187 facere
3688 1147 3797 1186 nos

2196 1226 2517 1281 idololatras
2549 1242 2561 1278 :
2595 1225 2738 1280 unde
2765 1235 2819 1281 et
2846 1241 2976 1281 vere
3003 1234 3319 1294 recepturus
3350 1225 3458 1279 eris
3495 1223 3796 1278 secundum

2197 1334 2420 1390 operam
2456 1329 2622 1384 tuam,
2650 1319 2946 1375 secundum
2998 1318 3294 1389 nequitiam
3327 1319 3632 1374 studiorum
3673 1333 3800 1373 ves-

2203 1427 2432 1478 trorum,
2462 1414 2564 1468 nisi
2599 1413 2693 1468 tibi
2725 1413 2916 1469 feceris
2942 1427 3062 1468 esse
3089 1421 3456 1483 prospectum.
3496 1411 3800 1466 Vitavimus

2201 1524 2264 1563 ac
2292 1522 2479 1563 sumus
2509 1508 2741 1562 vitantes
2771 1506 3057 1563 consilium
3108 1514 3380 1573 vestrum,
3424 1505 3566 1576 quod
3612 1514 3800 1560 contra

2207 1602 2375 1658 Deum
2404 1601 2620 1669 factum
2674 1611 2757 1656 est
2801 1616 2865 1656 ac
2918 1602 3006 1665 ﬁt;
3038 1615 3266 1669 quorum
3298 1609 3428 1653 tunc
3455 1598 3563 1668 jam
3611 1597 3802 1652 videns

494 1703 553 1750 ut
579 1696 760 1750 omnis
807 1695 1027 1765 sepeliri
1087 1695 1258 1765 possit
1285 1695 1509 1760 veritas,
1545 1705 1602 1750 ut
1630 1694 1910 1750 mendacia
1943 1694 2090 1749 dete-
2123 1707 2168 1767 Β
2200 1695 2580 1751 meditationes
2627 1693 2859 1764 Spiritus
2911 1701 3130 1748 sanctus
3160 1692 3364 1747 dixerit
3413 1706 3509 1747 ore
3552 1691 3717 1745 David
3746 1691 3800 1744 in

498 1789 706 1845 stands:
729 1787 1212 1844 commentationis
1256 1796 1454 1843 vestra:
1505 1793 1678 1857 possit
1728 1787 1898 1842 videri
1945 1801 2093 1842 vera.

498 1881 628 1937 Haec
656 1891 780 1937 sunt
827 1881 1198 1938 meditationis
1244 1890 1442 1937 vestrae
1492 1881 1543 1935 in
1578 1882 1669 1936 illo
1696 1879 1916 1950 egregio
1963 1894 2097 1934 con-

499 1975 628 2030 cilio
660 1991 757 2045 per
807 1985 955 2030 tuam
1003 1974 1243 2030 adunato
1293 1974 1611 2045 potentiam.
1645 1975 1940 2042 Propterea
1979 1972 2098 2027 odis

498 2084 636 2132 nos,
669 2070 794 2138 quia
843 2069 1136 2124 concilium
1189 2078 1433 2123 vestrum
1482 2067 1890 2137 malignantium
1937 2081 2098 2120 exse-

499 2175 740 2226 crcmur,
771 2169 1060 2230 propterea
1091 2157 1117 2196 b
1153 2159 1207 2212 in
1240 2158 1435 2213 exsilio
1483 2172 1692 2222 sumus,
1725 2167 2013 2228 prOpterca
2046 2157 2096 2209 in

497 2267 720 2309 carcere
749 2267 1037 2317 necamur,
1071 2261 1357 2321 propterea
1403 2251 1558 2306 nobis
1599 2251 1730 2305 solis
1780 2249 2101 2320 prohibetur

493 2354 851 2413 conspectus;
886 2343 1092 2399 idcirco
1143 2343 1345 2398 reclusi
1378 2343 1430 2397 in
1476 2343 1734 2398 tenebras
1763 2342 2102 2396 custodimur

498 2438 705 2510 ingenti
736 2436 1006 2494 custodia.
1045 2436 1219 2507 Hujus
1251 2435 1330 2490 rei
1383 2450 1547 2490 causa
1583 2436 1764 2490 nullus
1796 2435 1861 2489 ad
1893 2450 1991 2489 nos
2022 2436 2103 2489 vi-

497 2530 700 2587 sendos
717 2529 1022 2585 admittitur
1037 2529 1341 2594 hominum,
1361 2530 1483 2598 quia
1503 2528 1756 2583 videlicet
1771 2529 2101 2583 noluerimus

498 2622 778 2679 vobiscum
802 2621 982 2692 impiis
1008 2621 1287 2690 sacrilegis
1311 2621 1472 2674 ullam
1488 2620 1754 2675 scelerum
1796 2629 2099 2674 vestrorum

499 2714 702 2772 habere
719 2715 1132 2783 societatem,de
1145 2715 1338 2785 quibus
1360 2731 1425 2770 ex
1441 2723 1620 2769 nostra
1640 2729 1872 2786 persona
1893 2714 2100 2770 directa

497 2820 580 2866 est
599 2810 910 2866 obsecratio
925 2811 990 2864 ad
1013 2810 1204 2875 Deum,
1225 2825 1293 2863 ne
1315 2808 1527 2864 scilicet
1551 2808 1824 2863 vobiscum
1843 2808 2102 2878 degentes

496 2900 660 2955 simul
711 2901 1037 2971 periremus,
1070 2900 1166 2956 sed
1219 2899 1510 2955 fuissemus
1532 2899 1799 2970 segregati
1825 2899 1892 2954 de
1919 2909 2104 2955 vestro

498 2993 706 3049 nefario
729 2994 982 3060 concilio,
1012 2993 1079 3047 de
1106 3001 1282 3048 vestra
1325 2993 1506 3063 iniqua
1552 2993 1976 3061 conspiratione.
2012 2992 2105 3047 Ait

2204 1790 2480 1860 trigesimo
2511 1788 2750 1843 secundo
2781 1788 2994 1842 Psalmo
3031 1807 3042 1841 :
3073 1787 3325 1841 Dominus
3361 1787 3631 1857 dissipavit
3673 1802 3803 1838 con-

2201 1885 2322 1938 silia
2354 1883 2604 1954 gentium,
2633 1882 2874 1950 reprobat
2904 1891 3074 1936 autem
3107 1880 3438 1948 cogitationes
3470 1878 3801 1950 papulorum,

2203 1989 2248 2030 et
2278 1976 2519 2044 reprobat
2551 1976 2768 2029 consilia
2799 1975 3092 2044 principum
3115 1971 3288 2041 (Psal.
3317 1987 3486 2037 χχιιι,
3524 1970 3634 2039 l0).
3663 1969 3807 2024 Con-

2203 2069 2322 2124 silia
2357 2083 2492 2124 vero
2519 2079 2700 2123 vestra
2751 2077 2936 2121 contra
2967 2081 3119 2120 suam
3151 2065 3359 2136 prolata
3401 2064 3687 2119 ecclesiam
3717 2079 3805 2117 rc-

2206 2163 2398 2234 probat
2429 2163 2574 2218 Deus
2609 2181 2620 2215 :
2654 2177 2752 2217 nec
2779 2161 2923 2216 enim
2951 2169 3130 2231 potest
3159 2159 3314 2214 odire
3343 2159 3598 2229 papulum
3623 2174 3806 2222 suum,

2210 2257 2583 2312 haereditatem
2614 2270 2788 2321 suam,
2823 2264 2879 2310 et
2922 2269 3104 2308 amare
3133 2267 3232 2307 vos
3273 2251 3415 2306 ﬁlios
3447 2251 3805 2321 pestilentiae,

2206 2364 2300 2403 vos
2330 2355 2708 2418 persecutores
2759 2362 3041 2402 servorum
3068 2359 3315 2400 suorum.
3348 2344 3543 2398 Dixisti
3579 2361 3591 2397 :
3626 2343 3810 2398 Facite

2205 2458 2381 2513 pacem
2412 2459 2530 2496 cum
2557 2440 2834 2511 EpiscOpis
2861 2451 3011 2496 sectce
3038 2456 3162 2494 mea:
3192 2439 3402 2493 Arianis
3425 2481 3438 2503 ,
3465 2448 3512 2492 et
3544 2449 3703 2492 estote
3753 2439 3806 2491 in

2206 2552 2406 2601 unum;
2457 2544 2510 2589 ct
2551 2535 2684 2590 dicit
2711 2534 2807 2591 Dei
2838 2535 3064 2605 spiritus
3093 2549 3188 2604 per
3216 2534 3565 2588 Salomonem
3599 2534 3650 2587 in
3678 2533 3810 2587 Pro-

2206 2630 2447 2684 verbiis:
2493 2627 2614 2682 Viae
2644 2631 2921 2699 impiorum
2967 2630 3110 2692 noli,
3169 2629 3278 2682 noli
3326 2629 3528 2698 exsequi
3553 2638 3600 2692 ε,
3652 2643 3810 2697 neque

2205 2721 2466 2776 wmuleris
2483 2722 2617 2775 viam
2640 2722 2958 2792 iniquorum,
2981 2722 3037 2775 in
3067 2737 3385 2790 quocumque
3401 2721 3514 2774 loco
3535 2721 3809 2774 exercitum

2206 2814 2595 2880 constituerint,
2624 2832 2686 2867 ne
2711 2815 3038 2884 supervenias
3077 2815 3203 2868 illuc
3234 2829 3254 2868 :
3285 2815 3493 2869 declina
3533 2824 3702 2867 autem
3743 2815 3807 2868 ab

2206 2925 2289 2974 ea,
2322 2920 2367 2963 et
2415 2909 2615 2973 devita;
2642 2924 2743 2962 non
2771 2909 2906 2962 enim
2936 2909 3207 2972 dormient,
3241 2909 3342 2963 nisi
3381 2909 3515 2962 male
3550 2911 3760 2980 fecerint
3791 2925 3808 2962 :

2208 3001 2406 3054 ablatus
2419 3010 2492 3054 est
2509 3001 2641 3054 enim
2662 3017 2871 3054 somnus
2883 3002 2945 3055 ab
2966 3002 3055 3066 eis,
3074 3012 3120 3056 et
3135 3017 3238 3055 non
3262 3003 3542 3055 dormiunt.
3574 3001 3646 3055 Hi
3670 3004 3806 3056 enim

497 3086 642 3142 enim
677 3086 729 3141 in
761 3085 1021 3141 vicesimo
1050 3085 1283 3155 septimo
1313 3085 1531 3140 Psalmo
1562 3101 1574 3137 :
1609 3084 1838 3150 Exaudi,
1863 3083 2097 3151 Domine,

2211 3095 2451 3148 cibantur
2467 3094 2592 3148 cibis
2615 3095 2917 3163 impietatis:
2939 3095 3054 3148 vino
3082 3103 3256 3148 autem
3274 3095 3449 3163 iniquo
3468 3094 3802 3148 inebriantur.

495 3195 669 3238 vocem
697 3181 1075 3250 deprecationis
1103 3196 1227 3234 mea:
1256 3196 1371 3233 cum
1395 3195 1488 3233 oro
1534 3178 1601 3233 ad
1635 3189 1681 3232 te
1703 3220 1717 3243 ,
1748 3195 1865 3232 cum
1909 3178 2100 3233 extollo

496 3289 680 3328 manus
702 3289 838 3327 meas
850 3273 918 3326 ad
945 3271 1193 3341 templum
1216 3281 1452 3326 sanctum
1478 3281 1644 3338 tuum,
1665 3287 1728 3324 ne
1749 3271 1905 3326 simul
1927 3271 2102 3325 trahas

493 3381 614 3420 cum
643 3366 992 3436 peccatoribus
1018 3366 1249 3420 animam
1277 3377 1299 3404 ο
1332 3382 1516 3431 meam,
1547 3375 1593 3420 et
1623 3383 1740 3420 cum
1773 3366 2104 3437 aperantibus

493 3459 815 3530 iniquitatem
837 3476 899 3513 ne
916 3461 1102 3525 perdas
1132 3459 1377 3514 me.Cum
1404 3460 1607 3528 Itis,qui
1638 3461 2102 3530 loquunturpacem

496 3568 614 3606 cum
642 3553 879 3621 proximo
905 3568 1018 3616 suo,
1044 3553 1180 3606 mala
1201 3561 1374 3605 autem
1402 3562 1522 3605 sunt
1547 3552 1602 3605 in
1631 3552 1872 3605 cordibus
1899 3567 2100 3607 eorum.

500 3643 586 3699 Da
609 3644 717 3700 illis
745 3646 1022 3701 secundum
1054 3663 1211 3714 Opera
1255 3646 1489 3713 illorum,
1520 3656 1567 3700 et
1592 3647 1875 3700 secundum
1925 3648 2104 3717 nequi-

501 3738 626 3794 tiam
652 3740 944 3794 studiorum
968 3741 1200 3812 ipsorum
1225 3782 1239 3805 ,
1269 3741 1548 3795 secundum
1579 3741 1928 3810 operationem
1965 3741 2105 3811 ipso-

495 3849 611 3888 rum
643 3851 891 3889 manuum
935 3835 1100 3889 tribue
1127 3834 1255 3898 illis,
1288 3835 1447 3889 redde
1493 3833 1880 3888 retributionem
1924 3850 2101 3887 eorum

498 3929 627 3998 ipsis
679 3927 852 3998 (Psal.
885 3943 1055 3993 xxvlt,
1081 3928 1164 3999 2).
1197 3929 1489 3998 Propterea
1523 3927 1739 3981 odimur
1779 3942 1808 3980 a
1843 3936 1924 3991 te,
1953 3927 2097 3981 Con-

499 4020 686 4083 stanti,
717 4019 976 4090 quoniam
1007 4021 1342 4075 noluerimus
1371 4020 1488 4074 haec
1517 4018 1624 4074 dici
1651 4019 1720 4074 de
1752 4019 1908 4073 nobis
1933 4061 1947 4085 ,
1981 4035 2102 4089 quze

498 4107 751 4164 dicantur
779 4125 878 4164 ore
906 4109 1196 4180 Propheta:
1225 4110 1293 4165 de
1317 4118 1370 4165 te
1398 4125 1460 4164 ac
1487 4110 1592 4164 tuis
1615 4119 1836 4179 propter
1866 4125 2098 4180 nequam

502 4211 740 4257 vestram
773 4217 997 4271 operam
1020 4244 1034 4268 ,
1068 4217 1190 4274 quac
1238 4202 1488 4258 dicantur
1516 4202 1583 4257 de
1613 4202 1839 4267 Judzcis,
1869 4218 2099 4273 quorum

501 4295 743 4352 imitator
768 4295 1069 4352 exstiteris.
1097 4296 1153 4352 Si
1188 4311 1294 4351 non
1326 4311 1386 4352 es
1419 4307 1472 4352 tu
1525 4296 1880 4352 Constantius
1926 4297 2102 4367 Impe-

500 4399 685 4454 rator.
718 4391 810 4461 qui
839 4387 866 4428 ιί
896 4392 1117 4448 ﬁnxeris
1169 4406 1358 4459 pacem
1411 4400 1464 4448 te
1507 4391 1715 4457 facere,
1769 4399 1827 4446 ut
1880 4391 2100 4447 fuerunt

499 4485 643 4540 mala
671 4485 1065 4555 cogitatnenta,
1099 4483 1202 4539 nisi
1237 4493 1293 4540 ιιι
1316 4483 1411 4539 Dei
1465 4494 1691 4556 negatus
1720 4483 1910 4540 fuisset
1933 4485 2095 4553 ﬁlius,

2211 3184 2350 3239 Nam
2363 3185 2454 3239 vite
2473 3189 2736 3258 justorum
2748 3186 2980 3241 similiter
2995 3196 3046 3240 ut
3065 3187 3154 3240 lux
3165 3185 3447 3256 fulgebunt,
3467 3187 3809 3257 proceduntet

2209 3277 2526 3346 illuminant,
2554 3279 2714 3332 donec
2738 3279 2961 3351 corrigat
2999 3280 3129 3333 dies.
3167 3279 3282 3334 Via:
3311 3289 3482 3333 autem
3527 3281 3804 3349 impiorum

2207 3372 2507 3438 tenebrosae,
2533 3372 2763 3426 nesciunt
2791 3373 3051 3440 quomodo
3075 3369 3342 3438 offendunt
3379 3370 3564 3441 (Prov.
3589 3386 3666 3438 tv,
3687 3370 3805 3438 14).

2208 3464 2491 3529 Quomodo
2537 3465 2819 3520 vobiscum
2871 3465 3087 3520 Arianis
3134 3465 3453 3520 societatem
3495 3477 3809 3537 poteramus

2209 3557 2432 3621 habere,
2467 3573 2589 3612 cum
2621 3557 2888 3614 adulteris
2931 3559 3355 3627 spiritualibus?
3400 3559 3492 3628 qui
3543 3560 3806 3629 scriptum

2207 3649 2536 3705 relineamus
2566 3666 2579 3701 :
2615 3648 2833 3703 Nolitef
2867 3649 3134 3704 intendere
3183 3651 3364 3718 fallaci
3407 3651 3614 3704 mulieri
3646 3668 3664 3705 :
3709 3653 3812 3706 mel

2206 3742 2341 3796 enim
2369 3742 2586 3796 distillat
2613 3759 2644 3794 a
2670 3741 2820 3795 labiis
2848 3742 3083 3795 mulieris
3113 3742 3412 3808 meretricis,
3445 3757 3559 3811 qua:
3578 3742 3645 3795 ad
3678 3753 3809 3796 tem-

2208 3852 2302 3905 pus
2350 3836 2636 3904 impinguat
2683 3836 2855 3903 fauces
2887 3844 3020 3898 tuas,
3053 3834 3324 3888 novissime
3366 3845 3539 3887 autent
3576 3837 3809 3888 amarius

2205 3929 2326 3997 felle
2355 3929 2576 3982 invenies
2595 3969 2608 3990 ,
2637 3937 2686 3982 et
2709 3929 2908 3981 acutius
2937 3928 3100 3998 magis
3145 3943 3297 3996 quam
3325 3928 3530 3996 gladius
3570 3944 3634 3981 ea:
3664 3939 3808 3982 utra—

2205 4036 2301 4089 que
2350 4030 2494 4088 parte
2525 4028 2746 4072 acutus:
2773 4018 3069 4088 insipientes
3094 4029 3118 4065 8
3147 4027 3317 4072 autem
3349 4019 3502 4088 pedes
3548 4019 3810 4072 deducunt

2207 4122 2404 4166 utentes
2451 4129 2513 4166 ea
2557 4128 2671 4166 cum
2716 4119 2880 4165 morte
2908 4110 2977 4164 ad
3022 4111 3216 4180 inferos
3269 4109 3460 4181 (lbid.,
3497 4109 3656 4179 νβ).
3700 4109 3808 4165 Sed

2205 4206 2335 4277 quid
2377 4205 2515 4261 dicis
2563 4204 2681 4260 haec
2729 4214 2949 4276 propter
2992 4206 3173 4260 carnis
3215 4203 3475 4259 adulteria
3525 4203 3710 4259 dicta?
3751 4204 3808 4259 Si

2207 4311 2431 4370 propter
2503 4299 2685 4354 carnis
2764 4298 3030 4353 adulteria
3089 4311 3210 4354 esse
3283 4297 3484 4352 astruis
3547 4296 3663 4351 haec
3729 4296 3810 4350 di-

2205 4403 2288 4448 cta
2324 4435 2338 4460 ,
2393 4401 2596 4463 quanto
2656 4390 2828 4462 magis
2897 4390 3136 4461 fugiendi
3189 4404 3286 4445 vos
3354 4389 3486 4444 estis
3535 4389 3810 4458 spiritales

2206 4486 2468 4552 adulteri,
2517 4500 2585 4539 ne
2632 4500 2729 4554 per
2751 4485 3005 4539 Arianam
3054 4483 3305 4540 hmresim
3350 4489 3583 4537 vestram
3635 4498 3810 4536 merc-

503 4579 610 4634 nisi
663 4588 721 4635 ut
767 4580 1065 4648 apostolica
1115 4589 1277 4649 atque
1331 4579 1644 4650 evangelica
1710 4579 1846 4635 ﬁdes
1877 4579 2101 4648 lfuisset
2128 4571 2179 4632 D
2209 4580 2393 4635 tricem
2443 4578 2747 4649 spiritalem
2798 4578 2918 4634 haec
2958 4593 3124 4649 super
3151 4593 3251 4634 nos
3281 4589 3400 4648 qua:
3427 4577 3688 4632 dicuntur
3719 4592 3810 4631 ve-

502 4715 558 4787 in
582 4730 692 4787 quo
743 4715 794 4770 id
845 4715 1062 4771 Arianis
1109 4717 1444 4787 propositum
1495 4727 1648 4781 erat,
1701 4725 1756 4770 ut
1807 4717 2096 4773 damnandi

502 4785 788 4843 Athanasii
820 4787 1000 4859 specie
1030 4785 1241 4842 Nicama
1274 4788 1405 4843 ﬁdes
1436 4796 1773 4842 everteretur
1801 4807 1812 4840 ε
1840 4789 1918 4842 uti
1943 4806 2101 4859 aper—

503 4867 558 4912 te
597 4866 824 4929 testatur
851 4857 1184 4912 Sozomcnus
1215 4860 1306 4913 lib.
1341 4875 1414 4924 tv,
1441 4875 1560 4929 cap.
1594 4860 1648 4925 9,
1683 4859 1824 4914 haud
1849 4861 1953 4914 alio
1979 4857 2101 4914 con-

499 4930 620 4984 silio
652 4927 1098 5000 lmperatorentet
1129 4929 1346 4983 Arianos
1372 4927 1777 4985 damnationem
1820 4932 2099 4988 Athanasii

503 5001 699 5063 moliri,
729 4999 884 5069 quam
911 5009 965 5053 ut
997 4999 1263 5054 Nicwnam
1291 5001 1446 5070 ﬁdem
1468 5002 1775 5056 subvertant.

577 5081 604 5108 ι
635 5072 870 5126 Rursum
898 5071 1185 5144 (legendum
1219 5073 1493 5144 colicilio;
1534 5073 1708 5144 deque
1751 5075 1852 5129 hoc
1881 5075 2100 5130 uberius

501 5143 886 5201 disserendum
919 5142 1020 5197 fuit
1060 5142 1112 5197 in
1155 5143 1397 5206 Prmfat..
1431 5145 1520 5200 ubi
1561 5142 1724 5199 etiam
1774 5145 1841 5198 de
1875 5162 2102 5200 numero

502 5215 923 5284 Episcoporum.
952 5213 1043 5282 qui
1090 5213 1480 5277 interfuerunt,
1514 5219 1826 5284 opinionem
1860 5228 2102 5271 nostram

501 5287 879 5359 proponimus,
894 5285 997 5359 hoc
1014 5288 1313 5359 praesertim
1335 5286 1565 5341 Luciferi
1582 5287 1892 5359 testimonio
1913 5289 2100 5342 innixi.

573 5355 709 5413 b’Ex
741 5359 843 5412 hoc
893 5355 1128 5412 Luciferi
1170 5359 1290 5412 loco
1335 5359 1686 5426 conjicimus,
1723 5357 1866 5412 hunc
1909 5360 2103 5414 librum

499 5429 766 5496 scriptum
817 5429 885 5483 ab
914 5444 980 5484 eo
1031 5428 1201 5484 fuisse
1251 5444 1371 5484 cum
1409 5429 1765 5485 Germanicia:
1805 5433 2097 5488 exsularet.

500 5499 639 5555 Vide
665 5499 827 5554 Praef.

581 5581 604 5605 ι
638 5569 703 5623 Ut
731 5572 784 5623 in
812 5570 989 5626 Grec.
1017 5578 1111 5631 τήν
1139 5573 1323 5644 ψυχήν
1352 5595 1471 5647 μου.
1505 5573 1658 5629 Vcrs.
1685 5574 1813 5629 Ant.
1839 5591 1901 5628 ne
1927 5576 2100 5628 trahas

504 5651 613 5696 me,
644 5648 750 5693 etc.

506 5745 521 5776 ε
579 5701 605 5740 ι¹
636 5704 712 5762 De
739 5709 915 5764 edicto
941 5710 1038 5768 illo
1085 5714 1452 5782 paciﬁcatorio
1493 5716 1731 5788 loquitur
1768 5733 1797 5772 a
1837 5716 2103 5774 Constan-

2209 4720 2283 4774 tio
2317 4735 2412 4788 pro
2448 4718 2662 4775 Arianis
2698 4720 2858 4787 facto,
2888 4731 2942 4776 et
2990 4722 3360 4791 promulgato,
3395 4720 3462 4776 de
3487 4735 3594 4791 quo
3624 4731 3810 4789 postea

2209 4792 2260 4863 in
2295 4791 2608 4845 hoclihello
2657 4792 2990 4846 mentionem
3041 4792 3191 4856 facit,
3217 4791 3321 4863 Til.
3375 4793 3483 4849 Sed
3533 4794 3808 4863 quodnam

2208 4862 2340 4915 illud
2373 4864 2553 4928 fuerit,
2587 4871 2640 4918 et
2665 4879 2825 4932 quam
2881 4864 2950 4916 ob
2982 4878 3200 4918 causam
3241 4862 3812 4934 Catholicispmpnsi-

2209 4942 2322 5004 tum
2355 4936 2474 4988 vide
2501 4936 2685 5004 paullo
2714 4935 2963 4990 inferius.
2998 4935 3166 4989 Totus
3197 4937 3247 4989 in
3277 4950 3343 4990 eo
3371 4934 3587 4990 Lucifer
3607 4947 3720 5000 est,
3755 4947 3813 4990 ut

2207 5003 2526 5059 Canstantio
2575 5019 2849 5060 versutum
2879 5008 2996 5076 ejus
3039 5008 3326 5062 consilium
3359 5015 3417 5060 et
3443 5007 3687 5076 iniquum
3716 5023 3812 5062 ex-

2212 5077 2452 5143 probret,
2511 5093 2616 5141 quo
2647 5078 2749 5132 sub
2782 5077 2929 5146 pacis
2973 5078 3154 5146 specie
3187 5077 3464 5131 Athanasii
3506 5079 3812 5133 damnatio-

2211 5161 2356 5210 nem,
2401 5159 2453 5201 et
2484 5147 2882 5202 Catholicorum
2932 5165 3054 5203 cum
3104 5150 3319 5203 Arianis
3366 5150 3808 5206 communionem

2207 5217 2333 5290 totis
2360 5218 2569 5290 viribus
2597 5229 2924 5290 extorquere
2965 5235 2990 5271 a
3024 5218 3323 5274 Catholicis
3361 5232 3591 5276 conatus
3621 5231 3706 5275 est
3759 5223 3809 5276 in

2205 5287 2447 5342 Concilio
2491 5287 2905 5354 Mediolanénsi;
2957 5291 3080 5346 hinc
3130 5292 3232 5344 illa:
3291 5291 3623 5354 locutiones,
3677 5308 3813 5361 quas

2205 5374 2349 5431 sche
2379 5361 2445 5414 dc
2476 5376 2605 5429 pace
2637 5362 2853 5431 ingerit,
2886 5373 2940 5416 et
2968 5364 3034 5418 de
3061 5364 3257 5430 quibus
3289 5363 3338 5416 in
3385 5362 3546 5417 Praef.
3579 5363 3695 5417 lluc
3724 5381 3811 5419 re-

2207 5430 2286 5502 fer
2324 5447 2446 5502 qu;e
2487 5430 2721 5486 Hilarius
2754 5433 2943 5489 serihit
2966 5435 3017 5488 in
3043 5434 3167 5490 libr.
3195 5443 3494 5490 un.contra
3520 5433 3806 5490 Constant.

2212 5500 2258 5556 U
2263 5500 2473 5576 nitatem
2503 5514 2770 5573 procurat,
2801 5523 2861 5559 ne
2887 5522 2991 5576 pax
3017 5506 3103 5560 sit.

2283 5586 2305 5647 f‘
2339 5574 2466 5647 Noli
2499 5578 2663 5647 sequi,
2695 5577 2834 5646 apud
2865 5574 3088 5632 Sabbat.

2285 5644 2302 5682 ί
2335 5644 2574 5701 διώὺίιιζ
2598 5644 2761 5717 legit;
2785 5650 2892 5701 noli
2917 5657 2987 5714 te,
3020 5657 3124 5702 etc.

2281 5726 2304 5764 ὃ
2338 5717 2675 5788 Ιηδίρὶεηιὶω.
2703 5719 2969 5775 Latinius.
2993 5720 3050 5776 lu
3080 5720 3178 5780 Gr.
3200 5729 3286 5778 est
3311 5725 3619 5797 ἀφροσύνης.
