4148 6186
549 215 654 269 779

1637 198 1963 258 LUCIFERI
2005 196 2317 255 EPISCOPI
2337 271 2340 274 .
2357 194 2774 253 CALARITANI

3709 196 3803 252 780

546 335 724 384 ventus
767 324 915 399 [ortis
966 321 1020 375 in
1070 319 1259 374 viribus
1287 315 1350 371 ab
1403 313 1569 369 Israel
1617 314 1782 369 omnis
1826 311 2145 368 voluntarius
2174 313 2341 384 Aqui
2372 311 2532 368 fuerit
2556 325 2719 368 ausus
2744 323 2903 366 unam
2943 323 3062 365 esse
3097 305 3375 377 personam
3419 309 3618 364 Patrem
3646 320 3695 364 et
3729 309 3810 364 Fio

533 424 602 476 'in
663 419 809 492 lege,
864 422 914 468 ct
983 427 1157 465 omnes
1209 409 1295 473 qui
1358 407 1623 481 fugiebant
1688 424 1720 461 a
1777 407 1926 460 malis
1991 403 2158 458 additi

549 523 668 572 sunt
712 511 781 566 ad
811 526 928 575 eos,
983 517 1032 562 et
1092 508 1215 576 [acti
1263 514 1383 559 sunt
1424 504 1529 558 illis
1587 505 1612 533 ⁸
1653 503 2057 572 ﬁrmamentum,
2112 509 2163 554 et

547 607 922 664 constituerunt
962 600 990 638 ι’
1019 600 1252 655 virtutem
1272 639 1285 665 ,
1313 609 1360 653 et
1383 606 1746 668 percusserunt
1786 605 2074 666 peccatores
2103 594 2159 647 in

547 703 626 755 ira
653 715 767 763 sua,
787 705 838 751 et
867 694 1004 748 viros
1026 694 1228 763 iniquos
1257 691 1312 746 in
1339 689 1715 760 indignatione,
1731 697 1776 742 et
1804 687 1976 742 caeteri
2009 687 2156 758 fuge-

554 800 677 848 runt
701 790 768 846 ad
799 787 1050 852 nationes,
1069 797 1122 840 ut
1145 801 1197 840 se
1215 783 1518 850 liberarent,
1539 791 1587 836 et
1613 781 1846 836 circuiuit
1877 779 2162 834 Matathias

551 898 598 942 et
627 885 784 940 amici
831 885 944 956 ejus
971 921 985 947 ,
1021 889 1066 935 et
1091 880 1457 942 destruxerunt
1486 893 1626 943 aras,
1657 885 1702 929 et
1733 872 2163 928 circuntciderunt

555 995 743 1050 pueros
787 973 1172 1030 incircumcisos
1236 977 1483 1041 quotquot
1520 970 1824 1022 inrenernnt
1871 966 1924 1019 in
1975 964 2164 1031 finibus

552 1070 723 1126 Israel
750 1070 803 1123 in
825 1065 1154 1138 fortitudine,
1184 1073 1233 1116 et
1280 1061 1537 1132 persecuti
1564 1067 1683 1114 sunt
1711 1058 1845 1125 ﬁlios
1867 1056 2121 1130 superbire
2143 1095 2156 1119 ,

553 1176 600 1220 et
647 1159 968 1236 prosperauit
996 1170 1015 1195 ο
1049 1172 1179 1228 opus
1204 1155 1257 1208 in
1295 1170 1477 1206 manus
1497 1167 1678 1205 eorum
1700 1191 1714 1217 ,
1758 1160 1803 1202 et
1836 1149 2163 1204 obtinuerunt

555 1260 722 1331 legem
765 1255 830 1309 de
873 1252 1109 1308 manibus
1151 1249 1380 1320 gentium
1413 1257 1460 1301 et
1483 1262 1681 1317 regam,
1709 1255 1755 1298 et
1785 1261 1887 1298 non
1913 1242 2164 1298 dederunt

554 1369 644 1407 cor
689 1347 720 1387 ά
785 1346 1044 1414 peccatori
1105 1343 1169 1415 (Ι
1225 1340 1399 1395 lilach.
1455 1355 1514 1405 ll,
1571 1337 1688 1409 42).
1751 1336 2040 1391 Vobiscum
2095 1349 2164 1390 ne

561 1457 583 1484 θ
611 1460 733 1503 esse
766 1451 1153 1514 potueramus,
1184 1451 1307 1491 cum
1338 1433 1568 1490 videatis
1612 1431 1743 1504 quid
1792 1431 1867 1486 illi
1907 1429 2163 1495 fecerint,

557 1556 623 1596 ex
678 1545 795 1594 toto
825 1533 993 1591 corde
1049 1529 1140 1602 qui
1166 1531 1334 1585 Deum
1386 1527 1736 1582 inveniuntur
1770 1523 2052 1580 timuisse?
2084 1521 2164 1576 Tu

555 1635 692 1691 dicis
722 1630 1026 1687 membrum
1054 1627 1165 1696 jam
1197 1634 1330 1679 tunc
1359 1632 1639 1678 exsectum
1670 1620 1738 1675 de
1763 1627 2002 1688 corpore
2033 1617 2162 1672 bea-

2258 405 2390 460 lium
2416 415 2468 461 et
2489 404 2753 474 Spiritum
2781 411 3028 460 sanctum
3050 399 3376 468 defendere;
3405 401 3523 472 quia
3554 401 3698 456 fuerit
3721 418 3811 455 au-

2258 513 2349 552 sus
2376 497 2558 552 dicere
2587 497 2762 568 ipsum
2793 495 2897 551 sibi
2923 503 2980 550 et
3025 494 3240 550 Patrem
3269 509 3416 559 esse,
3450 502 3505 548 et
3530 494 3736 559 Filium,
3762 505 3814 550 et

2259 591 2518 660 Spiritum
2565 598 2847 650 Sanctum;
2876 589 3096 643 excisus
3133 595 3215 641 est
3252 586 3371 656 quia
3404 585 3580 642 dicere
3604 601 3700 642 non
3726 586 3816 641 du-

2261 684 2466 749 bitarit,
2503 681 2645 754 quod
2676 681 2842 736 etiam
2876 681 2994 750 ipse
3020 680 3186 738 Pater
3232 678 3285 732 in
3316 687 3468 734 utero
3505 678 3724 748 Virginis
3750 680 3822 733 in-

2261 786 2522 833 carnatus
2551 776 2656 843 sit,
2687 783 2743 830 et
2774 774 2937 829 fuerit
2983 788 3195 843 passus.
3228 772 3320 827 Sic
3362 768 3714 828 Marcionem1
3740 788 3824 827 ex-

2265 877 2436 932 cisum
2482 873 2796 944 projecitm,
2829 871 2920 943 qui
2953 870 3191 926 noluerit
3215 869 3310 924 Dei
3337 869 3529 924 Filium
3572 867 3822 924 hominem

2264 971 2571 1040 suscepisse
2609 966 2856 1024 confiteri
2905 966 2974 1022 de
3007 973 3164 1020 utero
3213 963 3471 1033 Virginis,
3513 971 3562 1018 et
3607 977 3698 1032 per
3735 961 3828 1017 hoc

2263 1063 2538 1119 hominem
2591 1062 2809 1118 factum.
2863 1060 2953 1115 Sic
3007 1059 3227 1114 excisus
3282 1064 3367 1113 est
3409 1063 3564 1127 atque
3605 1056 3829 1122 ahjectus

2267 1155 2486 1212 Paullus
2517 1154 2910 1210 Samosatenus
2957 1160 2982 1186 ιι
3027 1149 3241 1206 letini
3291 1149 3540 1218 magister
3565 1163 3594 1202 e
3618 1161 3828 1216 corpore

2266 1248 2534 1309 ecclesiae,
2561 1247 2686 1316 quia
2719 1244 2883 1299 fuerit
2913 1244 3094 1298 dicere
3117 1242 3372 1312 dignatus
3395 1281 3410 1307 ,
3441 1239 3699 1293 hominem
3725 1249 3832 1293 tan-

2268 1351 2379 1396 tum
2408 1339 2505 1394 Dei
2537 1338 2754 1396 Filium.
2782 1336 2873 1394 Sic
2901 1346 2956 1392 et
2982 1346 3299 1392 cunctarum
3323 1342 3587 1390 sectarum
3614 1331 3833 1386 haeretici

2267 1445 2394 1489 sunt
2450 1432 2684 1504 praecisi,
2716 1439 2775 1487 ut
2816 1441 2900 1487 cst
2946 1431 3107 1486 Arius
3153 1429 3446 1499 praecisus,
3474 1437 3626 1497 utque
3648 1435 3727 1492 tu,
3752 1423 3832 1494 qni

2269 1538 2556 1599 propterea
2602 1525 2745 1598 quod
2793 1526 2942 1580 dicas
2984 1524 3051 1580 de
3101 1523 3196 1578 Dei
3247 1522 3386 1578 Filio
3407 1531 3456 1587 ο,
3484 1522 3646 1588 factus
3688 1530 3835 1574 esteac

2268 1619 2456 1686 nihilo,
2487 1629 2532 1674 et
2559 1636 2659 1674 non
2690 1628 2764 1676 est
2793 1635 2940 1672 verus
2989 1617 3180 1682 Filius,
3216 1627 3326 1670 erat
3355 1615 3559 1685 quando
3584 1631 3678 1668 non
3705 1623 3833 1676 erat,

558 1738 625 1782 tre
656 1723 927 1788 ecclesiis,
954 1718 1171 1789 Quando
1201 1718 1434 1771 Arimms
1466 1714 1633 1768 factus
1660 1729 1719 1768 es
1743 1729 1806 1767 ex
1829 1710 2154 1776 ChristianO,
2191 1721 2242 1780 B
2267 1713 2509 1771 exscindi
2543 1713 2830 1769 merueris.
2867 1711 3101 1768 Exscissi
3134 1711 3296 1782 igitur
3326 1710 3467 1768 estis
3495 1710 3666 1764 cuncti
3703 1708 3834 1764 blas-

556 1818 737 1876 Estote
785 1814 1067 1869 nobiscum.
1122 1810 1188 1864 Et
1241 1807 1503 1862 Dominus
1547 1805 1682 1860 dicit
1732 1804 1785 1858 itt
1817 1803 2112 1873 Evangelio
2150 1818 2162 1854 :

559 1911 710 1978 Quod
741 1909 785 1964 si
813 1906 994 1961 oculus
1025 1913 1146 1957 tuus
1169 1901 1349 1955 dexter
1376 1897 1694 1952 scandalizat
1725 1904 1792 1959 te,
1843 1910 1960 1948 erue
1991 1893 2162 1958 illum,

547 2019 600 2064 et
627 2005 824 2079 projice
853 2001 942 2055 abs
973 2009 1042 2053 te.
1077 1995 1299 2067 Expedit
1332 1993 1466 2048 enim
1497 1991 1589 2046 tibi
1615 1999 1670 2043 ut
1696 1996 1869 2060 pereat
1907 2003 2011 2040 una
2043 2001 2166 2055 pars

555 2097 900 2152 membrorum
935 2105 1163 2155 tuorunt,
1189 2103 1344 2159 quant
1375 2095 1538 2138 totum
1559 2098 1746 2152 corpus
1773 2090 1917 2134 tuum
1937 2079 2168 2132 mittatur

560 2188 578 2226 ί
607 2190 662 2241 itt
692 2186 978 2258 gehennam
1013 2198 1032 2234 :
1057 2189 1103 2234 et
1131 2179 1178 2232 si
1227 2179 1439 2230 dextera
1485 2189 1668 2226 ntanus
1712 2180 1803 2224 tua
1851 2169 2167 2225 scandalizat

554 2295 624 2349 te,
644 2279 887 2337 abscinde
924 2287 948 2324 κ
978 2277 1123 2330 illam
1147 2282 1190 2326 et
1223 2271 1420 2344 projice
1441 2269 1531 2323 abs
1561 2277 1646 2331 te;
1677 2265 1882 2338 expedit
1912 2266 2046 2319 enim
2079 2263 2168 2317 tibi

559 2386 616 2431 ιιι
647 2382 829 2446 pereat
855 2387 961 2424 una
993 2384 1114 2439 pars
1162 2363 1504 2418 membrorum
1551 2371 1756 2414 tuorum
1801 2375 1956 2425 quam
2005 2368 2168 2411 totum

555 2482 741 2538 corpus
770 2475 916 2518 tuum
942 2470 1019 2516 eat
1049 2461 1103 2513 in
1129 2458 1418 2528 gehennam
1441 2452 1657 2525 (Matth.
1691 2467 1743 2515 v,
1774 2450 1889 2519 29).
1915 2451 2168 2506 Secuisse

557 2577 617 2618 se
644 2560 833 2616 Arium
855 2599 868 2623 ,
901 2565 1065 2625 atque
1110 2551 1407 2623 projccisse
1450 2544 1749 2602 secundum
1783 2543 1995 2597 Domini
2027 2559 2167 2613 pra:-

554 2662 710 2723 cepta
742 2652 968 2706 damnat
989 2645 1016 2682 ¹ι
1049 2644 1320 2708 ecclesia;
1346 2649 1402 2696 et
1428 2651 1483 2694 ιιι
1523 2638 1694 2693 dicis:
1729 2636 1992 2704 Suscipite
2024 2651 2163 2689 com-

558 2745 854 2818 pestilentes
880 2759 940 2795 ac
968 2741 1078 2796 lues
1114 2737 1128 2775 ί
1163 2751 1316 2800 suos;
1347 2743 1402 2788 tu
1431 2733 1566 2788 dicis
1607 2747 1620 2786 :
1658 2730 1826 2784 Sinite
1855 2745 1942 2782 vos
1991 2728 2166 2782 eodem

556 2842 766 2897 interire
799 2836 1005 2900 morbo,
1036 2850 1140 2904 quo
1178 2848 1272 2903 ego
1321 2828 1584 2900 perierim.
1616 2825 1708 2880 Sic
1733 2833 1817 2877 est
1846 2823 1912 2878 de
1938 2837 2167 2892 corpore

557 2931 814 2990 ecclesia:
843 2928 1062 2983 excisus
1091 2922 1362 2978 Sabellius
1385 2919 1396 2968 i
1418 2961 1431 2981 ,
1459 2924 1613 2972 utest
1642 2927 1696 2971 et
1726 2913 2170 2970 condeteSIabilis

560 3037 688 3086 tuus
719 3026 939 3079 excisus
970 3022 1135 3075 Arius
1170 3016 1290 3083 iste,
1325 3014 1484 3084 cujus
1511 3028 1693 3068 sermo
1722 3020 1778 3066 ut
1807 3025 2005 3064 cancer
2030 3009 2082 3063 in
2117 3019 2169 3064 te

2273 1809 2449 1877 phctni
2476 1849 2491 1876 ,
2543 1819 2708 1880 atque
2752 1808 2940 1877 rejecti
2975 1807 3172 1862 virtute
3220 1805 3312 1861 Dei
3357 1805 3428 1860 de
3472 1802 3692 1860 ecclesia
3727 1801 3830 1872 ejus

2270 1903 2598 1968 clementiae,
2628 1903 2753 1972 quia
2781 1917 2887 1956 non
2918 1899 3129 1955 fueritis
3156 1897 3211 1953 in
3239 1913 3302 1954 ea
3333 1906 3614 1952 maentes
3641 1894 3754 1961 ﬁde,
3789 1893 3833 1948 in

2267 2014 2369 2071 qua
2396 1996 2696 2052 manserint
2741 1993 3096 2064 patriarchae,
3151 1991 3470 2062 prephetae,
3513 1989 3837 2058 apostoli,ac

2271 2101 2558 2161 martyres.
2591 2089 2762 2142 llomo
2802 2088 3020 2143 escisns
3063 2101 3184 2140 cum
3211 2084 3471 2139 omni-bus
3492 2078 3838 2150 comblasphe-

2269 2186 2371 2240 mis
2395 2183 2500 2239 tuis
2531 2199 2560 2238 c
2589 2197 2820 2252 corpore
2845 2188 3046 2234 sanctae
3092 2178 3383 2243 ecclesiae,
3427 2175 3610 2246 iacens
3653 2174 3700 2228 in
3739 2172 3842 2227 dia--

2270 2277 2380 2332 boli
2410 2276 2645 2341 sentina,
2698 2275 2868 2329 audes
2913 2273 3096 2328 dicere
3145 2270 3211 2326 ad
3265 2285 3388 2325 cant
3424 2287 3437 2323 :
3473 2266 3596 2322 Esto
3641 2267 3749 2321 talis
3791 2275 3838 2319 ut

2269 2387 2384 2426 sum
2421 2386 2538 2440 ego,
2570 2384 2673 2436 quo
2718 2368 2884 2439 possis
2923 2367 3016 2421 tali
3063 2365 3249 2435 conﬁci
3293 2364 3506 2429 morbo,
3543 2373 3637 2434 quo
3664 2377 3766 2416 sum
3799 2372 3840 2414 et

2269 2462 2378 2533 ipse
2426 2471 2779 2530 consumptus.
2832 2459 2922 2514 Sic
2968 2458 3390 2514 existimaveras
3442 2466 3583 2510 nosp
3625 2451 3838 2522 petuisse

2270 2556 2551 2612 vobiscum
2603 2553 2938 2618 convenire,
2990 2560 3264 2621 tamquam
3342 2567 3454 2606 non
3514 2549 3839 2605 rctineremus

2269 2647 2474 2702 dixisse
2506 2648 2722 2702 beatum
2759 2645 3000 2701 Paullum
3044 2661 3056 2698 :
3090 2644 3443 2716 Praecipimus
3490 2652 3653 2698 autem
3698 2641 3837 2706 vobis,

2269 2741 2475 2808 fratres,
2524 2742 2580 2795 in
2629 2740 2834 2795 nomine
2877 2739 3086 2795 Domini
3151 2740 3314 2794 nostri
3364 2740 3496 2794 Iesu
3544 2738 3749 2799 Christi,
3796 2745 3841 2789 ut

2269 2833 2580 2887 snbtrahatis
2631 2850 2715 2886 vos
2763 2832 2824 2886 ab
2890 2833 3026 2886 omni
3070 2834 3231 2903 fratre
3277 2833 3509 2902 inquiete
3564 2830 3842 2894 ambulante,

2270 2937 2315 2979 et
2350 2942 2449 2978 non
2477 2925 2756 2978 secundant
2786 2924 3115 2978 traditionem
3143 2941 3299 2991 quant
3320 2933 3632 2998 acceperunt
3669 2941 3704 2976 a-
3723 2920 3847 2976 nobis

2271 3011 2354 3081 (Il
2401 3009 2636 3065 ΤΙιίιεεαΙ.
2673 3026 2726 3065 ιιι
2754 3051 2765 3069 .
2796 3010 2896 3081 6).
2947 3011 3079 3080 Qua:
3129 3011 3346 3068 efficere
3391 3022 3645 3081 potuerat
3683 3013 3842 3074 ratio,

565 3119 865 3175 fortissime
914 3114 1054 3170 adeo
1079 3110 1378 3181 serpserit,
1422 3117 1481 3161 ut
1509 3116 1654 3160 totus
1677 3106 1788 3175 jam
1819 3119 2016 3158 cancer
2047 3118 2167 3158 esse
2195 3104 2238 3167 C
2276 3111 2332 3156 ut
2375 3104 2689 3158 deserentes
2724 3104 2887 3169 viam,
2911 3119 3032 3174 quae
3077 3104 3226 3161 ducit
3257 3104 3325 3160 ad
3353 3106 3622 3162 caelorum
3671 3119 3842 3174 regna,

561 3212 805 3270 cernaris
837 3230 850 3262 :
883 3223 982 3264 nec
1011 3205 1218 3277 poteris
1249 3203 1453 3265 dicere,
1493 3210 1543 3256 te
1574 3217 1681 3254 non
1705 3199 1818 3253 Arii
1847 3211 2171 3254 cancerasse

561 3305 583 3344 ι
615 3319 947 3365 sermonem,
974 3316 1094 3356 cum
1147 3299 1309 3354 luctor
1335 3294 1744 3351 canceratinnis
1801 3304 1905 3347 tua:
1952 3292 2018 3346 ad
2053 3307 2170 3347 om-

565 3415 688 3456 nem
721 3395 1036 3468 pervenerit
1080 3393 1234 3464 regni
1267 3391 1344 3446 tui
1378 3376 1553 3447 locum
1583 3431 1598 3455 ,
1629 3399 1681 3443 et
1708 3388 1893 3444 cuncti.
1922 3399 1974 3442 te
2006 3390 2176 3443 vitare

563 3491 947 3554 statuerimus,
982 3503 1048 3540 ne
1074 3495 1129 3540 et
1160 3485 1258 3554 ipsi
1293 3494 1445 3556 peste
1485 3493 1571 3537 ttta
1602 3482 1801 3536 Ariana
1848 3495 2173 3536 cancerare-

565 3600 705 3640 mur.
739 3583 861 3648 Sic,
910 3582 1168 3650 inquam,
1196 3586 1377 3632 sectus
1406 3584 1522 3638 est,
1555 3585 1720 3646 atque
1756 3575 2027 3644 projectus
2059 3582 2181 3628 tuus

566 3676 828 3748 magister
854 3674 1036 3739 Arius,
1064 3680 1126 3726 ut
1175 3677 1261 3725 est
1291 3678 1473 3724 sectus
1510 3678 1563 3724 et
1594 3668 1828 3738 rcjectus
1874 3666 2141 3722 Sabellius
2162 3707 2176 3732 ,

563 3814 714 3877 Αιιι..
748 3827 870 3882 quae
911 3818 968 3865 et
997 3807 1154 3879 Vulg.
1208 3815 1520 3879 congregata
1562 3814 1634 3860 est
1678 3805 1744 3859 ad
1785 3821 1868 3858 eos
1894 3819 2163 3875 synagoga

564 3885 1047 3948 Assidtvorttnt,etc.

638 3966 661 3993 τι
699 3956 766 4008 In
789 3955 1186 4021 ﬁrmamentum.
1216 3949 1393 4021 Latin.
1420 3965 1543 4021 cum
1567 3949 1741 4021 Grato.
1774 3949 1844 4021 εἰς
1877 3952 2165 4019 στήριγμα,

566 4028 639 4082 uti
675 4034 729 4080 ct
759 4017 947 4079 Vcrsio
971 4021 1256 4088 Sangerm.
1290 4020 1445 4075 Vers.
1477 4019 1606 4073 Ant.
1638 4017 1707 4070 ad
1759 4017 2162 4088 ﬁrmamentum.

635 4097 662 4136 ι)
696 4096 848 4149 Vers.
884 4098 1008 4147 Ant.
1041 4087 1352 4161 collegerunt
1397 4091 1696 4161 exercitum.
1743 4129 1756 4141 .
1805 4128 1817 4141 .
1848 4088 1899 4140 in
1925 4087 2167 4156 indigna-

566 4166 704 4222 tione
724 4181 838 4218 stta.
887 4204 898 4215 .
946 4201 958 4213 .
1005 4201 1017 4214 .
1047 4170 1103 4213 ut
1131 4159 1414 4215 euaderent.
1446 4159 1695 4216 Griecum
1748 4169 2013 4213 consonat
2047 4173 2166 4213 ver-

568 4236 710 4292 sioni
739 4233 909 4292 Lucii.
937 4241 990 4286 et
1012 4232 1240 4302 Sanger.

643 4319 665 4346 ε
691 4307 822 4363 Cum
870 4304 1022 4360 Vcrs.
1057 4300 1339 4372 Saitgerm.
1386 4300 1540 4358 Vers.
1568 4301 1754 4372 Antiq.
1805 4310 2169 4370 prOSperatttm

569 4391 662 4435 est.
710 4419 720 4429 .
768 4417 782 4433 .
827 4377 920 4430 .itt
949 4373 1203 4438 manibus,
1237 4383 1343 4430 etc.

2275 3197 2861 3268 comprehenderemus
2926 3207 3160 3252 vestram
3237 3214 3357 3268 qua:
3433 3197 3714 3269 prmcipitet
3787 3195 3844 3248 ad

2272 3287 2614 3358 gehennam?
2674 3288 3140 3345 Circumscribere
3212 3305 3310 3344 nos
3371 3301 3434 3346 te
3510 3292 3728 3362 potuisse
3769 3303 3845 3341 ar-

2277 3381 2508 3434 bitratus
2571 3396 2630 3435 cs
2687 3379 3025 3446 subtilitate,
3085 3397 3190 3452 qua
3255 3398 3491 3453 serpens
3544 3379 3846 3438 circumscri-

2278 3475 2448 3546 pserit
2468 3474 2636 3529 Adam
2671 3485 2724 3530 et
2754 3474 2950 3540 Evam,
3002 3475 3218 3530 eximiis
3249 3475 3444 3531 verbis
3475 3474 3847 3548 pulcherrimis-

2279 3583 2385 3638 que
2410 3567 2660 3622 sensibus
2691 3568 3050 3622 conscribens
3075 3565 3312 3622 edictum
3336 3579 3386 3632 (ι,
3431 3569 3484 3624 in
3541 3586 3642 3640 quo
3689 3567 3844 3620 omnia

2282 3677 2489 3717 venena
2520 3669 2625 3714 tuae
2656 3660 2887 3715 haeresis
2914 3659 3281 3716 continentur.
3315 3662 3428 3718 Sed
3462 3661 3599 3718 unde
3629 3661 3756 3716 istud
3771 3676 3849 3729 po-

2268 3798 2435 3853 tidum
2457 3796 2792 3871 reddiderint
2815 3815 2832 3852 :
2853 3799 3272 3871 quandoquidem
3315 3805 3471 3871 fictor
3511 3796 3846 3871 cancerationis

2269 3882 2390 3934 tute,
2420 3869 2472 3922 id
2499 3879 2604 3942 est,
2637 3869 2817 3924 Ariani
2849 3869 2923 3924 tui
2954 3869 3232 3940 dogmatis,
3273 3869 3420 3942 quod
3458 3883 3513 3927 ut
3553 3889 3720 3927 cancer
3754 3870 3848 3923 nbi-

2267 3957 2367 4012 qtte
2389 3941 2564 4015 serpit,
2599 3949 2660 4015 e_t_
2672 3957 2865 4015 omnes
2871 3945 3177 4015 corrumpit.
3203 3941 3319 4012 jam
3343 3948 3458 4015 fere
3490 3957 3645 4000 totam
3667 3943 3848 4015 Italiam

2271 4009 2570 4085 pervaserit.
2599 4009 3029 4085 Tiliuerodem
3061 4009 3226 4069 verbo
3256 4009 3381 4070 usus
3412 4027 3497 4071 est
3529 4016 3766 4085 Apuleius
3803 4012 3847 4064 in

2275 4084 2365 4137 lib.
2392 4084 2460 4136 de
2485 4085 2670 4135 virtut.
2705 4083 3018 4150 herbarum,
3049 4084 3148 4141 hoc
3175 4102 3359 4147 sensu,
3387 4097 3444 4143 ut
3477 4083 3613 4143 idem
3640 4090 3704 4140 sit
3731 4100 3784 4137 ac
3804 4085 3848 4134 in

2275 4155 2446 4229 cancri
2470 4164 2710 4229 naturam
2741 4157 2995 4222 transire;
3035 4159 3109 4211 uti
3138 4167 3290 4229 notat
3325 4158 3560 4229 Cangius
3599 4161 3649 4213 in
3688 4157 3844 4213 Gl05s.

2251 4225 2346 4280 ‘Ut
2377 4241 2562 4301 cancer
2581 4226 2714 4301 rodit
2738 4243 2944 4301 corpus,
2970 4246 3030 4282 ac
3071 4228 3199 4284 solet
3239 4225 3556 4301 putrescere,
3581 4233 3652 4284 ita
3686 4229 3851 4299 pariter

2277 4297 2513 4368 ptttritlns
2535 4314 2605 4351 es.
2635 4297 2706 4352 La
2735 4297 2928 4352 Cerda.

2356 4367 2562 4422 lCirca
2611 4385 2812 4422 annum
2857 4369 3058 4424 Christi
3109 4371 3233 4427 154.
3265 4388 3416 4428 suam
3463 4373 3708 4429 haeresim
3735 4371 3850 4426 Mar.

639 4448 664 4488 δ
693 4449 918 4508 Sabim.
964 4447 1090 4516 legit
1133 4421 1312 4500 cornu.
1370 4445 1446 4500 Ita
1477 4445 1652 4502 Gratc.
1681 4444 1861 4500 Latin.
1897 4442 2067 4498 Vatic.
2120 4452 2174 4498 et
2201 4435 2254 4495 D
2279 4439 2402 4494 cion
2433 4421 2829 4516 dissentitiavit,
2859 4421 3242 4516 qua—negabat,

571 4521 728 4578 Vers.
754 4521 1037 4588 Sangerm.
1065 4527 1118 4572 et
1147 4519 1271 4572 Ant.

647 4604 670 4630 ο
706 4591 839 4646 Nos.
874 4589 1043 4643 Vatic.
1463 4619 1468 4622 ν

648 4662 665 4699 ί
698 4662 833 4734 Cum
863 4676 994 4734 mss.
1017 4661 1299 4734 sangerm.
1333 4670 1387 4714 et
1417 4660 1578 4714 Corb.
1621 4657 1772 4713 Vers.
1806 4658 1934 4713 Aut.
1959 4668 2059 4712 eat.

645 4744 668 4779 ε
695 4733 852 4786 Vers.
884 4731 1011 4801 Ant.
1033 4731 1258 4793 abscide,
1282 4743 1336 4786 et
1357 4742 1529 4801 pereat
1553 4745 1732 4796 unum,
1776 4738 1882 4784 etc.

647 4801 672 4838 ιι
705 4801 924 4857 Clamat.
958 4800 1134 4856 Vatic.
1164 4810 1218 4854 et
1243 4800 1420 4855 Latin.

654 4874 887 4930 iLatine
933 4871 1190 4941 loquitur,
1240 4873 1290 4925 id
1336 4882 1420 4926 est
1459 4871 1688 4924 homines
1727 4871 1903 4942 plenos
1935 4872 2047 4935 lue;
2091 4872 2172 4926 sic

573 4946 710 5002 dixit
735 4943 1029 5001 Comicus:
1055 4943 1144 4997 ille
1172 4943 1358 5002 scelus,
1390 4943 1479 5012 qui
1503 4959 1580 4996 me
1601 4943 1846 5013 perdidit.
1876 4942 1948 4996 La
1976 4942 2174 4997 Cerda.

650 5017 662 5067 ι
702 5015 803 5086 Qui
851 5031 994 5086 anno
1040 5014 1264 5086 circitch
1299 5013 1426 5069 257.
1482 5014 1710 5082 primum
1758 5013 1973 5086 docere
2015 5014 2180 5084 cmpit

576 5084 752 5144 Patris
800 5095 856 5142 et
883 5084 1006 5141 Filii
1035 5094 1088 5141 et
1129 5085 1363 5155 Spiritus
1404 5085 1574 5139 sancti
1625 5101 1783 5139 unam
1822 5085 2177 5152 eamdemque

574 5176 696 5215 esse
720 5174 1034 5230 personam;
1066 5158 1154 5212 Dei
1181 5173 1313 5212 vero
1333 5157 1664 5230 Sapientiam
1687 5155 2037 5230 seu‘Vcrbum
2055 5170 2176 5210 esse

575 5225 777 5302 aliquid
816 5229 1069 5284 accidens
1108 5243 1387 5302 personze,
1416 5243 1490 5302 ac
1525 5225 1849 5302 subsutntia:
1870 5227 1985 5302 _j_arn
2025 5242 2174 5279 conto

579 5295 756 5369 ple-tte.
791 5303 944 5356 Hunc
972 5295 1214 5355 errorem
1244 5299 1523 5353 damnavit
1557 5298 1848 5366 Dionysius
1870 5295 2172 5369 Episcopus

579 5367 1012 5433 Alexandrinus.
1062 5381 1116 5425 cl.
1161 5371 1415 5438 Synodus
1458 5371 1695 5424 Romana
1756 5384 1843 5420 an.
1893 5367 2022 5432 258,
2072 5369 2174 5424 sub

576 5445 728 5499 Sixto
755 5443 794 5506 Ι,
828 5444 1028 5498 Pontif.
1059 5443 1190 5509 Qum
1225 5457 1356 5496 vero
1386 5457 1450 5494 ex
1484 5441 1582 5494 hoc
1615 5455 1802 5493 errore
1832 5455 2177 5509 consequun-

579 5524 665 5566 tur
690 5514 942 5577 absurda,
974 5513 1060 5568 hic
1093 5512 1306 5568 Lucifer
1335 5514 1450 5576 ipse
1481 5511 1742 5566 declarat.

652 5581 675 5617 ¹ί
705 5584 760 5634 ld
789 5594 892 5644 est,
927 5583 1046 5636 Non
1088 5584 1277 5654 poteris
1325 5581 1700 5654 dicere,qnml
1748 5580 1860 5635 Arii
1898 5581 2045 5654 rerba
2078 5599 2175 5636 non

581 5661 627 5700 te
664 5655 1006 5717 cancerarint,
1041 5652 1142 5707 hoc
1170 5664 1284 5716 est,
1334 5652 1391 5705 ut'
1413 5653 1618 5706 morbus
1661 5669 1841 5707 cancer
1880 5653 2087 5714 rodere,
2119 5671 2180 5706 ne

579 5726 862 5783 putrescere
889 5739 1105 5790 corpora
1133 5724 1282 5788 solet,
1305 5733 1356 5776 te
1377 5739 1479 5777 non
1519 5724 1948 5792 consumpserint,
1990 5740 2049 5777 ac
2087 5727 2180 5792 fte-

2281 4526 2380 4582 pus
2409 4526 2438 4565 a
2469 4510 2581 4566 Deo
2608 4511 2750 4565 Filio
2782 4510 3120 4581 assumptum
3152 4515 3318 4572 fuisse
3351 4534 3363 4574 :
3396 4527 3452 4573 et
3493 4533 3633 4572 anno
3666 4515 3775 4571 HG.
3799 4529 3851 4566 ac

2279 4583 2494 4707 iterumr
2509 4598 2596 4708 aq.
2630 4582 2754 4649 167,
2781 4583 2848 4639 ab
2886 4582 3132 4640 Ecclesia
3155 4585 3398 4643 Romana
3430 4591 3633 4660 ejecuts
3655 4598 3703 4644 et
3722 4587 3850 4642 dant-

2283 4669 2345 4708 na
2379 4670 2439 4707 us
2493 4670 2545 4707 υι
2575 4695 2587 4706 .

2283 4669 2439 4708 natus
2471 4669 2587 4708 ιυιι.

2313 4797 2324 4808 _
2353 4734 2391 4761 ιη
2425 4725 2594 4808 Deest
2614 4724 2704 4808 hic
2727 4727 3113 4795 nominativus,
3131 4727 3273 4784 Deus
3306 4731 3558 4799 fortasse,
3584 4741 3674 4787 aut
3696 4729 3851 4784 Eccle-

2281 4799 2357 4850 sia
2380 4799 2596 4869 project't
2619 4837 2634 4862 ,
2658 4807 2763 4869 etc.

2355 4877 2381 4903 ιι
2415 4867 2511 4923 llic
2532 4867 2716 4924 Jesum
2743 4867 3015 4925 Christum
3047 4888 3253 4928 merum
3297 4890 3418 4931 esse
3465 4877 3730 4930 hominem
3766 4874 3849 4926 im-

2288 4940 2374 5009 pie
2399 4940 2614 5018 docuit,
2637 4941 2928 5018 damnatus
2968 4945 3142 5018 primo
3188 4947 3238 5000 in
3268 4945 3490 5018 Synodo
3539 4944 3851 5002 Antiochea:

2285 5029 2373 5064 :ttt.
2400 5010 2609 5085 3265.15
2637 5011 2822 5085 Paullo
2864 5010 3002 5068 idem
3030 5010 3326 5085 impietatis
3355 5020 3503 5076 virus
3529 5018 3700 5074 hausit
3725 5024 3851 5085 post-

2283 5099 2343 5165 ea
2397 5083 2658 5165 Photinus
2691 5084 3028 5165 Sirmiensis_
3050 5083 3350 5154 Episconus
3375 5132 3390 5154 ,
3421 5107 3452 5145 e
3482 5107 3575 5145 sua
3619 5083 3743 5144 sede
3765 5087 3849 5140 de-

2277 5155 2483 5236 pectus...
2509 5164 2562 5209 et
2600 5155 2886 5236 damnatus
2912 5159 2962 5210 in
2988 5157 3232 5214 Concilio
3258 5162 3543 5217 Sirmieusi
3570 5178 3658 5215 an.
3687 5159 3802 5221 55l,
3823 5170 3848 5210 c

2283 5225 2485 5280 Petavii
2509 5228 2801 5280 sententia.

2351 5307 2375 5331 υ
2407 5296 2480 5349 Ita
2511 5313 2577 5350 ex
2604 5296 2781 5373 Latin.
2808 5299 3221 5373 etACodaVatic.
3253 5303 3599 5373 corrigimus,
3635 5303 3718 5359 ubi
3751 5297 3848 5356 edi—

2280 5375 2390 5422 tum
2424 5376 2584 5423 antea
2616 5367 2711 5422 Dei
2739 5371 2973 5424 consilio.
3005 5371 3172 5428 Vatic.
3203 5373 3373 5429 addit.
3400 5367 3573 5430 unico.

2355 5450 2378 5488 ι)
2404 5438 2476 5515 ita
2501 5455 2625 5495 cum
2650 5441 2829 5515 Vatic.
2858 5441 2915 5496 In
2943 5443 3074 5515 edit.
3101 5462 3202 5500 non
3233 5447 3480 5515 potuisse.
3771 5514 3774 5515 ν
3855 5481 3858 5486 ι

2354 5509 2598 5566 qNarrat
2645 5512 2912 5580 Sulpicius
2970 5514 3204 5571 Severus
3233 5509 3285 5570 in
3319 5518 3410 5573 lib.
3447 5534 3486 5572 ιι
3509 5517 3643 5573 Hist.
3669 5514 3853 5571 Ecclus.

2287 5581 2566 5637 Valentem
2613 5593 2668 5639 et
2714 5583 2997 5640 Ursacinm
3053 5588 3104 5641 in
3160 5587 3405 5645 Concilio
3471 5586 3855 5644 Mediolattensi.

2283 5663 2602 5722 ceterosque
2629 5657 2865 5730 Arianos
2896 5668 3030 5730 metu
3044 5659 3228 5727 plebis,
3248 5677 3360 5730 qute
3401 5659 3711 5717 catholicam
3727 5659 3858 5730 [idem

2286 5741 2402 5794 egre
2517 5727 2692 5781 studio
2723 5725 3077 5798 cortscrrabttt,
3097 5725 3368 5788 narrantes
3382 5733 3600 5807 piacula
3630 5725 3854 5804 ρνοβιθτίι
