4148 6186
407 237 506 296 781

1093 201 1183 292 or:
1223 234 1361 292 non
1402 231 1897 292 CONVENIENDO
1934 233 2079 290 con
2124 233 2517 292 IIA‘IRE'l‘lClS
2557 234 2764 292 LIBER
2804 235 3013 294 unus.

3602 236 3709 295 782

404 370 588 414 tueras
618 353 876 412 efﬁcere?
905 364 1028 408 cum
1056 365 1157 407 nos
1179 358 1370 406 contra
1394 359 1503 416 tua,
1535 357 1700 420 atque
1727 349 1896 417 patris
1930 349 2005 404 tui
2035 362 2088 423 Α
2113 359 2167 407 et
2185 351 2439 408 tenebras
2460 351 2529 408 de
2555 351 2794 422 vipereis
2815 351 3078 407 cordibus
3105 353 3471 410 evomueritis
3492 354 3713 409 vestris.

404 464 613 506 venena
644 445 940 502 armaverit
971 444 1164 500 beatus
1195 443 1435 508 Paullus,
1462 440 1651 497 dicens
1672 457 1685 496 :
1708 441 1826 495 Hoc
1842 442 2014 511 itaque

412 541 552 608 dico,
581 550 635 594 ut
681 554 828 592 nemo
875 551 967 591 vos
1017 535 1243 603 decipiat
1295 535 1348 587 in
1384 533 1702 588 sublimitate
1748 532 2016 587 verborum

405 631 632 702 (Coloss.
667 645 724 698 tt,
759 627 840 700 4).
870 627 939 682 Et
967 628 1195 682 iterum:
1236 624 1419 681 Videte
1437 626 1622 696 nequis
1639 623 1962 696 vosdecipiat
1989 633 2016 661 ι

411 741 501 797 per
521 722 904 796 philosophiam
927 728 974 774 et
1002 719 1208 773 inanem
1221 718 1567 773 seductionem
1597 715 1876 772 secundum
1907 731 2016 770 tra-

411 819 656 873 ditionem
679 817 968 882 hominum,
1018 814 1297 868 secundum
1329 813 1578 868 elementa
1599 812 1800 879 mundi,
1825 821 1869 866 et
1914 827 2020 866 non

410 911 687 966 secundum
709 906 999 974 Christum,
1030 906 1150 976 quia
1171 907 1224 960 in
1241 907 1356 974 ipso
1385 906 1637 961 inhabitat
1663 905 1825 960 omnis
1856 905 2021 976 pleni-

411 1005 534 1059 tudo
555 1002 842 1056 divinitatis
859 999 1200 1067 corporaliter
1222 996 1386 1071 (Ibid.
1412 999 1492 1069 8).
1513 999 1798 1066 thtnodo
1824 1009 2019 1069 potue-

411 1109 597 1152 ramus
626 1093 737 1148 illis
771 1093 990 1148 Arianis
1040 1093 1146 1146 tuis
1197 1091 1479 1162 sacrilegis
1532 1092 1784 1146 sensibus
1839 1091 2024 1146 verbis

408 1187 738 1244 sublimibus
761 1187 1108 1253 licetsetluci,
1135 1201 1258 1241 cum
1289 1187 1504 1240 inanem
1540 1195 1592 1240 te
1621 1185 2019 1256 philosophiam

413 1280 834 1353 cognoverimus
857 1277 1096 1334 habere?
1129 1279 1271 1334 unde
1299 1280 1462 1334 etiam
1491 1278 1684 1334 dulces
1697 1279 1773 1333 tui
1799 1287 2026 1348 possent

414 1387 538 1428 esse
566 1385 872 1436 sermones,
897 1384 1053 1439 quem
1073 1369 1658 1425 riderimustenentem
1677 1370 2023 1424 traditionem

417 1467 560 1534 Arii,
607 1480 713 1520 non
764 1465 1045 1521 beatorum
1095 1464 1525 1533 Apostolorum?
1569 1464 1786 1534 adquos
1828 1462 2028 1518 dixerit

416 1558 722 1628 iste,quem
756 1571 942 1627 negas,
976 1555 1120 1628 quod
1152 1571 1316 1612 verus
1347 1555 1416 1610 sit
1450 1557 1541 1611 Dei
1575 1555 1616 1612 Ε
1622 1556 1782 1610 ilius:
1831 1553 2027 1609 Euntes

421 1649 681 1720 baptizata
707 1647 737 1687 δ
763 1648 1030 1702 credentes
1055 1650 1106 1701 in
1127 1649 1334 1702 nomine
1356 1647 1556 1712 Patris,
1573 1656 1618 1702 et
1649 1646 1798 1713 Filii,
1825 1657 1869 1702 et
1902 1647 2027 1716 Spi-

417 1743 552 1797 ritus
611 1741 778 1796 sancti
856 1739 1074 1812 (Matth.
1131 1755 1319 1805 utin,
1377 1739 1491 1811 i9).

417 1837 684 1908 discipulo
757 1836 873 1890 Arii
945 1835 1422 1906 acquiesceretnns
1485 1833 1809 1899 Christiani,
1866 1833 2029 1888 dese—

420 1937 608 1984 rentes
634 1927 997 1998 apostolicam
1029 1926 1404 1995 traditionem,
1428 1941 1552 1982 cum
1577 1935 1633 1981 te
1683 1925 2029 1980 inveniamus

424 2020 634 2086 dicere,
665 2021 876 2075 Patrem
909 2036 1014 2074 non
1043 2036 1165 2076 esse
1191 2036 1380 2075 verum
1415 2031 1650 2090 patrem,
1696 2021 1789 2074 sed
1839 2020 2032 2090 appel-

423 2113 524 2169 lari
549 2112 798 2182 patrem?
829 2128 951 2167 eum
1007 2112 1184 2177 dicas,
1215 2128 1323 2167 non
1373 2112 1529 2167 illum
1583 2128 1773 2167 verum
1827 2112 2031 2166 habere

421 2207 642 2272 Filium,
667 2207 760 2263 sed
791 2205 991 2262 factum
1025 2221 1153 2262 esse
1181 2221 1252 2262 ex
1279 2207 1486 2261 nihilo?
1509 2217 1760 2262 sanctum
1789 2207 2027 2276 par-acle-

421 2309 534 2354 tum
559 2300 987 2365 Spiritum,cutn
1019 2298 1175 2354 dicas
1198 2299 1427 2354 totidem
1454 2309 1711 2354 constare
1729 2315 1793 2352 ex
1817 2298 2032 2352 nihilo?

422 2406 454 2446 e
483 2400 673 2446 contra
711 2402 733 2429 ο
767 2389 1051 2446 videamus
1093 2391 1390 2461 Apostolos
1417 2390 1718 2446 credidisse
1764 2393 1816 2443 in
1865 2405 2030 2444 unum

426 2483 595 2539 Deum
630 2483 848 2538 Patrem
883 2483 1320 2552 omnipotentem
1356 2498 1542 2538 verum
1604 2493 1837 2552 patrem,
1871 2498 2034 2553 prop-

424 2587 574 2632 terea
610 2591 800 2632 verutn
842 2587 1076 2646 patrem,
1105 2578 1252 2646 quod
1286 2591 1437 2641 vere,
1473 2592 1582 2630 non
1635 2577 1880 2646 putative
1938 2575 2030 2630 ba-

423 2669 548 2725 beat
576 2667 768 2733 ﬁlium,
803 2669 930 2724 etin
962 2668 1367 2723 unicumﬁliutn
1393 2667 1712 2738 ejusJesum
1731 2667 2029 2736 Christum,

425 2763 530 2819 hoc
557 2775 642 2819 est
674 2764 727 2818 in
755 2778 944 2819 verum
971 2763 1068 2819 Dei
1099 2762 1321 2830 Filium,
1352 2772 1407 2816 et
1431 2764 1482 2816 in
1507 2773 1755 2816 sanctum
1805 2761 2036 2830 paracli-

427 2871 540 2916 tum
572 2862 858 2932 Spiritum,
885 2862 940 2916 in
970 2876 1160 2916 verum
1193 2861 1290 2915 Dei
1319 2859 1605 2928 Spiritum.
1629 2858 1914 2926 Quomodo
1939 2875 2034 2928 po-

427 2963 606 3011 tuerat
635 2957 756 3025 quis
787 2956 861 3010 ita
885 2954 1228 3011 credentium
1257 2955 1597 3025 supplantari
1624 2969 1652 3009 a
1685 2953 1908 3010 diabolo
1934 2969 2036 3027 per

427 3058 482 3106 te
511 3048 625 3104 Arii
659 3049 1012 3119 blasphemia:
1041 3048 1416 3114 l'undatorem,
1446 3063 1571 3103 cum
1630 3047 1764 3102 ﬁdes
1815 3057 2034 3118 aposto-

2119 444 2362 514 Sperasti
2397 459 2495 500 nos
2524 444 2819 500 deﬂectere
2848 460 2876 498 a
2901 444 2985 500 via
3018 445 3290 514 veritatis,
3319 453 3591 517 tamquam
3609 460 3718 501 non

2118 541 2386 595 sciremus
2414 539 2808 610 praemonuisse
2836 540 3101 611 Spiritum
3118 550 3364 595 sanctum
3384 556 3477 610 per
3503 541 3719 597 beatum

2051 693 2053 696 η
2120 631 2366 687 Paullum
2400 632 2675 688 dicentem
2703 651 2716 686 :
2753 630 2923 688 Nemo
2953 649 3040 687 vos
3084 635 3353 688 convincat
3384 635 3562 688 volens
3609 631 3635 670 ιι
3666 637 3721 688 in

2119 723 2412 780 humilitate
2433 741 2612 780 sensus
2639 735 2689 780 et
2715 725 2967 796 religione
2995 726 3324 797 angelorum,
3352 742 3467 797 qute
3520 726 3726 781 uidetur

2120 814 2393 869 ambulans
2417 816 2526 869 sine
2571 833 2728 871 causa
2759 818 2972 886 inflatus
2999 833 3151 871 sensu
3181 818 3354 872 carnis
3386 834 3512 881 suta,
3548 829 3593 872 et
3618 835 3723 873 non

2123 916 2298 963 tenens
2327 919 2481 975 caput
2515 918 2539 945 θ
2572 925 2634 964 ea:
2656 925 2757 980 quo
2786 925 2936 962 omne
2979 925 3168 979 corpus
3201 926 3292 979 per
3335 927 3624 967 connexum
3678 923 3727 966 et

2123 1003 2537 1074 conjunctionem
2565 1002 2875 1072 productum
2904 1003 3088 1057 crescit
3117 1003 3168 1057 in
3211 1013 3550 1076 augmentum
3601 1005 3725 1073 fidei

2125 1093 2344 1164 (Coloss.
2383 1111 2441 1159 ll,
2481 1091 2591 1167 18).
2619 1094 2902 1162 Quomodo
2930 1103 2981 1149 te
2999 1094 3365 1150 ambulantem
3395 1097 3514 1151 sine
3537 1112 3724 1163 causa,

2125 1187 2314 1240 alitum
2337 1186 2607 1255 serpentis
2635 1201 2751 1253 ore,
2779 1185 2892 1240 Arii
2917 1185 3164 1240 inﬂatum
3191 1200 3356 1242 sensu
3386 1188 3570 1242 carnis
3625 1197 3730 1243 tua:

2126 1286 2374 1347 apostata
2411 1279 2430 1314 τ
2463 1277 2662 1332 factum
2685 1292 3204 1348 sequeremur,cum
3228 1277 3464 1347 apostoli
3488 1294 3734 1350 praecep-

2127 1381 2240 1424 tutu
2262 1379 2483 1440 cogeret
2514 1378 2681 1425 temet
2705 1370 2903 1424 vitari?
2933 1369 3131 1424 Dixisti
3156 1413 3169 1435 ,
3204 1370 3351 1439 quod
3379 1371 3530 1425 enim
3578 1371 3727 1438 pacis

2129 1477 2296 1517 causa
2342 1463 2601 1533 conjungi
2653 1462 2980 1519 desiderans
3024 1462 3197 1518 fueris
3227 1463 3732 1535 pseudoepiscopos

2130 1566 2296 1612 secta:
2322 1566 2428 1612 tuae
2453 1557 2642 1613 nobis:
2669 1557 2764 1612 sed
2788 1558 3062 1628 quomodo
3096 1556 3238 1612 istud
3270 1558 3447 1614 facere
3480 1568 3733 1629 potuera-

2133 1666 2277 1718 mus,
2305 1660 2487 1706 utnon
2531 1651 2719 1718 Deum,
2749 1650 2846 1706 sed
2879 1660 2930 1706 te
2947 1651 3067 1721 ejus
3092 1650 3734 1708 andiremusinitnicnnﬂ

1575 1738 1864 1808 Quomodo
1931 1737 2024 1794 tibi
2059 1761 2103 1820 Β
2133 1761 2241 1799 non
2273 1760 2462 1800 sumus
2488 1751 2549 1798 ut
2579 1758 2676 1798 vos
2701 1743 2988 1809 excordes,
3034 1755 3088 1798 ut
3123 1745 3216 1799 Dei
3243 1745 3412 1800 Deum
3469 1760 3735 1814 negemus

2138 1837 2359 1902 Filium,
2391 1837 2531 1892 sicut
2558 1845 2761 1907 negant
2790 1835 2964 1892 .ludtei
2995 1837 3258 1891 caecitatis
3290 1846 3491 1894 vestra:
3517 1839 3735 1908 partici«

2138 1925 2254 2001 pes,
2279 1947 2341 1985 ae
2359 1932 2528 1986 duces
2554 1941 2752 1986 vestrm
2803 1928 3232 1986 incredulitatis:
3262 1946 3494 2002 quorum
3539 1947 3734 2003 repro-

2135 2023 2371 2078 bationis
2392 2023 2703 2093 exemplum
2737 2023 2926 2076 beatus
2953 2023 3251 2078 ostendens
3267 2023 3490 2078 Paullus
3513 2025 3651 2078 dicit
3671 2027 3739 2082 ad

2139 2115 2396 2171 Hebrteos
2426 2115 2614 2181 (Hebr.
2649 2129 2728 2177 ut,
2760 2114 2854 2183 5):
2889 2113 2951 2168 Et
2983 2113 3190 2186 Moyses
3230 2116 3440 2183 quidem
3485 2116 3657 2184 ﬁdelis
3683 2119 3736 2170 in

2137 2218 2243 2264 tota
2269 2209 2423 2263 domo
2439 2209 2556 2278 ejus
2569 2216 2834 2276 tamquam
2859 2222 3036 2260 servus
3059 2208 3113 2260 in
3135 2209 3430 2263 testimonio
3449 2209 3660 2279 loquens
3687 2221 3734 2278 tt,

2138 2302 2374 2358 Christus
2431 2312 2602 2357 autem
2656 2311 2918 2369 tamquam
2948 2300 3092 2368 ﬁlius
3121 2302 3174 2354 in
3228 2303 3380 2356 domo
3425 2307 3564 2376 ejus,
3625 2320 3741 2375 qute

2137 2396 2323 2449 domus
2354 2411 2446 2448 nos
2468 2409 2670 2460 sumus,
2689 2394 2733 2447 si
2760 2403 2929 2447 tamen
2958 2391 3320 2448 liberalitatem
3343 2393 3369 2431 h
3388 2405 3434 2449 et
3462 2397 3740 2452 exultatio-

2136 2504 2251 2541 nem
2277 2488 2389 2556 spei
2403 2486 2740 2551 tenuerimus,
2761 2495 2973 2556 propter
2985 2484 3123 2555 quod
3153 2483 3167 2521 ί
3191 2485 3317 2540 dicit
3337 2485 3569 2556 Spiritus
3583 2506 3734 2543 sane"

2135 2589 2249 2634 tus:
2275 2579 2449 2634 Hodie
2468 2579 2512 2634 si
2536 2595 2708 2633 vocem
2731 2577 2843 2647 ejus
2870 2576 3165 2644 audieritis,
3215 2579 3376 2632 nolite
3429 2581 3733 2650 prtedurare

2137 2673 2294 2727 corda
2318 2683 2505 2737 vestra,
2532 2671 2666 2725 sicut
2687 2670 2740 2721 in
2762 2668 3158 2723 exacerbatione
3169 2671 3450 2725 secundum
3473 2673 3606 2727 diem
3631 2686 3743 2729 ten-

2138 2769 2347 2822 tationis
2378 2767 2432 2819 in
2460 2766 2684 2829 deserto,
2720 2762 2808 2816 ubi
2832 2771 3157 2816 tentaverunt
3187 2771 3361 2834 patres
3392 2767 3466 2817 tui
3495 2767 3549 2818 in
3582 2782 3740 2838 expc.

2099 2928 2104 2931 _
2135 2862 2372 2925 rimento,
2399 2869 2447 2913 et
2467 2860 2700 2913 viderunt
2723 2873 2880 2927 opera
2900 2872 3013 2910 mea
3040 2857 3386 2930 quadraginta
3409 2861 3579 2926 annis,
3603 2863 3745 2916 ideo-

2137 2970 2235 3026 que
2262 2968 2440 3023 perosa
2470 2952 2596 3005 mihi
2624 2967 2749 3024 gens
2779 2960 2872 3018 est,
2909 2960 2956 3004 et
2979 2951 3108 3018 dixi,
3133 2967 3335 3023 semper
3357 2965 3532 3008 errant
3563 2955 3749 3011 corde.

2139 3043 2237 3099 Isti
2258 3054 2427 3098 autem
2449 3058 2549 3097 non
2583 3050 2930 3113 cognoverunt
2961 3043 3068 3096 vias
3117 3059 3274 3108 meas,
3308 3045 3442 3098 sicut
3476 3047 3663 3115 jnravi
3687 3048 3742 3101 in

426 3145 534 3202 lica
565 3153 622 3201 et
643 3145 970 3200 Trinitatem
1001 3145 1332 3199 conﬁteatur
1361 3143 1682 3212 perlectam,
1735 3150 1790 3196 et
1817 3142 2031 3196 unicam
2063 3154 2108 3217 ρ
2139 3137 2219 3191 ira
2248 3152 2359 3190 mea
2381 3136 2425 3189 si
2446 3135 2710 3189 intrabunt
2733 3135 2788 3186 in
2811 3134 3041 3204 requiem
3069 3151 3255 3188 meam.
3296 3135 3494 3204 Videte,
3526 3142 3737 3206 fratres,

426 3239 686 3295 deitatem
711 3236 948 3292 fateatur
969 3236 1167 3305 Patris,
1203 3235 1426 3302 etFilii,
1456 3243 1512 3290 et
1535 3233 1774 3306 Spiritus
1823 3234 2028 3298 sancti;

429 3342 484 3390 et
507 3333 649 3399 Arii,
683 3331 786 3387 hoc
810 3342 893 3388 est
926 3343 1015 3386 tua
1048 3330 1392 3402 blasphemia
1427 3344 1532 3384 non
1570 3339 1776 3392 teneat,
1822 3328 1926 3382 nisi
1989 3326 2040 3382 id

427 3426 855 3496 quodplacuerit
881 3439 1009 3480 caro
1040 3421 1394 3479 tuodiabolo?
1425 3437 1547 3476 cum
1578 3431 1784 3475 tantutn
1814 3419 2034 3474 intersit

428 3518 574 3575 inter
605 3518 780 3573 beatae
811 3516 1077 3573 Ecclesia:
1105 3515 1269 3570 ﬁdem
1293 3523 1347 3570 et
1372 3513 1514 3568 inter
1543 3514 1794 3568 haeresim
1860 3523 2030 3576 tuam,

429 3621 696 3682 quantum
747 3612 893 3667 inter
942 3611 1121 3666 lucem
1169 3621 1335 3681 atque
1368 3609 1667 3665 tenebras?
1719 3609 1888 3664 Recte
1936 3622 2035 3663 vos

432 3704 644 3760 interea
673 3703 892 3759 dixi-ita
913 3710 1200 3773 separatos
1222 3717 1251 3756 a
1282 3702 1460 3768 nobis,
1503 3710 1563 3756 ut
1615 3701 1855 3755 tenebrae
1910 3707 2038 3753 sunt

431 3806 697 3870 separata:
724 3812 754 3852 a
786 3795 1012 3862 lumine,
1046 3795 1170 3866 quia
1200 3793 1319 3849 sitis
1349 3794 1695 3850 tenebrarum
1727 3792 1852 3847 lilii:
1885 3789 2032 3847 unde

432 3961 576 4013 intra
589 3956 845 4011 antatium
858 3968 920 4010 se
933 3967 1298 4024 congregasse
1317 3968 1332 4008 :
1348 3950 1530 4018 Illinc,
1551 3953 1721 4021 inquit
1732 3993 1746 4018 ,
1760 3953 2028 4019 epistolam

432 4030 528 4084 sub
555 4027 896 4097 Imperatoris
927 4027 1132 4080 nomine
1153 4026 1390 4097 emittunt
1412 4024 1552 4077 omni
1580 4026 1833 4097 pravitate
1863 4024 2028 4091 refer-

436 4095 654 4166 tam,co
673 4098 916 4153 nimirum
936 4097 1176 4163 consilio,
1202 4105 1257 4148 ut
1277 4096 1321 4148 si
1338 4111 1454 4148 eam
1475 4095 1633 4166 requis
1669 4095 1883 4148 auribus
1935 4111 2030 4166 po-

435 4173 589 4242 pulus
605 4169 888 4242 recepisset
904 4209 919 4234 ,
940 4169 1151 4238 publica
1185 4168 1493 4242 auctoritate
1505 4169 1685 4242 cupita.
1695 4170 2027 4242 proferrent;

433 4237 517 4296 sin
573 4237 743 4296 aliter'
782 4237 963 4309 fuisset
1015 4249 1228 4309 excepta
1255 4279 1268 4303 ,
1329 4239 1494 4291 omnis
1545 4237 1742 4289 invidia
1788 4245 1928 4309 esset
1975 4237 2028 4288 in

436 4329 555 4387 rege
577 4323 624 4365 et
654 4305 1052 4387 ipsa'uenialis:
1105 4305 1226 4387 quia
1272 4309 1428 4387 etiam
1478 4319 1587 4362 tum
1637 4305 2028 4387 catechumenos

435 4378 818 4440 saitrameittum
851 4381 974 4450 ﬁdei
1014 4378 1195 4434 merito
1249 4380 1502 4432 rideretur
1545 4383 1769 4448 potuisse
1813 4378 2025 4433 nescire.

437 4455 610 4528 Igitur
640 4455 822 4528 lectam
854 4456 907 4528 in
939 4453 1158 4528 ecclesia
1175 4451 1456 4528 epistolam
1484 4450 1709 4528 populus
1736 4459 2022 4528 auersatur.

437 4522 553 4582 lioc
583 4533 763 4580 autem
795 4523 1006 4578 fucinus
1035 4522 1250 4578 Lucifer
1275 4531 1485 4589 spectat
1539 4522 1641 4576 hoc
1672 4523 1722 4574 in
1774 4523 1916 4583 loco,
1974 4529 2028 4575 et

437 4598 748 4653 Constantii
778 4595 1062 4665 epistolam
1093 4595 1244 4648 edicti
1271 4595 1534 4665 vocabulo
1560 4594 1824 4665 nominat.
1851 4593 1925 4646 uti
1973 4593 2025 4646 in

441 4670 540 4723 lib.
569 4683 608 4722 ι.
642 4683 740 4737 pro
766 4663 829 4722 Si
855 4665 1054 4720 Athan.
1084 4676 1139 4722 et
1163 4667 1235 4737 iu_
1259 4665 1368 4737 lib.
1406 4663 1734 4737 Moriendum
1783 4680 1909 4737 ease
1932 4680 2026 4731 pro

439 4737 588 4794 Filio
611 4734 745 4804 Dei;
774 4740 867 4792 ubi"
894 4738 1072 4795 eidem
1099 4753 1158 4792 se
1184 4735 1469 4790 obstitisse
1500 4735 1672 4804 palam
1718 4739 1769 4789 in
1829 4734 2025 4804 palatio

440 4819 690 4865 testatur.
719 4809 852 4865 Vide
880 4824 1000 4880 qua:
1023 4809 1135 4864 illic
1157 4807 1660 4880 anin'tatlvertitnns.
1696 4807 1864 4880 Sienti
1894 4820 2025 4880 vero

439 4881 716 4948 Sulpicius
743 4878 979 4936 edictum
1003 4880 1126 4943 hoc,
1152 4894 1247 4934 seu
1268 4878 1548 4947 epistolam
1595 4879 1734 4931 omni
1779 4878 2027 4940 pravitate

439 4960 684 5024 refertam
715 4951 883 5007 fuisse
909 4951 1164 5016 afﬁrmat,
1196 4951 1266 5003 ita
1284 4948 1498 5024 Lucifer
1526 4950 1715 5024 scribit
1740 4949 1913 5002 omnia
1943 4964 2022 5002 tie--

440 5019 574 5079 uena
596 5023 1040 5078 Arionazhteresis
1072 5024 1124 5076 in
1179 5036 1240 5076 ea
1291 5020 1564 5074 contineri.
1612 5019 2023 5089 Hieronymusa

439 5094 606 5152 Prato
633 5095 689 5149 in
709 5097 851 5148 notis
872 5095 1196 5164 Sulpiciana;
1247 5091 1406 5164 Hist.
1443 5091 1702 5164 subjectis
1748 5090 2027 5144 contendit

440 5166 704 5221 adversus
726 5162 1152 5227 Tilletnontium,
1180 5163 1284 5216 hoc
1329 5162 1590 5216 Hilarium
1626 5165 1787 5217 etiam
1840 5177 2028 5230 reSpe-

441 5237 766 5308 xissetcnm
795 5239 844 5289 in
889 5237 983 5290 lib.
1013 5236 1081 5291 de
1107 5232 1341 5306 Synodis
1368 5248 1518 5287 nutn.
1553 5233 1621 5289 78
1653 5233 1769 5289 haec
1823 5233 2030 5288 scribe-

438 5316 527 5379 ret
551 5306 847 5379 :‘Homines
875 5308 1100 5379 perversi
1123 5322 1182 5359 eo
1207 5321 1364 5379 usque
1408 5315 1778 5379 proruperant,
1821 5314 1891 5379 ut_
1914 5321 2030 5379 cum

439 5377 563 5444 hoc,
592 5379 645 5434 id
671 5375 1032 5435 estArianum
1074 5377 1291 5447 dogma.
1321 5377 1418 5446 ipsi
1467 5377 1752 5448 prtcdicare
1802 5375 2025 5444 publice,

441 5451 497 5503 in
530 5451 772 5506 Ecclesia
799 5446 1335 5515 Mediolanensi,non
1353 5446 1620 5513 auderent,
1655 5446 2031 5515 Imperatorem

439 5531 615 5576 tamen
631 5523 870 5594 fallerent
891 5521 958 5574 ad
989 5521 1306 5594 audendum.
1343 5516 1672 5594 Fefellerunt
1700 5519 1839 5594 enim
1883 5518 2032 5585 igno-

442 5588 642 5647 rantem
672 5609 861 5664 regem,
886 5601 940 5646 ut
967 5591 1254 5664 istiusmodi
1284 5591 1515 5664 perﬁdia:
1539 5588 1697 5664 [idem
1719 5589 1863 5664 bellis
1886 5604 2034 5664 occu-

444 5674 597 5732 patus
621 5660 918 5734 exponeret,
948 5675 996 5719 et
1025 5663 1265 5734 credendi
1280 5660 1499 5734 formam
1535 5660 1780 5734 Ecclesia:
1808 5660 2034 5734 nondum

445 5728 773 5805 regeneratus
824 5739 1124 5804 imponeret.
1165 5728 1586 5805 Coniradicentes
1614 5728 1930 5801 ‘Episcopos
1966 5729 2034 5784 ad

444 5803 691 5863 exsilium
720 5803 1018 5877 coegerunt.
1051 5805 1219 5874 Idem,
1247 5815 1411 5876 atque
1462 5803 1759 5869 Pratensis,
1813 5816 2036 5860 sensere

2052 4633 2108 4695 D

2141 3247 2203 3285 ne
2231 3246 2354 3283 casu
2385 3230 2450 3284 sit
2477 3229 2532 3282 in
2556 3229 2734 3299 aliquo
2756 3236 2973 3282 uestrum
3003 3243 3092 3281 cor
3121 3228 3407 3297 malignum
3457 3230 3744 3286 increduli-

2137 3326 2254 3380 tatis
2289 3324 2302 3374 i
2341 3323 2651 3378 discedendo
2678 3340 2710 3376 a
2736 3321 2844 3376 Deo
2873 3323 3090 3387 vivente,
3117 3323 3206 3376 sed
3241 3325 3584 3379 consolamini
3624 3343 3738 3382 ross

2139 3416 2380 3486 metipsos
2406 3414 2636 3483 quotidie
2663 3413 2824 3467 donec
2854 3412 3006 3466 hodie
3031 3423 3244 3466 vocatur
3266 3412 3314 3482 ιε,
3330 3430 3393 3469 ne
3409 3417 3742 3486 prwduretur

2137 3510 2324 3577 aliquis
2351 3523 2414 3562 ea:
2441 3507 2579 3561 vobis
2607 3507 2660 3560 in
2687 3519 2861 3560 errore
2890 3506 3105 3576 peccati.
3125 3504 3418 3576 Participes
3441 3509 3574 3563 enim
3586 3509 3736 3566 Chri-

2135 3604 2202 3658 sti
2231 3602 2363 3672 [acti
2383 3617 2581 3665 sumus,
2607 3600 2654 3654 si
2673 3585 2884 3671 quidem
2913 3600 3228 3670 principium
3242 3602 3547 3660 substantia:
3577 3623 3738 3678 usque

2137 3695 2204 3748 ad
2221 3695 2376 3763 ﬁnem
2401 3693 2612 3762 ﬁrmum
2653 3692 2989 3744 tenuerimus.
3033 3690 3172 3744 Dum
3199 3693 3390 3746 dicitur
3414 3711 3432 3748 :
3469 3693 3642 3752 Hodie
3691 3701 3737 3754 si

2138 3801 2309 3841 vocem
2328 3802 2493 3840 nteant
2529 3783 2546 3822 ι
2568 3783 2862 3851 audieritis,
2887 3784 3044 3838 nolite
3065 3784 3367 3853 prcedurare
3379 3788 3538 3842 corda
3551 3801 3734 3859 vestra,

2131 3945 2572 4004 anteasblonacbi
2605 3945 2836 4003 Maurini
2865 3945 2920 4002 in
2954 3947 3240 4004 notatione
3257 3947 3388 4006 huic
3409 3951 3602 4012 Hilarii
3627 3964 3740 4013 tes-

2130 4020 2358 4074 timonio
2377 4019 2632 4086 ascripta.

2207 4099 2232 4127 ει
2272 4091 2424 4144 \‘ers.
2459 4090 2584 4143 Ant.
2611 4088 2844 4142 suadeat.

2203 4160 2231 4199 ι)
2260 4161 2418 4241 Veis.
2451 4163 2575 4214 Ant.
2603 4169 2780 4214 euntes
2809 4176 2930 4232 ergo
2961 4159 3142 4216 docete
3168 4180 3341 4221 omnes
3364 4177 3562 4239 gentes,
3607 4168 3731 4241 bap-

2134 4233 2344 4287 tizantei
2371 4237 2478 4294 e'os,
2507 4241 2603 4286 etc.

2209 4315 2230 4342 ι’
2271 4304 2335 4357 Et
2367 4312 2566 4357 contra.
2597 4303 2772 4358 Latin.

2137 4446 2173 4499 ν
2202 4372 2310 4428 tlIn
2326 4374 2632 4498 [cupiditate
2671 4385 2718 4426 et
2749 4376 3010 4446 religione
3041 4375 3377 4447 Angelorum,
3409 4396 3525 4448 quw
3575 4383 3722 4437 ridit.

2182 4461 2292 4499 crs.
2377 4464 2404 4498 η
2442 4487 2455 4499 .

2182 4461 2292 4500 crs.
2326 4455 2455 4499 Ant.

2209 4526 2231 4552 υ
2262 4517 2419 4571 Verg,
2454 4517 2584 4571 Αηι,
2615 4525 2770 4594 caput
2797 4514 3098 4594 Christum,
3127 4533 3192 4571 ex
3217 4534 3318 4586 quo
3343 4535 3494 4574 omne
3543 4538 3727 4594 corpus

2133 4603 2442 4660 connexum,
2464 4597 2509 4640 ct
2529 4587 3341 4660 conductionesubministratum,
3365 4601 3414 4644 et
3434 4587 3728 4660 prouectum

2131 4661 2308 4714 crescit
2333 4659 2387 4712 in
2413 4660 2781 4716 incrementum
2815 4659 2928 4711 Dei.
2967 4659 3091 4713 Haec
3108 4659 3283 4716 Graec.
3309 4658 3397 4729 ’Ἓξ
3437 4658 3506 4720 ὀὗ
3535 4672 3638 4722 πᾶν
3668 4670 3726 4725 τὸ

2136 4740 2289 4804 σῶμα
2309 4729 2394 4787 διὰ
2409 4737 2509 4804 rant
2531 4730 2667 4804 ἁφῷν
2693 4732 2772 4785 καὶ
2795 4729 3118 4803 συνδέσμων,
3139 4741 3244 4789 etc.
3263 4749 3384 4803 qua:
3398 4739 3731 4794 conveniunt

2133 4800 2314 4874 aptius
2340 4819 2461 4858 cunt
2489 4800 2660 4856 Lucil.
2699 4817 2841 4857 vers.
2990 4800 2998 4803 ⁷
3283 4800 3296 4803 “
3551 4803 3553 4806 ‘

2211 4875 2226 4911 ί
2262 4873 2425 4928 Forte
2455 4883 2771 4944 apostatam.

2206 4956 2231 4992 ε
2265 4945 2418 5020 vers.
2448 4949 2572 5020 aut.
2594 4944 2989 5020 loqttendorum.
3016 4945 3202 5020 Sabat.
3233 4949 3303 5002 ita
3334 4949 3459 5020 legit
3482 4950 3534 5005 in
3549 4948 3723 5005 Lucil.

2133 5016 2185 5070 in
2206 5015 2557 5088 testimonium
2587 5031 2766 5088 eorum
2787 5032 2901 5088 qua:
2929 5015 3146 5072 dicenda
3167 5030 3330 5073 erant.

2204 5085 2231 5123 ¹ι
2263 5086 2576 5156 Legendum
2605 5102 2726 5140 cum
2746 5085 2875 5143 δίη).
2902 5088 3209 5144 libertatem.
3247 5089 3402 5143 Vers.
3423 5096 3548 5148 Ant.
3577 5087 3730 5148 liber-

2133 5168 2308 5224 tatem,
2338 5168 2384 5211 et
2415 5158 2788 5213 exultationem
2841 5160 2951 5230 spei
2980 5176 3138 5230 usque
3166 5161 3234 5212 ad
3286 5161 3442 5230 ﬁnem
3495 5165 3725 5232 ﬁrmam,

2134 5240 2240 5286 etc.

2135 5373 2174 5429 S
2214 5302 2412 5386 {Sicut
2443 5301 2590 5370 dicit,
2625 5300 2780 5358 Vcrs.
2809 5303 2935 5356 Ant.
2966 5301 3120 5356 abest
3147 5312 3324 5357 tamen
3349 5304 3479 5359 sicut
3513 5322 3541 5359 a
3568 5305 3724 5363 Vers.

2181 5390 2348 5429 vrtac.

2179 5390 2348 5444 yrtac.

2211 5445 2222 5494 i
2266 5447 2396 5500 Cum
2420 5445 2632 5506 Graeco,
2663 5447 2906 5504 ἀπιστίας
2930 5445 2977 5496 ἐν
3005 5451 3079 5513 τῷ
3131 5445 3419 5503 ἀποστῆναι
3473 5449 3574 5504 ἀπὸ
3616 5453 3725 5506 θεοῦ

2136 5521 2342 5582 ζῶντος.
2395 5517 2546 5570 Vers.
2591 5515 2720 5568 Ant.
2769 5514 3075 5584 iniquitatis,
3117 5515 3411 5570 discedendi
3447 5535 3478 5571 (ι
3511 5519 3618 5575 Dco
3663 5525 3734 5576 vi-

2139 5599 2300 5641 vente.

2211 5658 2234 5732 If
2268 5660 2341 5732 Ex
2372 5657 2562 5732 Gr._e_co
2595 5657 2838 5712 καλεῖται.
2877 5655 3025 5711 Vers.
3061 5656 3184 5712 Ant.
3230 5662 3504 5732 vocatus;

2220 5728 2233 5766 ι
2277 5731 2429 5802 Ejus.
2463 5729 2616 5784 Vers.
2654 5732 2780 5783 Aut.
3469 5723 3482 5733 “
