4148 6186
502 220 608 276 785

1594 193 1913 257 LUCIFERI
1956 183 2261 251 EPISCOPI
2295 188 2712 247 CALARI‘I‘ANI

3652 192 3747 252 ’184

496 336 630 391 sicut
650 332 704 385 in
733 324 1141 385 exacerbatione.
1180 318 1406 385 Quidam
1436 314 1572 370 enim
1600 313 1782 367 audito
1815 320 1842 350 ι
1868 311 1965 365 hoc
1995 325 2097 364 non
2126 313 2180 374 Α
2203 310 2438 379 exemplo
2467 307 2809 363 contumacia:
2833 306 3042 361 cadant.
3104 305 3345 360 Vividum
3389 308 3516 361 enim
3563 312 3744 368 verbum

500 424 828 481 crediderunt
853 462 866 485 ,
896 417 987 473 sed
1012 432 1115 470 non
1142 428 1318 468 omnes
1368 410 1459 479 qui
1496 408 1732 463 exierunt
1763 406 1826 459 de
1865 402 2101 476 zEgypto

503 533 597 587 per
620 513 859 584 Moysen.
897 509 1000 575 Qui
1025 506 1053 544 ι)
1082 514 1255 559 autem
1278 502 1449 574 perosi
1472 502 1521 555 ei
1539 496 2104 571 fueruntquadraginta

500 609 693 665 annis?
726 622 828 660 non
856 604 909 657 hi
928 603 1013 672 qui
1036 607 1390 672 peccaverunt,
1423 610 1641 663 quorum
1656 592 1905 647 cadavera
1918 593 2105 661 jacue-

496 712 620 758 runt
646 702 698 755 in
728 697 1028 754 solitudine.
1063 692 1259 760 Quibus
1280 700 1455 745 autem
1474 688 1794 757 juravitnon
1819 686 2104 739 intraturos

500 798 558 851 in
583 793 811 864 requiem
833 804 1000 853 suam,
1031 787 1130 841 nisi
1157 796 1177 823 ε
1209 781 1635 837 contumacibus?
1662 788 1707 832 et
1735 778 1965 831 videmus
1986 774 2105 842 quia

504 905 609 943 non
638 891 913 958 potuerunt
942 882 1137 935 intrare
1165 885 1375 947 propter
1400 871 1838 928 incredulitatem.
1900 868 2107 922 Timeo-

505 999 620 1038 mus
644 983 818 1051 itaque
848 995 910 1033 ne
937 992 1059 1031 casu
1089 974 1114 1010 ά
1148 973 1395 1026 derelicto
1418 969 1662 1023 mandato
1690 970 1887 1022 intrare
1919 975 1942 1001 °
1983 963 2104 1033 qui-

507 1077 631 1131 dam
656 1083 879 1128 vestrum
908 1071 962 1123 in
986 1068 1214 1138 requiem
1238 1067 1351 1136 ejus
1379 1079 1479 1117 non
1493 1077 1641 1131 posse
1652 1061 1938 1115 videantur.
1962 1055 2106 1111 Nam

507 1178 556 1223 et
582 1165 945 1220 annuntiatum
967 1169 1040 1215 est
1067 1158 1234 1224 nobis,
1268 1153 1704 1227 quemadmodum
1728 1161 1774 1205 et
1790 1151 1968 1215 illis,et
2004 1165 2107 1203 non

508 1260 713 1333 profuit
740 1258 846 1312 illis
876 1254 1087 1309 verbum
1141 1251 1373 1315 auditus,
1408 1265 1511 1302 non
1547 1246 1564 1284 ί
1621 1254 1935 1315 temperatus
1987 1241 2111 1311 ﬁdei

507 1353 831 1409 auditorum.
888 1345 1212 1401 lntrabimus
1243 1351 1266 1389 8
1322 1342 1460 1395 enim
1503 1341 1553 1392 in
1601 1338 1828 1407 requiem
1856 1338 1967 1407 ejus
2019 1333 2109 1403 qui

507 1446 852 1507 credidimus,
877 1450 931 1494 ut
953 1439 1085 1493 dixit
1111 1454 1129 1491 :
1156 1435 1307 1491 Sicut
1329 1433 1507 1507 juravi
1536 1432 1589 1486 in
1609 1432 1690 1484 ira
1712 1445 1845 1493 mea,
1867 1428 1910 1480 si
1938 1427 2106 1479 intra-

508 1538 632 1592 bunt
656 1537 709 1589 in
742 1532 967 1603 requiem
994 1544 1180 1583 meam.
1218 1524 1285 1580 Et
1316 1542 1431 1579 cum
1460 1521 1692 1595 operaab
1721 1520 1918 1590 origine
1931 1517 2109 1572 mundi

508 1635 651 1700 facta
702 1635 843 1691 sunt,
878 1624 1009 1678 dixit
1041 1633 1213 1676 tamen
1260 1617 1453 1673 alicubi
1484 1617 1545 1669 de
1595 1615 1679 1669 die
1709 1613 1924 1684 septimo
1948 1628 1967 1665 :
2017 1609 2109 1665 Sic

2202 400 2321 467 Dei,
2350 410 2397 455 et
2424 399 2674 465 validum,
2699 409 2751 453 et
2778 409 2988 454 acutum
3017 398 3158 453 omni
3205 406 3229 432 ο
3257 396 3429 469 gladio
3457 401 3746 469 acutissimo,

2203 504 2249 548 et
2267 503 2539 565 penetrans
2565 507 2721 561 usque
2741 489 2809 543 ad
2833 489 3138 543 divisionem
3166 488 3351 544 animle
3374 498 3420 544 et
3444 490 3657 561 spiritus,
3677 510 3753 547 ar-

2204 595 2441 655 tuumque
2455 594 2503 638 et
2526 585 2891 647 medullarum,
2916 591 2964 638 et
2992 589 3249 636 scrutator
3271 580 3427 633 animi
3451 592 3493 635 et
3515 584 3757 655 cogitatio-

2207 680 2284 733 nis
2314 678 2509 745 cordis,
2537 686 2584 732 et
2612 694 2713 732 non
2739 685 2816 731 est
2846 676 2956 730 ulla
2983 674 3177 730 creatio
3205 690 3318 744 qua:
3346 689 3441 728 non
3468 685 3633 745 pareat
3657 688 3761 733 ante

2205 774 2389 829 illum:
2415 774 2591 828 omnia
2621 783 2793 827 autem
2818 771 2961 826 nuda
2991 782 3041 826 et
3070 778 3253 839 aperta
3284 769 3442 824 oculis
3490 773 3616 842 ejus,
3638 782 3663 820 ιι
3702 772 3761 825 ad

2205 884 2353 936 quem
2379 866 2522 921 nobis
2548 868 2680 921 ratio
2700 875 2777 921 est
2800 863 2848 933 (1
2858 864 2964 918 bid.
3000 862 3083 933 ιι).
3108 862 3244 918 Cum
3268 860 3386 917 111130
3416 862 3483 915 ita
3502 862 3625 928 sint,
3646 880 3765 932 quo-

2206 959 2369 1013 modo
2386 967 2630 1029 potuerat
2645 958 2767 1028 quis
2784 964 3027 1012 nostrum
3045 953 3276 1009 transire
3292 953 3357 1007 ad
3381 966 3472 1007 vos
3487 953 3537 1007 in
3566 954 3766 1022 perﬁdia

2208 1062 2491 1109 manentes
2509 1051 2861 1108 Judaeorum?
2888 1065 3007 1122 qua:
3032 1064 3214 1105 rerum
3240 1047 3378 1104 ratio
3392 1049 3636 1103 nosvobis
3653 1063 3767 1119 pos-

2207 1146 2277 1201 sit
2301 1146 2533 1216 jungere
2555 1142 2904 1200 Christianos
2929 1141 3167 1208 Ariauis,
3198 1155 3321 1196 cum
3346 1138 3635 1194 videremus
3680 1155 3769 1194 vos

2209 1252 2331 1294 esse
2359 1237 2510 1292 illius
2538 1236 2719 1307 gentis
2747 1234 3063 1290 imitationis
3096 1243 3123 1282 (ι
3152 1231 3430 1303 perﬁdiae?
3451 1230 3624 1302 dequa
3650 1246 3771 1301 quo-

2208 1329 2373 1386 modo
2403 1340 2626 1400 possent
2652 1342 2936 1399 emergere
2948 1325 3327 1397 confugientes
3338 1326 3405 1381 ad
3425 1324 3634 1381 domum
3654 1326 3769 1381 Dei?

2216 1431 2235 1458 ν
2270 1422 2323 1476 in
2350 1420 2577 1476 Actibus
2606 1422 2981 1491 apostolorum
3011 1418 3229 1474 locutus
3252 1418 3324 1471 ita
3355 1417 3427 1473 sit
3453 1416 3635 1472 Petrus
3665 1417 3775 1472 bea-

2212 1512 2459 1568 tissimus
2504 1511 2728 1566 dicens:
2781 1509 3148 1565 Paenitentiam
3188 1510 3348 1582 agite,
3405 1516 3457 1565 et
3506 1508 3772 1578 baptizetur

2213 1605 2565 1673 unusquisque
2591 1615 2815 1659 vestrum
2849 1604 2904 1657 in
2939 1603 3145 1657 nomine
3194 1602 3411 1657 Domini
3462 1603 3619 1658 nostri
3664 1601 3775 1657 Jesu

508 1698 558 1780 et
594 1722 839 1789 requievit
880 1718 1021 1773 Deus
1042 1718 1095 1769 in
1127 1715 1210 1770 die'
1255 1715 1473 1783 septimo
1502 1710 1565 1764 ab
1612 1707 1845 1764 omnibus
1868 1704 2106 1777 aperibus
2137 1704 2186 1764 B
2213 1699 2403 1755 Christi
2432 1702 2484 1753 in
2512 1701 2865 1779 remissionem
2891 1708 3242 1771 peccatorum,
3265 1710 3312 1753 et
3326 1698 3586 1771 accipietis
3606 1698 3777 1752 donum

506 1820 639 1874 suis.
666 1816 734 1872 Et
758 1813 787 1851 h
813 1814 867 1868 in
894 1813 992 1866 hoc
1016 1812 1229 1872 iterum,
1255 1808 1299 1861 si
1324 1805 1588 1860 intrabunt
1615 1803 1667 1855 in
1681 1800 1903 1871 requiem
1920 1813 2105 1851 meam.

511 1910 655 1984 Ergo
681 1911 803 1981 quia
829 1916 1065 1978 superest
1099 1904 1113 1941 ί
1141 1904 1457 1973 reliquorum
1476 1900 1673 1953 intrare
1708 1896 1763 1948 in
1788 1894 1957 1959 illam,
1983 1901 2029 1945 et
2053 1890 2107 1945 hi

504 2006 692 2077 quibus
724 2003 866 2070 prius
901 1998 1242 2070 praedicatum
1289 2003 1365 2048 est
1403 2008 1504 2046 non
1548 1992 1871 2042 intraverunt
1896 1994 2107 2055 propter

505 2094 914 2152 contumaciam.
945 2092 1147 2146 Rursus
1164 2087 1324 2141 aliam
1376 2083 1622 2153 praeﬁniit
1664 2082 1801 2134 diem
1844 2078 2018 2143 hodie,
2051 2076 2107 2130 in

506 2185 679 2243 David
691 2185 932 2250 dicendo,
958 2190 1073 2253 post
1096 2188 1298 2233 tantum
1319 2175 1565 2244 temporis
1588 2175 1718 2226 sicut
1740 2181 1889 2224 antea
1915 2170 2108 2222 dictum

504 2292 621 2337 est:
658 2277 830 2332 Hodie
856 2276 901 2328 si
919 2288 1095 2328 vocem
1112 2274 1226 2343 ejus
1256 2266 1552 2332 audieritis,
1608 2265 1766 2318 nolite
1809 2261 2109 2335 prtedurare

504 2374 670 2431 corda
695 2382 884 2432 vestra,
915 2367 1158 2437 quoniant
1186 2366 1231 2418 si
1252 2363 1406 2417 Jesus
1432 2362 1538 2415 illis
1572 2360 1583 2409 i
1618 2359 1843 2428 requiem
1859 2356 2105 2421 dedisset,

502 2472 611 2523 non
642 2465 705 2518 de
736 2462 761 2500 ιι
791 2462 899 2516 alia
921 2459 1158 2521 dixisset,
1204 2464 1408 2526 postera
1449 2451 1533 2504 die
1559 2466 1684 2521 ergo
1710 2456 1868 2503 restat
1911 2446 2109 2518 requies

504 2558 699 2631 populo
724 2556 845 2610 Dei.
869 2551 1073 2607 Etenim
1099 2548 1188 2620 qui
1214 2544 1429 2601 intravit
1455 2544 1509 2597 in
1531 2543 1755 2611 requiem
1772 2544 1909 2612 ejus,
1931 2550 1979 2593 et
2001 2539 2110 2610 ipse

502 2629 749 2722 requievit
771 2648 835 2702 ab
852 2645 1091 2717 operibus
1107 2643 1237 2709 suis,
1254 2642 1388 2695 sicut
1409 2656 1437 2691 α
1459 2637 1566 2691 suis
1586 2636 1726 2690 Deus
1748 2629 2104 2707 (Hebr.lv,i).

502 2746 643 2815 Quis
674 2753 785 2799 tam
814 2741 1038 2805 stultus,
1070 2746 1129 2792 ut
1156 2751 1280 2790 cum
1310 2732 1427 2786 hmc
1456 2728 1670 2801 legerit,
1693 2728 1811 2783 lucc
1838 2725 2112 2795 acceperit

501 2857 536 2896 ιι
565 2840 727 2895 beato
756 2833 1046 2905 Apostolo,
1071 2831 1337 2886 deserens
1368 2826 1529 2881 [idem
1562 2822 1939 2894 apostolicum,
1990 2834 2111 2875 sus-

503 2932 692 3002 cipere
725 2935 901 2984 tentet
928 2921 1221 2979 hieresim?
1274 2919 1410 2987 Quis
1439 2930 1563 2972 eum
1603 2928 1808 2986 negare
1863 2910 2106 2979 audebit,

505 3039 671 3096 quem
701 3019 884 3076 videat
932 3024 1195 3071 aeternam
1250 3011 1499 3080 requiem
1543 3006 1783 3061 tribuere
1828 3013 2109 3075 potentem

2213 1794 2449 1864 Spiritus
2470 1796 2655 1849 sancti.
2692 1794 2849 1849 Vobis
2875 1795 3015 1848 enim
3035 1803 3109 1849 est
3136 1793 3245 1847 haec
3275 1801 3296 1828 ⁸
3327 1793 3617 1865 promissio,
3663 1802 3705 1846 et
3726 1792 3780 1862 [i-

2212 1885 2297 1941 liis
2319 1888 2516 1953 vestris,
2551 1896 2597 1940 et
2623 1887 2860 1940 omnibus
2888 1887 2976 1957 qui
3001 1887 3155 1956 longe
3185 1895 3675 1956 sunt,quoscumque
3692 1883 3779 1937 ad-

2211 1983 2463 2037 vocaverit
2488 1981 2744 2035 Dominus
2770 1980 2912 2037 Deus
2939 1985 3136 2036 vestert
3167 1997 3185 2035 :
3207 1980 3329 2035 aliis
3344 1981 3497 2035 etiam
3514 1980 3667 2034 verbis
3680 1978 3784 2046 plu-

2210 2075 2357 2128 rintis
2382 2074 2769 2129 contestabatur
2789 2082 2816 2109 ιι
2843 2084 2892 2128 et
2916 2072 3288 2128 exhortabatur
3310 2089 3402 2128 eos
3428 2072 3597 2126 dicens
3628 2086 3646 2124 :
3678 2068 3785 2123 Eri-

2212 2168 2315 2236 pite
2337 2184 2423 2222 vos
2440 2185 2470 2221 a
2488 2167 2817 2237 generatione
2836 2166 2931 2220 ista
2946 2182 3105 2234 prava
3125 2165 3265 2235 (Act.
3290 2181 3352 2230 ll,
3374 2164 3488 2223 '58).
3521 2162 3628 2218 Nec
3650 2172 3760 2231 pote
3779 2190 3788 2202 -

2212 2260 2290 2316 ris
2302 2260 2503 2326 dicere,
2526 2276 2633 2316 non
2654 2276 2747 2316 vos
2764 2276 2886 2316 esse
2897 2260 3127 2315 Arianos
3140 2261 3546 2330 generationem
3567 2272 3780 2327 pravam,

2211 2354 2371 2409 sicuti
2386 2353 2586 2408 fuerint
2599 2368 2663 2409 ac
2676 2352 2989 2418 sintJudzei,
3005 2351 3429 2422 quandocernas
3449 2361 3569 2407 tunc
3581 2348 3783 2415 scribas,

2210 2445 2534 2515 pliarismos,
2564 2454 2619 2500 et
2653 2443 2926 2513 principes
2957 2442 3273 2499 Judarorum
3306 2442 3516 2499 idcirco
3548 2456 3663 2497 esse
3687 2439 3787 2495 dic-

2211 2545 2297 2592 tos
2326 2552 2487 2606 prava
2510 2536 2814 2607 generatio,
2841 2535 2985 2607 quod
3016 2536 3161 2592 enim
3188 2544 3244 2592 et
3271 2536 3375 2592 Dei
3399 2534 3664 2606 negabant
3704 2532 3784 2588 Fi-

2214 2629 2369 2696 lium,
2399 2639 2454 2686 et
2485 2646 2677 2685 omnes
2700 2630 2753 2685 in
2786 2630 2905 2701 ejus
2946 2630 3240 2686 credentes
3270 2630 3520 2687 divinam
3550 2628 3784 2699 majesta-

2212 2730 2319 2776 tcm
2346 2731 2843 2792 persequerentur:
2871 2737 3005 2789 non,
3039 2722 3283 2794 inquam,
3314 2722 3530 2795 poteris
3558 2722 3727 2778 dicere
3747 2728 3789 2775 te

2211 2824 2375 2887 atque
2402 2825 2634 2872 cunctos
2665 2817 2896 2872 Arianos
2925 2832 3032 2872 non
3055 2831 3179 2873 esse
3223 2818 3635 2888 generationem
3687 2828 3791 2885 pra-

2210 2925 2330 2965 vam
2350 2919 2407 2966 et
2432 2925 2768 2981 perversam,
2794 2910 3015 2981 quando
3042 2911 3158 2967 hinc
3177 2911 3298 2966 sitis
3312 2920 3600 2982 gerentes,
3622 2924 3732 2980 qua:
3746 2917 3795 2964 et

2213 3003 2325 3057 illi:
2359 3003 2407 3057 si
2441 3002 2514 3057 illi
2551 3003 2769 3058 fuerunt
2800 3003 3023 3059 unicum
3065 3013 3330 3076 negantes
3356 3003 3468 3061 Dei
3494 3004 3701 3067 Filium,
3728 3002 3788 3055 ita

506 3090 866 3175 credentibus
891 3125 950 3166 se
983 3106 1030 3176 ι,
1062 3116 1119 3163 et
1156 3105 1296 3161 velit
1324 3104 1377 3157 in
1409 3101 1560 3155 illum
1591 3097 1823 3154 credere
1851 3112 1975 3151 cum
2002 3110 2110 3165 quo
2137 3090 2182 3153 C
2214 3093 2393 3150 facitis
2422 3104 2477 3149 et
2499 3109 2631 3149 vos:
2662 3096 2706 3150 si
2738 3094 2820 3150 illi
2875 3096 3168 3167 perseeuti]
3196 3105 3325 3151 sunt
3353 3110 3555 3153 servos
3600 3104 3792 3150 interna:

505 3208 739 3280 incipiat
765 3205 819 3261 in
850 3212 1117 3260 aeternum
1170 3195 1392 3269 puniri?
1422 3193 1555 3261 Quis
1581 3200 1666 3247 est
1724 3189 1849 3245 talis
1898 3188 2002 3244 nisi
2053 3198 2109 3243 tu

507 3300 867 3362 Constantius
893 3296 1223 3365 Imperator,
1255 3289 1349 3360 qui
1374 3283 1727 3355 dereliquisti
1753 3281 1968 3337 Domini
1991 3294 2114 3336 cas—

506 3406 613 3462 tra,
646 3405 700 3450 et
732 3393 1025 3447 transitum
1053 3383 1234 3441 fecisti
1259 3382 1325 3436 ad
1358 3377 1564 3436 diaboli
1589 3375 1854 3431 domum?
1884 3373 2002 3429 Non
2017 3372 2113 3428 de-

504 3488 748 3558 legimus
775 3481 992 3544 ardere,
1026 3476 1188 3533 sicuti
1222 3484 1280 3529 tu
1301 3470 1549 3542 delegisti
1580 3483 1707 3523 cum
1733 3475 1982 3521 amatore
2014 3477 2111 3519 tuo

507 3581 757 3645 diabolo,
785 3574 881 3632 sed
912 3575 964 3628 in
998 3569 1244 3641 requiem
1278 3576 1601 3637 perpetuam
1633 3564 1841 3617 intrare
1884 3558 2108 3613 festina-

508 3685 825 3743 mus,quum
841 3678 882 3705 ιιι
900 3676 992 3722 tua
1009 3663 1207 3718 astutia
1227 3671 1580 3731 patueramus
1592 3655 1798 3725 capi,et
1816 3667 1845 3706 a
1860 3652 1941 3706 via
1962 3651 2109 3706 ﬂecti

501 3769 780 3832 veritatis,
805 3759 1024 3834 quando
1075 3757 1253 3813 adhuc
1287 3756 1539 3809 hortetur
1569 3748 1875 3820 Apostolus
1902 3745 1969 3800 ad
2022 3760 2112 3800 re-

506 3864 691 3935 quiem
720 3850 1297 3929 comprelieudendam
1323 3857 1587 3903 :eternam
1626 3842 1843 3899 dicens:
1875 3838 2112 3895 Festine-

507 3934 628 4013 mus
646 3954 1023 4027 igiturintrare
1043 3949 1097 4002 in
1114 3946 1265 4001 illam
1287 3942 1603 4013 requiem,ne
1619 3936 1784 4007 aliqui
1808 3936 1863 3990 in
1884 3943 1911 3971 υ
1932 3934 2111 3990 eodem

584 4141 609 4167 ι·
642 4128 834 4185 Audito
865 4120 1311 4178 exacerbaverant.
1338 4114 1476 4171 Ead.

583 4200 611 4241 ι)
641 4182 837 4267 Quibus
865 4206 1034 4249 autem
1063 4202 1124 4267 et_
1141 4186 1474 4267 perosusnfuit
1501 4182 1732 4267 xn'annis
1756 4182 1863 4236 ?...
1881 4194 2103 4267 quorum

511 4291 626 4329 ossa
645 4253 965 4331 ceciderunt,
990 4253 1519 4331 etc.l§adem.Grtpc.
1551 4255 1728 4331 Xeles.
1752 4254 1893 4323 apud
1915 4253 2100 4310 Sabat.

511 4325 676 4401 hibet
704 4325 983 4413 πτὼματοί.
1031 4335 1300 4413 cadavera,
1325 4339 1408 4413 ,ιιι
1435 4325 1670 4413 Lucifer;

864 4394 906 4465 si
927 4394 1129 4498 pri‘roi;
1155 4403 1617 4467 ἀπειθήσασι,(ῑυιιι
1640 4395 1814 4453 Lucii.
1834 4394 1958 4451 Nisi
1984 4411 2109 4450 con-
2137 4438 2191 4498 Ι)

518 4499 763 4543 tutnaces.
797 4482 953 4537 Vers.
987 4483 1115 4533 Aut.

588 4540 821 4613 diGraec.
856 4559 925 4627 μὴ
952 4570 1101 4627 iro-re.
1132 4545 1269 4627 Casu
1295 4543 1569 4627 omittitur
1590 4542 1643 4596 in
1670 4540 1828 4623 Vers.
1880 4540 2008 4627 A‘nt.

589 4641 612 4669 ε
647 4610 931 4682 intrarent
953 4621 1178 4691 requiem
1207 4618 1318 4687 ejus
1368 4614 1651 4686 neglexisse
1691 4615 1806 4682 quis
1850 4610 2108 4664 videatur.

600 4716 672 4754 rs.
708 4701 835 4752 Aut.

514 4701 1013 4827 ve{s6tt?t:'térmCO,
1044 4762 1070 4818 ὁ
1098 4762 1251 4834 λόγος
1271 4763 1341 4831 μὴ
1371 4755 1800 4834 σ’ψγκε»φαμιένέιρςι
1821 4768 1990 4834 sermo
2011 4769 2112 4806 non

514 4822 849 4912 temperans.
875 4822 1065 4890 Latine
1082 4822 1214 4912 vero
1240 4822 1678 4912 lifgclntll'IIIIUlll
1711 4824 1841 4912 S‘ub.
1866 4841 1930 4908 es
1954 4822 2110 4912 Vers;

512 4894 1056 4980 Kiit'svtemperatum,
1091 4902 1216 4980 scil.
1260 4894 1487 4953 verbum.
1525 4897 1668 4980 Mss.
1702 4896 1918 4980 plurimi
1972 4894 2111 4963 apud

513 4967 768 5042 eumdem
797 4967 866 5053 ξιὴ
896 4975 1358 5053 σςυγκεκραιεέγους,
1384 4987 1488 5053 non
1516 4976 1850 5053 temperqtos.‘
1882 4967 2114 5053 Praeter-

515 5036 871 5113 éé'in've'rs'.
903 5036 1029 5105 Αιῖι.
1061 5036 1267 5114 curm
1298 5057 1393 5111 pro
1413 5041 1558 5111 ﬁdei,
1591 5036 1736 5109 quod
1767 5037 1930 5093 habet
1956 5036 2117 5092 Luci-

518 5128 602 5184 fer
638 5143 761 5182 cum
785 5124 978 5179 Graeco
998 5126 1062 5184 τῇ
1087 5122 1284 5172 πίστει.

593 5208 617 5246 8
645 5177 914 5253 intramus
941 5179 1074 5245 enim
1101 5189 1155 5241 in
1187 5185 1435 5256 requiem,
1485 5183 1575 5253 qui
1630 5180 1909 5236 credimus.
1954 5177 2110 5233 Vers.

517 5272 710 5394 Angit
735 5340 790 5393 in
819 5338 914 5391 hoc
936 5336 1119 5389 iterum
1146 5329 1220 5384 sic
1243 5343 1262 5383 :
1286 5326 1375 5391 Et,
1394 5334 1502 5381 etc.
1524 5322 1662 5379 Ead.
1686 5321 1781 5377 sed
1796 5320 1972 5377 Graec.
1990 5335 2113 5375 cum

518 5412 693 5467 Lucil’.
729 5414 815 5467 καὶ
842 5412 890 5463 ἐν
921 5410 1087 5477 τούτῳ
1120 5402 1301 5458 πάλιν·
1336 5402 1379 5452 εἰ
1405 5407 1511 5477 etc.

599 5463 897 5551 {Superest
935 5463 1199 5551 reliquos.
1235 5511 1263 5551 ._
1290 5510 1301 5521 .
1362 5469 1665 5551 pra’dictum
1714 5474 1789 5551 est
1819 5463 2113 5551 ,“Eadem.

520 5536 745 5604 Lucifer:
771 5568 835 5603 ex
861 5536 1075 5609 GI'tBt'u;
1107 5547 1190 5616 mi
1218 5542 1265 5596 oi
1291 5536 1534 5616 fpétsp‘ov
1562 5536 2023 5610 εὐαγγελισθέντες.

604 5624 617 5666 1
655 5623 841 5679 Αὐτοὺς
873 5621 925 5671 in
952 5618 1130 5672 Gratc.
1165 5612 1257 5666 Illi
1291 5610 1599 5664 Veisznt.

598 5684 728 5736 “De
780 5676 895 5740 aliis
950 5687 1076 5754 legit
1122 5685 1308 5754 subat.
1360 5679 1534 5754 Graec.
1586 5683 1707 5754 περί
1756 5676 1907 5741 ἄλλης
1963 5679 2115 5754 ιιι

521 5760 712 5812 nostra
737 5754 869 5809 edit.
894 5754 971 5809 De
989 5749 1113 5810 alio.
1146 5751 1307 5808 Vers.
1338 5750 1485 5825 Ant.
1519 5752 1574 5810 in
1621 5749 1726 5822 qua
1768 5760 1974 5822 postera
2032 5749 2119 5804 die

2213 3185 2519 3242 clementia:
2541 3185 2681 3257 ejus,
2714 3186 3102 3258 persequimini
3134 3190 3300 3243 etiam
3323 3203 3454 3243 vos.
3497 3186 3631 3255 Quid
3652 3185 3792 3256 igitur

2213 3288 2530 3350 oportuerat
2551 3293 2653 3334 nos
2704 3277 2905 3347 facere,
2958 3277 3065 3334 nisi
3115 3278 3427 3335 secundum
3477 3277 3620 3335 Petri
3668 3272 3789 3331 beati

2215 3381 2549 3443 praeceptum
2588 3369 3029 3427 recederemusa
3079 3371 3231 3427 vobis
3282 3370 3614 3442 sacrilegis?
3657 3365 3790 3425 Unde

2214 3465 2357 3521 enim
2388 3464 2665 3519 vobiscum
2690 3472 2907 3534 poterat
2935 3462 3275 3519 convenire?
3305 3478 3439 3519 cum
3463 3461 3657 3518 dixerit
3697 3457 3792 3513 Do-

2216 3560 2397 3615 minus
2421 3559 2473 3613 in
2498 3558 2800 3629 Evangelio
2821 3575 2833 3610 :
2856 3557 3310 3613 Attenditevvobis
3338 3574 3376 3611 a
3408 3558 3653 3629 fermento
3668 3550 3791 3607 Pha-

2213 3655 2480 3708 risaeorum
2494 3667 2610 3723 quin
2625 3650 3000 3722 esthypocrisis
3015 3648 3168 3717 (Luc.
3184 3664 3282 3709 xu.
3300 3646 3381 3721 Ι).
3400 3647 3681 3718 Quomodo
3703 3657 3789 3715 po-

2212 3752 2492 3799 tueramus
2509 3741 2563 3797 in
2584 3758 2692 3797 uuo
2708 3741 2870 3796 esse?
2890 3755 3012 3796 cum
3029 3739 3327 3796 Corinthiis
3348 3740 3602 3797 scribens
3620 3732 3795 3792 dixerit

2213 3838 2408 3894 beatus
2425 3836 2723 3907 Apostolus
2743 3854 2755 3890 :
2785 3834 3010 3889 Omnino
3027 3834 3389 3890 auditurinter
3409 3851 3499 3890 vos
3518 3828 3793 3905 fornicatio,

2213 3940 2261 3986 et
2283 3932 2402 3985 talis
2430 3929 2705 3999 fornicatio
2721 3928 2886 3998 qualis
2908 3943 3000 3983 nec
3020 3928 3154 3983 inter
3196 3928 3501 3997 gentes,'ita
3513 3936 3569 3981 ut
3605 3936 3796 3981 uxorem

2215 4106 3066 4233 cumlverboLdiicissetjungitur,
3110 4106 3219 4164 alio
3246 4121 3415 4165 sensu
3454 4122 3517 4164 ac
3541 4107 3596 4163 in
3637 4101 3795 4162 Lucii.

2342 4229 2346 4233 .
2378 4198 2410 4233 η
2437 4197 2511 4233 δαῒ.
2582 4196 2609 4232 a
2645 4196 2721 4233 Ill.

2342 4190 2410 4233 ,ιη
2437 4197 2511 4233 se.
2536 4190 2721 4233 Lattn.

2286 4263 2323 4289 ιη
2358 4253 2525 4317 Quam
2575 4267 2693 4305 cum
2726 4260 2834 4305 tua.
2868 4250 2975 4307 Til.
3013 4250 3305 4318 Quomodo.
3365 4250 3549 4306 Latin.
3604 4248 3694 4305 sed
3736 4260 3794 4303 ex

2216 4333 2445 4395 utroque
2474 4323 2550 4377 ita
2573 4338 2763 4377 sensus
2788 4323 3231 4395 interrogationis
3262 4321 3407 4378 efﬁci
3441 4332 3799 4393 poteshquant

2215 4413 2333 4451 cum
2360 4394 2448 4450 tua
2472 4395 2663 4448 astutia
2689 4394 2945 4465 quomodo
2973 4404 3078 4449 etc.

2288 4468 2488 4536 nLegit
2518 4464 2707 4522 Saliat.
2764 4467 2817 4519 in
2861 4468 2996 4536 idem
3035 4465 3351 4534 exemplum.
3405 4464 3589 4522 Editio
3632 4468 3800 4536 nostra

2216 4554 2338 4595 cum
2360 4534 2458 4613 Gr.
2493 4539 2539 4589 ἐν
2565 4544 2638 4609 τῷ
2660 4539 2797 4613 αὐτῷ
2821 4535 3224 4613 παραδείγματι,
3255 4548 3308 4591 et
3340 4553 3465 4613 cum
3502 4536 3658 4591 Vers.
3681 4534 3796 4588 Alli.

2216 4608 2559 4682 qumhabet,
2588 4608 2651 4660 ne
2673 4608 2927 4676 aliquisf.
2963 4646 2978 4658 .
3015 4648 3027 4660 .
3052 4608 3214 4682 cadat
3238 4625 3270 4660 a
3290 4611 3529 4682 veritate.

2290 4691 2314 4717 ο
2337 4680 2668 4758 βιῷθίιύπέρ
2689 4686 2867 4758 πᾶς-αν
2895 4681 3164 4758 μάχαιραν
3193 4678 3455 4758 diaconos.
3493 4677 3650 4758 Yers.
3683 4676 3799 4758 Atti.

2216 4752 2356 4807 omni
2383 4750 2558 4819 gladio
2584 4747 2953 4817 acutissimum,
2971 4747 3032 4803 ’ἐι
3070 4747 3522 4805 Ξεενιιιαιονάιιίηιὶ
3549 4757 3598 4802 et
3624 4747 3802 4818 cogita-

2218 4824 2367 4878 tionis
2391 4822 2581 4876 cordis.

2290 4905 2315 4943 ι)
2341 4893 2408 4949 Ut
2440 4893 2506 4971 in
2526 4892 2739 4971 Graeco,
2760 4892 2965 4971 πρὸεόγ
2986 4897 3102 4971 sua
3123 4893 3148 4950 ὁ
3169 4894 3336 4971 ᾎὸγος.
3362 4894 3527 4971 Vers.
3555 4892 3679 4971 Ant.
3696 4895 3804 4971 gnte

2217 4981 2367 5092 qufent
2389 4963 2530 5019 nobis
2561 4968 2728 5020 oratio
2749 4959 2837 5021 esi.
2870 4959 3058 5021 Sabat.
3089 4959 3411 5037 legit'oratio
3441 4964 3611 5022 etiam
3637 4963 3688 5017 in
3710 4959 3803 5015 Lu-

2218 5054 2266 5092 CI
2298 5078 2311 5091 .

2218 5054 2311 5093 Cll.

2293 5119 2318 5158 (ι
2343 5108 2665 5162 Imitatores.
2699 5107 2880 5165 Lalin.
2913 5115 2969 5164 et
3008 5107 3112 5163 Til.

2293 5190 2315 5217 τ
2348 5181 2531 5241 Forte.
2566 5196 2682 5232 cum
2704 5180 2780 5243 in,
2809 5187 2918 5235 etc.

2292 5260 2312 5283 ³
2346 5250 2480 5304 Cum
2505 5252 2668 5317 Cypr.
2695 5252 2856 5318 epist.
2888 5251 2976 5306 75.
3006 5250 3298 5307 Vers.Ant.
3320 5249 3458 5306 vobis
3472 5250 3611 5305 enim
3642 5254 3799 5301 estre‘

2292 5322 2515 5375 mnissio.
2540 5319 2715 5375 Graec.
2746 5323 2775 5375 ἡ
2806 5324 3100 5375 ἐπαγγελία.

2219 5324 2515 5393 promissio.
2540 5324 2715 5375 Graec.
2746 5324 2775 5379 ἡ
2806 5324 3100 5396 ἐπαγγελία.

2296 5394 2313 5429 ί
2349 5392 2560 5446 Noster.
2598 5392 2771 5446 Latin.
2800 5410 2920 5449 cum
2954 5396 3104 5449 νοτε.
3137 5394 3263 5449 Ant.
3300 5394 3364 5449 Et
3398 5392 3562 5461 Vulg.

2290 5472 2318 5501 u
2343 5464 2518 5543 Gru'c.
2553 5463 2921 5543 διεμαρτύρετο
3057 5467 3346 5543 «neptunia.
3380 5459 3582 5543 Αὖτρξις
3612 5459 3805 5543 addunt

2220 5550 2353 5591 mss.
2382 5537 2564 5605 plures
2590 5535 2730 5605 apud
2763 5535 2947 5591 abba.
2982 5535 3141 5591 Versl
3196 5538 3323 5593 Ant.
3380 5538 3688 5603 testiﬁcatus
3737 5535 3802 5582 es!

2220 5618 2268 5660 et
2290 5609 2678 5669 exhortabaur,
2703 5608 2876 5661 dicens
2899 5624 2917 5661 :
2946 5608 3239 5675 salvamini,
3259 5616 3367 5663 etc.

2252 5749 2264 5760 _
2293 5688 2318 5713 ν
2351 5677 2868 5760 βιξῳοκπρρςέχετε.
2895 5678 3049 5760 νξιδ.
3083 5680 3425 5760 Anu-favete,
3457 5687 3721 5760 εμπ-φα
3738 5675 3803 5722 ι’δί

2220 5749 2497 5831 simulatio.
2527 5746 2895 5831 Lucil'er'cum
2924 5748 3151 5811 Tertull.
3187 5749 3278 5807 lib.
3306 5767 3377 5806 tv.
3402 5746 3533 5804 adv.
3563 5746 3725 5803 Marc.
3792 5789 3801 5811 ι
