4148 6186
412 298 514 362 785

1096 306 1185 365 DE
1220 306 1362 366 NON
1398 305 1887 368 CONVENIENDO
1924 308 2073 370 CUM
2112 311 2509 374 HERETICIS
2548 314 2752 373 LIBER
2784 316 3001 377 ‘UNUS.

3598 324 3702 381 786

406 415 573 486 patris
602 415 791 487 aliquis
818 418 1023 486 habeat,
1056 426 1104 473 et
1130 434 1218 473 vos
1250 420 1422 488 inﬂati
1444 421 1589 487 estis,
1613 431 1660 475 et
1688 438 1789 476 non
1835 424 2006 494 potius
2035 427 2087 486 Α
2111 424 2425 497 Cujusmodi
2449 428 2532 484 vis
2560 428 2750 502 fugere
2778 446 2879 488 nos
2899 432 3102 490 debere
3124 434 3582 493 fornicationem?
3604 438 3711 508 Qui

406 508 606 562 luctum
636 509 908 574 habuistis,
942 521 998 565 ut
1053 512 1319 567 tolleretur
1341 530 1367 567 e
1415 513 1588 568 medio
1624 528 1869 582 vestrum,
1918 518 2007 587 qui

407 600 505 657 hoc
549 620 675 675 opus
704 604 824 675 fecit
877 603 944 676 (ll
991 602 1113 659 Cor.
1152 620 1204 659 v.
1259 605 1336 676 1).
1399 606 1455 662 Si
1507 608 1670 679 igitur
1715 610 2007 680 Apostolus

408 695 719 767 hujusmodi
751 714 887 767 opus
925 708 1246 769 operantem
1270 700 1496 769 jusserit
1551 702 1668 756 tolli
1717 719 1748 759 e
1802 703 2005 769 medio,

408 804 477 844 ne
503 789 753 846 videlicet
782 805 884 861 per
916 791 1061 846 illius
1081 792 1397 847 societatem
1420 794 1596 847 omnis
1621 808 2006 862 corrumpere-

410 890 497 935 tur
526 880 781 947 ecclesia,
808 891 1018 953 quanto
1047 884 1218 953 magis
1244 883 1466 953 dignum
1502 885 1699 952 fuerat,
1724 901 1820 941 vos
1858 887 2008 959 luge-

410 988 593 1029 remus
608 972 961 1044 blasphemos
979 975 1003 1028 ?
1018 975 1064 1029 si
1089 976 1238 1030 illum
1261 976 1551 1032 tradidisse
1575 990 1777 1034 satana:
1797 988 2003 1047 narrat,

406 1078 611 1138 quanto
641 1069 815 1138 magis
842 1076 971 1124 tunc
996 1084 1095 1125 vos
1110 1069 1221 1139 jam
1255 1070 1480 1127 traditos
1505 1087 1628 1129 esse
1657 1074 1798 1128 scire
1839 1074 2006 1130 debe-

408 1159 724 1231 tis,quando
755 1160 846 1216 Dei
875 1162 1155 1231 cmperitis
1184 1178 1383 1233 negare
1397 1163 1633 1219 Filium?
1663 1162 1776 1236 Ego
1796 1166 2004 1236 quidem

404 1256 540 1310 sicut
570 1255 750 1309 absens
780 1271 1255 1327 corpore,prtesens
1275 1267 1300 1295 ⁸
1328 1269 1500 1313 autem
1530 1260 1712 1330 spiritu
1727 1263 1845 1330 jam
1851 1259 2003 1331 judi-

408 1352 521 1406 cavi
549 1361 606 1406 ut
642 1368 867 1423 presens
898 1368 1013 1407 eum
1028 1352 1116 1421 qui
1138 1354 1212 1407 sic
1225 1364 1465 1426 operatus
1492 1366 1565 1407 est
1593 1354 1647 1407 in
1664 1354 1869 1408 nomine
1901 1351 2005 1408 Do-

408 1444 537 1497 mini
572 1442 735 1513 Jesu,
784 1446 1112 1517 congregatis
1148 1446 1287 1500 vobis
1344 1456 1393 1501 et
1450 1447 1635 1518 spiritu
1684 1462 1833 1510 tneo,
1886 1462 2004 1499 cum

404 1537 591 1591 virtute
620 1536 1012 1593 Domininostri
1059 1537 1409 1595 Jesutradere
1427 1539 2003 1613 hujusmodihominem

406 1628 433 1668 δ
457 1640 656 1685 satanas
679 1630 735 1684 in
756 1631 1021 1686 interitum
1051 1634 1242 1698 carnis,
1273 1643 1327 1687 ut
1372 1634 1587 1704 spiritus
1638 1632 1811 1687 salvus
1832 1634 1898 1687 sit
1950 1635 2004 1687 in

405 1723 487 1778 die
511 1721 726 1779 Domini
757 1725 922 1778 nostri
964 1724 1091 1780 .lesu
1114 1725 1325 1782 Christi.
1360 1725 1507 1781 Bona
1536 1737 1557 1765 α
1587 1728 1833 1798 gloriatio
1886 1744 2002 1784 ves-

2109 521 2253 575 enim
2286 530 2486 590 prmtcr
2511 540 2761 591 uxorem,
2790 527 2955 581 aliam
2976 539 3161 598 petere
3186 531 3443 597 voluerit,
3469 532 3711 589 fornica-

2108 612 2223 669 rius
2248 614 2466 670 dicitur.
2497 617 2627 672 Item
2651 619 2741 686 qui
2769 619 2932 674 idolis
2966 622 3242 688 servierit,
3273 622 3574 679 fornicatus
3619 626 3709 680 di-

2106 706 2576 778 citurzquoniam
2609 711 2830 781 quidem
2890 713 3061 770 Deum
3120 715 3510 790 derelinquens
3563 718 3709 773 idola

2109 795 2417 853 adoraverit
2443 818 2455 852 :
2483 799 2740 856 similiter
2763 806 2852 873 qui
2884 802 3175 862 htereticus
3220 818 3326 875 est,
3380 808 3712 866 fornicatius

2106 900 2349 945 vocatur.
2374 892 2617 959 Quodvis
2644 894 2712 949 de
2740 896 2825 949 Itis
2855 912 3125 966 cognosce
3146 903 3370 969 gravius
3429 916 3554 956 esse
3592 903 3703 957 cri-

2107 997 2254 1046 men,
2288 982 2604 1039 bacreticum
2636 987 2778 1051 ﬁeri,
2807 987 2973 1045 idolis
2994 992 3229 1056 servire,
3261 1007 3330 1046 an
3359 994 3714 1049 committere

2105 1078 2401 1133 secundum
2442 1095 2662 1135 carnem
2693 1080 3065 1137 adulterium?
3092 1084 3230 1151 Quia
3257 1100 3392 1155 ergo
3414 1085 3530 1141 sive
3570 1101 3707 1155 gen-

2109 1172 2254 1238 tiles,
2286 1174 2401 1229 sive
2421 1189 2519 1229 vos
2544 1174 2783 1231 ltmretici
2811 1175 3136 1232 idololatres
3172 1177 3191 1214 ί
3243 1178 3511 1245 dicimini,
3560 1190 3714 1236 utra-

2107 1283 2213 1337 que
2252 1281 2375 1337 pars
2392 1268 2756 1324 idololatriam
2785 1271 2853 1324 sit
2880 1285 3101 1341 gerens,
3123 1287 3350 1328 necesse
3377 1285 3491 1329 est:
3517 1283 3572 1330 et
3631 1286 3714 1330 ta-

2107 1375 2233 1414 men
2263 1360 2389 1430 quia
2418 1374 2448 1413 a
2480 1361 2735 1419 Scarnali
2763 1363 3149 1429 fornicatione,
3176 1375 3439 1434 quantum
3466 1365 3572 1421 dici
3603 1380 3712 1421 non

2107 1462 2307 1524 potest,
2338 1453 2481 1522 quod
2512 1451 2539 1489 ιι
2571 1455 2805 1509 vastiora
2830 1455 2941 1510 sint
2974 1456 3062 1510 illa
3094 1456 3203 1511 duo
3230 1458 3458 1513 crimina
3505 1458 3709 1515 intelli-

2106 1561 2224 1617 ges.
2247 1545 2517 1614 ConSpice
2544 1548 2742 1617 quibus
2769 1556 2822 1602 te
2860 1548 3200 1619 jugulaveris
3260 1550 3439 1606 malis.
3495 1551 3713 1606 Clamat

2106 1639 2285 1694 adhuc
2307 1640 2495 1695 dicens
2525 1640 2910 1696 sanetissimus
2964 1642 3295 1712 Apostolus:
3322 1643 3486 1697 Omne
3526 1660 3711 1713 pecca-

2109 1742 2216 1785 tum
2242 1732 2380 1803 quod
2410 1734 2588 1803 fecerit
2616 1732 2770 1786 homo
2797 1742 2942 1787 extra
2957 1750 3147 1804 corpus
3161 1743 3257 1802 est,
3279 1736 3370 1807 qui
3396 1744 3569 1790 autem
3596 1738 3710 1807 for-

402 1828 502 1884 tra,
528 1819 734 1874 nescitis
760 1820 882 1890 quia
913 1820 1174 1874 modicum
1220 1823 1530 1892 fermentum
1563 1831 1722 1876 totam
1774 1838 1998 1876 massam
2028 1818 2077 1879 B
2106 1824 2326 1891 nitatur,
2358 1824 2411 1877 in
2439 1841 2631 1893 corpus
2659 1841 2807 1879 suum
2834 1835 3012 1896 peccat
3044 1824 3205 1896 (Ibid.
3236 1827 3347 1898 18).
3376 1827 3462 1881 Et:
3483 1826 3607 1882 Non
3626 1844 3709 1882 es-

402 1912 709 1983 corrumpit.
764 1910 1064 1984 Expurgate
1114 1922 1251 1967 vetus
1307 1914 1611 1981 fermentum
1640 1924 1693 1967 ut
1738 1915 1849 1968 sitis
1872 1930 2000 1968 nova

403 2002 721 2075 conspersio,
754 2013 811 2057 ut
842 2005 965 2059 estis
992 2007 1165 2076 azymi
1189 2004 1352 2077 (Ibid.
1385 2006 1463 2077 5).
1497 2006 1625 2063 Ilazc
1651 2022 1772 2063 cum
1801 2010 1874 2063 sit
1916 2008 1999 2062 in-

400 2096 648 2165 crepatio
695 2096 968 2166 Apostoli,
1018 2107 1277 2167 poterant
1325 2098 1625 2155 Christiani
1672 2099 1999 2155 Antichristi

401 2188 657 2260 conjungi
699 2189 916 2245 servis?
945 2188 1230 2257 Quomodo
1284 2191 1428 2247 enim
1473 2206 1581 2247 non
1640 2192 1834 2248 fuisset
1875 2206 2000 2248 cor-

402 2288 778 2351 ruptustanttc
806 2281 1163 2352 blasphemia:
1195 2293 1391 2339 vestrre
1448 2285 1696 2349 venenis,
1752 2283 1998 2357 quando-

400 2375 622 2447 quidem
654 2374 768 2432 sive
799 2377 851 2430 in
891 2376 1190 2448 hypocrisi,
1219 2377 1333 2433 sive
1356 2393 1423 2432 ex
1444 2392 1576 2433 vero
1598 2377 1722 2448 quis
1749 2393 1998 2434 commu-

403 2467 550 2523 nicet
572 2468 747 2533 vobis,
782 2468 853 2522 sit
877 2467 1157 2539 iningenti
1183 2469 1447 2538 periculo,
1478 2486 1599 2525 cum
1633 2480 1857 2541 propter
1882 2460 1995 2526 hae-

402 2562 567 2616 resim
601 2571 836 2617 vestram
860 2577 1281 2618 secerneremur
1309 2578 1338 2617 a
1368 2564 1554 2619 vobis?
1579 2564 1867 2632 Quomodo
1898 2565 2000 2620 ite-

403 2669 523 2709 rum
544 2653 832 2711 adlttcrere
856 2656 1239 2725 potueramus?
1254 2670 1378 2710 cum
1403 2671 1503 2710 vox
1524 2656 1593 2711 sit
1616 2656 1996 2727 dicentisApo-

399 2747 527 2802 διοιὶ
551 2766 567 2800 :
602 2747 805 2817 Scripsi
825 2748 963 2802 vobis
991 2749 1044 2802 in
1085 2750 1303 2821 epistola
1324 2766 1426 2803 non
1445 2750 1648 2803 misceri
1675 2750 1992 2822 fornicariis,

401 2856 503 2894 non
524 2841 700 2911 utique
722 2842 1018 2912 fornicariis
1039 2841 1197 2914 hujus
1224 2843 1522 2909 inundi,aut
1547 2845 1837 2908 avaris,aut
1866 2860 1994 2914 rap-

403 2934 1279 3007 toribas,autidololatris,alioquin
1301 2938 1589 2993 debueratis
1616 2937 1788 2993 dehoc
1802 2938 1997 2994 mundo

401 3027 771 3084 exiisse.Nunc
786 3039 956 3083 autem
981 3031 1167 3100 scripsi
1188 3031 1328 3085 vobis
1348 3047 1453 3085 non
1480 3031 1871 3097 commisceri,si
1883 3031 1997 3097 quis

400 3125 565 3192 frater
607 3123 907 3177 nominatur
936 3120 964 3158 ά
994 3124 1280 3194 fornicator
1310 3133 1333 3160 θ
1364 3134 1454 3178 aut
1485 3141 1690 3189 avarus,
1711 3136 1803 3181 aut
1825 3125 1994 3180 idolo-

2111 1916 2175 1972 tis
2204 1918 2376 1971 vestri.
2409 1915 2588 1987 Empti
2615 1917 2751 1972 enim
2776 1920 2898 1973 estis
2916 1920 3098 1988 pretio.
3137 1918 3440 1988 Clori/icate
3461 1931 3510 1974 et
3537 1920 3552 1957 ί
3585 1937 3709 1991 por-

2108 2016 2209 2063 tate
2238 2008 2519 2063 Dominum
2546 2011 2597 2064 in
2626 2026 2843 2080 corpore
2865 2020 3031 2065 vestro
3061 2010 3225 2080 (Ibid.
3251 2010 3364 2085 19).
3418 2013 3711 2081 Quomodo

2106 2102 2311 2171 poteris
2334 2112 2556 2172 portare
2581 2102 2771 2166 Deum,
2813 2103 3130 2170 Constanti,
3190 2105 3243 2159 in
3296 2118 3531 2174 corpore
3587 2115 3708 2175 tuo,

2105 2207 2228 2249 cum
2258 2194 2614 2264 apostolicam
2674 2195 2836 2249 fidem
2891 2195 3210 2265 rejiciendo,
3276 2197 3706 2268 htereticamque

2105 2286 2475 2357 suscipiendo,
2518 2302 2623 2341 non
2651 2297 2702 2343 te
2728 2288 2873 2342 illius
2900 2302 3023 2342 esse
3051 2288 3283 2355 dixeris,
3325 2289 3483 2359 cujus
3533 2304 3593 2344 se
3621 2289 3711 2345 di-

2106 2389 2301 2436 xerunt
2324 2389 2506 2450 patres
2524 2381 2737 2457 nostri,
2768 2380 3069 2447 Abraham,
3100 2380 3273 2448 Isaac,
3300 2390 3357 2437 et
3376 2381 3568 2449 Iacob,
3602 2383 3705 2437 sed

2104 2480 2161 2528 et
2179 2471 2362 2527 cuncti
2394 2472 2695 2543 prophetae,
2726 2473 2986 2542 apostoli,
3046 2487 3110 2527 ac
3158 2473 3470 2543 martyres?
3500 2473 3708 2529 Deinde

2103 2564 2149 2619 si
2174 2564 2265 2635 qui
2288 2563 2585 2619 fornicator
2617 2564 2671 2619 in
2697 2577 2897 2633 corpus
2926 2578 3085 2618 suum
3112 2571 3197 2620 est
3223 2579 3479 2635 peccans.
3499 2574 3706 2636 quanto

2105 2655 2276 2723 magis
2304 2663 2359 2711 tu
2382 2656 2473 2724 qui
2503 2656 2577 2709 sis
2610 2670 2716 2709 non
2748 2670 2842 2724 per
2867 2669 3089 2710 carnem
3123 2663 3329 2709 tantum
3352 2654 3485 2710 illud
3538 2656 3710 2726 perli-

2102 2750 2257 2805 ciens
2286 2749 2556 2819 serpentis
2582 2763 2742 2819 opus,
2772 2748 2868 2804 sed
2896 2756 2953 2803 et
2975 2762 3069 2817 per
3097 2748 3268 2818 ipsam
3289 2749 3558 2803 animam?
3571 2749 3709 2803 Nes-

2101 2841 2213 2895 citis
2234 2842 2355 2910 quia
2375 2841 2540 2911 quise
2561 2841 2742 2911 jungit
2763 2840 3021 2894 meretrici
3048 2856 3209 2893 unum
3252 2856 3440 2911 corpus
3468 2851 3565 2908 est,
3614 2844 3707 2913 qui

2102 2945 2269 2990 autem
2284 2936 2470 3007 jungit
2495 2933 2789 2989 seDomino
2812 2951 2945 2988 unus
2988 2934 3204 3003 spiritus
3245 2944 3319 2988 est
3368 2933 3538 3004 (Ibid.
3592 2936 3709 3019 Ili).

2101 3029 2235 3085 Cum
2265 3031 2543 3101 sacrilegis
2572 3046 2639 3085 ne
2661 3040 2716 3085 et
2739 3031 2839 3101 ipsi
2868 3030 2989 3086 lacti
3021 3030 3073 3085 in
3102 3046 3337 3101 corpore
3354 3030 3687 3099 meretricis,

2101 3138 2208 3179 non
2237 3139 2573 3180 morerentur
2600 3138 2723 3178 esse
2749 3122 2961 3177 Domini
2987 3123 3197 3189 ramuli,
3228 3123 3326 3178 sed
3349 3124 3462 3192 jam
3487 3134 3546 3177 ut
3595 3137 3697 3178 vos

397 3232 514 3269 rum
540 3217 835 3283 cultor,aut
858 3218 1260 3285 maledicus,aut
1281 3219 1536 3283 ebriosus,
1559 3227 1650 3273 aut
1676 3236 1861 3289 rapax,
1880 3236 1995 3273 cum
2022 3212 2066 3273 C
2099 3218 2245 3274 servi
2273 3217 2502 3282 diaboli,
2524 3216 2839 3272 censuimus
2860 3215 3226 3271 recedendum
3256 3215 3422 3269 fuisse
3451 3230 3481 3268 a
3524 3214 3704 3271 vobis.

401 3308 661 3381 ejusmodi
676 3326 768 3364 nec
791 3310 960 3365 cibum
982 3309 1496 3383 sumere(lbtd.9).Si
1516 3311 1698 3366 cihum
1717 3311 1996 3367 vobiscum

394 3399 652 3469 jubemur
679 3415 784 3456 non
816 3416 1057 3466 sumere,
1108 3401 1425 3457 credideras
1458 3402 1708 3473 potuisse
1757 3401 1996 3457 Catholi-

398 3505 495 3547 cos
531 3493 829 3548 convenire
854 3508 978 3548 cum
1006 3493 1281 3549 htureticis
1301 3493 1369 3548 ad
1398 3493 1660 3549 solemnia
1682 3502 1880 3549 cuncta
1906 3508 1999 3549 ce-

400 3584 703 3641 lebranda?
732 3586 1009 3642 vobiscum
1038 3586 1313 3653 erraticis,
1362 3586 1644 3641 vobiscum
1672 3602 1771 3655 per
1798 3585 2001 3640 diaboli

397 3692 668 3733 venenum
695 3677 763 3733 ad
792 3692 1013 3733 omnem
1038 3676 1286 3732 deductis
1311 3678 1631 3733 ebrietatem
1654 3692 1777 3732 esse
1807 3687 1997 3746 potue-

400 3785 588 3825 ramus
618 3770 711 3825 Dci
738 3770 1006 3827 cultores?
1032 3770 1320 3838 Quomodo
1351 3770 1471 3825 ﬁeri
1502 3770 1641 3825 istud
1662 3778 1998 3839 potuerat,ut

398 3864 538 3919 inter
570 3871 815 3920 mortuos
847 3864 953 3919 vivi
983 3874 1253 3920 staremus
1274 3865 1297 3917 ?
1316 3879 1440 3918 cum
1464 3863 1686 3934 dignum
1706 3870 1855 3917 esset
1881 3878 1997 3918 ma-

397 3956 480 4027 gis
530 3971 627 4011 vos
656 3956 750 4012 lilii
781 3956 1082 4013 adverSarii
1138 3958 1313 4013 nostri
1351 3968 1715 4027 congregatos
1745 3958 1797 4011 in
1828 3972 1994 4012 unum

398 4051 596 4114 videri.
619 4059 675 4106 et
696 4065 796 4106 nos
839 4060 1026 4107 contra
1067 4050 1271 4106 Christi
1306 4051 1511 4105 milites
1558 4051 1610 4104 in
1654 4066 1846 4117 unum,
1889 4064 1997 4120 quo

396 4145 631 4215 possetis
656 4146 776 4200 sine
808 4144 913 4200 ulla
939 4143 1282 4199 dubitatione
1314 4146 1380 4198 ab
1401 4144 1654 4199 omnibus
1685 4144 1853 4199 Deum
1871 4143 1996 4198 dili-

395 4236 654 4307 gentibus
710 4236 955 4291 membra
1007 4251 1070 4291 ac
1122 4251 1322 4306 corpus
1366 4236 1674 4291 meretricis
1726 4237 1992 4301 vocitari;

397 4344 505 4399 quo
536 4329 755 4384 nomine
786 4329 953 4383 ctiam
982 4344 1081 4384 nos
1105 4344 1390 4398 possemus
1413 4329 1740 4399 nuncupari,
1770 4331 1817 4381 si
1864 4343 1997 4382 nos-

398 4432 505 4475 met
531 4422 870 4477 traderemus
895 4421 1076 4475 vobis:
1109 4419 1341 4475 Nescitis
1379 4422 1501 4490 quia
1554 4436 1773 4485 corpora
1828 4429 1993 4474 vestra

397 4517 623 4571 membra
643 4514 836 4571 Christi
863 4515 1022 4569 sunt?
1050 4513 1265 4569 Tollens
1297 4531 1419 4587 ergo
1446 4514 1674 4567 membra
1698 4512 1891 4565 Christi
1918 4516 2000 4582 fa-

2101 3310 2196 3365 Vae
2220 3309 2314 3365 tibi
2344 3310 2435 3379 qui
2468 3309 2710 3364 nolueris
2744 3307 2975 3361 Domino
3000 3306 3280 3376 conjungi,
3330 3305 3427 3361 sed
3461 3306 3703 3361 volueris

2096 3400 2333 3456 diabolo.
2361 3400 2466 3456 Sed
2500 3408 2555 3454 et
2583 3414 2705 3454 cum
2733 3399 2866 3454 dicit
2888 3416 2902 3455 :
2921 3399 3102 3453 Nolite
3131 3399 3333 3464 seduci;
3356 3408 3703 3468 corrumpunt

2096 3496 2234 3550 enim
2255 3510 2424 3549 mores
2444 3494 2604 3549 bonas
2634 3492 2895 3562 colloquia
2924 3508 3084 3563 prava
3108 3490 3274 3563 (Ibid.
3299 3508 3390 3558 xv,
3408 3492 3536 3563 35);
3569 3490 3703 3561 quid

2098 3603 2186 3643 me
2211 3588 2369 3659 jubet
2399 3588 2581 3643 facere
2613 3587 2719 3642 nisi
2749 3596 2807 3641 ut
2833 3586 3032 3657 fugiam
3062 3594 3265 3641 cretum
3297 3595 3451 3641 tuum
3480 3585 3704 3641 sacrile-

2095 3681 2187 3752 gio
2214 3681 2565 3745 maculatum,
2593 3695 2661 3734 ne
2687 3678 2814 3733 dum
2848 3680 3030 3732 haereo
3079 3677 3202 3743 tibi,
3232 3685 3290 3731 et
3342 3677 3459 3746 ipse
3517 3686 3701 3732 tecum

2099 3773 2359 3845 peream?
2386 3770 2669 3841 Quomodo
2696 3771 2748 3824 in
2770 3778 2862 3824 tuo
2889 3768 3125 3824 concilio
3154 3768 3394 3838 maligno
3425 3782 3551 3823 esse
3601 3782 3703 3837 po-

2098 3867 2416 3923 tueramus?
2445 3880 2566 3920 cum
2600 3864 2919 3934 Apostolum
2946 3862 3165 3917 beatum
3214 3859 3505 3915 Timotheo
3548 3860 3701 3915 inve-

2099 3962 2313 4016 niamus
2336 3958 2577 4013 dixisse:
2608 3955 2803 4011 Manus
2822 3956 2922 4009 cito
2945 3954 3140 4009 nemini
3168 3953 3511 4023 imposneris,
3540 3966 3706 4023 neque

2099 4053 2557 4109 communicaveris
2572 4051 2798 4120 peccatis
2835 4048 3041 4104 alienis.
3057 4045 3134 4101 Te.
3148 4047 3318 4117 ipsum
3341 4054 3545 4099 castum
3565 4061 3709 4100 serva

2098 4143 2169 4216 (ll
2218 4143 2350 4198 Tim.
2410 4158 2463 4207 v,
2497 4141 2612 4212 2‘2).
2653 4141 2757 4198 Sed
2803 4138 3081 4211 quomodo
3110 4153 3357 4194 essemus
3404 4137 3562 4203 casti,
3599 4138 3697 4209 qui

2099 4236 2251 4290 vobis
2282 4232 2560 4299 haerendo,
2608 4242 2667 4288 ut
2691 4246 2788 4288 vos
2818 4230 3051 4300 disrupti
3095 4228 3387 4287 fuissemus
3416 4244 3516 4300 per
3575 4228 3703 4284 illos

2096 4326 2413 4382 carissimos
2439 4332 2669 4389 vestros,
2702 4322 3009 4377 immundos
3020 4319 3514 4388 videlicetspiritus
3529 4333 3558 4373 a
3577 4333 3702 4373 cas-

2100 4421 2254 4475 titate
2282 4417 2448 4472 ﬁdei?
2473 4416 2744 4485 quomodo
2777 4431 2883 4468 non
2911 4412 3474 4467 communicassemus
3501 4411 3702 4466 alienis

2102 4510 2377 4582 peccatis?
2424 4506 2577 4575 Quod
2618 4507 2665 4560 si
2693 4505 2973 4560 vobiscum
3015 4502 3345 4557 manendum
3391 4501 3703 4557 censuisse-

397 4608 529 4662 ciam
554 4608 776 4662 membra
806 4606 1133 4662 meretricis?
1166 4606 1331 4661 Absit.
1356 4607 1458 4660 Aut
1485 4605 1714 4670 nescitis,
1753 4604 1875 4674 quia
1902 4604 1990 4674 qui
2018 4596 2071 4655 D
2097 4619 2243 4671 mus,
2275 4603 2378 4658 hoc
2404 4614 2653 4656 essemus
2682 4597 2874 4662 futuri,
2902 4595 3047 4666 quod
3104 4597 3237 4651 estis
3290 4609 3410 4662 vos;
3462 4595 3568 4649 hoc
3615 4603 3704 4650 est

393 4718 449 4757 se
464 4703 640 4775 jungit
664 4703 919 4755 meretrici
949 4718 1108 4755 unum
1130 4716 1317 4769 corpus
1339 4708 1431 4751 est.
1491 4697 1660 4751 Erunt
1701 4697 1864 4760 enim,
1912 4696 1993 4750 in-

393 4796 529 4865 quit,
552 4795 723 4849 duoin
746 4811 901 4849 carne
921 4810 1046 4850 una.
1085 4794 1186 4860 Qui
1216 4802 1387 4847 autem
1414 4793 1596 4865 jungit
1636 4807 1691 4845 se
1741 4789 1992 4854 Domino,

392 4904 528 4941 unus
564 4890 780 4959 spiritus
813 4899 919 4954 est;
943 4888 1107 4959 fugite
1128 4887 1527 4959 fornicationem
1555 4884 1718 4955 (Ibid.
1760 4900 1832 4950 Vt,
1881 4884 1991 4955 15).

466 5070 648 5145 ἕειιηὶ
674 5071 886 5137 Grtcco,
918 5074 1096 5145 παρὼν
1123 5068 1275 5138 δέτῷ
1330 5068 1605 5138 πνεύματι.
1663 5063 1819 5118 Veis.
1865 5060 1996 5116 Ant.

393 5144 631 5199 spiritus.

423 5161 649 5269 pilai}:
682 5213 915 5288 Tertull.
948 5213 1001 5268 in
1030 5211 1124 5288 lib.
1150 5209 1218 5265 de
1252 5208 1443 5263 Pudic.
1500 5206 1687 5288 Abest_
1718 5205 1833 5288 haec
1886 5217 1994 5287 vox

390 5287 648 5341 hominem
677 5302 704 5339 a
739 5285 895 5341 Vors.
934 5283 1156 5357 A_ut._i_n
1211 5296 1315 5350 qua
1362 5288 1623 5357 prtelerea
1674 5278 1892 5357 legitur,
1939 5278 1995 5357 in

391 5358 526 5412 diem
556 5358 765 5413 Domini
786 5357 934 5411 Jesu.
968 5355 1181 5410 Lucifer
1209 5348 1330 5406 cum
1354 5350 1547 5406 Grmco
1574 5350 1626 5403 in
1659 5362 1791 5402 mss.
1823 5348 1994 5417 pluri-

392 5430 601 5504 bus,__iv
626 5438 691 5488 τῆ
717 5430 881 5504 ἡμέρᾳ
902 5434 993 5483 τοῦ
1026 5428 1213 5504 μυρίοι)
1235 5426 1402 5504 ᾐμῶν.
1433 5421 1577 5504 apud
1604 5420 1735 5504 ξξιί)τ

468 5511 490 5538 ο
523 5499 681 5553 Vers.
714 5491 969 5552 A'ttt'.'n0n
1020 5491 1170 5551 bona.
1222 5491 1451 5560 August.
1496 5494 1551 5547 in
1604 5491 1699 5545 lib.
1727 5492 1781 5544 5.
1838 5496 1986 5560 cont.

390 5570 552 5641 epist.
585 5571 839 5625 Partttett.
876 5568 977 5621 Per
1021 5559 1467 5641 exprobrationem
1520 5559 1980 5641 pronuntiationis.

390 5634 539 5697 Bona
569 5642 823 5703 alni-iatio
852 5650 1061 5693 vestra:
1090 5634 1164 5692 sic
1203 5638 1338 5691 enim
1389 5634 1651 5698 nonnulli,
1677 5644 1724 5686 et
1770 5634 1990 5684 maxime

390 5711 540 5783 latini
570 5714 768 5783 codices
789 5710 999 5765 habent.
1232 5781 1237 5783 _
1436 5776 1477 5783 __
1626 5744 1654 5783 η.
1894 5772 1906 5783 .

460 5777 488 5822 δ
518 5782 651 5841 Cum
681 5781 779 5839 Gr.
803 5784 892 5837 ἐάν
916 5804 995 5841 τις
1027 5776 1597 5852 ὀνομαζόμενος.νϐι“8ο
1628 5775 1999 5831 Ant.nomins-

394 5864 477 5907 tur
488 5892 497 5907 .

2100 4696 2339 4753 membra
2393 4692 2720 4750 meretricis.
2765 4688 3049 4759 Quomodo
3087 4703 3186 4744 nos
3234 4687 3531 4743 Christiani
3572 4702 3700 4744 esse

2104 4798 2452 4859 potueramus
2474 4785 2757 4841 vobiscum
2785 4780 3095 4837 haereticis?
3125 4781 3210 4836 cui
3244 4778 3258 4831 i
3288 4779 3420 4835 item
3446 4778 3700 4850 scripsis-

2105 4896 2164 4936 se
2187 4877 2507 4949 Apostolum
2535 4877 2827 4932 Timotheo
2849 4875 3140 4942 sciremus,
3171 4882 3229 4930 ut
3256 4872 3699 4929 nosmetabstra-

2180 5071 2203 5130 σὲ
2233 5060 2333 5115 Aut
2364 5057 2672 5130 fornicator.
2696 5055 2879 5130 Latin.
2904 5069 2968 5109 ex
2992 5053 3170 5130 Grmc.
3203 5053 3255 5113 ἢ.

2181 5129 2201 5169 ί
2234 5132 2337 5185 Pro
2358 5122 2686 5184 idololatria:
2708 5126 2783 5181 ita
2807 5126 2983 5181 aliena
3012 5126 3234 5181 nomina
3249 5122 3439 5194 vulgus
3451 5135 3703 5180 corrum-

2105 5204 2205 5275 pit.
2234 5201 2336 5275 ru,
2368 5210 2415 5254 et
2443 5199 2616 5275 Latin.

2177 5284 2201 5321 ις
2226 5273 2270 5327 Α
2300 5272 2439 5327 forte
2470 5269 2759 5327 demenda.
2786 5268 2963 5322 Latin.
2996 5277 3165 5322 recte.

2174 5342 2200 5380 ιι
2233 5345 2385 5407 Quod
2411 5344 2635 5396 vastiora
2659 5336 3475 5407 sint,etc.,intelligis,conspicc
3493 5344 3602 5392 etc.
3623 5337 3707 5395 Id.

2099 5406 2312 5469 Clarior
2334 5418 2404 5468 ita
2427 5429 2642 5474 sensus,
2666 5421 2879 5466 retento
2900 5409 3064 5463 etiam
3098 5406 3353 5475 intelliges
3380 5411 3458 5461 sic
3500 5426 3512 5460 :
3539 5418 3586 5461 et
3627 5422 3710 5464 ta-

2101 5503 2215 5539 men
2241 5487 2362 5556 quia
2382 5484 2581 5556 carnali
2610 5480 3040 5556 fornicatione....
3067 5479 3206 5547 quod
3232 5479 3454 5533 vastiora
3482 5480 3587 5533 sint
3615 5481 3712 5537 illa

2096 5559 2199 5611 duo
2221 5553 2437 5610 crimina
2456 5553 2734 5621 intelliges,
2757 5565 3013 5620 conspire,
3035 5560 3142 5604 etc.

2178 5629 2193 5665 ί
2232 5627 2366 5681 Cum
2389 5624 2582 5679 (ζει-τιτιτο
2632 5627 2686 5674 in
2719 5623 3355 5695 quilmstlamjnssaml
3400 5622 3703 5695 βαστάσαι-τ

2101 5704 2189 5756 τὸν
2213 5700 2353 5755 Θεὸν.
2386 5697 2542 5752 Vers.
2575 5699 2703 5750 Atil.
2732 5689 3020 5764 glori/italo
3045 5689 3216 5753 Deum
3241 5693 3295 5747 in
3335 5689 3552 5765 corpore
3589 5698 3705 5751 una:

2107 5780 2207 5826 ιω.
2231 5841 2381 5897 Cum.
2411 5839 2591 5895 Latin.
2620 5844 2678 5891 et
2706 5834 2878 5891 Vatia.
