4148 6186
438 333 545 390 787
1510 321 1845 391 merrtem
1887 315 2193 390 sensum
2229 323 2655 387 multum
3641 307 3752 381 iss

437 450 697 505 heremus
725 463 755 502 a
778 448 935 503 vobis
965 445 1270 503 haereticis:
1298 444 1429 502 Huic
1459 447 1585 500 doce
1637 457 1687 500 et
1743 447 2036 513 ett-hortare,
2067 448 2118 507 Α
2143 459 2240 516 que
2267 461 2380 499 cum
2402 444 2526 515 feris
2557 443 2715 497 vitam
2745 443 2794 495 in
2826 429 3081 495 montibus
3114 443 3229 493 cum
3255 438 3359 494 suis
3399 430 3602 510 agebat,
3647 441 3754 509 feni

437 542 485 595 si
541 542 653 611 quis
703 541 857 593 aliter
910 539 1078 606 docet,
1135 550 1182 593 et
1254 556 1356 593 non
1421 539 1699 609 acquiescit
1747 537 1885 591 sanis
1936 552 2043 590 ser-
2151 538 2260 592 cibo
2311 547 2562 591 vescentes
2593 533 2950 599 morabantur,
2982 549 3045 587 ne
3081 541 3246 587 essent
3292 532 3570 601 participes
3615 531 3760 584 coin-

442 631 679 685 monibus
723 627 937 683 Domini
987 631 1150 682 nostri
1189 628 1318 683 Iesu
1371 627 1658 693 Christi,et
1703 629 1751 683 ei
1793 643 1911 699 qua:
1961 644 2044 683 εει
2150 632 2466 702 quinationis
2511 629 2579 703 (ll
2633 627 2809 682 lilarlt.
2843 644 2896 694 v,
2930 626 3046 699 27).
3089 626 3396 697 Cognoscis
3429 627 3618 680 hocin
3651 641 3760 682 uno

443 723 673 778 cundum
737 724 977 792 pietatem
1015 731 1091 776 est
1141 723 1412 787 doctrinm,
1463 723 1679 791 inﬂatus
1734 732 1807 776 est
1873 731 2047 775 autem
2153 726 2461 780 testimooio
2503 739 2603 779 nos
2651 723 2914 778 recedere
2965 722 3272 791 oportuisse
3317 736 3346 773 a
3381 719 3558 780 vobis,
3611 733 3679 774 ne
3708 728 3764 774 et

445 815 579 868 nihil
663 814 853 880 sciens,
932 814 1022 867 sed
1098 824 1314 885 aegrotat
1396 814 1536 867 circa
1623 815 1932 883 quwsliones
1999 817 2050 868 et
2153 835 2253 874 nos
2302 819 2594 888 participes
2637 815 2932 870 fuissemus
2955 809 3764 882 coinquinationis.Quomodo

444 909 719 964 verborum
796 909 963 973 rixas,
1050 925 1116 962 ea:
1195 910 1379 977 quibus
1465 918 1747 961 nascuntur
1817 909 2049 974 incidite,
2152 914 2307 969 vobis
2324 910 2712 983 jungercmur?
2737 910 3005 965 comitem
3041 906 3184 960 dicat
3215 904 3477 960 Dominus
3507 903 3573 957 ad
3605 917 3765 974 apos-

441 1002 820 1067 οοηίθηιίοπεεν
851 1001 1208 1072 blasphemia.
1229 1003 1550 1073 Suspiciones
1575 1012 1622 1068 ".
1645 1004 2053 1073 conﬂictatione:
2155 1010 2313 1063 tolos:
2346 1006 2604 1061 Attendite
2626 1004 2763 1059 vobis
2788 1020 2820 1057 a
2842 1007 3104 1075 fermento
3134 998 3522 1053 Pharisaeorum
3546 1005 3593 1051 et
3625 995 3761 1050 Sad-

453 1095 609 1147 mala:
634 1094 902 1147 hominum
926 1103 1095 1148 mente
1116 1105 1500 1166 corruptorum,
1521 1105 1575 1147 et
1603 1111 1635 1148 a
1661 1095 1869 1149 veritate
1899 1097 2054 1150 desti-

449 1186 773 1257 tutorum-(ll
802 1184 1127 1256 Tim.vt,2).
1159 1190 1205 1241 Δ
1240 1195 1291 1242 te
1320 1187 1502 1257 itaque
1533 1201 1654 1242 'non
1688 1188 1758 1241 ita
1783 1188 2052 1256 credenti,

453 1289 515 1334 ut
545 1280 719 1335 credit
761 1281 990 1351 populus
1022 1280 1140 1346 Dei,
1173 1297 1203 1334 a
1256 1292 1307 1335 te
1337 1297 1445 1335 non
1491 1281 1561 1334 ita
1592 1281 1833 1347 docenti,
1874 1292 1932 1336 ιιι
1958 1281 2057 1337 do-

452 1379 692 1425 cuerunt
716 1369 918 1426 Christi
949 1372 1091 1426 unici
1122 1371 1217 1425 ﬁlii
1243 1371 1340 1425 Dei
1372 1372 1630 1440 apostoli,
1661 1385 1692 1425 a
1734 1382 1785 1427 te
1815 1387 1921 1427 non
1963 1387 2055 1428 ac-

458 1464 775 1532 quiescente
827 1462 976 1517 sanis
1044 1462 1391 1517 sermonibus
1439 1462 1653 1517 Domini
1700 1464 1873 1519 nostri
1928 1463 2058 1520 Jesu

458 1554 663 1611 Christi
687 1555 954 1610 voluimus
998 1555 1178 1610 vivere
1210 1555 1500 1624 segregati,
1529 1570 1559 1609 a
1599 1566 1650 1611 te
1688 1565 2060 1628 expugnatore

455 1648 726 1703 doctrinae
764 1662 884 1718 qum
921 1647 1222 1703 secundum
1261 1647 1519 1717 pietatem
1549 1660 1658 1713 est,
1703 1663 1733 1702 a
1773 1658 1826 1705 te
1875 1650 2060 1706 inﬂato

457 1750 650 1796 contra
685 1755 783 1796 nos
823 1756 918 1810 per
959 1742 1241 1796 inimicum
1296 1740 1565 1809 nostrum,
1617 1757 1644 1796 a
1687 1750 1739 1797 te
1770 1743 1903 1796 nihil
1945 1743 2060 1798 veri

2156 1097 2686 1170 ducatorumlMatth.
2719 1112 2830 1162 xvr,
2847 1095 2924 1166 6);
2946 1103 3077 1149 etut
3100 1092 3422 1147 fermentum
3446 1089 3609 1143 fuisse
3631 1088 3766 1143 doc-

2159 1201 2354 1255 trinam
2380 1215 2485 1254 non
2515 1214 2720 1264 sanam,
2743 1212 2902 1268 quam
2922 1193 3291 1249 videlicetaut
3315 1201 3441 1243 tunc
3471 1187 3548 1240 illi
3569 1185 3768 1240 Phari-

2159 1295 2277 1361 smi,
2293 1294 2700 1360 autSadducaei,
2723 1302 2816 1346 aut
2835 1305 2975 1345 nunc
2990 1302 3087 1343 vos
3101 1277 3342 1342 omnium
3358 1290 3629 1339 sectarum
3647 1294 3774 1350 ιιι-οι

2160 1385 2627 1453 ἰθιθιίειιωιθιίεἱ,
2649 1385 2800 1439 nobis
2817 1381 3213 1446 manifestaret,
3231 1376 3479 1447 sequitur
3498 1375 3772 1444 scriptura

2162 1479 2350 1533 dicens
2378 1495 2388 1532 :
2422 1475 2568 1532 Tunc
2595 1475 2893 1550 cogitabant
2914 1475 3045 1528 inter
3070 1490 3123 1526 se
3154 1463 3405 1535 dicentes,
3436 1467 3558 1538 quia
3587 1481 3774 1536 panem

2165 1587 2263 1625 non
2297 1571 2538 1625 habemus
2589 1577 2612 1617 Β
2664 1610 2676 1622 .
2737 1568 2922 1636 quibus
2961 1562 3302 1636 cogitantibus
3351 1560 3485 1614 dixit
3529 1556 3683 1612 les-us
3712 1554 3772 1611 λε

2169 1667 2305 1731 Quid
2329 1665 2566 1736 cogitatis
2595 1664 2729 1717 inter
2748 1678 2853 1725 vos,
2895 1659 3110 1714 modica:
3134 1657 3278 1727 ﬁdei,
3304 1655 3423 1725 quia
3447 1667 3632 1725 panem
3674 1665 3778 1703 non

2170 1761 2410 1815 (rubetis?
2434 1759 2660 1813 nondum
2689 1754 2979 1826 intelligitis
3021 1768 3181 1823 neque
3211 1747 3516 1804 meministis
3552 1745 3779 1814 quinque

460 1835 655 1888 scienti
681 1833 777 1888 sed
805 1835 1089 1903 mgrotanti
1115 1835 1258 1888 circa
1282 1835 1638 1904 quaestiones,
1661 1848 1690 1888 a
1716 1842 1768 1888 te
1795 1849 1890 1904 per
1908 1835 2066 1904 cujus

2180 1869 2386 1922 panum,
2419 1864 2466 1905 et
2489 1851 2709 1920 quinque
2725 1848 2950 1902 millium
2987 1845 3276 1906 hominum,
3301 1849 3347 1893 et
3375 1848 3494 1909 quot
3526 1836 3780 1907 caphiitos

465 1927 734 1984 nefandos
753 1939 983 1982 conatos
1003 1937 1146 1983 natzc
1167 1944 1289 1984 esse
1311 1929 1624 1999 specialiter
1651 1929 1853 1985 nostris
1874 1929 2067 1985 diebus

467 2023 817 2076 inveniantur
847 2024 979 2077 rixae
1001 2024 1314 2090 verborum,
1349 2024 1644 2079 mortifera:
1661 2027 2065 2090 cententiones,

470 2116 722 2185 malignae
759 2114 1218 2182 conliictatioues,
1263 2131 1360 2187 per
1397 2126 1452 2172 te
1496 2117 1752 2172 videlicet
1791 2117 2067 2174 hominem

470 2216 655 2262 mente
699 2217 1039 2276 corruptum,
1086 2209 1326 2263 veritatis
1376 2208 1844 2279 interpolatorem.
1900 2210 2072 2265 Rece-

469 2301 711 2355 dendum
761 2303 1076 2356 censuimus
1116 2317 1145 2356 a
1182 2311 1233 2357 te
1262 2313 1424 2373 atque
1471 2318 1500 2357 a
1537 2305 1911 2374 convipttrinis
1941 2307 2069 2370 tuis,

467 2391 770 2446 secundum
823 2391 1074 2462 Apostoli
1125 2406 1476 2464 praeceptum.
1522 2395 1665 2452 Dicit
1693 2397 1841 2452 enim
1883 2397 2020 2452 inl'ra
2056 2416 2070 2454 :

480 2480 766 2537 Hominum
782 2495 951 2538 mente
971 2495 1334 2556 corruptorum
1347 2497 1394 2540 et
1407 2504 1436 2539 a
1459 2488 1668 2540 veritate
1688 2489 2071 2556 destitutorum,

475 2577 881 2631 existimantium
930 2587 1189 2648 quaestum
1216 2593 1324 2634 esse
1361 2580 1604 2651 pietatem
1631 2596 1651 2634 :
1696 2582 1902 2636 discede
1941 2580 1970 2620 δ
2012 2584 2076 2636 ab

474 2669 778 2739 hujnsntodi
808 2669 970 2740 (ibid.
1004 2669 1080 2741 5).
1117 2669 1270 2726 Unde
1308 2682 1484 2729 tecum
1527 2688 1650 2728 esse
1681 2676 2076 2744 potueramus?

474 2776 601 2815 cum
629 2763 792 2816 etiam
827 2763 879 2816 in
907 2763 1150 2818 clausula
1179 2763 1338 2834 hujus
1364 2765 1612 2834 epistolae
1643 2765 1892 2822 hortetur
1919 2777 1971 2823 te
1995 2767 2077 2824 fu-

477 2852 732 2920 giendum
762 2867 906 2919 esse,
939 2866 992 2908 te
1031 2857 1121 2924 qui
1165 2855 1442 2911 excideris
1470 2873 1497 2910 ιι
1529 2856 1633 2912 ﬁde
1676 2875 1688 2911 :
1725 2858 1772 2912 ο
1811 2858 2080 2914 Timothee

479 2946 768 3017 depositum
798 2948 1018 3012 custodi,
1066 2950 1296 3003 devitans
1330 2952 1580 3020 profanas
1617 2969 1794 3007 vocum
1834 2957 2080 3010 novitates

479 3052 525 3093 et
572 3041 917 3112 appositiones
960 3043 1188 3096 scientia?
1221 3045 1344 3113 falsi
1381 3046 1623 3109 nominis,
1675 3062 1827 3117 quam
1869 3049 2081 3118 quidam

482 3137 831 3204 promittentes
853 3139 990 3191 circa
1034 3140 1186 3204 ﬁdem
1229 3141 1531 3194 exciderunt
1561 3140 1720 3210 (Ibid.
1750 3143 1867 3213 20).
1902 3144 2077 3213 Opor-

2172 1945 2512 2016 sampseritis,
2538 1958 2696 2012 neque
2723 1949 2915 2011 septent
2944 1953 3161 2008 panum,
3197 1944 3242 1988 et
3271 1942 3470 2002 septem
3502 1929 3671 1984 millia
3695 1928 3785 1982 ho~

2173 2043 2390 2102 ntinum,
2424 2047 2470 2091 et
2495 2045 2616 2106 quot
2644 2043 2847 2104 sportas
2891 2028 3220 2102 sumpsistisl
3253 2027 3424 2094 Quare
3456 2039 3558 2078 non
3588 2016 3786 2076 intellio

2174 2131 2314 2202 gitis,
2347 2130 2467 2197 quia
2503 2144 2605 2180 non
2650 2127 2711 2180 de
2736 2140 2870 2198 pane
2901 2123 3027 2188 dixi,
3075 2119 3332 2175 Attendite
3377 2118 3438 2170 de
3475 2115 3488 2152 ί
3534 2118 3787 2184 fermento

2178 2219 2562 2275 Pharisaeorum
2603 2227 2651 2270 et
2709 2215 3139 2272 Sadducaaorum.
3201 2209 3349 2264 Tunc
3401 2208 3787 2269 intellexerunt,

2177 2314 2297 2383 quia
2329 2329 2428 2366 non
2460 2313 2590 2365 dixit
2620 2328 2651 2364 a
2683 2313 2930 2380 fermento
2967 2305 3010 2372 i,
3042 2306 3131 2361 sed
3158 2323 3187 2358 (ι
3219 2302 3458 2356 doctrina
3489 2299 3791 2353 Pharist-

2177 2426 2292 2462 rant
2328 2406 2354 2444 ιτ
2408 2406 2724 2460 intenderent
2754 2404 2872 2456 sibi.
2907 2401 3038 2456 Item
3071 2399 3136 2453 ad
3170 2395 3486 2453 Corinthios
3536 2392 3791 2448 scribens

2180 2515 2301 2554 cum
2347 2498 2602 2568 dignetur
2655 2494 2955 2564 Apostolus
2993 2494 3291 2556 instruere,
3345 2484 3711 2542 recedendum
3757 2498 3790 2538 a

2183 2593 2334 2648 vobis
2379 2591 2672 2655 hmrcticis,
2729 2599 2785 2644 et
2829 2586 3086 2642 omnibus
3139 2580 3483 2651 alienigenis,
3516 2575 3794 2650 quomodo

2183 2692 2606 2756 pracsumpserat
2645 2698 2739 2737 cor
2771 2691 2920 2736 tuum
2954 2681 3005 2733 in
3031 2677 3284 2732 omnibus
3312 2676 3522 2730 varium
3574 2681 3627 2726 ct
3664 2685 3787 2725 mu-

2185 2777 2372 2842 tabile,
2417 2774 2511 2829 sed
2544 2775 2597 2828 in
2647 2774 2744 2828 hac
2777 2771 3121 2842 malignitate
3162 2767 3308 2824 malo
3337 2766 3526 2820 salutis
3566 2777 3676 2818 sua:
3708 2763 3790 2816 in-

2183 2872 2330 2942 genti
2381 2869 2681 2925 stabilitum
2714 2866 2935 2929 robore,
2984 2877 3082 2918 nos
3110 2861 3353 2931 potuisse
3387 2870 3564 2913 tecum
3598 2871 3789 2926 pacem

2185 2964 2270 3018 vel
2303 2975 2425 3017 cum
2459 2962 2564 3015 tuis
2593 2958 2831 3014 habere?
2877 2955 3052 3011 Nolite
3077 2957 3266 3027 jugum
3298 2955 3485 3006 ducere
3515 2966 3629 3004 cum
3663 2949 3789 3018 inﬁ-

2186 3056 2383 3110 delibus
2409 3072 2427 3110 :
2457 3069 2572 3123 quae
2601 3055 2733 3108 enim
2757 3051 3084 3122 participatio
3097 3049 3318 3122 justititc
3341 3064 3453 3100 cum
3482 3042 3793 3111 iniquitate?

2191 3160 2278 3204 aut
2301 3165 2415 3219 qua:
2437 3149 2652 3202 societas
2674 3147 2808 3201 lucis
2839 3145 2907 3198 ad
2935 3145 3204 3198 tenebras?
3230 3141 3358 3210 Qate
3377 3151 3546 3194 autem
3573 3155 3794 3193 conven-

479 3238 660 3283 tuerat
710 3245 808 3284 nos
841 3231 1013 3286 vitare
1039 3239 1094 3286 te
1129 3232 1384 3297 profanas
1411 3247 1602 3287 vocum
1647 3237 1917 3290 novitates
1951 3249 2077 3306 pro-
2107 3229 2153 3292 C
2186 3243 2254 3296 tio
2276 3240 2467 3295 Christi
2494 3240 2562 3293 ad
2587 3238 2753 3293 Belial
2775 3236 2827 3291 1?
2847 3248 2936 3291 aut
2962 3251 3075 3306 qua:
3095 3253 3213 3308 pars
3235 3233 3378 3304 ﬁdeli
3405 3249 3522 3287 cum
3550 3229 3793 3299 inﬁdele?

479 3324 769 3390 ferentem,
800 3324 1070 3394 siquidem
1103 3320 1560 3396 cognosceremus
1603 3337 1654 3382 te
1685 3328 1827 3382 illam
1859 3330 2084 3386 sacrile-

479 3432 602 3484 gum
678 3432 868 3472 vocem
935 3420 1197 3473 instinctu
1251 3421 1544 3486 protulisse
1593 3421 1834 3487 diaboli,
1898 3423 2080 3491 illam,

478 3509 723 3580 inquam,
759 3525 968 3578 vocem,
999 3528 1097 3579 per
1139 3527 1302 3582 quam
1334 3517 1672 3583 expresseris
1704 3531 1907 3571 venena
1952 3517 2088 3589 dog-

481 3603 642 3655 matis
672 3603 745 3654 tui
767 3603 956 3656 dicens
979 3621 990 3654 :
1025 3603 1152 3657 Erat
1179 3614 1200 3641 ο
1225 3606 1431 3670 quando
1463 3621 1562 3661 non
1593 3619 1723 3674 erat,
1748 3619 1796 3663 et
1818 3612 1989 3679 [actus
2010 3623 2084 3666 est

480 3710 546 3746 ea:
575 3694 757 3759 nihilo,
789 3707 837 3747 et
875 3712 980 3749 non
1008 3707 1079 3749 est
1116 3713 1217 3750 una
1259 3700 1488 3767 potentia
1532 3702 1693 3770 patris
1722 3712 1767 3755 et
1807 3703 1924 3772 ﬁlii.
1959 3703 2083 3759 limo

479 3801 590 3839 non
622 3788 860 3857 Spiritus
901 3801 1126 3844 sanctus
1154 3805 1252 3860 per
1283 3802 1334 3846 te
1363 3793 1612 3862 protulit,
1641 3794 1737 3850 sed
1771 3798 2084 3853 immundus

478 3879 915 3935 illediabolicus.
956 3881 1247 3949 Quomodo
1288 3885 1468 3954 itaque
1495 3887 1791 3941 secundum
1838 3881 2083 3958 Apostoli

478 3970 792 4024 mandatum
815 3972 1092 4028 custodire
1118 3975 1430 4044 depositum
1457 3987 1830 4045 potueramus,
1847 3981 1889 4033 si
1906 3990 2080 4037 tecum

473 4061 531 4114 in
578 4057 603 4096 ἀ
643 4063 880 4116 concilio
925 4061 1218 4119 maledicto
1259 4076 1444 4122 vestro
1494 4069 1918 4125 mansissemus?
1959 4089 2080 4129 cum

477 4166 585 4207 nos
619 4154 1067 4222 proposuerimus
1094 4170 1270 4225 usque
1309 4157 1375 4211 ad
1407 4159 1598 4213 mortis
1631 4162 1836 4216 exitum
1865 4173 2084 4233 aposto-

474 4243 636 4298 licam
687 4254 872 4300 tenere
925 4245 1109 4314 ﬁdem,
1153 4248 1314 4303 istam
1348 4249 1556 4306 scilicet
1599 4267 1760 4322 quam
1793 4256 1935 4324 apud
1985 4257 2082 4312 Ni-

477 4351 646 4392 czeam
672 4338 972 4394 retinemus
995 4327 1256 4411 scriptam
1279 4351 1468 4398 contra
1495 4356 1638 4399 tuam
1664 4345 2080 4419 blasphemiam,

475 4437 534 4482 et
559 4437 749 4484 coiitra
792 4429 1033 4485 omnium
1062 4430 1443 4497 btereticorum
1475 4441 1688 4490 tuorum
1718 4439 2084 4497 exsecrabiles

475 4525 728 4576 conatus.
767 4520 1056 4588 Quomodo
1098 4525 1151 4578 in
1182 4524 1415 4580 concilio
1456 4534 1641 4582 vestro
1681 4527 1867 4584 Ariani
1901 4540 1924 4567 θ
1961 4547 2083 4588 esse

2191 3333 2293 3402 Qui
2338 3343 2506 3386 autem
2566 3347 2841 3385 consensus
2889 3329 3076 3399 templo
3121 3319 3220 3381 Dei
3256 3343 3373 3379 cum
3430 3323 3622 3378 idolis?
3683 3319 3789 3374 Vos

2187 3436 2226 3462 οι
2248 3427 2380 3479 enim
2407 3425 2525 3479 estis
2548 3425 2794 3494 templum
2812 3421 3015 3476 Deivivi
3037 3437 3054 3474 :
3075 3421 3324 3488 scriptum
3351 3427 3426 3472 est
3449 3415 3581 3470 enim
3614 3412 3789 3480 :Quo-

2188 3521 2326 3573 niam
2350 3516 2646 3571 inhabitabo
2686 3515 2740 3568 in
2765 3515 2894 3579 illis,
2927 3524 2974 3566 ct
2993 3514 3125 3566 inter
3156 3513 3272 3564 illos
3310 3499 3603 3571 ambulabo,
3633 3517 3679 3559 et
3703 3521 3793 3558 ero

2187 3613 2394 3666 illorum
2420 3608 2583 3674 Deus,
2617 3620 2659 3661 et
2689 3607 2789 3677 ipsi
2817 3616 2966 3659 erunt
2992 3605 3115 3658 mihi
3140 3605 3380 3675 papulas,
3416 3611 3629 3670 propter
3652 3599 3791 3669 quod

2187 3705 2318 3760 exite
2347 3706 2410 3758 de
2432 3704 2601 3756 medio
2624 3717 2821 3765 eorum,
2845 3702 2892 3754 el
2921 3699 3256 3770 separamini,
3289 3696 3415 3750 dicit
3442 3695 3714 3756 Dominus,
3743 3702 3793 3747 et

2185 3797 2511 3854 immundum
2551 3813 2613 3850 ne
2642 3795 2927 3866 tetigeritis,
2969 3803 3016 3848 et
3061 3809 3153 3864 ego
3201 3791 3450 3860 recipiam
3480 3806 3593 3854 vos,
3629 3799 3673 3843 et
3701 3804 3792 3842 ero

2187 3893 2324 3946 vobis
2351 3891 2403 3943 in
2429 3899 2644 3958 patrem,
2673 3898 2720 3942 et
2745 3903 2832 3941 vos
2860 3887 2987 3940 ntihi
3009 3886 3150 3939 eritis
3177 3885 3229 3937 in
3253 3884 3387 3950 ﬁlios
3413 3892 3457 3936 et
3479 3882 3640 3951 ﬁlias,
3665 3881 3792 3933 dicit

2187 3981 2441 4036 Dominus
2467 3983 2788 4051 omnipotens
2824 3977 2888 4049 (ll
2917 3976 3038 4033 Cor.
3074 3993 3149 4044 vr,
3185 3971 3296 4048 Μ).
3330 3973 3616 4042 Quomodo
3666 3989 3790 4028 cum

2187 4081 2274 4128 tua
2303 4079 2572 4143 praecepta
2599 4081 2714 4125 orta
2746 4069 3032 4125 videantur
3063 4084 3185 4124 esse
3222 4071 3409 4122 contra
3444 4066 3542 4121 has
3573 4065 3788 4120 Domini

2186 4165 2597 4237 promissiones,
2621 4163 2897 4218 demorari
2913 4161 3190 4216 vobiscum
3222 4159 3412 4214 ﬁdeles
3440 4167 3792 4229 potueramus

2187 4275 2312 4316 eum
2355 4257 2701 4314 inﬁdelibus?
2750 4265 3039 4312 currentes
3088 4257 3139 4309 in
3188 4253 3270 4308 ria
3320 4253 3455 4309 lucis
3502 4253 3791 4307 vobiscum

2189 4367 2473 4425 possemus
2503 4359 2650 4406 stare
2694 4348 3005 4403 hominibus
3036 4349 3142 4401 iter
3169 4345 3586 4400 conlicientibus
3623 4344 3676 4397 in
3707 4343 3791 4396 via

2189 4444 2427 4501 tenebris
2462 4459 2709 4498 errorum
2761 4441 2971 4510 repleta
3018 4436 3296 4493 omnium?
3337 4438 3468 4505 Quis
3500 4436 3644 4491 enirn
3681 4446 3788 4489 tam

2188 4537 2390 4591 stultus
2415 4546 2520 4599 est,
2547 4543 2607 4589 ut
2636 4549 2758 4588 cum
2801 4532 3033 4588 audierit
3069 4533 3235 4586 Deum
3269 4529 3456 4586 dicere
3484 4548 3495 4584 :
3530 4529 3790 4596 Quoniam

475 4628 580 4668 nos
613 4623 966 4685 potueramus
996 4615 1331 4673 Christiani?
1359 4620 1450 4689 qui
1485 4620 1536 4673 in
1573 4620 1711 4674 libro
1741 4622 2081 4680 Machaburo-
2113 4609 2163 4670 Ῑ)
2188 4628 2484 4683 inhabitabo
2511 4629 2562 4681 in
2585 4628 2714 4693 illis,
2740 4638 2783 4682 et
2813 4627 2944 4680 inter
2966 4643 3047 4680 eos
3074 4624 3370 4688 ambulabo,
3402 4634 3450 4679 et
3477 4623 3788 4678 eroilloram

475 4722 599 4761 rum
661 4706 1097 4775 praedecessores
1144 4723 1448 4765 COIISOI‘“OS
1500 4721 1715 4767 IIOSII‘OS
1764 4725 2081 4785 segregatos

477 4799 648 4854 [uisse
701 4798 720 4836 τ
776 4801 846 4853 ab
883 4800 996 4855 illis
1040 4803 1130 4871 qui
1158 4802 1312 4872 juxta
1346 4803 1584 4858 edictum
1634 4808 1956 4878 contyranni
2006 4810 2082 4865 lui

478 4892 733 4950 Antiochi
765 4892 924 4948 idolis
951 4895 1395 4966 supplicaverant
1429 4914 1441 4950 :
1477 4897 1646 4951 ludas
1671 4913 1844 4954 autem
1865 4899 2082 4958 Macha-

477 4988 617 5042 bteus
637 4989 726 5058 qui
752 4989 980 5044 decimus
1004 4993 1194 5060 fuerat,
1217 5000 1266 5044 et
1293 5001 1570 5047 secesserat
1597 4993 1651 5047 in
1675 4994 1953 5063 desertum,
1984 4997 2082 5051 ibi-

554 5154 581 5218 ξι
616 5145 770 5218 Yers.
804 5144 931 5218 ᾼιιι.
964 5146 1280 5216 suspiciones
1305 5148 1474 5211 malae,
1509 5148 1941 5218 conﬂictationes,
1973 5160 2079 5207 etc.

553 5214 580 5253 δ
611 5217 746 5272 Cum
796 5216 1012 5291 Graeco,
1058 5214 1317 5291 ἀφέστασο
1373 5219 1476 5274 ἀπὸ
1518 5214 1617 5274 τῶὑ
1645 5222 1902 5286 τοιούτῶν,
1960 5235 2080 5291 quae

478 5287 639 5343 Vers.
674 5293 800 5342 Ant.
833 5290 1037 5343 omittit
1057 5287 1258 5345 etSab.

553 5368 576 5396 ε
607 5358 700 5415 Ha:
729 5359 980 5414 formulae
1025 5363 1078 5413 in
1121 5359 1372 5431 epistola,
1407 5371 1502 5415 seu
1551 5360 1732 5416 edicto
1776 5359 2078 5420 Constantii

476 5443 784 5498 expressas:
813 5431 882 5485 de
908 5443 1016 5497 quo
1044 5434 1222 5496 paullo
1248 5431 1518 5499 superius.

547 5499 575 5538 ἀ
620 5499 678 5554 Id
719 5512 826 5565 est,
858 5501 1262 5570 Mediolanensl,
1297 5503 1374 5556 uti
1408 5504 1535 5559 alibi
1565 5503 2072 5560 animadvertimus.

551 5574 575 5601 °
604 5572 936 5623 Arianorum.
969 5572 1144 5626 Vatic.
1601 5601 1608 5604 ·

607 5637 771 5720 Deest
815 5640 1374 5720 verbum_teggrams,
1417 5646 1499 5700 vel
1549 5647 1724 5702 simile
1773 5647 2067 5719 quidpiam.

478 5701 668 5774 Tilius.
702 5705 1016 5774 Lege-rimus.
1049 5701 1224 5765 Lalin.

554 5779 578 5847 “cf
609 5769 795 5847 Danes'
809 5792 911 5847 non
933 5782 1250 5847 accepimus.
1281 5785 1435 5840 Vers.
1470 5788 1593 5841 Ant.

482 5867 490 5876 -
563 5834 749 5895 Mittin
807 5834 1246 5931 pluribus'mss.
1297 5834 1436 5928 apud
1470 5834 1676 5917 ⁷ἕῖιιιιι.
1730 5857 1886 5924 Vers.
1938 5862 2063 5928 Αηι.

2190 4719 2353 4784 Deus,
2386 4729 2431 4774 et
2459 4721 2561 4786 ipsi
2590 4729 2740 4773 erunt
2786 4719 2913 4772 mihi
2953 4719 3203 4787 populus,
3247 4726 3456 4786 propter
3481 4715 3620 4786 quod
3655 4715 3792 4768 exite

2191 4813 2253 4866 de
2284 4811 2452 4866 medio
2491 4827 2690 4878 eorum,
2717 4813 2762 4864 et
2790 4810 3127 4882 separamini,
3158 4809 3283 4862 dicit
3314 4807 3586 4872 Dominus,
3617 4818 3666 4860 et
3692 4807 3790 4859 im-

2189 4905 2438 4959 mundum
2461 4913 2522 4958 ne
2553 4903 2839 4976 teligeritis,
2873 4912 2921 4956 et
2944 4918 3036 4973 ego
3052 4901 3299 4972 recipiam
3325 4915 3432 4961 vos,
3458 4911 3506 4954 et
3534 4915 3620 4952 ero
3648 4896 3790 4952 vobis

2187 4997 2242 5051 in
2271 5006 2490 5066 patrem,
2515 5005 2567 5050 et
2596 5011 2683 5049 vos
2707 4993 2834 5048 mihi
2862 4994 3004 5048 eritis
3036 4994 3090 5048 in
3120 4993 3257 5062 ﬁlios
3277 5002 3326 5045 et
3352 4991 3511 5061 ﬁlias,
3536 4991 3656 5045 dicit
3680 4988 3789 5043 Do-

2184 5154 2353 5208 sciens
2376 5163 2544 5207 tamen
2569 5150 2605 5204 J
2611 5167 2752 5216 esus,
2783 5152 2937 5206 dixit.

2263 5223 2276 5260 ί
2318 5224 2357 5276 Α
2385 5229 2633 5291 fermento
2655 5211 2781 5293 legit
2806 5223 2936 5280 Sub.
2967 5235 3088 5275 cum
3116 5211 3270 5274 Vers.
3300 5218 3428 5272 Ant.
3459 5217 3558 5273 Ms.
3586 5217 3786 5273 Canta.

2184 5295 2323 5365 hrig.
2343 5303 2413 5365 iet
2444 5305 2630 5349 nostro
2665 5294 2786 5347 Vat.

2258 5359 2298 5414 Γ
2330 5364 2609 5420 Fermento
2655 5380 2870 5436 panum.
2910 5361 3071 5436 rVers.
3126 5359 3508 5436 A_nt.JPanum
3554 5359 3704 5416 abest
3757 5375 3785 5415 a

2181 5435 2353 5491 Codd.
2385 5437 2550 5493 Cori).
2585 5431 2978 5505 el'Cautnhrig.
3014 5443 3120 5487 uta
3145 5431 3326 5505 Lucil.

2253 5505 2279 5546 ι
2305 5505 2693 5563 Pharisteorum
2715 5516 2764 5562 et
2794 5503 3226 5562 Sadducteorum.
3255 5503 3411 5558 Ἶρι-5.
3440 5505 3565 5556 Ant.

2257 5578 2270 5616 ¹
2307 5581 2437 5635 Cum
2469 5580 2682 5635 Grurco.
2715 5579 2872 5633 Vers.
2911 5579 3038 5631 Ant.
3071 5573 3272 5629 Beliab.

2249 5659 2289 5687 π’
2323 5651 2406 5726 [tu
2445 5651 2621 5726 Grtec.
2648 5651 2793 5723 ὑμεῖς
2816 5651 2914 5726 γὰρ
2940 5649 3059 5726 νειὸς
3087 5652 3216 5703 Θεοῦ
3249 5647 3366 5726 ἐστι
3387 5648 3604 5726 ςῶιιεςςιςἶ
3620 5644 3778 5726 vers.

2174 5722 2302 5846 got.
2358 5722 2631 5791 Nasenim
2672 5715 2922 5792 templum
2953 5717 3050 5772 Dei
3091 5733 3271 5793 sumus
3299 5715 3432 5796 vici;
3477 5715 3604 5770 dicit
3647 5715 3785 5786 enim

2231 5803 2341 5846 ειη.

2231 5803 2341 5848 ειη.
