4148 6186
389 317 494 389 tae

1070 332 1163 390 DE
1202 331 1343 391 NON
1379 332 1878 396 CONVENIENDO
1915 340 2060 398 CUM
2106 341 2498 402 HERETICIS
2540 340 2746 402 LIBER
2793 348 3000 406 UNIJS.

3592 353 3700 406 790

385 448 555 500 tullius
577 444 899 519 omnipotens
932 443 997 517 (ll
1023 441 1144 500 Cor.
1172 458 1243 508 vt,
1273 445 1384 514 16);
1419 447 1563 518 quis,
1593 439 1846 513 diximus,
1877 460 1984 505 tam
2017 455 2063 512 Α
2096 468 2148 518 x,
2176 454 2291 524 50).
2323 455 2479 524 Saepe
2505 455 2740 510 diximus
2773 499 2787 522 ,
2817 459 2941 528 quia
2969 472 3090 512 cum
3135 459 3245 514 sint
3273 460 3396 514 duae
3444 475 3697 530 persona-

384 543 589 595 stultus
613 539 720 606 est,
751 549 806 594 ιιι
832 539 967 594 nolit
998 540 1048 593 in
1081 555 1139 594 se
1168 533 1339 595 Deum
1372 539 1711 596 inhabitare?
1737 545 1826 612 qui
1854 543 1987 597 nolit

384 648 446 689 se
473 643 753 703 receptum
783 647 811 686 a
845 631 956 687 Deo
999 629 1238 702 reputari
1273 633 1416 688 inter
1442 649 1537 688 eos
1561 651 1698 704 quos
1726 635 1864 688 filios
1893 652 1981 706 ap-

385 724 598 796 pellare
627 724 878 794 dignatus
919 725 1036 780 eSt?
1077 735 1132 778 ut
1177 740 1282 780 non
1332 724 1499 796 fugiat
1550 735 1599 780 tc
1645 726 1981 782 immundum

385 832 485 887 per
512 817 762 872 hmresim
797 826 942 871 luam
968 815 1260 871 effectum?
1307 816 1422 872 Non
1471 831 1685 887 aequum
1723 818 1878 873 nobis
1908 821 1983 874 vi-

383 925 506 965 sum
531 919 633 975 est,
663 919 718 964 ut
751 909 1027 964 vobiscum
1062 925 1159 963 nos
1186 909 1237 963 in
1262 925 1368 963 uno
1397 909 1712 976 fuissemus,
1741 911 1979 980 quando-

381 1001 603 1072 quidem
655 1015 756 1056 nec
802 1002 871 1055 sit
913 1017 1125 1071 acquum
1174 1001 1422 1055 homines
1469 1001 1668 1056 morari
1701 1017 1822 1056 cum
1866 1017 1983 1056 ser-

380 1093 654 1166 pentibus.
705 1094 815 1148 Aut
870 1092 1088 1162 nrgabis
1157 1093 1295 1148 unici
1354 1092 1476 1147 Filii
1536 1093 1630 1148 Dei
1697 1103 1982 1160 negatores

380 1188 554 1244 dictos
613 1188 665 1242 in
722 1188 892 1242 sat-ris
961 1187 1245 1257 scripturis
1301 1189 1626 1258 serpentes?
1676 1189 1730 1244 Si
1785 1205 1982 1260 negare

379 1294 488 1338 nun
540 1291 722 1354 potes,
795 1283 1017 1338 adverte
1073 1294 1219 1338 recte
1269 1299 1368 1338 nos
1421 1285 1601 1354 egisse
1652 1283 1835 1353 fugere
1887 1300 1982 1338 vos

377 1385 682 1447 serpentes.
734 1376 935 1448 Legisti
983 1378 1301 1448 Apostolum
1345 1377 1632 1433 Timotheo
1660 1379 1978 1433 dicentem:

380 1466 644 1538 Profanas
676 1471 924 1524 novitates
952 1485 1132 1524 vocum
1163 1471 1328 1524 devita
1353 1485 1372 1525 .'
1399 1470 1615 1524 multum
1651 1472 1785 1526 enim
1814 1472 1978 1543 proﬁ-

377 1563 508 1615 cient
535 1564 604 1614 ad
641 1561 976 1632 impietatem,
1011 1573 1059 1616 et
1091 1579 1258 1617 sermo
1285 1578 1460 1616 eorum
1505 1571 1557 1616 ut
1609 1579 1795 1616 cancer
1820 1564 1980 1632 serpit

379 1651 448 1722 (ll
479 1654 608 1709 Tim.
650 1671 730 1721 st,
785 1655 899 1724 16).
954 1653 1289 1711 Existimasti
1334 1665 1545 1719 tecum,
1598 1655 1753 1724 cujus
1799 1669 1979 1709 seruio

378 1733 434 1805 ut
476 1755 673 1805 cancer
734 1762 848 1813 eat,
908 1765 1029 1806 esse
1081 1751 1172 1806 llei
1238 1750 1488 1804 homines
1538 1749 1799 1819 potuisse.
1846 1747 1977 1803 Item

2091 543 2254 598 Pater
2281 553 2335 597 et
2365 543 2557 609 Filius,
2590 556 2640 598 et
2681 555 2860 602 tamen
2903 547 3049 602 dicat
3087 567 3098 602 :
3134 548 3242 620 Ego
3276 564 3321 604 et
3357 550 3513 606 Pater
3543 569 3703 606 unum

2087 653 2264 691 sumus
2287 635 2476 708 (Ibid.)
2511 656 2523 691 :
2557 648 2630 700 et,
2665 638 2762 704 Qui
2786 656 2863 692 me
2894 641 3036 703 vidit,
3063 643 3187 693 vidit
3212 654 3256 693 et
3284 641 3494 698 Patrem
3525 641 3697 714 (Ibid.

2088 747 2196 796 xw,
2231 731 2286 802 9)
2312 742 2386 793 et,
2415 731 2525 804 Ego
2543 733 2595 786 in
2629 731 2809 794 Patre,
2865 745 2909 786 et
2961 733 3118 787 Pater
3172 735 3222 786 in
3257 752 3334 788 me
3385 734 3646 806 (lbidJO)
3676 753 3694 802 ;

2089 823 2223 876 nihil
2281 822 2423 876 aliud
2485 839 2582 876 nos
2632 825 2785 878 illum
2834 827 3066 878 \oluisse
3115 823 3354 895 assequi,
3410 827 3512 882 nisi
3565 829 3693 897 quia

2087 930 2190 968 una
2221 915 2290 967 sit
2319 916 2596 968 aeternitas
2649 914 2825 968 Patris
2877 926 2930 970 et
2977 917 3119 981 Filii,
3171 933 3273 970 una
3321 918 3393 970 sit
3442 917 3692 986 claritas,

2087 1022 2188 1060 una
2250 1006 2494 1076 potentia
2538 1005 2772 1060 unave‘l
2820 1008 3154 1076 magnitudo.
3217 1009 3422 1062 idcirco
3482 1011 3684 1064 etenim

2085 1100 2248 1155 etiam
2281 1100 2571 1169 Apostolus
2615 1099 2668 1153 in
2699 1100 2800 1154 hac
2829 1099 2962 1154 dicit
2990 1101 3226 1154 secunda
3254 1103 3484 1170 epistola
3520 1120 3532 1155 :
3567 1102 3690 1156 0m-

2085 1192 2165 1244 nis
2214 1191 2302 1261 qui
2359 1191 2550 1245 recedit
2597 1201 2644 1244 et
2691 1208 2794 1245 non
2846 1202 3016 1250 manet
3064 1193 3118 1245 in
3166 1191 3407 1246 doctrina
3458 1193 3690 1260 Christi,

2087 1281 2250 1335 Deum
2282 1300 2382 1336 non
2407 1283 2553 1336 habet
2580 1299 2598 1336 .°
2628 1283 2716 1352 qui
2753 1281 2926 1336 autent
2969 1295 3136 1336 manet
3179 1285 3231 1336 in
3284 1284 3519 1338 doctrina
3552 1287 3691 1356 ejus,

2083 1379 2170 1431 ille
2198 1387 2246 1431 et
2277 1376 2488 1432 Putrem
2517 1387 2562 1430 et
2591 1374 2790 1429 Filium
2838 1375 2986 1430 habet
3035 1377 3102 1446 (ll
3140 1375 3304 1432 Joan.
3357 1377 3414 1445 9)
3448 1396 3460 1431 :
3507 1387 3564 1431 ιιι
3595 1393 3692 1445 per

2083 1468 2385 1523 doctrinam
2415 1467 2734 1539 colligentes
2779 1484 3061 1523 sacrorum
3116 1468 3538 1540 Evangeliornm
3593 1467 3689 1525 Dei

2083 1560 2257 1616 Patris
2298 1571 2353 1615 et
2406 1561 2549 1616 unici
2581 1560 2699 1615 Filii
2731 1561 2849 1631 ejus
2899 1576 3060 1616 unam
3110 1562 3463 1618 crederemus
3518 1563 3692 1618 deita-

2083 1662 2189 1708 tem
2222 1673 2234 1708 :
2265 1658 2408 1708 hunc
2440 1653 2640 1708 habere
2669 1651 2859 1718 Deum,
2893 1655 2985 1725 qui
3020 1655 3091 1708 ita
3121 1655 3345 1721 credat;
3381 1658 3470 1725 qui
3495 1668 3684 1711 autem

2082 1748 2376 1802 recesserit
2421 1747 2489 1801 ab
2532 1747 2634 1802 hac
2670 1746 2916 1801 doctrina
2959 1747 3088 1818 (hoc
3115 1761 3219 1812 εει,
3255 1759 3301 1802 et
3331 1766 3424 1822 ego
3449 1759 3497 1803 et
3527 1747 3689 1803 Pater

375 1841 565 1900 beatus
597 1859 716 1896 cum
749 1841 1026 1911 praecipiat
1049 1832 1287 1896 Joannes
1321 1857 1413 1895 vos
1442 1838 1729 1910 fugiendos
1756 1839 1976 1894 dicens:
2017 1847 2058 1906 Β
2086 1859 2243 1895 unum
2265 1858 2440 1896 sumus
2469 1838 2649 1912 (Joau.
2700 1857 2753 1906 χ,
2801 1837 2916 1911 50),
2949 1841 3133 1908 utique
3181 1856 3302 1895 cum
3335 1843 3407 1895 sit
3454 1841 3685 1911 plurale,

377 1935 596 1990 Caritas
624 1953 735 1990 sum
763 1935 911 1990 valde
936 1937 1075 2001 quod
1122 1936 1291 1989 inveni
1331 1935 1392 1988 de
1419 1926 1545 2005 [iliis
1571 1936 1670 1988 tuis
1698 1934 1971 1987 ambulan-

374 2039 447 2084 tes
484 2031 537 2082 in
579 2030 794 2083 veritate
842 2029 995 2082 sicuti
1040 2028 1339 2082 mandatum
1379 2028 1669 2098 accepimus
1713 2043 1744 2080 a
1793 2021 1970 2080 Patre.

376 2121 484 2175 Oro
514 2129 560 2175 te
589 2121 799 2174 domina
840 2139 941 2174 non
982 2122 1110 2175 sicut
1159 2120 1460 2174 mandatum
1509 2137 1692 2173 norum
1747 2119 1974 2173 scribens

373 2212 502 2277 tibi,
535 2211 625 2266 sed
653 2213 790 2281 quod
822 2212 1094 2266 habuimus
1145 2211 1206 2265 ob
1253 2212 1425 2277 initio,
1472 2223 1526 2264 ut
1572 2211 1849 2282 diligamus
1879 2227 1972 2264 nos

373 2309 726 2362 alterutrum:
757 2317 804 2360 et
837 2307 944 2360 hwc
976 2315 1049 2361 est
1085 2308 1273 2360 caritas
1329 2315 1384 2359 ttt
1428 2305 1747 2359 ambulemus
1787 2321 1968 2358 secun-

372 2395 494 2454 dum
527 2401 776 2454 mandata
801 2402 935 2469 ejus.
970 2398 1088 2452 Hoc
1116 2410 1188 2452 est
1232 2398 1536 2452 mandatam
1581 2399 1712 2452 sicut
1756 2397 1973 2452 audistis

373 2490 437 2545 ob
483 2492 636 2545 initio
668 2502 724 2545 ut
769 2491 912 2545 ineo
941 2491 1233 2554 ambuletis,
1289 2491 1528 2561 quoniam
1577 2491 1725 2542 multi
1760 2489 1974 2558 fallaces

372 2586 632 2657 progressi
664 2585 862 2638 suntin
901 2584 1115 2648 sarculo,
1158 2585 1246 2654 qui
1295 2600 1396 2638 non
1437 2583 1745 2653 conﬁtentur
1791 2579 1973 2636 Jesum

373 2677 637 2731 Christum
667 2679 861 2732 venisse
884 2678 934 2731 in
965 2678 993 2708 ⁸
1016 2694 1220 2732 carnem
1255 2694 1273 2732 :
1301 2678 1382 2730 isti
1407 2688 1524 2732 sunt
1562 2678 1776 2747 fallaces
1793 2689 1840 2732 et
1867 2679 1974 2732 An-

374 2770 616 2824 tichristi.
658 2767 835 2824 Videte
862 2786 945 2823 eos
968 2811 983 2837 ,
1019 2787 1080 2822 ne
1131 2769 1360 2839 perdatis
1414 2767 1555 2838 quod
1602 2769 1798 2839 aperati
1829 2771 1971 2835 estis,

373 2865 461 2918 sed
484 2876 537 2918 ut
561 2864 846 2918 mercedem
871 2864 1077 2935 plenam
1106 2863 1384 2932 recipiatis.
1417 2860 1598 2916 Omnis
1628 2863 1717 2932 qui
1741 2864 1930 2916 recedit
1959 2905 1971 2929 ,

375 2967 420 3010 et
447 2971 547 3009 non
573 2965 740 3008 manet
763 2957 814 3009 itt
843 2955 1080 3010 doctrina
1107 2955 1319 3019 Christi,
1346 2952 1512 3030 Deum
1537 2972 1635 3009 non
1659 2955 1808 3007 habet
1843 2972 1859 3008 :
1888 2956 1974 3025 qui

374 3060 544 3104 autem
573 3060 742 3103 manet
776 3049 827 3103 in
874 3049 1109 3102 doctrina
1132 3051 1266 3120 ejus,
1317 3047 1409 3101 ille
1455 3057 1501 3101 et
1552 3046 1760 3101 Putrem
1801 3057 1847 3100 ct
1884 3048 1973 3102 Fi-

375 3144 501 3197 lium
541 3142 705 3196 habet.
738 3142 799 3196 Si
839 3143 952 3213 quis
1002 3142 1194 3196 venerit
1248 3141 1315 3193 ad
1351 3156 1459 3202 vos,
1509 3151 1555 3193 et
1599 3142 1732 3194 hunc
1782 3142 1974 3196 doctri-

2077 1945 2132 1990 et
2165 1935 2299 1988 duas
2326 1933 2566 1988 ostendit
2592 1947 2854 2002 personas
2886 1943 2939 1988 et
2965 1949 3124 1987 unam
3159 1935 3456 2003 potentiam
3492 1935 3684 1990 harum

2075 2027 2304 2082 duarum
2340 2043 2736 2095 personarum,
2773 2027 2875 2080 hoc
2901 2036 2980 2080 est
3027 2027 3199 2082 Patris
3244 2035 3300 2081 et
3339 2023 3517 2095 Filii),
3553 2043 3686 2097 ergo

2078 2121 2208 2175 dicit
2237 2121 2530 2190 Apostolus
2567 2138 2581 2175 :
2615 2119 2718 2186 Qui
2758 2118 2989 2186 recedit,
3025 2129 3072 2174 et
3113 2136 3214 2173 non
3265 2128 3434 2173 manet
3465 2120 3517 2173 in
3541 2119 3680 2174 doc-

2077 2215 2212 2268 trina
2246 2212 2459 2278 Christi,
2495 2213 2657 2268 Deum
2705 2231 2809 2268 non
2856 2213 3005 2269 habet
3031 2232 3048 2268 :
3079 2216 3166 2283 qui
3208 2224 3378 2268 autem
3409 2225 3578 2268 manet
3631 2215 3685 2268 in

2077 2307 2312 2360 doctrina
2343 2310 2476 2378 ejus,
2509 2306 2598 2360 ille
2622 2318 2668 2361 et
2703 2305 2921 2361 Patrem
2951 2317 2996 2360 et
3025 2303 3224 2361 Filium
3255 2306 3404 2360 habet
3431 2305 3493 2375 (ll
3525 2305 3685 2360 Joan.

2076 2401 2132 2476 9)
2165 2414 2258 2456 :ut
2301 2402 2652 2456 crederemus
2698 2401 2834 2456 Filio
2860 2401 3064 2456 dicenti
3096 2401 3191 2456 Dei
3225 2420 3237 2456 :
3280 2399 3392 2470 Ego
3419 2409 3467 2454 et
3519 2386 3683 2453 Pater

2078 2475 2238 2550 unum
2287 2513 2464 2549 sumus
2514 2495 2698 2565 (Joan.
2742 2511 2796 2560 Χ,
2854 2496 2984 2562 50);
3036 2494 3180 2565 quod
3229 2475 3414 2564 utique
3478 2509 3580 2546 una
3616 2493 3689 2546 sit

2075 2591 2249 2645 dcitas
2280 2590 2454 2645 Patris
2481 2600 2536 2645 et
2568 2590 2709 2645 Filii.
2752 2588 2982 2644 Constat
3012 2590 3194 2658 itaque
3238 2599 3288 2642 te
3318 2589 3408 2658 qtti
3443 2588 3515 2641 ita
3571 2604 3680 2640 non

2077 2696 2262 2740 teneas
2316 2684 2589 2754 quomodo
2630 2682 2915 2736 tradiderit
2961 2682 3227 2752 apostolis
3285 2679 3576 2744 Dominus,
3625 2688 3678 2731 ct

2075 2777 2308 2847 apostoli
2342 2776 2642 2844 episcopis,
2677 2785 2726 2827 te
2781 2791 2886 2826 non
2954 2773 3160 2827 habere
3191 2771 3365 2826 Deum
3399 2789 3410 2823 :
3457 2770 3582 2840 quia
3631 2781 3688 2824 et

2074 2868 2368 2938 Apostolus
2406 2867 2594 2920 volens
2622 2874 2676 2920 et
2702 2863 2876 2920 Patris
2915 2873 2970 2919 et
3013 2863 3132 2918 Filii
3177 2863 3392 2917 unicam
3423 2862 3679 2916 divinita-

2078 2972 2182 3016 tem
2215 2959 2600 3024 manifestare,
2651 2959 2910 3014 dicebat:
2970 2957 3070 3024 Qui
3120 2957 3310 3011 recedit
3356 2975 3388 3011 a
3441 2956 3677 3010 doctrina

2075 3057 2207 3127 ejus,
2243 3051 2408 3107 Deum
2431 3070 2534 3106 non
2563 3051 2753 3106 habet:
2783 3051 2871 3120 qui
2897 3053 3066 3104 autém
3114 3049 3284 3104 manét
3329 3050 3383 3104 in
3429 3050 3672 3104 doctrina

2075 3151 2219 3221 ejus,
2246 3147 2336 3200 ille
2370 3145 2579 3200 Patrent
2612 3155 2656 3198 et
2685 3141 2885 3198 Filium
2914 3141 3062 3197 habet
3095 3139 3163 3212 (ΙΙ
3190 3139 3350 3220 Joan.
3378 3141 3456 3212 9).
3487 3139 3566 3196 Te
3595 3141 3680 3195 in-

375 3253 495 3290 nam
538 3252 638 3290 non
668 3234 818 3302 affert
841 3278 853 3299 ,
883 3235 1038 3289 nolite
1065 3235 1300 3302 accipere
1331 3251 1444 3288 eum
1470 3235 1520 3287 in
1541 3234 1770 3296 domum,
1805 3247 1850 3289 et
1877 3243 1976 3291 Ave
2005 3233 2050 3294 C
2083 3257 2242 3310 quam
2273 3240 2622 3294 constitutum
2660 3239 2776 3291 sine
2800 3235 2931 3301 Deo,
2965 3245 3016 3289 te
3042 3249 3216 3304 neque
3250 3233 3444 3287 Filium
3471 3232 3680 3287 haben-

377 3331 534 3384 nolite
567 3329 733 3384 dicere
781 3330 828 3383 ei
856 3347 875 3384 :
906 3331 994 3399 qui
1044 3331 1178 3384 enim
1225 3328 1348 3382 dicit
1375 3330 1422 3383 ei
1467 3330 1601 3396 Ave,
1631 3333 1976 3384 comnmnicat

377 3422 617 3491 aperibus
643 3423 753 3493 eius
799 3422 1039 3494 malignis
1090 3419 1155 3494 (ll
1195 3421 1355 3474 Joau.
1397 3420 1475 3490 4).
1529 3421 1812 3490 Quomodo
1861 3423 1974 3478 fieri

377 3526 622 3585 potuerat
649 3556 663 3579 ,
691 3523 744 3568 ut
777 3529 877 3568 nos
906 3523 1086 3569 tecum
1118 3525 1279 3583 atque
1307 3529 1428 3569 cum
1458 3516 1565 3568 tuis
1605 3531 1850 3570 essemus
1878 3515 1974 3571 Dei

376 3607 576 3661 milites
632 3622 752 3660 cum
807 3606 1070 3660 militibus
1127 3605 1486 3660 AnticltriSti?
1537 3607 1974 3676 quandoquidem

379 3715 480 3755 nec
511 3699 733 3754 salutari
765 3716 858 3754 vos
900 3700 1210 3770 permiserit
1257 3698 1490 3768 Spiritus
1539 3709 1790 3763 sanctus,
1841 3700 1976 3754 dans

380 3794 497 3848 haec
523 3805 790 3864 przecepta
824 3809 919 3862 per
963 3795 1175 3849 beatum
1209 3795 1549 3862 Apostolum.
1599 3789 1703 3847 Sed
1733 3790 1976 3846 fortassis

378 3888 560 3944 dicere
586 3889 846 3944 audebis:
896 3887 1165 3958 Numquid
1204 3905 1296 3958 ego
1325 3890 1378 3941 in
1424 3904 1578 3941 carne
1624 3889 1814 3940 venisse
1851 3902 1978 3955 nego

382 3979 478 4035 Dei
521 3979 736 4048 Filium,
774 3989 831 4034 ut
874 3998 1004 4034 unus
1055 3997 1320 4050 mtncuper
1348 3996 1410 4034 ex
1453 3977 1785 4032 Antichristis
1817 3977 1974 4033 ?Non

380 4073 597 4146 quidem
649 4084 722 4141 tu,
757 4074 1037 4130 Constanti
1092 4073 1411 4144 imperator,
1462 4077 1679 4131 venisse
1726 4075 1776 4129 in
1811 4090 1976 4129 carne

382 4183 545 4236 negas
577 4167 671 4220 Dei
701 4165 922 4231 Filium,
955 4167 1048 4222 sed
1077 4166 1212 4222 dici-3
1240 4167 1410 4231 illum,
1436 4185 1596 4238 quem
1626 4183 1724 4221 nos
1753 4167 1978 4221 conlile-

383 4275 504 4314 ιιιιιι·
533 4259 583 4312 ἰιι
609 4274 771 4314 carne
801 4259 1036 4323 venisse,
1073 4275 1194 4315 esse
1222 4271 1528 4314 creaturam
1556 4278 1568 4313 :
1618 4258 1753 4313 dicis
1779 4259 1976 4312 factum

382 4351 533 4405 illum
564 4368 632 4406 ex
669 4351 861 4417 nihilo,
893 4369 1000 4406 non
1038 4353 1188 4406 illum
1240 4370 1361 4406 esse
1396 4368 1582 4407 rerum
1619 4351 1726 4404 ~Dei
1782 4349 1976 4404 Filium

383 4446 682 4502 alfirmans.
728 4448 836 4502 Nos
875 4455 1069 4503 contra
1103 4450 1190 4516 qui
1241 4451 1394 4503 istius
1449 4448 1588 4502 beati
1621 4445 1865 4516 Apostoli
1903 4461 1978 4499 te-

387 4533 578 4595 nemus
625 4541 992 4606 traditionem,
1037 4542 1309 4596 credimus
1354 4559 1538 4597 verum
1597 4541 1687 4594 Dei
1738 4541 1974 4604 Filium,

2079 3341 2184 3388 tem
2212 3348 2387 3402 neque
2419 3331 2632 3384 Patrem
2661 3329 2958 3383 rectissime
2990 3327 3194 3395 fugisse
3218 3324 3601 3395 cognoscimus
3631 3335 3678 3383 θ.

2077 3425 2341 3495 siquidem
2394 3439 2501 3478 non
2562 3423 2752 3476 fuisset
2779 3417 3000 3490 dignum
3045 3415 3311 3474 habentes
3346 3419 3516 3474 Deum
3548 3435 3672 3473 cum

2081 3519 2311 3574 inimicis
2342 3520 2458 3588 ejus
2501 3519 2792 3572 demorare
2826 3512 2842 3552 ί
2877 3514 3075 3569 divina:
3125 3511 3536 3580 magnitudinis.
3570 3509 3680 3568 Sed

2077 3630 2236 3684 quam
2266 3615 2340 3667 sis
2369 3611 2480 3667 Deo
2511 3611 2731 3666 odibilis
2762 3624 3062 3681 cognosce,
3111 3618 3169 3662 ut
3198 3620 3296 3660 nec
3332 3609 3443 3660 ,λινε
3474 3604 3569 3658 tibi
3603 3602 3686 3657 di-

2078 3723 2203 3763 cere
2228 3707 2489 3762 fuerimus
2521 3703 2792 3775 permissi.
2821 3701 3108 3770 Quomodo
3141 3699 3422 3754 vobiscum
3461 3696 3683 3753 Arianis

2077 3800 2372 3855 Chrisuani
2403 3815 2524 3853 esse
2571 3797 2959 3868 potueramus?
3007 3811 3130 3849 cum
3183 3791 3331 3847 dicat
3378 3792 3682 3862 Apostolus

2079 3892 2303 3948 Paullus
2339 3912 2351 3947 :
2389 3892 2593 3946 Stultos
2642 3895 2950 3959 qttwstiones
2982 3932 2997 3955 ,
3025 3897 3070 3942 et
3097 3886 3448 3958 genealogias,
3483 3893 3530 3937 et
3560 3899 3677 3936 con-

2081 3987 2325 4040 tentiones
2348 4027 2362 4050 ,
2392 3996 2437 4038 et
2470 3985 2582 4038 lites
2619 3984 2745 4056 legis
2782 3982 2946 4034 devita
2983 3999 2994 4034 :
3031 3989 3150 4034 sunt
3201 3977 3335 4032 enim
3388 3973 3596 4029 inutiles
3639 3987 3684 4028 et

2079 4097 2241 4134 vente.
2299 4078 2608 4134 "(creticum
2657 4075 2910 4130 hominem
2958 4082 3068 4144 post
3113 4087 3270 4125 unam
3315 4069 3688 4140 correptionem

2084 4179 2108 4216 8
2135 4171 2324 4233 devita,
2359 4171 2520 4224 sciens
2545 4168 2785 4238 quoniam
2819 4182 3086 4236 perrersus
3116 4174 3188 4218 est
3217 4161 3243 4199 δ
3271 4172 3320 4218 et
3344 4170 3544 4233 peccat,
3570 4176 3685 4213 cum

2080 4263 2198 4317 sita
2225 4265 2493 4334 semetipso
2525 4264 2798 4316 damnatus
2832 4260 2959 4330 (Tit.
3005 4277 3084 4326 ιιι,
3113 4259 3195 4330 9).
3241 4257 3377 4312 Cum
3411 4256 3688 4312 ltmreticis

2079 4371 2108 4410 a
2149 4357 2458 4419 semetipsis
2485 4356 2755 4410 damnatis
2789 4370 2894 4408 non
2929 4365 3282 4422 potueramus
3312 4349 3636 4417 congregari
3670 4390 3685 4410 ,

2084 4462 2152 4501 ne
2182 4457 2238 4500 et
2276 4461 2373 4500 nos
2404 4446 2497 4500 illa
2542 4462 2643 4500 vox
2679 4453 3029 4515 percuteret,
3082 4443 3221 4497 sicut
3271 4439 3497 4495 Galatas
3545 4438 3690 4491 beati

2084 4539 2254 4594 Paulli
2288 4541 2555 4609 percutit:
2586 4537 2882 4594 Currebatis
2896 4537 3019 4592 bene
3053 4553 3071 4590 :
3100 4536 3213 4602 quis
3243 4533 3382 4588 vobis
3422 4530 3437 4569 ί
3471 4532 3692 4602 impedi-

384 4635 658 4689 credimus
678 4650 836 4688 unam
862 4633 1062 4691 habere
1089 4635 1346 4689 deitatem
1371 4633 1586 4688 Patrem
1611 4641 1666 4689 et
1693 4632 1833 4687 hunc
1865 4635 1982 4686 nni-
2011 4611 2065 4672 D
2091 4635 2157 4688 vit
2186 4634 2383 4687 veritati
2412 4650 2513 4685 non
2544 4631 2748 4686 obedire
2779 4629 2925 4701 (Gal.
2959 4645 3013 4696 ν,
3048 4625 3573 4698 7)?Cognosceules
3600 4635 3699 4680 \os

386 4721 508 4796 eiim
537 4727 653 4796 ejus
680 4723 875 4781 Filium
904 4744 917 4793 ;
949 4726 1088 4797 quod
1141 4728 1210 4781 ita
1253 4742 1376 4781 esse
1410 4727 1664 4781 Dominus
1712 4727 1763 4780 in
1812 4727 1982 4780 sacris

388 4819 502 4874 suis
536 4817 842 4890 Evangeliis
876 4819 1210 4880 manifestat,
1243 4817 1432 4872 dicens
1466 4837 1476 4870 :
1510 4818 1608 4882 Qui
1638 4835 1716 4870 me
1741 4818 1884 4883 vidit,
1913 4819 1988 4871 vi—

386 4911 461 4965 dit
481 4921 530 4966 et
563 4911 773 4967 Patrem
798 4911 824 4950 δ
860 4911 1042 4985 (Joan.
1088 4927 1200 4975 xlv,
1225 4913 1279 4976 9,
1321 4911 1408 4980 lo)
1437 4929 1448 4963 :
1497 4921 1570 4976 et,
1603 4909 1716 4983 Ego
1755 4911 1808 4964 in
1838 4910 1995 4966 Patre

387 5016 432 5060 et
457 4993 610 5060 Pater
638 5008 690 5060 in
713 5023 792 5060 me
827 5025 840 5059 :
865 5016 885 5043 (τ
916 5015 994 5071 et,
1023 5004 1132 5077 Ego
1155 5014 1202 5058 et
1237 4997 1388 5056 Pater
1418 5020 1574 5056 unum
1600 5017 1777 5056 sumus
1801 5001 1992 5072 (ibid.,

467 5225 490 5251 ιι
523 5213 589 5268 In
629 5229 784 5268 carne
807 5255 821 5279 ,
857 5215 997 5284 apud
1026 5214 1210 5269 Sabat.

463 5285 490 5323 δ
529 5286 663 5340 Cum
693 5284 907 5353 Graeco,
943 5302 972 5340 a
1025 5300 1133 5356 quo
1186 5286 1339 5340 abest
1396 5302 1597 5352 meum,
1659 5284 1798 5355 quod
1851 5287 1992 5340 inest

394 5373 539 5414 vers.
573 5359 700 5412 Ant.

467 5441 488 5467 ε
535 5426 599 5482 In
622 5444 700 5483 me
727 5438 823 5483 est.
860 5427 1013 5482 Vers.
1049 5415 1173 5481 An"
1203 5406 1437 5481 lrenams
1471 5429 1522 5480 in
1553 5425 1641 5481 lib.
1681 5443 1767 5494 ιιι,
1791 5443 1991 5482 conve-

393 5503 474 5561 nil
501 5515 622 5554 ('tltn
653 5500 822 5555 Lucil.

468 5569 494 5608 (³
540 5570 778 5640 Unaque.
807 5569 984 5625 Latin.

471 5653 494 5713 ἐ
540 5641 931 5713 Cognoscimur.
966 5641 1120 5697 Lalin
1133 5683 1145 5694 .

475 5711 492 5750 τ
547 5709 841 5778 Deinorari.
874 5709 953 5768 1d.

481 5796 502 5829 ιε
550 5781 676 5838 Post
703 5801 858 5837 unam
898 5787 1269 5854 correptionem
1298 5795 1344 5839 et
1374 5783 1498 5838 duo.
1546 5782 1700 5838 Vers.
1733 5779 1858 5834 Ant.
1891 5780 1999 5854 Lu-

408 5855 545 5920 cilct
568 5857 826 5917 convenit
850 5873 971 5914 cum
1016 5851 1157 5916 lien.
1190 5857 1284 5916 lib.
1321 5873 1408 5927 tu,
1438 5866 1493 5913 et
1517 5855 1679 5942 Cypr.
1717 5854 1876 5944 epist.
1912 5851 1997 5910 55.

2089 4742 2211 4781 esse
2245 4726 2384 4780 unici
2420 4724 2510 4779 Dei
2544 4723 2665 4778 Filii
2698 4717 2912 4787 hostes,
2947 4720 3183 4791 iugitnus
3223 4717 3431 4775 nefaria
3464 4711 3693 4773 consilia

2091 4827 2683 4888 vestra,temperantes
2723 4817 2736 4865 i
2777 4815 2893 4868 voci
2941 4812 3188 4883 Apostoli
3223 4828 3238 4869 :
3274 4811 3376 4878 Qui
3407 4807 3434 4847 ιι
3478 4809 3695 4869 nemini.

2095 4913 2296 4982 inquit,
2327 4910 2688 4963 consenseritis
2711 4951 2724 4973 ,
2756 4907 2948 4970 suasio,
2985 4904 3000 4943 ι
3034 4915 3202 4960 vestra
3230 4920 3293 4959 ea:
3333 4903 3440 4958 Deo
3480 4911 3576 4968 est,
3607 4903 3695 4970 qui

2106 5015 2246 5058 rocat
2277 5019 2382 5057 vos.
2410 5001 2633 5056 Nescitis
2663 5011 2702 5038 ηι
2734 5001 2854 5070 quia
2895 5000 3155 5055 modicum
3203 5001 3508 5070 fermentum
3539 5004 3697 5048 totam

2169 5213 2194 5287 ιξ
2241 5213 2519 5270 Perversus
2543 5223 2624 5287 est
2647 5212 2969 5287 hujusmodi.
2995 5211 3156 5287 Vers.
3187 5210 3311 5262 Ant.

2179 5285 2192 5357 ἓ
2245 5287 2350 5341 Vos
2376 5287 2505 5357 legit
2539 5285 2666 5341 Sab.
2709 5275 2833 5340 cum
2865 5285 3018 5339 Vers.
3067 5285 3192 5336 Ant.
3227 5293 3346 5348 quae
3401 5276 3561 5331 etiam
3613 5275 3699 5332 hic

2099 5355 2282 5418 habet.
2326 5355 2588 5412 obaudire.

2178 5429 2190 5512 Ii
2234 5429 2344 5512 Pro
2371 5429 2798 5512 obtemperantes,
2833 5425 3014 5512 ςιυὶιιιι
3028 5437 3191 5512 smne.

2175 5497 2197 5534 ι
2228 5499 2328 5566 Qui
2357 5487 2548 5552 nemini
2575 5487 2956 5566 consenseritis,
2987 5487 3378 5566 hatclleguntur
3399 5487 3699 5566 solummo-

2103 5570 2172 5624 do
2202 5559 2268 5624 ὶιῖ
2285 5572 2408 5624 cod.
2437 5570 2663 5623 Borner.
2706 5567 2844 5635 apud
2871 5565 3057 5635 Saba].
3104 5562 3309 5635 desunt
3325 5575 3454 5635 rego
3477 5559 3698 5635 ultique.

2182 5641 2197 5677 ι
2246 5641 2438 5695 Suasio
2463 5655 2526 5694 ex
2555 5655 2616 5692 eo
2653 5625 2767 5691 est:9
2797 5637 2952 5693 Vers.
2999 5629 3127 5690 Ant.
3174 5642 3230 5688 et
3259 5632 3349 5688 ubi
3389 5625 3518 5698 Vos,
3571 5625 3700 5687 Sab.

2107 5713 2159 5766 in
2188 5712 2440 5768 Lucifero
2469 5709 2618 5779 legit,
2645 5707 2801 5762 Nos?

2183 5793 2218 5818 π’
2256 5781 2475 5835 Nescitis
2505 5777 2626 5850 quia
2653 5779 2809 5835 abest
2839 5795 2866 5836 a
2890 5777 3048 5835 Vers.
3083 5781 3206 5834 Ant.
