4148 6186
424 255 521 311 791

1504 256 1825 315 LUCIFERI
1868 255 2180 315 EPISCOPI
2218 258 2640 319 CALARITANI

3620 257 3728 321 793

426 388 657 453 massam
682 377 965 445 corrumpit
991 372 1137 447 (Gal.
1170 390 1223 443 v,
1250 375 1331 448 9).
1362 374 1649 431 Noluimus
1678 392 1778 433 vos
1804 390 2017 433 vermes
2045 377 2100 438 Α
2123 384 2330 433 certum
2363 394 2645 435 numerum
2690 380 3058 437 lsraelitarum
3080 422 3095 448 ,
3127 395 3223 437 ore
3260 380 3431 451 gladii
3462 380 3729 451 perdidis-

428 470 546 524 Arii
594 470 839 539 recipere
869 484 971 525 nos
1000 470 1145 526 servi
1192 470 1397 527 Christi
1448 471 1500 525 in
1549 471 1907 537 societatem,
1958 485 2027 525 ne

428 561 723 617 fuissemus
784 576 851 617 eo
906 578 1126 620 veneno
1171 564 1374 621 diaboli
1413 580 1521 637 quo
1562 579 1662 620 vos
1711 565 1843 621 estis
1891 580 2024 621 con-

426 654 652 721 sumpti.
682 652 965 708 Noluimus
994 655 1275 710 vobiscum
1304 656 1406 723 ire,
1440 670 1564 711 cum
1602 655 1918 711 hominibus
1950 656 2028 711 vi-

426 744 645 812 delicet,
689 747 779 817 qui
810 746 987 803 adhuc
1033 748 1328 804 videamini
1378 765 1502 805 esse
1543 761 1699 806 extra
1740 750 1834 807 Dei
1883 751 2027 805 noti-

424 839 579 903 tiam,
607 840 697 909 qui
723 840 902 896 adbuc
930 842 1030 896 sub
1068 841 1272 897 diaboli
1311 843 1431 898 sitis
1459 844 1745 899 constituti
1791 855 2031 915 potesta-

426 942 521 989 te:
556 934 833 989 noluimus
857 936 1086 991 mortuis
1109 937 1365 1008 conjungi
1406 939 1555 1004 vivi,
1604 940 1731 1010 quia
1764 940 1897 995 tales
1932 954 2030 995 vos

426 1040 551 1083 esse
593 1028 1027 1098 cognoscamini,
1059 1031 1249 1099 quales
1296 1029 1563 1087 fuerimus
1603 1032 1705 1103 ipsi
1737 1041 2028 1103 antequam

426 1118 853 1175 credidissemns
882 1121 935 1175 in
968 1121 1187 1176 unicum
1215 1122 1307 1177 Dei
1336 1121 1560 1177 Filium.
1592 1123 1719 1180 Ilaec
1744 1124 1815 1178 ita
1848 1139 1905 1180 se
1936 1124 2033 1180 ha-

434 1212 563 1266 bere
606 1210 919 1266 manifestat
978 1213 1276 1284 Aposmlus
1324 1213 1576 1285 Ephesiis
1628 1216 1921 1273 scribens:
1965 1217 2033 1272 Et

429 1323 518 1361 vos
545 1323 663 1360 cum
713 1307 887 1361 essetis
917 1308 1107 1361 mortui
1148 1308 1343 1363 delictis
1391 1319 1438 1363 et
1468 1311 1693 1379 peccatis
1739 1311 1948 1377 vestris,
1978 1314 2033 1365 in

432 1400 621 1471 quibus
648 1401 934 1471 aliquando
960 1401 1262 1455 ambulastis
1285 1402 1565 1457 secundum
1588 1411 1613 1440 ⁸
1635 1404 1919 1475 principem
1941 1422 2034 1476 po-

434 1495 635 1546 testatis
663 1493 798 1546 aeris
838 1492 1016 1562 hujus,
1042 1493 1282 1563 spiritus,
1312 1495 1401 1564 qui
1440 1511 1579 1549 nunc
1616 1502 1860 1565 operatur
1888 1498 1942 1551 in
1971 1499 2035 1567 ﬁ-

442 1584 527 1638 liis
570 1584 885 1654 difﬁdentiaz,
916 1585 969 1637 in
996 1585 1179 1654 quibus
1208 1587 1256 1638 et
1297 1602 1389 1640 nos
1420 1602 1594 1641 omnes
1614 1590 1901 1642 cont'ersati
1948 1607 2035 1644 su-

438 1694 553 1731 mus
584 1678 866 1747 aliquando
901 1678 957 1731 in
978 1678 1394 1749 concupiscentia
1411 1680 1811 1747 carnis'nostrte,
1842 1683 2035 1753 facien-

2128 482 2211 528 set
2234 474 2468 544 quinque
2515 474 2705 529 Martia:
2736 489 2892 545 reges
2934 483 2989 531 et
3017 474 3211 540 Moab;
3242 474 3334 546 qui
3364 473 3620 530 destinati
3659 476 3728 531 ad

2132 566 2372 636 prwlium
2411 566 2706 622 interfectis
2754 566 3006 621 omnibus
3060 566 3327 632 maribus,
3376 566 3521 637 quod
3569 568 3727 623 sexui

2131 659 2506 728 perperceriut
2542 656 2782 715 femineo
2811 660 3143 723 occurrenti,
3175 660 3421 731 increpat
3449 661 3626 716 Moses
3654 659 3731 715 ls-

2132 750 2244 806 rael
2270 751 2410 806 filios
2437 792 2452 817 ,
2482 767 2582 807 cur
2614 768 2721 808 non
2750 753 2913 809 etiam
2939 768 3137 809 sexum
3167 754 3458 808 femineum
3498 753 3734 809 delevis-

2132 852 2274 908 sent,
2305 852 2357 898 et
2381 843 2537 913 jubet
2562 858 2748 899 coram
2779 860 2838 900 se
2862 845 3084 901 easdem
3128 843 3383 912 interfici,
3420 844 3729 912 afﬁrmans,

2132 935 2276 1007 quod
2307 936 2452 992 enim
2481 936 2546 991 ad
2575 937 2714 992 idola
2748 937 3022 995 adoranda
3055 950 3275 1009 possent
3306 940 3487 1011 populi
3522 940 3733 997 illiccre

2133 1041 2362 1088 mentes.
2396 1031 2451 1088 Si
2482 1034 2664 1103 itaque
2712 1042 2764 1087 et
2799 1049 2900 1089 nos
2946 1034 3026 1089 sic
3071 1048 3420 1090 exsecramur
3472 1034 3730 1090 haeresim

2136 1137 2280 1183 tuam
2304 1136 2363 1182 ut
2392 1128 2569 1184 Moses
2594 1127 2975 1197 idololatriam,
3004 1130 3150 1184 sisic
3171 1138 3227 1185 et
3246 1128 3464 1193 quidem
3489 1130 3578 1185 Dei
3609 1130 3730 1201 gla-

2134 1218 2225 1274 dio
2267 1218 2499 1275 interfici
2546 1220 2829 1289 cupiamus
2880 1220 3118 1276 haereses
3148 1221 3389 1275 omnium
3427 1229 3731 1276 vestrorum

2136 1312 2434 1367 errantium
2461 1352 2475 1378 ,
2518 1312 2793 1380 quomodo
2820 1322 2873 1367 et
2901 1312 3080 1367 Moses
3114 1312 3233 1367 illas
3266 1310 3427 1366 idolis
3459 1312 3736 1383 mancipa-

2138 1413 2241 1470 tas,
2269 1403 2317 1459 si
2343 1406 2414 1457 ita
2445 1418 2543 1458 vos
2571 1404 2835 1474 fugiamus
2889 1404 3172 1475 religionis
3222 1403 3316 1459 Dei
3364 1403 3736 1471 adversarios,

2140 1505 2199 1551 ut
2226 1495 2314 1551 ille
2345 1494 2480 1567 fugit
2507 1496 2775 1551 idolorum
2799 1497 3060 1561 cultores,
3089 1495 3368 1552 existimas
3395 1510 3491 1552 nos
3522 1510 3627 1551 non
3657 1497 3737 1549 fa-

2138 1604 2265 1645 cere
2309 1598 2458 1646 recte
2485 1588 2851 1646 abstrahendo
2883 1597 3096 1645 nosmet
3147 1604 3176 1644 a
3226 1589 3423 1644 vobis?
3453 1588 3739 1657 Quomodo

2140 1684 2342 1738 etenim
2367 1682 2664 1739 convenire
2692 1682 2857 1739 nobis‘
2873 1682 3154 1738 vobiscum
3197 1681 3485 1753 potuerat?
3507 1696 3633 1738 eum
3670 1682 3738 1737 ad

439 1784 514 1827 tes
541 1774 827 1828 voluntates
853 1772 880 1811 ι’
910 1774 1080 1827 carnis
1098 1782 1147 1827 et
1169 1774 1546 1830 consiliorum:
1586 1784 1634 1829 et
1656 1792 1861 1830 eramus
1889 1787 2042 1832 natu-
2072 1769 2122 1829 B
2148 1774 2526 1846 Pltilippenses
2554 1776 2753 1832 dixerit
2782 1794 2795 1833 :
2832 1775 3014 1831 Videte
3036 1793 3211 1845 canes,
3240 1778 3403 1833 videte
3434 1776 3598 1832 ntalos
3615 1793 3739 1848 ope-

438 1872 574 1925 rales
602 1871 830 1939 ﬁliiirte,
858 1872 993 1925 sicut
1011 1881 1056 1925 et
1077 1870 1484 1942 aeterilEphes.
1510 1888 1569 1938 ιι,
1602 1873 1676 1944 1).
1706 1872 1840 1929 Cum
1865 1876 2042 1932 adhuc

440 1978 537 2018 vos
567 1963 707 2021 tales
728 1964 845 2019 sitis
864 1964 1057 2034 quales
1084 1977 1182 2019 nos
1212 1964 1378 2020 fuisse
1408 1974 1697 2037 antequam
1715 1968 2041 2025 credidisse-

451 2071 571 2111 mus
601 2055 769 2112 refert
785 2056 1163 2112 sanctissimus
1186 2058 1499 2127 Apostolus,
1526 2058 1712 2130 utique
1733 2060 2045 2117 fueratisvi-

447 2150 597 2206 tandi
625 2150 897 2219 homines,
916 2152 967 2206 in
983 2152 1181 2222 quibus
1196 2164 1518 2223 operentur,
1534 2164 1587 2210 et
1600 2170 1846 2225 perquos
1856 2165 2045 2227 gerant

451 2245 729 2315 principes
748 2244 1057 2315 potestatis,
1074 2246 1214 2299 aeris
1228 2245 1389 2315 hujus
1401 2246 1645 2315 spiritus,
1661 2261 1821 2303 omne
1833 2247 2049 2304 deside-

444 2339 586 2392 rium
615 2354 776 2391 suum
812 2352 827 2394 :
858 2337 1025 2392 eratis
1051 2336 1294 2408 fugiendi
1326 2338 1418 2392 lilii
1449 2338 1789 2407 difﬁdentiae,
1826 2341 1919 2396 lilii
1952 2358 2047 2397 na-

449 2429 701 2485 turaliter
758 2430 874 2495 irte,
922 2444 989 2485 ne
1019 2429 1183 2487 vobis
1226 2429 1486 2487 haerendo
1532 2432 1598 2488 ad
1631 2432 1683 2488 id
1726 2434 1872 2503 quod
1921 2444 2048 2491 ante

447 2522 737 2579 fuissemus
777 2521 1191 2579 reduceremur.
1239 2522 1523 2578 Noluimus
1552 2538 1675 2579 esse
1720 2524 1999 2581 vobiscum
2028 2568 2045 2595 ,

451 2605 577 2685 quia
602 2615 781 2671 adhuc
811 2629 920 2670 non
962 2614 1176 2671 fueritis
1218 2615 1646 2672 misericordiam
1692 2617 1786 2673 Dei
1818 2618 2003 2689 adepti
2032 2664 2047 2686 ,

446 2722 609 2778 quam
644 2708 758 2777 jam
804 2721 903 2763 nos
950 2723 1141 2763 sumus
1170 2710 1469 2763 consecuti.
1504 2707 1787 2764 Noluimus
1816 2710 2049 2766 societa-

447 2810 556 2859 tem
586 2802 787 2859 habere
816 2802 1120 2867 vobiscum.
1154 2803 1243 2874 qui
1271 2802 1502 2858 consilio
1533 2804 1715 2859 carnis
1738 2805 2052 2861 ducebami-

446 2896 536 2963 ni,
572 2896 715 2952 sicut
760 2896 1064 2953 ducebatur
1099 2897 1203 2952 iste
1240 2896 1587 2953 beatissimus
1629 2897 1852 2953 Paullus
1875 2900 2052 2969 prius-

448 3004 610 3061 quam
637 2988 983 3055 credidisset,
1011 3003 1177 3060 quem
1221 2989 1573 3045 meminimus
1607 2988 1794 3045 dicere
1831 3009 1845 3045 :
1883 2989 2051 3046 Nemo

446 3100 534 3139 uas
560 3086 770 3138 seducat
800 3083 1038 3138 inanibus
1061 3082 1246 3150 verbis,
1278 3093 1488 3152 propter
1518 3084 1613 3138 hoc
1637 3094 1659 3122 ο
1690 3086 1826 3138 venit
1849 3086 1931 3139 ira
1956 3084 2052 3139 Dei

2147 1868 2312 1923 rarios
2345 1866 2514 1938 (Phil.
2567 1883 2657 1935 Ill,
2709 1868 2787 1940 2).
2829 1867 2933 1924 Vos
2981 1883 3184 1934 canes,
3235 1870 3406 1925 malos
3459 1870 3741 1941 operarios

2146 1960 2267 2031 quis
2300 1960 2394 2015 Dei
2425 1976 2706 2016 servorum
2739 1976 2846 2016 non
2877 1960 3107 2033 fugeret,
3139 1960 3243 2017 nisi
3272 1962 3364 2033 qui
3390 1978 3451 2017 se
3489 1977 3596 2018 non
3628 1976 3745 2017 me-

2148 2054 2400 2109 minisset
2429 2053 2838 2109 Christianum?
2866 2054 3034 2111 Vobis
3063 2055 3359 2111 adversarii
3389 2055 3486 2111 Dei
3516 2056 3743 2127 religio-

2149 2146 2233 2203 nis
2263 2149 2407 2204 servi
2438 2146 2638 2203 Christi
2694 2157 3045 2218 potueramus
3095 2164 3218 2205 esse
3256 2148 3572 2219 conjuncti,
3619 2165 3747 2207 cum

2150 2241 2470 2298 exhortetur
2491 2241 2658 2298 ludas
2685 2242 2957 2313 gloriosus
2997 2242 3291 2314 Apostolus
3346 2241 3515 2299 frater
3557 2242 3749 2301 Jacobi

2150 2334 2431 2406 Apostoli,
2462 2344 2521 2390 ut
2543 2343 2597 2391 te
2626 2344 2788 2406 atque
2837 2336 3044 2392 similes
3093 2335 3187 2391 tibi
3218 2336 3532 2403 vitaremus,
3592 2346 3647 2391 et
3693 2337 3749 2392 in

2150 2441 2406 2500 suscepta
2448 2428 2555 2484 fide
2583 2443 2755 2499 usque
2783 2427 2851 2484 ad
2891 2429 3082 2485 mortis
3110 2429 3313 2485 exitum
3357 2444 3702 2485 maneremus
3730 2432 3755 2481 Υ

2151 2520 2323 2579 ludas
2359 2521 2485 2579 Iesu
2514 2522 2706 2579 Christi
2736 2539 2910 2578 servus
2935 2564 2950 2589 ,
2992 2528 3153 2595 frater
3196 2534 3369 2579 autem
3404 2521 3622 2591 Jacobi,
3664 2522 3750 2577 his

2152 2621 2242 2687 qui
2279 2617 2297 2656 ί
2329 2620 2381 2673 in
2412 2617 2525 2673 Deo
2570 2616 2731 2673 Patre
2762 2618 2971 2673 dilectis
2995 2658 3012 2683 ,
3055 2628 3102 2673 et
3143 2617 3195 2672 in
3223 2617 3351 2672 Jesu
3382 2614 3589 2671 Christo
3630 2631 3755 2672 con-

2154 2712 2371 2767 servatis
2418 2712 2630 2777 vocatis,
2662 2710 3019 2766 misericordia
3060 2710 3203 2765 vobis
3228 2719 3275 2765 et
3323 2726 3428 2779 pax
3468 2719 3519 2764 et
3566 2709 3754 2764 caritas

2156 2804 2549 2875 multiplicetur.
2604 2804 2942 2870 Charissimi,
2987 2820 3183 2858 omnem
3227 2801 3631 2857 sollicitudinem
3673 2802 3759 2872 [ao

2158 2899 2294 2952 ciens
2351 2897 2611 2952 scribendi
2639 2898 2778 2952 vobis
2828 2897 2891 2951 de
2918 2898 3179 2952 communi
3218 2908 3397 2951 nostra
3448 2894 3639 2956 salute.
3672 2896 3761 2948 de-

2158 3006 2363 3061 precor,
2394 2998 2450 3042 ut
2486 2988 2823 3060 perlaberetis
2845 2990 3003 3043 semel
3044 2989 3247 3043 tradita:
3271 2988 3523 3043 societati.
3569 2984 3763 3042 Subin-

2158 3093 2418 3139 traverunt
2447 3086 2580 3139 enim
2607 3084 2819 3156 quidam
2851 3084 3106 3149 homines,
3137 3085 3260 3138 olim
3284 3084 3488 3152 quidem
3510 3084 3751 3155 praescri-

447 3180 503 3231 in
515 3177 651 3247 ﬁlios
680 3176 1007 3248 difﬁdentite.
1030 3175 1208 3231 Nolite
1230 3177 1403 3246 itaque
1428 3176 1542 3244 ﬁeri
1566 3177 1839 3248 participes
1863 3194 2058 3235 eorum.
2088 3153 2136 3219 (ἶ
2170 3179 2244 3248 pti
2269 3178 2336 3231 ad
2356 3177 2452 3231 hoc
2466 3153 2748 3250 judicium,
2773 3177 2942 3248 impii,
2960 3177 3050 3246 qui
3079 3175 3410 3249 Deigratiam
3434 3153 3765 3245 transferunt

449 3269 626 3325 Eratis
654 3271 790 3325 enim
820 3268 1102 3341 aliquando
1124 3268 1364 3333 tenebrw,
1396 3284 1532 3321 nunc
1556 3277 1726 3321 autem
1750 3269 1843 3322 lux
1868 3271 1920 3322 in
1950 3268 2060 3325 Do-

448 3364 609 3429 mina,
633 3363 765 3417 sicut
788 3363 887 3431 ﬁlii
907 3361 1034 3415 lucis
1061 3361 1359 3427 ambulate:
1382 3361 1581 3431 [ructus
1607 3362 1740 3414 enim
1760 3360 1967 3415 luntinis
1990 3373 2062 3417 est

441 3462 498 3513 in
542 3459 681 3513 omni
710 3457 933 3511 bonitate
957 3466 1004 3511 et
1025 3458 1254 3529 justitia,
1282 3462 1329 3509 et
1368 3456 1594 3522 veritate,
1630 3454 1895 3524 probantes
1934 3457 2061 3526 quid

440 3553 506 3606 sit
533 3549 903 3620 accéptandum
933 3544 983 3615 ἀ,
1026 3559 1072 3602 et
1101 3547 1260 3603 nolite
1286 3548 1666 3601 communicare!
1699 3546 1935 3617 aperibus
1978 3549 2058 3602 in-

444 3645 726 3717 fructuosis
763 3645 1088 3696 tenebrarum
1113 3659 1131 3696 .·
1150 3642 1314 3713 magis
1341 3651 1512 3695 autem
1544 3641 1839 3710 redarguite
1863 3638 2054 3712 (Ibid.,

447 3738 502 3804 5,
547 3736 625 3807 6).
671 3736 977 3800 Noluimus,
1026 3734 1151 3806 quia
1210 3735 1323 3789 hare
1366 3733 1617 3789 mandata
1660 3734 2054 3804 acceperimus,
2090 3808 2093 3811 δ

446 3831 727 3887 vobiscum
758 3829 1030 3886 demorari
1063 3827 1211 3883 ducti
1244 3828 1497 3884 inanibus
1526 3828 1720 3884 vestris
1749 3828 1949 3894 verbis,
1988 3844 2055 3885 ne

444 3925 657 3982 scilicet
688 3929 901 3980 veniret
926 3938 1092 3995 super
1122 3937 1222 3978 nos
1265 3922 1364 3988 ira,
1400 3921 1559 3977 sicuti
1586 3924 1753 3977 etiam
1786 3922 1957 3986 venit,
2000 3930 2056 3976 et

445 4029 675 4075 ventura
700 4029 786 4075 est
808 4019 861 4073 in
894 4032 1012 4084 vos,
1039 4017 1093 4071 in
1128 4026 1179 4071 te
1199 4026 1364 4087 atque
1394 4025 1538 4083 tuos,
1563 4015 1619 4071 in
1652 4032 1747 4069 vos
1778 4016 1919 4070 tilios
1948 4016 2050 4070 dif-

446 4112 707 4167 fidentiae.
766 4110 1050 4165 Noluimus
1105 4108 1248 4163 effici
1317 4108 1609 4178 participes
1661 4108 2047 4175 tenebrarum;

440 4201 711 4273 siquidem
737 4202 848 4271 jam
878 4199 1164 4255 credentes
1193 4199 1245 4253 in
1277 4199 1497 4253 unicum
1525 4198 1623 4255 Dei
1664 4199 1861 4255 Filium
1899 4217 2049 4257 man-

444 4297 587 4352 datis
629 4296 747 4368 ejus
778 4295 1082 4365 majestatis
1121 4308 1316 4364 parere
1363 4294 1631 4362 cupiendo
1661 4310 1727 4352 ex
1770 4296 1879 4353 illis
1922 4313 2049 4353 eva-

442 4392 637 4448 dentes
663 4389 901 4447 tenebris
933 4388 1026 4443 lux
1052 4388 1177 4443 facti
1218 4387 1482 4443 fuerimus
1511 4389 1566 4443 in
1594 4390 1826 4446 Domino
1858 4409 1870 4445 :
1901 4392 2047 4449 unde

438 4499 541 4542 nec
566 4483 833 4541 mandatis
876 4482 983 4537 tuis
1023 4481 1332 4539 tenebrosis
1364 4483 1728 4551 paruerimus.
1762 4484 1888 4554 quia
1916 4483 2048 4542 fuis-

2167 3274 2235 3326 ad
2269 3273 2665 3341 impudicitiam,
2690 3281 2737 3325 et
2766 3272 2855 3339 qui
2882 3280 2958 3325 est
2984 3270 3275 3323 dominator
3300 3279 3472 3323 noster
3500 3278 3545 3322 et
3584 3266 3767 3322 Domi-

2168 3382 2261 3419 nus
2294 3364 2449 3419 Jesus
2474 3362 2708 3418 Christus
2728 3404 2741 3428 ,
2775 3378 2889 3416 eum
2929 3370 3176 3433 negantes
3218 3358 3399 3431 (Iuda:
3428 3376 3481 3425 ι,
3514 3359 3590 3431 1).
3620 3358 3762 3414 Cum

2164 3455 2515 3526 negatoribus
2538 3454 2692 3530 vobis
2720 3454 3053 3523 blaSphemis
3077 3452 3240 3508 fuerit
3258 3451 3410 3508 nefas
3431 3452 3762 3518 convenire;

2162 3564 2285 3605 cum
2332 3548 2511 3604 adhuc
2556 3563 2775 3615 eorum,
2831 3548 2924 3619 qui
2976 3547 3301 3619 transgressi
3354 3556 3478 3603 sunt
3509 3545 3766 3602 mandata

2166 3643 2401 3709 Domini,
2437 3658 2759 3714 praeponens
2790 3642 3070 3714 exempla,
3123 3651 3313 3713 urgeat
3356 3641 3522 3697 corda
3570 3650 3762 3698 nostra

2162 3752 2384 3793 manere
2414 3736 2467 3792 in
2512 3752 2573 3793 ea
2620 3736 2744 3805 fide,
2778 3738 2831 3791 in
2862 3752 2968 3808 qua
3014 3737 3131 3806 ipse
3161 3736 3408 3793 videatur
3450 3729 3750 3792 mansisse:

2159 3829 2447 3884 Admonere
2471 3830 2639 3900 itaque
2668 3846 2752 3883 vos
2777 3830 2911 3893 volo,
2940 3828 3138 3893 dicens.
3168 3830 3379 3884 scientes
3402 3831 3599 3897 omnia,
3626 3846 3759 3899 quo-

2159 3923 2301 3976 niam
2326 3922 2463 3977 Deus
2486 3924 2735 3995 populum
2759 3938 2912 3975 suum
2953 3921 3017 3976 de
3041 3931 3175 3976 terra
3198 3919 3423 3993 Egypti
3447 3922 3645 3976 salvum
3667 3921 3751 3991 [e-

2157 4015 2225 4070 cit
2254 4031 2271 4067 :
2296 4014 2574 4069 secundum
2598 4025 2622 4060 κ
2660 4023 2829 4067 autem
2861 4030 2964 4068 non
3005 4016 3263 4068 credentes
3295 4014 3564 4082 perdidit:
3601 4030 3763 4085 ange-

2156 4108 2231 4161 los
2256 4123 2455 4177 quaque
2478 4108 2566 4178 qui
2589 4123 2691 4160 non
2715 4115 3040 4161 servaverunt
3067 4106 3300 4161 ordinem
3322 4106 3590 4173 suum,sed
3610 4106 3762 4160 dere-

2151 4199 2407 4270 liquerunt
2438 4199 2791 4253 habitaculum
2830 4216 2980 4253 suum
3024 4200 3075 4252 in
3095 4199 3359 4269 judicium
3403 4199 3577 4269 magni
3616 4196 3713 4251 Dei
3742 4241 3757 4265 ,

2151 4291 2370 4346 vinculis
2396 4308 2479 4347 eos
2518 4302 2811 4345 sanctorum
2842 4291 3141 4363 angelorum
3176 4290 3269 4344 sub
3311 4291 3530 4346 tenebris
3574 4307 3751 4346 serra-

2149 4388 2237 4442 vit.
2273 4388 2509 4443 Sodoma
2555 4397 2727 4442 autem
2774 4397 2821 4442 et
2865 4386 3156 4441 Camorrha
3182 4430 3194 4453 ,
3227 4398 3277 4443 et
3325 4406 3438 4460 quae
3484 4391 3622 4445 circa
3670 4405 3759 4443 eas

2149 4490 2296 4535 erant
2319 4481 2549 4535 civitates
2570 4480 2653 4535 his
2676 4478 2701 4516 δ
2733 4480 2895 4534 simili
2925 4480 3078 4535 modo
3102 4498 3232 4552 ,cum
3268 4481 3587 4538 adulterium
3608 4482 3765 4552 fecis-

441 4588 528 4635 set
558 4577 883 4635 sceleratum
932 4575 1072 4631 filios
1102 4574 1241 4630 lucis
1296 4584 1444 4629 tuum
1482 4574 1660 4631 facere
1705 4591 1842 4646 opus
1896 4587 2046 4634 tenc-
2074 4548 2124 4608 D
2151 4585 2338 4641 sent,et
2368 4591 2575 4630 carnem
2609 4573 2624 4611 ί
2674 4584 2866 4630 secuta:
2894 4584 3091 4642 essent,
3137 4576 3267 4630 cinis
3308 4577 3597 4647 proposita:
3635 4585 3765 4631 sunt

440 4674 593 4728 brosi
625 4690 639 4727 :
674 4682 697 4709 ο
726 4672 852 4739 quia
882 4679 938 4727 et
965 4668 1173 4725 fructus
1201 4669 1425 4725 luminis
1448 4670 1518 4725 sit
1546 4670 1829 4727 ambulare
1854 4672 1905 4727 in
1924 4672 2044 4742 jus-

441 4765 563 4820 titia
589 4773 643 4820 et
662 4762 913 4830 veritate,
943 4773 998 4818 et
1028 4764 1081 4817 in
1105 4762 1255 4817 omni
1274 4760 1542 4816 bonitate.
1562 4761 1708 4815 Dicis
1741 4778 1840 4817 nos
1862 4763 2043 4821 facere

442 4856 665 4928 inique,
715 4854 860 4924 quod
909 4854 1181 4909 noluimus
1230 4852 1487 4908 haeresim
1534 4855 1816 4923 suscipere
1847 4864 1994 4911 tuam
2027 4899 2042 4921 ,

437 4949 580 5021 quod
612 4962 718 5004 non
748 4956 927 5003 tecum
961 4957 1122 5017 atque
1144 4961 1266 5000 cum
1292 4945 1399 5000 tuis
1435 4954 1659 5003 aeterna:
1686 4947 1890 5004 fuerint
1920 4950 2041 5005 fixze

439 5043 717 5100 amicitiai.
745 5042 948 5111 Accipe
976 5040 1120 5111 quod
1148 5038 1326 5096 Moses
1351 5038 1544 5096 fecerit
1574 5041 1645 5097 de
1685 5043 2033 5115 alienigenis,

443 5146 691 5204 tempore
717 5149 825 5206 quo
844 5133 1039 5205 jubere
1064 5131 1118 5189 ei
1138 5132 1390 5205 dignatus
1419 5144 1503 5190 est
1529 5134 1699 5198 Deus,
1729 5143 1789 5190 ut
1820 5137 2041 5193 mittens

511 5314 537 5340 ιι
578 5302 874 5359 Secundum
922 5298 1170 5353 swculum
1224 5296 1404 5350 mundi
1452 5295 1629 5365 hujus,
1664 5304 1711 5347 et
1757 5296 2043 5352 secundum

443 5374 764 5446 principem,
795 5382 902 5427 etc.
932 5369 1090 5425 Vers.
1122 5370 1252 5423 Ant.

508 5444 538 5484 δ
577 5444 712 5502 Cum
770 5443 961 5499 Graeco
998 5442 1273 5512 θελήματα.
1337 5438 1483 5495 Vers‘
1519 5437 1647 5493 Ant.
1706 5437 2035 5508 voluptates;

438 5518 493 5572 in
520 5532 649 5586 qna,
674 5532 877 5570 eramus
897 5523 1106 5586 natura,
1138 5522 1246 5567 etc.

510 5584 550 5623 ci
573 5586 683 5641 Hoc
704 5587 857 5641 enim.
893 5585 1045 5639 Vers.
1077 5584 1207 5639 Ant.

508 5653 818 5723 dAceeptum
843 5655 971 5709 Deo.
1003 5654 1177 5709 Vatic.
1214 5653 1365 5719 Quod
1396 5655 1597 5724 placeat
1618 5652 1825 5712 οδω...
1859 5665 2031 5711 autem

440 5738 488 5781 et
514 5728 827 5795 redarguite.
858 5726 1013 5795 vers.
1041 5726 1181 5791 Ant.
1211 5783 1215 5787 ,

517 5806 541 5833 ο
581 5796 637 5849 Id
664 5794 771 5860 est,
794 5794 1015 5849 hominis
1055 5794 1329 5849 tenebrosi.

2149 4667 2460 4738 exemplum,
2492 4667 2626 4735 ignis
2654 4667 2833 4721 (ειενηί
2883 4683 3083 4736 pomum
3128 4667 3458 4721 sustinentes.
3503 4664 3761 4722 Similiter

2146 4765 2319 4834 itaque
2350 4772 2396 4817 et
2432 4762 2517 4816 isti
2546 4762 2878 4826 somniantes,
2910 4778 3119 4817 carnem
3166 4762 3374 4827 quidem
3405 4762 3760 4832 coinquinant,

2144 4858 2547 4925 dominationem
2576 4864 2747 4909 autent
2778 4865 3025 4927 spernunt
3070 4853 3265 4927 (Ibid.,
3317 4856 3394 4927 5).
3454 4857 3517 4911 Et
3563 4854 3701 4911 infra
3742 4873 3757 4911 :

2157 4951 2248 5007 Vae
2272 4952 2399 5017 illis,
2430 4951 2673 5023 quoniam
2700 4950 2753 5003 in
2782 4949 2918 5003 viam
2945 4948 3076 5003 Cain
3116 4948 3375 5014 abierunt,
3415 4960 3461 5003 et
3483 4950 3537 5003 in
3573 4948 3761 5005 seduc—

2150 5046 2339 5100 tionem
2372 5042 2504 5097 Baal
2536 5042 2768 5096 mercede
2795 5042 2952 5112 effusi
2982 5050 3125 5108 sunt,
3150 5041 3272 5095 etin
3298 5040 3760 5095 contradictionem

2148 5136 2344 5194 Choreb
2371 5139 2651 5209 perierunt.
2678 5133 2750 5189 Hi
2773 5143 2893 5188 sunt
2926 5132 2939 5183 i
2976 5137 3030 5188 in
3067 5132 3407 5189 sharitatibus
3432 5134 3611 5188 vestris
3640 5149 3758 5187 ma-

2230 5296 2248 5335 ί
2296 5297 2400 5363 Qui
2428 5304 2567 5360 sunt,
2598 5302 2669 5359 et,
2697 5292 3009 5347 conservatis
3031 5301 3079 5346 et
3103 5292 3297 5346 vocatis
3320 5291 3452 5363 legit
3480 5289 3610 5348 Sab.

2222 5380 2247 5417 ε
2290 5368 2553 5424 Secundo.
2583 5366 2661 5421 Id.

2219 5438 2247 5477 ¹ι
2288 5439 2359 5495 Ut
2391 5442 2442 5494 in
2465 5436 2644 5493 Grtcc.
2692 5438 2894 5496 τούτοις
2923 5476 2938 5498 ,
2972 5433 3103 5491 Sab.
3138 5434 3269 5506 legit
3294 5434 3397 5489 lue.

2224 5511 2237 5549 ί
2285 5512 2353 5566 Et
2374 5527 2580 5564 carnem
2605 5518 2794 5578 secutis
2829 5516 2993 5561 essent
3027 5505 3266 5572 alteram,
3292 5507 3594 5578 propositae,
3641 5517 3753 5565 etc.

2142 5584 2327 5640 Latin.
2365 5582 2430 5637 ad
2463 5596 2683 5636 sensum
2711 5576 2868 5647 Vulg.

2216 5657 2229 5707 ἱ
2279 5654 2520 5710 Glaucia
2532 5661 2645 5714 ταῖς
2673 5652 2897 5722 ἀγάπαις
2928 5650 3089 5722 ὑμῶν.
3110 5649 3296 5705 Sabat.
3331 5650 3481 5719 legit.
3510 5654 3563 5704 in
3585 5651 3754 5723 epulis

2136 5730 2243 5783 suis
2265 5725 2482 5780 macnlw
2506 5766 2521 5789 ,
2563 5730 2888 5794 conmeantes
2909 5737 3035 5794 sine
3050 5723 3253 5784 timore,
3297 5722 3753 5794 semetipsos’pas-

2136 5796 2322 5855 centes.
2354 5796 2604 5851 Graecum
2628 5806 2759 5849 vero
2809 5792 2950 5849 idem
2985 5790 3071 5847 hic
3111 5802 3289 5859 sonat,
3356 5803 3420 5847 ac
3482 5790 3697 5865 ’ἀγᾶπὰς
3732 5838 3748 5861 ,
