4148 6186
389 286 497 343 795

1328 279 1416 337 DE
1456 276 1756 336 REGIBUS
1796 272 2250 334 APOSTATICIS
2289 270 2493 331 LIBER
2534 271 2741 331 UNUS.

3590 271 3697 331 79‘

385 399 516 454 culte
534 399 645 453 sine
676 396 859 453 timore
881 395 1177 465 semetipsos
1203 402 1429 466 regentes
1448 434 1463 459 ,
1492 390 1652 446 nubes
1693 390 1801 445 sine
1824 405 1979 458 aqua,
2013 397 2058 452 Α
2089 386 2347 451 irrisores,
2377 394 2553 440 euntes
2575 384 2858 439 secundum
2886 384 3174 440 voluntates
3204 400 3326 439 suas
3362 384 3557 455 impias
3579 400 3598 439 :
3643 385 3700 441 hi

386 492 524 547 onmi
563 501 713 547 vento
762 489 1208 564 circumferendis,
1258 486 1464 543 arbores
1503 486 1828 541 autumnales
1874 485 1987 538 sint!

386 589 559 658 fructu
591 592 617 621 ⁸
645 593 882 649 mortuae,
917 600 949 637 a
993 582 1252 637 radicibus
1296 580 1507 647 evulsa,
1555 580 1745 650 fluctus
1792 577 1985 648 [erucas

386 678 546 733 maris
595 677 953 747 despumantis
989 676 1338 741 turpitudines
1365 690 1506 739 suas,
1541 671 1785 743 procella:
1834 672 1987 726 sedu-

388 778 575 833 centes,
603 770 787 840 quibus
817 774 1016 837 tempus
1039 769 1365 823 tenebrarum
1390 765 1417 804 δ
1458 768 1511 821 in
1552 776 1986 821 ceternumserva-

390 870 501 917 tum
525 866 603 917 est
630 860 1071 934 (Judte.t,tt).Et
1098 861 1269 916 inlra:
1296 859 1401 915 Vos
1426 864 1619 927 autem,
1650 863 1857 930 fratres,
1876 874 1984 914 me-

390 968 609 1012 mentote
670 957 1035 1022 praedictorum
1084 965 1380 1012 sermonum
1441 954 1505 1008 ab
1560 954 1805 1026 apostolis
1855 951 1983 1008 Jesu

388 1047 614 1117 Christi,
640 1050 887 1121 quoniam
908 1049 1143 1106 dicebant
1176 1067 1194 1105 :
1226 1048 1294 1104 In
1324 1049 1612 1104 novissimis
1636 1048 1815 1104 diebus
1838 1060 1985 1105 erunt

385 1223 520 1292 quas
574 1208 860 1274 vocabant,
914 1224 1011 1266 seu
1073 1217 1321 1267 veterum
1373 1210 1809 1267 Christianorum
1855 1226 1989 1267 con-

392 1295 558 1334 VlVla.

462 1360 489 1424 ἒ
528 1350 620 1424 Bis
640 1361 874 1424 mortuae.
906 1352 1085 1408 Latin.
1116 1368 1180 1408 ex
1216 1352 1375 1424 Vulg.

461 1422 489 1459 δ
524 1421 659 1478 Cum
702 1423 896 1480 Grmco
951 1428 1021 1487 ei;
1065 1426 1149 1480 τὸν
1198 1421 1375 1482 «ista.
1439 1425 1569 1483 Sab.
1603 1427 1752 1495 legit,
1787 1438 1985 1500 tempus

2086 494 2210 540 sunt
2259 496 2281 523 θ
2327 486 2645 541 secernentés
2699 484 2951 539 animales
3002 483 3244 556 spiritum
3300 499 3403 537 non
3452 482 3698 539 habentes

2088 578 2278 653 (Ibid.,
2322 579 2433 651 17).
2468 580 2527 635 In
2550 578 2634 634 his
2657 578 2909 634 omnibus
2938 577 3095 633 malis
3120 577 3247 649 quia
3279 590 3401 633 esse
3428 590 3693 647 conspec-

2088 686 2172 731 tus
2199 691 2283 741 es,
2311 673 2621 741 Constanti,
2650 674 2829 729 vitata:
2850 680 2975 727 sunt
3003 687 3033 726 a
3065 671 3222 727 nobis
3249 679 3354 726 tua:
3386 669 3695 729 interﬁcere

2088 768 2401 823 laborantes
2430 767 2682 822 amicitias
2714 782 2728 819 :
2761 782 2829 821 ne
2853 763 3108 821 videlicet
3135 774 3315 820 tecum
3345 762 3412 819 ad
3446 764 3537 818 illa
3558 763 3692 819 luis-

2088 875 2274 918 semus
2303 860 2619 932 praecipitati
2649 859 2767 914 loca
2796 865 3213 922 tormentorum,
3248 856 3316 911 ad
3347 870 3471 927 quae
3500 869 3692 912 omnes

2090 954 2234 1020 illos,
2264 968 2496 1025 quorum
2550 963 2739 1010 tenens
2785 967 2844 1007 es
2884 951 3024 1019 iter,
3077 947 3104 987 ιι
3156 950 3338 1005 narrat
3388 949 3695 1021 prmcipites

2089 1049 2266 1107 datos.

2090 1213 2417 1268 tenebrarum
2443 1220 2713 1269 wternum.

2164 1296 2185 1323 ο
2228 1285 2560 1341 Secernentes
2581 1301 2653 1338 se.
2687 1283 2869 1339 Latin.
2902 1282 2969 1338 ad
2994 1296 3214 1339 sensum
3239 1282 3400 1352 Vulg.
3685 1323 3693 1329 .

2086 1437 2107 1483 ι
2144 1354 2182 1484 ιθ
2224 1355 2280 1411 Id
2324 1366 2427 1423 εει,
2470 1357 2745 1427 Apostolus
2768 1353 2971 1423 ludas,
3012 1355 3169 1425 cujus
3198 1354 3423 1428 protulit
3451 1353 3689 1411 auctori-

2109 1442 2137 1483 a
2167 1442 2276 1484 em.

413 1582 3679 1617 mm

1221 1775 1370 1891 S.
1450 1777 1620 1889 Ρ.
1698 1777 1884 1889 N.
1962 1770 2822 1892 LUGIFEBI

1590 1973 1945 2038 EPISCOPI
1983 1974 2475 2039 CALARITANI
3190 2016 3191 2019 η

694 2138 966 2283 DE
1041 2137 1923 2289 REGIBUS
2004 2136 3393 2335 APOSTATICIS,

1000 2381 1156 2463 AD
1234 2378 2080 2466 CONSTANTIUM
2156 2380 3069 2486 IMPERATOREM,

1676 2562 2004 2636 LIBER
2066 2563 2219 2638 .UN
2227 2564 2381 2638 US.

1832 2724 2237 2745 —-——-—.

458 2865 723 2925 Usitatum
740 2866 862 2937 quia
890 2867 1091 2923 habere
1111 2867 1353 2938 dignaris
1377 2866 1629 2933 verbum,
1658 2865 1802 2937 quod
1826 2866 1974 2922 enim
2006 2868 2054 2927 B
2080 2864 2342 2921 inaurium
2382 2866 2409 2904 ιι
2462 2884 2743 2924 aureorum
2791 2871 2862 2924 ad
2904 2871 3053 2926 mille
3099 2870 3449 2943 septingentos
3500 2870 3691 2933 siclos,

383 2958 489 3013 nisi
511 2965 566 3013 et
595 2958 801 3029 integre
828 2960 1111 3024 crederes,
1141 2970 1197 3016 et
1229 2960 1344 3015 lucc
1378 2975 1499 3031 qua:
1527 2960 1674 3031 geris
1701 2960 1845 3015 circa
1876 2972 1977 3016 nos

387 3048 500 3105 Deo
528 3062 714 3105 essent
741 3051 961 3121 placita,
1012 3050 1126 3122 jam
1182 3050 1382 3107 fuisses
1424 3053 1751 3118 exstinctus,
1784 3065 1983 3123 pauco-

383 3157 502 3197 rum
546 3142 639 3197 tibi
671 3143 722 3197 in
776 3143 1046 3212 apostasia
1096 3152 1260 3210 atque
1312 3143 1643 3199 crudelitate
1687 3143 1978 3214 aequalium

385 3251 569 3307 regum
594 3234 733 3293 lucta
767 3235 1068 3292 desideravi
1098 3251 1346 3293 reserare
1374 3280 1387 3300 ,
1422 3251 1528 3305 quo
1558 3237 1730 3306 possit
1759 3250 1860 3290 vos
1885 3235 1979 3291 illa

385 3334 474 3381 tua
539 3326 760 3396 sepeliri
817 3342 939 3396 qum
981 3326 1168 3383 dicat:
1218 3326 1339 3383 Nisi
1380 3329 1639 3383 catholica
1668 3340 1799 3383 esset
1848 3329 1981 3399 fides

386 3421 519 3486 Arii,
546 3420 643 3473 hoc
672 3429 744 3475 est
774 3436 909 3485 utea,
940 3421 1037 3474 nisi
1066 3420 1319 3492 placitum
1370 3431 1501 3477 esset
1529 3418 1641 3476 Deo
1667 3421 1806 3488 quod
1833 3421 1982 3476 illaut

385 3529 665 3584 persequar
680 3514 837 3584 fidem
865 3530 1019 3585 quam
1050 3524 1233 3569 contra
1263 3532 1357 3569 nos
1377 3516 1683 3585 scripserint
1705 3515 1850 3585 apud
1877 3514 1979 3570 Ni-

386 3606 538 3675 ciam,
573 3623 848 3677 numquam
902 3611 1133 3679 profecto
1162 3608 1335 3663 adhuc
1360 3608 1415 3662 in
1458 3609 1675 3680 imperio
1717 3610 1977 3679 ﬂorerent.

387 3697 503 3754 Non
527 3699 743 3755 illorum
770 3715 957 3771 regum
982 3700 1120 3754 facio
1160 3701 1516 3766 mentionem,
1574 3701 1670 3771 qui
1701 3716 1730 3756 a
1757 3702 1850 3757 Dei
1880 3717 1982 3757 no-

389 3791 504 3847 titia
532 3791 748 3848 luerunt
773 3793 935 3848 alieni
966 3810 980 3859 ;
1013 3792 1083 3849 de
1114 3793 1199 3849 bis
1220 3795 1351 3849 Solis
1375 3803 1546 3850 tracto
1573 3796 1665 3865 qui
1713 3796 1766 3850 in
1794 3795 1979 3852 Iudaea

390 3896 687 3944 noscuntur
712 3903 990 3959 regnasse.
1020 3888 1078 3944 In
1107 3888 1246 3944 libro
1274 3887 1523 3945 Indicum
1557 3889 1865 3946 invenimus
1893 3890 1983 3947 Je-

390 3980 698 4036 robabelem
728 3981 898 4036 lilium
920 3979 1085 4037 Iasiae
1106 3981 1343 4037 electum
1374 3996 1403 4035 a
1432 3982 1562 4046 Deo,
1587 3991 1641 4038 et
1664 3983 1868 4040 dictum
1887 3982 1938 4040 ei
1966 4000 1979 4039 :

403 4071 540 4127 Vade
586 4074 642 4127 in
693 4072 1001 4144 fortitudine
1039 4084 1152 4140 tua,
1202 4086 1252 4128 et
1279 4074 1482 4129 salvum
1517 4077 1680 4145 facies
1715 4075 1887 4130 Israel
1917 4077 1982 4131 de

390 4183 547 4222 manu
588 4165 825 4223 Modice:
869 4184 1037 4223 nonne
1061 4184 1174 4222 ecce
1224 4168 1369 4221 mitto
1421 4176 1467 4221 te
1512 4167 1714 4238 (Judic.
1750 4184 1824 4235 vt,
1851 4168 1981 4239 14)?

2084 2968 2272 3027 prater
2301 2959 2589 3015 brachialia
2618 2972 2664 3016 et
2708 2972 2939 3033 torques,
2968 2974 3015 3018 et
3040 2964 3379 3033 aperimenta,
3412 2971 3463 3016 et
3489 2978 3692 3035 purpu-

2084 3063 2197 3101 ram
2234 3065 2350 3119 quce
2372 3067 2527 3121 super
2557 3069 2699 3124 reges
2732 3051 2969 3108 Modiam
2996 3064 3164 3121 erant,
3195 3065 3242 3107 et
3271 3064 3462 3125 praeter
3485 3063 3687 3125 torques

2082 3157 2286 3210 aureas,
2314 3159 2428 3213 quae
2454 3144 2507 3198 in
2533 3147 2668 3201 collo
2695 3149 3014 3223 camelorum
3050 3147 3473 3202 adversariorum
3514 3147 3684 3219 (Ibid.

2082 3234 2200 3306 26),
2250 3236 2378 3306 quid
2426 3237 2561 3294 dicit
2606 3238 2804 3296 fecisse
2833 3240 3150 3297 Gedeonem
3191 3254 3345 3294 sacra
3373 3240 3692 3308 scriptura?

2084 3323 2294 3382 Gedeon
2321 3338 2341 3366 ο
2372 3330 2463 3400 qui
2486 3340 2533 3384 et
2559 3329 2865 3399 Jerobabel,
2889 3333 3009 3403 fecit
3038 3331 3250 3402 Ephod,
3274 3342 3320 3386 et
3344 3332 3525 3387 statuit
3552 3332 3689 3387 illud

2083 3419 2138 3473 in
2168 3420 2372 3475 civitate
2417 3438 2513 3476 sua
2544 3422 2784 3495 Ephrath
2812 3441 2830 3479 :
2858 3434 2906 3480 et
2954 3425 3200 3495 fornicati
3241 3435 3362 3480 sunt
3391 3425 3492 3496 filii
3518 3423 3688 3481 Israel

2082 3514 2175 3579 ibi,
2199 3525 2244 3571 et
2270 3516 2465 3586 factum
2486 3528 2558 3572 est
2603 3518 2832 3575 Gedeoni
2862 3531 2909 3575 et
2932 3521 3113 3574 domui
3143 3524 3258 3595 ejus
3292 3521 3346 3575 in
3375 3519 3684 3574 scandalum

2083 3606 2247 3680 (Ibid.
2274 3609 2388 3681 27).
2418 3609 2691 3682 Numquid
2726 3629 2850 3667 nam
2891 3612 3106 3669 distulit
3144 3613 3339 3669 diebus
3368 3613 3680 3682 aliquantis,

2083 3707 2139 3755 et
2181 3700 2262 3755 sic
2315 3701 2453 3757 hanc
2499 3711 2584 3758 est
2629 3714 2886 3773 operatus
2938 3713 3128 3761 contra
3179 3705 3348 3761 Deum
3392 3704 3683 3774 malignam

2084 3808 2310 3865 Operam
2335 3796 2359 3849 7
2384 3795 2659 3867 Numquid
2702 3813 2823 3852 nam
2860 3798 3139 3854 reminisci
3168 3799 3365 3869 patuit,
3405 3812 3528 3851 cum
3568 3797 3685 3851 haec

2085 3887 2277 3944 fuisset
2322 3886 2347 3926 ἀ
2386 3905 2676 3961 aggressus
2729 3889 2935 3959 facere,
2980 3891 3124 3961 quod
3156 3890 3391 3945 dixisset
3416 3888 3465 3944 ei
3498 3887 3686 3943 Deus:

2092 3979 2237 4039 Vnde
2260 3984 2335 4055 °,|
2351 4002 2447 4057 ego
2470 4001 2555 4040 ero
2603 3996 2771 4040 tecum
2802 3984 2967 4057 (Ibid.
3002 3999 3075 4051 vt,
3103 3984 3193 4055 16)
3227 3984 3250 4039 'l
3281 3982 3384 4040 Ubi
3410 3989 3497 4038 est
3524 3980 3684 4049 illud,

2084 4080 2229 4147 quod
2260 4078 2559 4135 secundum
2593 4087 2925 4150 praeceptum
2977 4078 3077 4133 Dei
3113 4075 3428 4133 demolierit
3466 4074 3592 4131 Baal
3634 4085 3689 4129 et

2087 4166 2238 4224 lucos
2276 4169 2396 4239 ejus
2448 4169 2732 4235 exciderit,
2780 4177 2837 4225 et
2878 4169 2993 4225 Deo
3019 4168 3287 4224 obtulerit
3310 4164 3687 4222 sacriﬁcium?

392 4260 461 4317 Et
488 4261 626 4317 intra
660 4280 673 4317 :
709 4260 821 4331 Ego
845 4270 871 4298 ει
902 4278 988 4317 ero
1018 4271 1207 4328 tecum,
1238 4271 1287 4317 et
1310 4261 1568 4332 percuties
1601 4260 1954 4331 Madiam'quo
2007 4251 2052 4314 C
2086 4260 2175 4315 ubi
2202 4272 2283 4316 est
2314 4262 2444 4316 illud
2474 4262 2620 4332 quod
2649 4262 2787 4318 dixit
2837 4262 2904 4316 ad
2959 4261 3053 4316 Dei
3081 4261 3337 4315 nuncium
3367 4256 3473 4314 sibi
3501 4254 3683 4311 dicen-

388 4353 541 4408 modo
571 4370 731 4409 unum
757 4354 1014 4409 hominem
1065 4351 1230 4423 (Ibid.
1283 4351 1412 4425 l6);
1444 4367 1605 4423 quem
1639 4351 1867 4407 Mediam
1899 4353 1981 4407 lo-

388 4446 573 4517 quitur
615 4448 880 4518 scriptura
929 4445 1187 4501 habuisse
1235 4444 1637 4501 multitudinem
1700 4455 1979 4515 tamquam

390 4556 610 4596 arenam
666 4542 851 4597 maris.
905 4541 975 4596 At
1034 4540 1121 4597 ubi
1178 4540 1396 4610 impleta
1443 4549 1571 4593 sunt
1624 4547 1821 4594 cuncta
1861 4553 1984 4607 qua:

394 4632 538 4689 Deus
562 4633 803 4691 Gedeoni
829 4634 1099 4706 promisit,
1129 4632 1217 4689 ubi
1248 4648 1307 4687 se
1329 4631 1630 4689 exaltatum
1657 4647 1726 4687 ex
1762 4630 1983 4697 humili,

390 4726 783 4798 locupletatum
839 4744 903 4784 ex
961 4743 1219 4800 paupere,
1273 4742 1457 4798 regem
1513 4727 1716 4782 factum
1748 4725 1889 4781 vidit
1921 4742 1986 4781 ex

393 4820 602 4891 plebeia
635 4821 973 4887 conditione,
1018 4820 1147 4891 quid
1194 4820 1377 4876 statim
1426 4819 1601 4874 facit?
1629 4834 1826 4889 nempe
1856 4819 1993 4875 dicit

392 4911 459 4966 ad
514 4914 822 4983 populum:
870 4912 1003 4967 Date
1048 4914 1175 4967 mihi
1233 4913 1582 4985 unusquisque
1633 4913 1871 4968 inaurem
1927 4912 1991 4966 de

395 5004 571 5077 praeda
595 5024 691 5061 sua
716 5005 883 5079 (Ibid.
917 5022 1033 5075 vm,
1059 5005 1178 5077 Ἠ).
1218 5006 1321 5075 Qui
1346 5023 1467 5061 cum
1488 5006 1765 5078 accepisset
1794 5006 1996 5077 pondus

470 5206 494 5234 ι
537 5195 801 5267 Congruit
831 5211 954 5251 cum
1002 5194 1161 5266 Vulg.
1196 5193 1352 5249 Vere.
1394 5194 1522 5250 Ant.
1573 5194 1832 5261 Ωιιοηίατη
1879 5191 1991 5267 DQ:

397 5270 568 5323 minus
598 5263 697 5324 erit
743 5278 909 5323 tecum
943 5285 961 5323 :
1010 5263 1132 5322 et”:
1179 5274 1441 5336 tamquam
1482 5267 1650 5320 cirum
1678 5281 1857 5319 unum.
1888 5263 1992 5319 Alii

395 5355 518 5395 cum
548 5339 798 5395 Lucifero
826 5355 893 5394 ex
923 5339 1137 5405 Grzeco,
1166 5335 1350 5409 ἔσομαι
1391 5340 1521 5409 μετὰ
1550 5344 1668 5392 σοῦ.

470 5410 497 5449 δ
534 5410 671 5467 Cum
701 5412 872 5467 Vatic.
905 5414 1076 5466 Antea
1108 5406 1400 5463 inuur’eum.
1438 5408 1591 5463 Vers.
1628 5406 1993 5461 Ant.Pondus

395 5485 663 5537 inaurium
686 5498 984 5546 aurearum,
1028 5497 1156 5553 quas
1187 5480 1427 5548 petierat,
1472 5478 1590 5533 sicli
1618 5479 1761 5531 mille
1796 5478 1993 5548 septin-

397 5556 536 5626 genti
564 5556 776 5626 auri..
809 5564 857 5626 et
885 5554 1206 5622 operimenta
1260 5565 1547 5623 purpurea,
1594 5563 1711 5619 qua:
1735 5558 1884 5626 erant
1903 5563 1990 5602 su-

2094 4362 2202 4409 lem
2238 4373 2251 4409 :
2283 4354 2539 4409 Dominus
2570 4364 2759 4421 tecum,
2790 4366 2969 4427 potens
3003 4354 3021 4392 τ
3052 4356 3240 4408 virtute
3264 4369 3286 4408 :
3309 4352 3375 4405 In
3404 4362 3429 4400 8
3459 4368 3559 4416 me,
3586 4351 3692 4404 Do-

2094 4447 2251 4511 mine,
2283 4456 2329 4500 et
2358 4448 2403 4499 si
2447 4455 2520 4500 est
2551 4445 2806 4501 Dominus
2837 4447 3125 4508 nobiscum,
3164 4453 3211 4498 et
3253 4442 3379 4513 quid
3402 4442 3694 4512 apprehen-

2092 4538 2278 4592 derunt
2327 4539 2629 4605 nosomnia
2659 4537 2799 4591 mala
2826 4537 2992 4591 lucc?
3039 4546 3085 4591 et
3132 4535 3219 4589 ubi
3264 4542 3383 4587 sunt
3434 4531 3693 4588 mirabilia

2091 4635 2207 4704 ejus
2237 4670 2252 4697 ,
2302 4645 2418 4701 qute
2462 4629 2749 4683 retulerunt
2776 4628 2919 4682 nobis
2975 4637 3144 4698 patres
3195 4625 3359 4680 nostri
3412 4624 3686 4679 dicentes:

2098 4721 2254 4778 Nunc
2280 4720 2311 4775 ιι
2348 4739 2411 4777 ea:
2460 4721 2695 4795 Egypto
2724 4720 2949 4776 adduxit
2980 4736 3073 4773 nos
3100 4716 3241 4774 Deus
3262 4718 3288 4773 I
3312 4726 3363 4771 et
3393 4731 3530 4771 nunc
3553 4732 3698 4787 spre-

2096 4820 2168 4874 vit
2219 4834 2312 4872 nos
2350 4826 2397 4872 et
2440 4817 2655 4872 tradidit
2713 4832 2809 4871 nos
2863 4815 2917 4869 in
2976 4830 3135 4868 manu
3179 4811 3374 4867 Madite
3437 4809 3690 4865 Dominus

2100 4908 2262 4981 (Ibid.
2298 4910 2413 4978 11).
2445 4908 2714 4980 Numquid
2741 4907 3026 4978 repetebat
3056 4916 3302 4977 tempore
3349 4918 3458 4976 quo
3501 4910 3689 4959 contra

2101 5005 2273 5061 Deum
2305 5005 2489 5061 facere
2522 5006 2775 5089 tentavit,
2809 5002 2953 5074 quod
3000 5002 3087 5058 illa
3137 4999 3418 5057 consecuti
3465 4996 3699 5052 fuissent

2098 5190 2309 5246 Gedeon
2333 5190 2389 5243 in
2420 5189 2633 5261 Ephud,
2656 5196 2818 5261 (et...
2842 5187 2915 5261 Ain
2962 5185 3163 5259 Ephra.
3194 5183 3260 5237 Et
3301 5181 3592 5253 fornicatus
3622 5190 3698 5235 est

2098 5264 2264 5334 omnis
2288 5261 2457 5316 Israel
2470 5259 2759 5334 'postAillud
2782 5259 3011 5334 ibi,_etc.
3302 5325 3321 5334 _
3378 5323 3389 5334 .

2169 5332 2197 5371 ιι
2234 5334 2369 5389 Cum
2397 5325 2574 5387 Latin.
2603 5332 2671 5386 ita
2701 5329 3060 5400 corrigimus;
3092 5334 3249 5380 antea
3290 5325 3514 5395 fecisset.

2175 5404 2191 5443 ί
2244 5404 2391 5459 Vade
2428 5403 2585 5458 abest
2613 5404 2681 5457 ab
2718 5401 2879 5457 Vers.
2916 5401 3043 5454 Ant.

2173 5477 2186 5524 t'
2240 5474 2429 5531 Potens
2470 5478 2692 5538 virtute,
2745 5487 2811 5527 ex
2855 5469 3020 5524 llebr.
3056 5466 3209 5521 Vers.
3243 5466 3371 5521 Ant.
3427 5473 3606 5537 potens
3638 5464 3689 5520 in

2097 5547 2427 5617 fortitudine.

399 5605 1185 5709 l’érregesibiizdiauxiprwter
1215 5605 1446 5692 to'rqu'es,
1482 5605 1771 5691 quce'erant
1803 5621 1856 5673 in
1878 5635 1990 5674 cer-
2016 5608 2070 5669 D
2097 5605 2140 5709 ἰ
2166 5616 2191 5654 ιε
2234 5614 2669 5709 Deesse‘vi‘det'ur
2703 5612 2808 5696 :DEt
2834 5611 2966 5709 dixit
2994 5609 3069 5709 ad.
3090 5607 3465 5709 euntntie’deon.
3494 5605 3684 5709 Iri-mf:

397 5698 590 5751 ricibus
620 5698 931 5751 camelorum
957 5698 1210 5765 ipsorum.

452 5766 591 5837 {Et
622 5772 741 5838 fecit
776 5768 871 5838 illa
900 5762 1110 5838 Gedeon
1138 5768 1193 5821 in
1218 5764 1413 5838 Ephod
1460 5774 1513 5833 et
1534 5764 1713 5838 stguit
1752 5762 1908 5838 illud
1932 5763 1985 5838 in

397 5832 601 5896 ciuitate
622 5832 715 5895 sua
740 5840 793 5896 in
824 5837 1026 5911 Ephra.
1059 5832 1178 5897 Vat;
1217 5832 1369 5895 vers;
1420 5832 1546 5893 Ant.
1583 5832 1649 5889 Et
1679 5837 1801 5909 fecit
1849 5834 1985 5891 illud

2091 5698 2200 5744 etc.
2234 5689 2388 5744 Vers.
2416 5687 2544 5743 Ant.
2582 5685 2802 5740 Domine
2824 5683 2988 5739 nti....
3023 5691 3070 5735 et
3100 5690 3157 5735 ut
3206 5682 3331 5753 quid
3378 5682 3682 5737 invenerunt

2090 5778 2186 5816 nos
2211 5761 2387 5815 omnia
2408 5758 2548 5813 mala
2570 5759 2694 5823 ista,
2708 5763 2816 5813 etc.

2167 5830 2184 5867 ι
2228 5828 2437 5887 Nonne.
2469 5828 2708 5887 Latinius
2734 5870 2749 5899 ,
2779 5825 2855 5885 uti
2887 5826 2940 5884 ln
2962 5823 3175 5883 Graeco.
