4148 6186
485 324 588 382 79Ῐὶ

1553 329 1874 388 LUCIFERI
1918 330 2227 390 EPISCOPI
2268 332 2351 391 CA
2363 334 2442 388 L.-\
2453 333 2690 390 RITANI

3671 316 3783 392 i96

486 445 625 496 mula
657 451 873 510 impter
896 441 1292 498 idololatrian)?
1317 444 1387 500 At
1418 445 1506 500 ubi
1536 448 1706 518 erepti
1731 456 1876 514 sunt,
1905 457 1960 502 ut
1994 449 2072 503 vi-
2102 451 2148 509 A
2178 450 2384 506 etenim
2429 450 2707 522 quievisse
2748 450 3024 508 lsraelitas
3051 451 3412 524 quadraginta
3465 453 3644 518 annis,
3679 466 3777 507 nec

485 546 672 590 verent
703 537 822 589 sine
853 534 1292 591 ath-rsariorum
1327 537 1543 600 timore,
1579 539 1646 598 ab
1691 540 1944 594 omnibus
1975 539 2080 597 illis

488 629 665 692 malis,
720 626 916 697 quibus
959 643 1020 684 se
1045 628 1258 684 dicebat
1315 646 1437 685 cum
1491 633 1640 687 otnui
1685 643 2079 704 prmgravatum

485 709 708 793 populo,
743 713 886 777 illico
928 711 1052 778 facit
1090 738 1224 788 rem,
1273 739 1552 798 perquam
1589 735 1642 781 et
1671 724 1785 797 ipse
1824 735 1878 782 et
1904 721 2080 782 omnis

481 815 686 886 pariter
717 815 945 885 populus
977 826 1196 888 propter
1225 816 1585 872 idololatriam
1635 818 1824 875 luisset
1854 819 2082 875 traditus

484 911 539 994 in
574 918 766 982 mantis
815 913 1278 994 adversariorum.
1335 914 1599 986 Audierat
1634 915 1818 994 tDcum
1853 919 1899 984 “,-
1933 914 2080 987 quod

486 992 645 1064 idolis
693 992 994 1063 servissent
1037 1007 1304 1063 derelicto
1355 1007 1503 1070 Deo,
1565 992 1673 1064 illis
1729 998 1921 1064 cuncta
1989 999 2078 1064 illa

487 1097 626 1154 mala
653 1099 955 1162 accidisse;
1006 1101 1329 1155 meminerat
1359 1100 1678 1171 prophetam
1719 1101 1994 1168 locutum;
2028 1111 2082 1157 et

493 1200 668 1245 tamen
699 1205 762 1246 ea
809 1191 920 1258 die,
952 1207 1056 1262 qua
1105 1193 1241 1247 nihil
1293 1193 1416 1248 lacti
1445 1204 1571 1248 sunt
1599 1204 1725 1250 ante
1753 1210 1848 1250 eos
1874 1194 2078 1251 inimici

487 1298 698 1356 eorum,
745 1283 958 1362 censuit
1023 1300 1115 1341 rex
1174 1285 1301 1358 ille,
1354 1285 1406 1340 in
1432 1287 1684 1343 vecordia
1717 1289 1802 1343 cui
1840 1288 2082 1360 dignaris

489 1395 612 1437 csse
637 1378 854 1448 similis,
891 1381 1052 1438 idolis
1081 1397 1240 1454 quam
1273 1379 1382 1438 Deo
1423 1379 1515 1454 qui
1549 1382 1636 1438 illa
1680 1383 1782 1439 sibi
1816 1383 2084 1455 praestite-

490 1460 566 1559 lzitil
600 1460 764 1559 fuisse
787 1459 1192 1544 annutandmn.
1219 1462 1566 1558 Etyfeirerunt,
1589 1475 1761 1559 inquit
1787 1469 2080 1554 scriptura,

495 1541 594 1638 ﬁlii
624 1541 793 1622 srael
818 1568 1106 1639 malignum
1134 1578 1254 1622 ante
1279 1541 1553 1623 Dominum
1590 1541 1775 1636 Deum,
1825 1579 1873 1624 et
1901 1541 2084 1626 tradi;

490 1659 566 1712 dit
587 1661 638 1714 in
665 1677 848 1714 manus
878 1659 1072 1716 Matliw
1095 1662 1245 1717 annis
1268 1671 1476 1732 septem,
1510 1671 1556 1716 et
1593 1663 1865 1733 prtevaluit
1898 1679 2084 1720 manus

457 1829 469 1839 ν
495 1749 689 1806 Madiw
733 1751 884 1808 valde
927 1770 1083 1820 super
1125 1753 1293 1808 Israel
1345 1771 1364 1808 :
1413 1764 1459 1807 et
1487 1757 1718 1825 fecerunt
1767 1755 1862 1809 sibi
1914 1753 2084 1810 Israel

2183 543 2531 600 adversarius
2557 545 2608 599 in
2639 559 2735 601 eos
2763 544 2989 600 omnino
3019 547 3338 616 permissos,
3370 561 3469 600 nec
3499 546 3666 600 ullum
3697 547 3778 600 eis

2184 635 2325 693 idem
2377 635 2548 694 fuisse
2589 637 2931 694 dominatum
2985 654 3049 694 es
3098 639 3450 709 alienigenis,
3484 648 3776 711 propterea

2182 728 2323 798 quod
2357 729 2762 786 esciamasscnt
2817 729 2883 786 ad
2938 730 3110 786 Deum
3143 772 3158 796 ,
3211 731 3484 800 scriptura
3538 731 3779 802 loquitur

2182 837 2360 879 sacra.
2416 817 2569 878 Talia
2629 815 2771 880 circa
2825 826 3226 895 consacrilegos
3277 833 3399 880 tuos
3452 823 3584 880 fecit
3637 825 3778 881 bona

2185 915 2351 981 Deus,
2384 916 2683 974 ostendens
2713 931 2772 972 se
2821 914 3042 988 quidem
3073 927 3243 972 totum
3295 926 3600 988 potentem,
3656 913 3781 974 illos

2185 1004 2364 1065 limen
2395 1009 2645 1081 indignos
2687 1006 2754 1066 ad
2780 1009 3221 1082 Consequeudam
3256 995 3524 1081 requiem,
3556 1011 3652 1081 qui
3679 1024 3781 1066 nec

2184 1117 2287 1156 una
2336 1098 2426 1157 die
2470 1093 2684 1173 quidem
2735 1111 2856 1173 post
2903 1094 3176 1174 receptam
3223 1103 3464 1172 requiem
3500 1109 3780 1158 tantorum

2185 1195 2547 1264 periculorum
2583 1195 2682 1263 illi,
2731 1196 2823 1266 qui
2861 1205 3062 1251 tantam
3092 1196 3424 1267 praestiterat
3467 1194 3780 1252 miseriéuré

2181 1287 2350 1351 diam,
2381 1288 2590 1343 servire
2635 1287 2986 1358 delegissent.
3021 1285 3158 1343 Cum
3200 1287 3334 1344 tales
3364 1285 3573 1342 fuerint
3601 1286 3780 1341 israe-

2182 1382 2332 1450 like,
2387 1395 2570 1439 tamen
2618 1398 2716 1455 pro
2764 1398 2860 1438 sua
2919 1383 3120 1454 pietate
3164 1380 3415 1453 pepercit
3465 1382 3582 1445 eis,
3617 1382 3781 1435 ctiam

2185 1478 2306 1547 post
2347 1469 2461 1531 litec
2488 1469 2810 1546 gerentibus
2843 1475 3232 1544 idololatriam,
3255 1489 3358 1530 nec
3385 1474 3570 1530 statim
3597 1472 3785 1528 reddi-

2183 1555 2291 1638 dil,
2327 1566 2421 1625 seu
2457 1565 2652 1624 iterum
2687 1569 2938 1639 tempore
2965 1561 3075 1639 quo
3105 1567 3154 1623 ei
3190 1553 3396 1638 placuit
3432 1568 3614 1622 tamen
3661 1565 3788 1622 red-3

2184 1661 2365 1717 didit:
2402 1677 2508 1716 non
2559 1661 2640 1717 eis
2692 1662 2914 1733 impune
2971 1659 3298 1716 idololatriae
3349 1667 3540 1716 reatus
3589 1648 3786 1715 cedere

2186 1759 2380 1827 potuit.
2417 1755 2492 1812 Ita
2523 1765 2580 1812 et
2609 1755 2725 1822 tibi,
2776 1755 3084 1820 Constanti,
3113 1755 3220 1812 erit
3263 1763 3787 1828 repraesentaturus,

491 1854 608 1896 ante
632 1845 816 1915 {aciem
847 1845 1039 1900 .lladia:
1060 1856 1267 1918 cryptas
1290 1844 1316 1883 ι)
1343 1847 1396 1900 in
1428 1846 1702 1911 montibus,
1723 1858 1770 1900 et
1792 1846 2082 1918 speluncas,
2114 1841 2160 1901 B
2192 1849 2296 1904 nisi
2329 1849 2423 1904 tibi
2456 1848 2759 1920 provideris
2801 1848 3038 1906 interea.
3072 1848 3129 1905 Si
3177 1847 3442 1905 lsraelitm
3478 1848 3788 1903 servientes

491 1947 537 1992 et
561 1949 908 1992 monumenta.
939 1937 1004 1992 Et
1035 1943 1231 2009 factum
1263 1951 1336 1994 est
1365 1939 1569 2009 quando
1589 1933 1869 1994 seminabat
1892 1938 2082 2006 Israel,

490 2030 830 2084 ascendebant
864 2029 1094 2085 Modiam
1137 2042 1183 2084 et
1231 2032 1499 2097 Amalech,
1527 2041 1573 2084 et
1619 2031 1715 2100 ﬁlii
1759 2031 2006 2098 Orientis,
2038 2041 2085 2086 et

490 2113 836 2177 ascendebant
885 2132 1039 2194 stipat
1071 2135 1206 2189 eum,
1239 2132 1284 2176 et
1312 2122 1693 2178 contmitleban!
1739 2137 1858 2177 cum
1907 2123 1998 2190 eis,
2038 2133 2084 2178 et

491 2215 887 2284 corrumpebant
915 2211 1045 2285 ﬁnes
1074 2203 1243 2281 territt,
1271 2231 1427 2287 usque
1448 2215 1570 2270 dum
1597 2225 1765 2272 venias
1793 2227 1814 2256 ο
1844 2199 2085 2290 Casam,

493 2317 664 2361 etnon
712 2309 1062 2378 relinquebant
1116 2309 1183 2362 ad
1236 2311 1391 2363 vitam
1437 2312 1558 2364 huic
1607 2309 1774 2364 Israel
1801 2325 1964 2379 ovem,
1997 2326 2088 2364 nec

495 2395 735 2476 vitulum,
764 2399 854 2454 nec
882 2398 1088 2454 asinum
1118 2417 1135 2456 :
1165 2398 1406 2471 quoniam
1433 2391 1534 2473 ipsi
1557 2400 1602 2455 et
1630 2404 1859 2470 iumenta
1911 2405 2087 2457 eorum

495 2483 859 2558 ascendebant,
889 2501 935 2547 et
959 2491 1294 2548 tabernacula
1322 2511 1415 2547 sua
1444 2493 1750 2561 a/Ierebant,
1781 2503 1827 2548 et
1869 2494 2088 2548 caﬁtelbs

493 2599 613 2638 suos
643 2572 922 2651 ducebant,
949 2594 997 2639 et
1040 2578 1376 2640 adveniebant
1429 2587 1560 2640 sicut
1589 2585 1802 2641 locustae
1833 2587 1886 2640 in
1914 2573 2090 2640 multi-

495 2675 698 2740 tudine,
728 2677 973 2747 quoniam
1026 2693 1128 2732 non
1171 2687 1281 2732 erat
1327 2693 1596 2744 nunterns,
1647 2688 1694 2733 et
1751 2678 2091 2733 adveniebant

495 2782 652 2838 super
697 2778 888 2823 terram
945 2785 1277 2842 corrumpere
1316 2787 1448 2825 eam.
1485 2769 1555 2824 Et
1593 2787 1789 2844 pauper
1822 2775 1991 2842 factus
2020 2780 2092 2825 est

495 2855 667 2914 Israel
693 2877 725 2914 a
750 2861 884 2932 facie
917 2860 1114 2918 Modice
1137 2879 1155 2917 :
1180 2871 1228 2917 et
1257 2863 1612 2919 clamauerunt
1641 2865 1742 2935 ﬁlii
1770 2857 1798 2900 ἀ
1829 2862 2000 2919 Israel
2025 2865 2095 2918 ad

497 2952 778 3012 Dominum
809 2971 1020 3032 propter
1043 2959 1298 3016 Madiam.
1319 2959 1472 3024 Misit
1494 2959 1746 3016 Dominus
1776 2962 1941 3017 virum
1972 2977 2094 3034 pro-

499 3045 706 3124 phetam
736 3055 805 3140 ad
834 3053 973 3126 ﬁlios
1004 3052 1196 3120 Israel,
1229 3066 1275 3110 et
1305 3055 1436 3110 dixit
1466 3057 1570 3111 illis
1604 3069 1622 3110 :
1655 3048 1784 3110 Hcce
1831 3055 1958 3111 dicit
1990 3051 2097 3110 Do-

498 3148 669 3221 minus
727 3139 869 3202 Dens
919 3146 1089 3202 Israel
1131 3155 1150 3204 :'
1206 3149 1314 3221 Ego
1370 3165 1482 3204 sunt
1528 3150 1617 3220 qui
1671 3149 1867 3204 adduxi
1913 3165 2000 3204 vos
2033 3164 2098 3204 ea:

2187 1941 2547 2008 datmonibus,
2581 1942 3026 2014 derelinquentes
3041 1942 3368 2007 Deum,cum
3391 1941 3502 2011 jam
3529 1942 3780 1996 extranei

2188 2035 2419 2092 fuissent
2445 2052 2472 2091 a
2505 2037 2696 2092 notitit
2741 2036 2919 2092 eﬂ'ecti
2951 2037 3070 2101 Dei,
3104 2047 3292 2093 tamen
3341 2053 3468 2093 mox
3500 2046 3564 2092 ut
3592 2051 3790 2093 ascen—

2188 2129 2266 2184 dit
2297 2129 2347 2184 iu
2376 2129 2548 2184 corda
2578 2125 2800 2184 illorum
2834 2172 2848 2198 ,
2900 2131 3026 2200 quia
3073 2130 3166 2186 ille
3199 2127 3270 2185 sit
3312 2125 3458 2186 Deus
3489 2139 3663 2186 totum
3696 2145 3796 2202 po-

2191 2229 2333 2288 tens,
2365 2223 2454 2291 qui
2496 2236 2684 2276 eorum
2735 2213 2914 2292 patres
2944 2221 3228 2277 eduxisset
3267 2217 3338 2278 de
3369 2223 3511 2278 terra
3540 2217 3790 2294 rEgypti,

2187 2316 2428 2371 exauditi
2453 2324 2655 2370 suntet
2695 2312 2908 2373 liberati
2945 2315 3014 2371 de
3047 2330 3207 2371 manu
3234 2313 3443 2380 "adite,
3479 2327 3535 2371 et
3565 2316 3634 2370 ab
3665 2331 3792 2369 om-

2193 2406 2353 2461 nibus
2404 2405 3088 2477 persequentilms;.quid
3139 2405 3317 2462 sentis
3367 2399 3621 2460 arbitrari
3692 2422 3795 2460 nos

2195 2506 2360 2578 pbssc
2383 2487 2730 2578 Christianos
2761 2501 2898 2570 eripi
2928 2501 2996 2555 de
3028 2499 3281 2554 manibus
3317 2500 3425 2578 luis
3445 2501 3469 2551 ‘l
3489 2513 3557 2553 au
3591 2514 3795 2563 uccnc,

2191 2571 2344 2664 quod
2365 2573 2558 2658 sciam,
2592 2608 2652 2647 es
2687 2592 2976 2660 tervidens
3017 2609 3116 2646 nos
3146 2594 3358 2647 tantum
3394 2576 3566 2646 Deum
3607 2579 3797 2648 colei-e

2194 2685 2453 2750 Abralttn,
2486 2683 2657 2750 Isaac,
2703 2692 2760 2739 et
2789 2683 2980 2750 Iacob,
3015 2687 3072 2740 et
3100 2684 3343 2740 omnium
3372 2682 3801 2756 prophetarum;

2193 2778 2590 2848 apostolorum,
2624 2787 2677 2830 ct
2708 2776 3055 2849 martyrum?
3083 2775 3259 2830 Crede
3287 2775 3420 2830 mihi
3461 2775 3593 2846 quia
3621 2765 3800 2830 auditi

2193 2884 2384 2924 sumus
2411 2911 2425 2935 ,
2471 2877 2525 2922 et
2567 2868 2858 2923 audietnur
2885 2910 2898 2932 ,
2953 2877 3009 2923 ut
3053 2876 3107 2922 tu
3142 2869 3325 2939 possis
3366 2883 3489 2922 cum
3521 2868 3674 2922 omni
3702 2877 3795 2921 tua

2195 2960 2371 3031 fragili
2418 2961 2757 3016 sublimitate
2797 2961 2982 3032 jacere
3023 2960 3124 3014 sub
3167 2961 3413 3014 omnium
3455 2960 3573 3029 ejus
3604 2973 3802 3014 servo-

2199 3070 2315 3110 rum
2348 3055 2534 3120 ealcc;
2593 3053 2693 3110 sed
2730 3063 2786 3132 et
2835 3054 2979 3125 quod
3034 3055 3260 3108 tnorulrc
3307 3054 3505 3125 aliqua:
3553 3051 3708 3118 ﬁant,
3741 3060 3801 3107 ut

2200 3163 2307 3202 non
2333 3147 2446 3218 jam
2478 3158 2681 3202 sancta!
2707 3163 2820 3201 sua:
2841 3147 3112 3213 ecclesitr,
3144 3147 3432 3202 exsﬁnctis
3461 3146 3614 3201 vobis
3635 3146 3802 3202 Aria-

501 3217 756 3313 mgypm,
791 3233 838 3296 el
868 3239 1025 3298 eduxi
1074 3247 1161 3298 vos
1184 3217 1428 3298 devdomo
1459 3217 1749 3311 seruitutis,
1802 3253 1851 3299 et
1903 3243 2096 3298 abstuli
2123 3234 2169 3298 C
2203 3234 2307 3322 nis,
2335 3217 2531 3294 tribuat
2567 3238 2783 3309 plenam
2809 3241 3161 3293 securitatem
3189 3239 3361 3308 pacis,
3388 3247 3471 3293 est
3491 3251 3650 3293 cauSa
3677 3237 3799 3302 illa,

500 3349 588 3388 vos
619 3335 683 3388 de
713 3351 868 3388 ntanu
902 3337 1037 3410 regis
1052 3335 1296 3409 zEgypti,
1325 3346 1373 3391 et
1400 3335 1466 3390 de
1487 3353 1641 3390 manu
1667 3336 1896 3390 onminm
1924 3352 2096 3401 perse-

503 3427 768 3496 quentium
795 3443 882 3482 vos
908 3468 922 3492 ,
956 3438 1002 3482 et
1030 3430 1156 3502 θ]ρεὶ
1180 3430 1306 3484 illos
1335 3448 1366 3484 a
1395 3430 1527 3501 facie
1547 3441 1715 3484 vestra
1743 3471 1756 3493 ,
1784 3437 1832 3484 et
1858 3427 1980 3483 dedi
2010 3444 2099 3484 vo-

505 3519 582 3572 bis
615 3529 800 3573 terram
847 3537 1047 3575 eorum.
1084 3521 1146 3574 Et
1175 3522 1285 3576 dixi
1309 3524 1451 3577 vobis
1481 3539 1498 3576 :
1552 3519 1664 3594 Ego
1704 3538 1815 3577 sum
1847 3517 2100 3576 Dominus

503 3607 647 3665 Deus
677 3621 856 3677 vester,
887 3629 989 3666 non
1023 3613 1261 3668 timebitis
1312 3625 1334 3652 ε
1363 3613 1498 3670 Deos
1554 3601 1994 3678 Anwrﬂzwomm,
2044 3609 2100 3668 in

507 3705 692 3772 quibus
717 3723 800 3759 vos
825 3706 1127 3761 inhabitatis
1153 3709 1206 3762 in
1239 3719 1374 3761 terra
1404 3709 1632 3780 ipsorum
1666 3725 1684 3762 :
1715 3718 1762 3763 et
1803 3724 1905 3761 non
1936 3723 2098 3762 exau-

506 3797 656 3854 distis
685 3816 856 3855 vocent
886 3801 904 3839 τ
931 3819 1096 3856 nteant
1127 3802 1294 3875 (lbid.
1324 3803 1399 3870 1).
1431 3802 1570 3869 Quid
1604 3813 1725 3872 post
1753 3785 1894 3857 lianc
1927 3799 2104 3856 incre—

512 3893 783 3961 patinucm
826 3894 1037 3950 Domini
1084 3895 1204 3950 facit
1253 3895 1546 3952 Jerobabel
1591 3895 1682 3966 qui
1711 3894 1912 3949 dicitur
1936 3893 2099 3949 etiam

510 3983 780 4041 Gedcou?
827 4001 950 4041 mox
984 3997 1038 4041 ut
1075 3987 1354 4043 inimicum
1383 4004 1538 4042 suum
1573 3987 1720 4042 videt
1749 3997 1773 4034 ε
1811 3987 2101 4043 deductum

509 4075 574 4129 ad
609 4075 870 4142 uiitilum,
913 4092 1037 4132 mox
1066 4086 1125 4132 ut
1176 4079 1415 4134 universi
1452 4078 1531 4133 illi
1574 4079 1895 4146 adversarii,
1928 4077 2016 4148 qui
2049 4087 2106 4133 ut

506 4181 673 4222 arena
707 4169 870 4222 utaris
903 4167 1073 4226 fuisse
1112 4183 1429 4235 narrantur,
1467 4181 1594 4225 sunt
1624 4169 1868 4236 mactati,
1910 4181 1966 4227 et
1997 4187 2104 4225 non

510 4255 714 4331 ingenti
749 4275 978 4317 numero
1022 4258 1418 4327 israelitarum,
1447 4263 1543 4319 sed
1582 4263 1634 4318 in
1666 4266 1929 4320 trecentis
1951 4265 2103 4331 viris,

513 4364 635 4409 mos
695 4361 754 4408 ut
803 4369 994 4410 omnes
1049 4370 1206 4428 reges
1241 4355 1735 4429 viditalienigenas
1765 4357 2104 4424 interiectos,

512 4445 743 4501 labricat
766 4462 884 4501 eam
910 4463 1047 4515 rem,
1083 4465 1179 4520 per
1204 4465 1368 4522 quam
1400 4451 1609 4522 possint
1642 4453 1693 4504 itt
1739 4451 1903 4506 De’um
1931 4451 2106 4506 delin-

515 4555 688 4610 qnere
721 4541 814 4595 lilii
845 4541 1030 4610 Israel,
1063 4549 1118 4597 ct
1141 4553 1319 4599 tamen
1362 4543 1721 4615 quadraginta
1747 4545 1906 4599 annis
1937 4544 2102 4600 etiam

2201 3332 2324 3403 quia
2353 3332 2416 3387 sit
2444 3333 2664 3403 dignum
2698 3342 2748 3385 te.
2779 3331 3093 3386 adsersario
3133 3332 3396 3386 stevieute
3440 3329 3506 3384 ad
3555 3329 3804 3384 omnium

2200 3425 2374 3480 veniri
2412 3421 2436 3460 ⁸³
2482 3424 2883 3494 probationem.
2925 3421 3074 3478 Dicis
3121 3438 3134 3475 :
3180 3421 3240 3477 Si
3283 3413 3417 3476 male
3465 3420 3719 3494 fecissem,
3756 3422 3806 3474 si

2202 3517 2437 3571 liceresim
2461 3527 2706 3582 tenerem,
2727 3515 2844 3588 jam
2873 3515 2925 3568 in
2957 3531 3035 3569 me
3064 3513 3206 3568 Deus
3260 3513 3588 3568 vindicasset.
3624 3511 3802 3568 Audis

2199 3624 2415 3664 sacram
2445 3609 2757 3679 loquentem
2787 3589 3117 3679 scripturam
3159 3607 3322 3662 etiam
3353 3604 3675 3676 alienigenae
3703 3604 3800 3659 diu

2204 3702 2516 3774 pepercisse
2567 3701 2890 3767 Dominum,
2945 3710 2999 3756 et
3039 3711 3218 3754 tamen
3249 3703 3438 3771 postea
3469 3707 3806 3752 Consecutus

2203 3799 2393 3852 merita
2445 3795 2710 3852 factorum
2761 3810 3006 3850 suorum.
3067 3792 3217 3848 Dixit
3262 3791 3485 3848 Samuel
3511 3789 3581 3845 ad
3608 3790 3746 3846 Saul
3781 3807 3801 3846 :

2207 3890 2354 3946 Misit
2382 3908 2460 3944 me
2509 3889 2764 3944 Dominus
2795 3901 2848 3944 ut
2882 3905 3121 3960 ungerent
3153 3897 3200 3942 te
3223 3903 3380 3957 super
3411 3883 3582 3941 Israel
3624 3885 3678 3939 in
3719 3900 3808 3938 re-

2204 3999 2341 4057 gent,
2371 3992 2419 4038 et
2443 3998 2578 4036 nunc
2617 3977 2746 4035 andi
2792 3997 2962 4036 rorem
3005 3979 3146 4035 verbi
3197 3977 3414 4033 Domini
3454 3995 3473 4033 :
3524 3976 3658 4032 IItec
3683 3977 3812 4030 dicit

2205 4074 2462 4130 Dominus
2484 4075 2808 4145 omnipotens
2833 4091 2851 4128 :
2883 4071 3039 4127 Nunc
3065 4070 3342 4142 defendam
3364 4064 3482 4141 qum
3501 4071 3624 4141 fecit
3652 4068 3811 4122 Anta-

2207 4167 2285 4226 lec
2325 4169 2438 4234 tibi,
2493 4167 2696 4236 Israel,
2738 4165 3174 4238 quemadmodum
3229 4161 3449 4219 obriavit
3487 4163 3582 4218 tibi
3621 4164 3674 4218 in
3728 4164 3814 4219 ria

2204 4279 2359 4334 quam
2391 4261 2406 4300 ί
2451 4261 2730 4317 ascendisti
2761 4260 2827 4316 de
2856 4259 3116 4334 zEgypto.
3149 4258 3217 4314 Et
3239 4275 3377 4313 nunc
3399 4258 3530 4312 vade
3551 4267 3598 4312 et
3628 4273 3814 4330 percn-

2206 4358 2299 4412 ties
2319 4358 2546 4422 Amalec,
2570 4365 2620 4410 et
2645 4355 2819 4409 omnia
2840 4354 3028 4426 ipsius,
3055 4362 3102 4408 et
3126 4369 3228 4408 non
3255 4353 3588 4420 concupisces
3617 4367 3684 4406 ea:
3706 4350 3815 4405 illis

2206 4449 2437 4522 aliquid,
2483 4450 2574 4506 sed
2630 4447 2994 4505 exterminabis
3039 4447 3209 4507 illum.
3257 4455 3303 4499 et
3353 4441 3816 4500 anathematisabis

2208 4544 2356 4600 illum
2379 4555 2425 4599 et
2446 4544 2616 4598 omnia
2637 4543 2802 4608 illius,
2826 4550 2990 4596 etnon
3021 4556 3197 4610 parces
3221 4538 3321 4604 illi,
3350 4544 3399 4592 et
3420 4538 3619 4591 occides
3643 4537 3814 4590 omnia

509 4644 632 4704 post
673 4643 880 4689 tantum
940 4635 1148 4692 facinus
1203 4639 1557 4692 commissum
1608 4652 1867 4710 regnasse
1916 4635 2002 4693 hic
2053 4637 2106 4716 in
2135 4624 2355 4692 Dillius
2381 4654 2412 4690 a
2449 4637 2559 4690 viro
2587 4650 2748 4706 usque
2774 4633 2843 4686 ad
2892 4631 3177 4695 mulierem,
3219 4638 3266 4684 et
3313 4629 3374 4682 ab
3416 4629 3616 4700 infante
3657 4643 3816 4694 usque

512 4725 678 4782 israel
728 4729 1020 4784 ium-nitur.
1067 4730 1183 4784 Non
1217 4730 1322 4785 erit
1353 4745 1485 4801 ergo
1528 4728 1864 4801 mirandum,
1897 4732 1940 4786 si
1963 4738 2019 4787 et
2052 4742 2107 4787 tu

510 4821 814 4894 sacrilegus
864 4824 1044 4879 adhuc
1074 4823 1240 4895 degas
1277 4823 1330 4878 in
1363 4838 1624 4895 corpore,
1664 4826 1881 4896 quando
1929 4825 2115 4880 videas

512 4913 831 4971 Gedeonem
892 4932 1077 4988 regem
1134 4917 1495 4988 quadraginta
1542 4920 1702 4974 annis
1746 4918 1956 4974 vixisse
1999 4917 2119 4986 post

514 4997 877 5067 idololatriam
932 5011 1306 5080 commissam,
1361 5028 1640 5085 regnoque
1692 5028 1792 5069 sun
1838 5014 2116 5084 potitum:

589 5181 615 5206 κ
659 5168 824 5226 Deum
863 5169 1152 5237 accidisse;
1187 5168 1416 5240 videtur
1461 5169 1748 5240 legendum
1797 5169 1886 5226 vel
1941 5167 2112 5224 Deum

517 5243 774 5307 attulisse,
817 5243 900 5297 vel
931 5252 1140 5311 propter
1170 5239 1332 5295 Deum
1360 5239 1635 5308 accidisse,
1669 5241 1752 5295 vel
1796 5243 1984 5305 etiam,
2013 5257 2114 5295 au-

520 5313 685 5384 dierat
710 5313 845 5369 enim
884 5316 1042 5384 quod,
1075 5322 1180 5368 ctc.

524 5377 530 5400 ¹
594 5383 619 5422 δ
659 5383 801 5438 Loca
855 5377 1080 5438 concava
1135 5394 1179 5438 et
1228 5386 1430 5438 occulta
1489 5384 1541 5436 in
1612 5382 1910 5437 montibus.
1981 5382 2114 5437 Nam

581 5457 759 5526 bit-rm
807 5457 1069 5526 occultare
1107 5465 1196 5510 est
1237 5463 1294 5509 et
1333 5456 1522 5519 celare,
1553 5453 1832 5523 speluncas
1859 5455 2114 5514 σπήλαια.

251 5525 625 5599 βιβπξίι.
651 5525 710 5599 et
748 5527 796 5581 la
825 5526 1001 5599 Cerda
1031 5527 1310 5592 subdens;
1355 5527 1455 5594 Qui
1488 5526 1636 5599 docti
1673 5536 1820 5599 sunt,
1855 5535 2118 5593 pareant;

581 5477 759 5512 νπτειν
807 5475 1069 5526 οεειιιιατε
1107 5475 1196 5510 CSI
1237 5475 1294 5509 ει
1333 5475 1522 5519 celare,
1553 5475 1832 5523 speluncas
1859 5475 2114 5514 σπηλαια.

559 5531 625 5581 'it.
651 5525 710 5581 et
748 5527 796 5581 la
829 5526 1001 5581 Cerda
1031 5527 1310 5592 subdens;
1355 5527 1455 5594 Qui
1488 5526 1636 5580 docti
1673 5536 1820 5591 sunt,
1855 5535 2118 5593 pareant;

655 5598 928 5653 interdum
947 5606 1106 5652 nntas
1139 5602 1507 5669 respergitnus
1525 5597 1590 5650 ad
1610 5598 1851 5652 omnium
1883 5605 2123 5664 captum.

667 5705 690 5724 ς
720 5668 930 5723 Turon.
965 5669 1061 5724 lib.
1099 5684 1154 5722 χ.
1216 5683 1338 5738 cap.
1369 5677 1652 5734 extrettio;
1688 5685 1748 5720 ac
1768 5684 1862 5740 per
1889 5677 2120 5740 cryptas,

623 5753 626 5756 '
649 5740 820 5795 tibula
834 5757 952 5796 cum
967 5742 1145 5796 nautis
1174 5738 1511 5796 Christianis.
1538 5755 1626 5796 per
1644 5739 1890 5796 eumdem
1913 5755 2123 5795 conver-

667 5685 690 5724 1.
720 5668 930 5723 Turon.
965 5669 1061 5724 lib.
1099 5684 1154 5722 χ.
1193 5668 1338 5740 _Cap.
1369 5677 1652 5734 extrettio;
1688 5685 1748 5720 ac
1768 5684 1862 5740 per
1889 5677 2120 5740 cryptas,

623 5738 820 5866 stipula
834 5757 952 5796 cum
965 5742 1145 5814 paucis
1174 5738 1511 5808 Christianis,
1538 5755 1626 5825 per
1644 5738 1890 5802 eumdem
1913 5738 2123 5795 conver-

645 5825 680 5868 e
704 5827 759 5869 c.
840 5845 844 5850 -
905 5849 908 5856 λ
938 5843 942 5846 -
1061 5827 1064 5831 ’
1503 5841 1508 5856 ε
1797 5824 1799 5826 ’

679 5879 922 5984 Ventrem
954 5884 1081 5976 legit
1105 5883 1471 5982 Sabatierius,
1499 5894 1552 5945 et
1584 5883 1725 5954 intra
1747 5884 1946 5950 omittit
1979 5885 2120 5966 huic.

2216 4734 2284 4786 ad
2296 4731 2603 4786 nutrientem
2617 4727 2659 4798 (1
2674 4727 2804 4800 Reg.
2821 4741 2908 4792 xv,
2928 4722 3258 4796 l).Etinlra:
3283 4720 3346 4774 Et
3361 4719 3642 4775 venitSanl
3661 4733 3822 4788 usque

2215 4825 2284 4879 ad
2303 4825 2556 4878 civitatem
2579 4819 2809 4885 Amalec,
2830 4827 2875 4872 et
2888 4818 3123 4881 accessit,
3143 4823 3191 4868 et
3210 4813 3405 4868 obsedit
3423 4812 3628 4866 Amalec
3641 4812 3692 4863 in
3710 4820 3821 4862 tor-

2217 4928 2359 4974 rente
2389 4933 2407 4972 :
2449 4927 2495 4971 et
2548 4914 2679 4969 dixit
2712 4912 2843 4968 Saul
2885 4911 2954 4964 ad
3004 4909 3233 4964 Cinwum
3263 4923 3282 4961 ,ο
3317 4905 3465 4959 Vade
3493 4915 3542 4958 et
3563 4903 3770 4958 declina
3797 4919 3821 4954 ε

2222 5012 2412 5076 medio,
2443 5018 2491 5064 et
2530 5007 2734 5062 declina
2780 5004 2843 5058 ab
2875 4997 3105 5068 Amalec,
3134 5010 3183 5055 et
3208 4998 3310 5054 noli
3339 5013 3600 5070 apponere
3625 5005 3673 5052 te
3703 5011 3822 5049 cum

2289 5165 2316 5208 ἀ
2358 5165 2724 5240 Clamaverunt
2755 5164 2851 5233 ﬁlii
2883 5162 3145 5240 Israelad
3195 5159 3510 5240 Dominum)
3549 5166 3597 5240 et
3622 5159 3819 5240 facturn

2219 5251 2292 5294 est
2340 5255 2398 5294 eo
2446 5238 2584 5309 quod
2636 5225 2984 5309 clamauerunt
3029 5233 3169 5309 ﬁlii”
3199 5230 3366 5309 Israel
3419 5232 3487 5309 ad
3538 5225 3821 5309 Dominum

2220 5319 2428 5383 propter
2459 5303 2718 5363 'Madian.
2753 5307 2924 5362 Vatic.
2954 5305 3095 5376 quod
3131 5303 3295 5358 Ilcbr.
3331 5303 3503 5372 magis
3530 5308 3820 5362 consonat.

2221 5393 2276 5435 et
2323 5381 2432 5435 alio
2473 5379 2754 5435 iuternrcli
2789 5379 2843 5433 in
2900 5375 3130 5435 lleanl.
3179 5374 3400 5435 Urigeu.
3455 5369 3598 5435 apud
3653 5369 3823 5431 Mont-

2221 5393 2276 5438 et
2323 5386 2432 5436 alio
2473 5386 2754 5447 interpreti
2790 5386 2843 5433 iu
2900 5386 3130 5446 llexapl.
3179 5386 3400 5443 Urtgeu.
3455 5386 3598 5441 apud
3653 5386 3775 5431 non

2224 5453 2439 5510 faucon.
2465 5451 2728 5508 Similiter
2757 5458 2814 5504 ct
2840 5448 2976 5504 Cod.
3010 5448 3162 5501 Alex.
3200 5445 3338 5516 apud
3372 5443 3566 5513 Sabat.

2301 5535 2323 5563 θ
2368 5522 2592 5578 ‘I‘imebis
2622 5520 2751 5592 legit
2785 5519 2914 5578 Salv.

2305 5597 2324 5635 ί
2375 5595 2530 5679 ocis
2555 5609 2701 5679 mete.
2742 5593 2912 5648 Vatic.
2943 5599 3226 5659 corrupte.

2304 5678 2328 5715 ις
2375 5665 2542 5721 Vidit.
2577 5666 2756 5720 Latin.

2303 5735 2329 5813 ξι
2373 5737 2700 5813 Yenire,_ve_l
2727 5733 2964 5790 inveniri.
3000 5732 3177 5813 Latin.

2309 5809 2324 5850 ί
2369 5808 2556 5870 Sabat.
2591 5806 2722 5884 legit
2743 5821 2866 5890 qua.
3015 5826 3018 5829 ·
3153 5809 3157 5826 ³
