4148 6186
327 332 439 401 ⁵797

1275 337 1365 399 DE
1405 329 1711 398 REGIBUS
1754 338 2200 396 APOSTATICIS
2238 337 2446 396 LIBER
2487 335 2692 398 UNUS.

3529 343 3634 400 798

334 465 473 528 illo,
517 463 771 532 (monium,
817 471 869 515 tu
931 461 1094 532 {rciin
1145 461 1556 514 misericordiam
1623 475 1742 512 cum
1806 457 1930 529 ﬁliis
1960 459 2011 522 Α
2036 467 2083 511 et
2111 458 2371 528 sacriﬁcia
2413 458 2576 528 magis
2606 475 2758 529 quant
2799 458 3052 514 exaudire
3093 475 3269 514 vocem
3301 459 3558 516 Domini?
3588 472 3633 517 et

339 555 530 623 Israel,
566 572 682 610 cum
711 548 1046 609 ascenderem
1081 571 1145 608 ea:
1167 551 1422 626 Eggpto.
1451 549 1516 606 Et
1553 550 1828 606 declinavit
1855 547 1941 604 Ci-

340 663 484 702 nazus
517 648 580 702 de
611 647 784 701 medio
810 647 1016 701 Amalec
1043 661 1061 700 :
1111 655 1156 700 et
1205 645 1454 716 percussit
1483 642 1616 699 Saul
1637 641 1848 696 Amalec
1877 641 1939 696 ab

341 741 516 795 Evilat
553 757 710 809 usque
743 739 872 804 Sur,
899 755 1014 808 quae
1050 749 1124 793 est
1155 749 1334 792 contra
1375 738 1561 810 faciem
1589 734 1813 808 χεριαριὶ
1844 751 1863 790 :
1893 745 1940 790 et

341 834 726 909 comprehendit
762 834 894 910 Squl
931 835 1075 907 Agag
1105 843 1275 906 regem
1307 823 1513 888 Amalec
1549 832 1736 897 vivum,
1759 839 1806 885 et
1829 836 1938 884 oni-

341 935 459 982 nem
482 928 727 1000 populum
757 909 867 999 ejus
891 922 1078 980 occidit
1106 925 1158 979 in
1183 939 1271 981 ore
1303 924 1465 996 gladii
1492 923 1533 995 (I
1570 911 1698 994 Reg.
1732 923 1824 986 xv,
1861 909 1938 994 5).

341 1019 507 1076 Vides
566 1019 841 1090 quomodo
883 1060 898 1086 ,
966 1016 1122 1074 tarde
1177 1016 1343 1083 licet,
1409 1015 1688 1073 consecuti
1739 1016 1940 1072 fuerint

342 1111 565 1170 sceleris
610 1112 692 1167 sui
719 1105 957 1170 laetum?
989 1123 1042 1167 et
1068 1121 1123 1167 tu
1153 1111 1330 1182 inquis
1360 1128 1373 1166 :
1404 1109 1526 1165 Nisi
1552 1109 1676 1165 bene
1709 1103 1936 1183 agerem,

342 1205 734 1278 itumquamdit't
754 1191 1056 1276 regnarent?
1083 1203 1260 1272 Ipsum
1285 1203 1450 1258 etiam
1480 1189 1607 1258 Saul
1634 1201 1940 1257 invenimus

341 1297 530 1355 contra
561 1289 773 1353 Domini
820 1295 1129 1352 mandatum
1176 1296 1301 1368 quia
1347 1294 1554 1361 fecerit,
1603 1292 1749 1367 quod
1779 1292 1941 1349 fuerit

343 1389 666 1461 reprobatus
693 1433 707 1454 ,
758 1399 812 1446 et
855 1399 1033 1444 tamen
1064 1387 1155 1444 diu
1190 1390 1495 1460 regnaverit
1536 1396 1656 1458 post
1682 1388 1941 1459 reproba-

345 1483 571 1547 tionem,
606 1492 957 1554 posteaquam
989 1481 1126 1538 dixit
1157 1481 1222 1538 ad
1254 1480 1471 1538 Samuel
1503 1481 1641 1537 Deus
1677 1499 1690 1536 :
1720 1478 1938 1536 Paenitet

349 1575 373 1604 °
391 1591 470 1630 me
487 1576 696 1630 tinxisse
715 1577 766 1630 in
793 1593 964 1648 regem
985 1574 1296 1642 S'aultlbid.
1317 1575 1337 1631 1
1356 1574 1428 1648 l).
1453 1574 1520 1630 Et
1537 1574 1775 1645 tuinquis
1797 1621 1805 1628 .
1826 1570 1939 1644 Ego

343 1667 442 1723 nisi
471 1681 604 1724 recte
624 1670 833 1738 fuissem
864 1671 1098 1736 credens,
1129 1669 1228 1723 nisi
1257 1651 1511 1738 quomodo
1534 1679 1607 1722 est
1638 1666 1743 1724 Deo
1772 1669 1936 1738 pla‘ci-

344 1767 454 1817 tum
481 1762 717 1830 viverem,
758 1769 1035 1833 numquam
1073 1753 1304 1833 prbfectb
1336 1755 1470 1816 nitn‘c
1515 1747 1674 1832 itaque
1714 1759 1934 1834 impera-

2041 567 2155 605 ecce
2184 551 2299 606 dico
2342 549 2370 588 ιλ
2397 565 2415 606 .°
2456 549 2733 607 Audientin
2765 553 2948 607 melior
2978 562 3052 607 est
3079 568 3234 622 quam
3276 553 3593 622 sacriﬁcium
3618 597 3633 621 ,

2041 655 2086 699 et
2110 643 2396 701 obedientia
2416 662 2571 722 quam
2606 645 2785 716 adipes
2807 646 3064 712 arietum;
3092 646 3341 716 quoniam
3369 657 3636 718 peccatum

2041 735 2353 791 abominatio
2377 748 2471 804 est,
2503 738 2706 792 dolores
2737 746 2781 792 et
2805 736 3021 810 gentitus
3042 739 3110 791 ad
3137 735 3185 793 le
3213 739 3481 794 adduxisti
3501 741 3519 795 ἐ
3543 744 3637 812 pro

2040 827 2224 899 quibus
2260 819 2458 883 nullius
2490 833 2734 885 momenti
2759 827 2929 901 [ecisli
2950 831 3152 885 verbum
3181 815 3418 900 Domini,
3443 830 3638 889 nullius

2041 921 2282 975 momenti
2310 931 2356 974 te
2375 921 2527 992 faciet
2555 920 2805 975 Dominus
2833 939 2894 975 ne
2920 925 3115 993 regnes.
3151 920 3219 976 Et
3247 923 3380 977 dixit
3406 923 3538 978 Saul
3568 916 3638 980 ad

2043 1013 2257 1069 Samuel
2275 1026 2291 1066 ‘:
2325 1010 2540 1067 Peccavi
2562 1013 2804 1085 quoniam
2837 1000 3093 1085 prwlerivi
3119 1000 3327 1069 verbuiii
3356 1007 3563 1070 Domini
3593 997 3642 1071 ei

2039 1101 2246 1162 r'erbuiil
2273 1116 2435 1172 tuum,
2462 1108 2707 1177 quoniam
2729 1107 2877 1161 timui
2901 1105 3177 1178 papulum,
3198 1117 3245 1161 et
3261 1106 3439 1162 audivi
3468 1124 3640 1164 vocem

2041 1201 2287 1267 illorum;
2320 1211 2362 1255 et
2385 1218 2518 1256 nunc
2539 1205 2688 1272 aufer
2713 1209 2978 1273 peccatum
3013 1215 3203 1254 meum.
3238 1199 3510 1255 Revertere
3535 1217 3639 1255 me-

2042 1310 2175 1360 cum,
2208 1295 2436 1348 adorabo
2469 1292 2748 1349 Dominum
2778 1291 2945 1352 Deam
2976 1303 3142 1350 tuum.
3178 1291 3241 1350 Et
3278 1292 3644 1351 dixitSumuel

2040 1391 2107 1444 ad
2121 1391 2266 1444 illum
2299 1388 2625 1462 :Disrnmpet
2666 1390 2680 1428 ί
2731 1390 2978 1446 Dominus
3001 1408 3212 1464 regnum
3234 1389 3643 1448 tuumexlsrael

2043 1483 2104 1537 de
2129 1499 2287 1537 manu
2311 1495 2398 1537 tua
2421 1485 2603 1550 hodie,
2635 1495 2680 1539 et
2707 1485 2849 1539 dabit
2878 1485 3014 1539 illud
3044 1485 3282 1558 proximo
3317 1495 3409 1558 tuo
3437 1485 3642 1540 meliori

2041 1585 2089 1632 te
2111 1574 2276 1649 (Ibid.
2296 1575 2408 1646 98);
2455 1576 2518 1630 Et
2546 1575 2727 1645 infra:
2754 1568 2820 1631 Et
2841 1579 2944 1632 non
2967 1549 3159 1650 adieci?
3182 1549 3396 1634 Samuel
3417 1562 3643 1648 nmina;

2041 1655 2360 1748 videieﬁaul
2378 1651 2536 1738 usque
2560 1651 2627 1726 ad
2649 1673 2784 1726 diem
2807 1674 2986 1728 mortis
3007 1689 3138 1740 suce,
3167 1673 3413 1745 quoniam
3437 1673 3640 1745 lugebat

2045 1763 2258 1821 Samuel
2289 1766 2340 1819 in
2374 1765 2526 1830 Saul,
2551 1776 2595 1821 et
2624 1756 2905 1820 Dominum
2935 1767 3168 1836 paenituit
3197 1769 3451 1839 quoniam
3475 1784 3642 1841 regem

346 1847 492 1909 rem?
529 1839 593 1910 Et
624 1843 685 1911 't't't
713 1853 830 1911 haec
862 1857 1078 1928 penitus
1106 1857 1282 1928 possis
1320 1855 1536 1912 haurire
1567 1872 1684 1928 qua:
1710 1854 1937 1912 dicimus
1967 1863 2015 1924 Β
2042 1856 2159 1930 fecit
2190 1856 2322 1912 Sanl
2352 1874 2504 1930 super
2542 1856 2714 1913 Israel
2745 1859 2762 1928 (
2788 1856 2928 1913 Ibid.
2960 1859 3030 1915 35
3053 1861 3090 1928 l.
3137 1859 3202 1914 Et
3231 1859 3362 1915 dixit
3387 1839 3645 1915 Dominus

349 1959 573 2021 promer
593 1949 744 2013 Saul,
780 1952 965 2023 accipe
991 1967 1111 2023 qua:
1138 1960 1325 2007 c0ntra
1348 1950 1559 2006 Domini
1577 1950 1768 2008 fecerit
1793 1967 1945 2007 man-

347 2039 550 2098 datum.
565 2037 626 2096 Et
641 2042 836 2111 accepit
860 2030 1051 2099 Saulet
1066 2045 1233 2100 omnis
1247 2045 1469 2116 papulas
1487 2047 1596 2116 ejus
1615 2045 1759 2119 Agag
1777 2062 1944 2117 regem

351 2147 396 2188 et
416 2137 545 2190 bona
569 2153 778 2208 gregum
799 2136 824 2175 δ
848 2148 894 2192 et
917 2147 1269 2193 armentorum
1286 2154 1334 2194 et
1354 2155 1584 2193 escarum
1600 2149 1645 2193 et
1660 2139 1942 2206 vinearum,

351 2229 397 2284 et
414 2232 639 2285 omnium
661 2231 932 2300 bonorum,
948 2243 993 2287 et
1009 2233 1283 2287 noluerunt
1296 2231 1590 2304 disperdere
1602 2234 1774 2287 omnia
1789 2233 1940 2299 bona,

351 2325 441 2378 sed
471 2333 518 2378 et
545 2340 696 2380 omne
731 2339 858 2398 opus
910 2322 1194 2396 pretiosum
1241 2317 1649 2392 reservavertlni,
1681 2321 1730 2380 el
1760 2324 1944 2397 super-

351 2430 516 2474 vacua
547 2410 987 2490 disperdiderunt.
1042 2405 1112 2472 Et
1165 2419 1363 2489 factum
1401 2430 1470 2474 est
1496 2419 1705 2474 verbum
1735 2409 1948 2473 Domini

350 2511 420 2564 ad
472 2511 765 2567 Samuelem
804 2505 981 2567 dicens
1029 2530 1047 2568 :
1090 2497 1311 2568 Pilaniiet
1335 2497 1572 2586 mequod
1597 2505 1948 2569 constituerint

353 2597 524 2676 regem
563 2590 716 2670 Sanl,
754 2606 997 2676 quoniam
1030 2621 1242 2661 aversus
1272 2616 1343 2662 est
1377 2623 1405 2660 a
1451 2623 1551 2674 me,
1592 2618 1640 2661 et
1660 2607 1810 2662 verba
1839 2622 1950 2662 mea

354 2716 457 2753 non
482 2701 684 2754 statuit.
720 2698 786 2754 Et
813 2701 1148 2756 contristatus
1171 2705 1246 2756 est
1274 2687 1512 2768 Samuel,
1543 2710 1588 2756 et
1612 2694 1850 2756 clamavit
1879 2697 1948 2755 ad

356 2787 524 2844 Deum
573 2801 678 2846 tota
722 2802 870 2848 nocte
897 2806 914 2847 :
957 2804 1004 2847 et
1031 2803 1149 2846 ant)
1177 2793 1366 2861 lucem,
1401 2803 1447 2847 et
1496 2791 1711 2848 Samuel
1743 2793 1866 2846 abiit
1893 2793 1948 2848 in

358 2875 557 2942 obviam
605 2885 774 2944 Israel
833 2888 1000 2962 (Ibid.
1030 2888 1107 2970 9).
1141 2889 1210 2944 Et
1239 2888 1376 2944 infra
1413 2907 1424 2943 :
1474 2887 1540 2944 Et
1569 2889 1703 2943 venit
1733 2887 1951 2945 Samuel

356 2983 425 3037 ad
454 2983 606 3050 Saul,
637 2983 684 3038 et
709 3001 824 3039 ecce
863 2983 995 3039 Sanl
1038 2982 1280 3052 offerebat
1310 2985 1669 3038 holocaustum
1703 2982 1946 3050 Domino,

356 3091 402 3132 et
428 3079 577 3132 initia
608 3079 910 3151 prtedarum
931 3095 1047 3150 quia
1069 3079 1241 3132 attulit
1263 3095 1326 3134 ex
1352 3078 1558 3132 Amalec
1587 3093 1605 3132 :
1647 3088 1692 3132 et
1722 3061 1948 3152 pervenit

357 3169 575 3225 Samuel
602 3171 672 3225 ad
714 3169 878 3234 Saul,
925 3181 971 3224 et
999 3171 1130 3225 dixit
1158 3172 1237 3225 illi
1263 3170 1397 3226 Saul
1422 3182 1440 3224 ρ
1470 3169 1525 3224 B.
1546 3172 1780 3225 ncdictus
1810 3186 1860 3224 es
1893 3181 1946 3224 tu

2046 1951 2114 2005 ad
2145 1949 2390 2007 Samuel:
2423 1951 2696 2024 Quousque
2726 1953 2869 2027 luges
2896 1963 2950 2008 tu
2979 1955 3032 2008 in
3061 1953 3240 2010 Saul?
3274 1953 3402 2011 Ecce
3430 1971 3524 2026 ego
3552 1969 3641 2009 ex-

2047 2046 2181 2117 pello
2204 2029 2353 2101 illum
2377 2063 2439 2100 ne
2459 2055 2630 2118 regnet
2657 2062 2810 2117 super
2837 2045 3028 2113 Israel,
3052 2056 3100 2100 et
3121 2047 3275 2118 imple
3313 2063 3473 2101 cornu
3499 2055 3644 2102 tuum

2047 2139 2178 2208 oleo,
2218 2153 2263 2195 et
2295 2142 2427 2207 veni,
2457 2140 2656 2194 mittam
2683 2152 2732 2195 te
2755 2138 3002 2216 ad‘Jesse
3032 2155 3188 2212 usque
3213 2141 3266 2194 in
3308 2133 3638 2216 Bethleltent,

2047 2203 2290 2302 quoniam
2320 2203 2496 2287 audivi
2531 2234 2542 2282 l
2585 2233 2637 2286 in
2667 2221 2792 2303 ﬁliis
2817 2212 2963 2288 tlesse
2992 2203 3117 2286 milli
3159 2233 3210 2285 in
3240 2237 3410 2302 regem
3447 2229 3465 2299 (
3497 2203 3638 2287 lbitl;

2048 2330 2157 2396 kvt,
2185 2308 2262 2397 ί).
2297 2329 2639 2398 Cognoscere
2681 2329 2793 2399 jam
2835 2328 3064 2399 poteris,
3107 2327 3429 2394 Constanti,
3480 2325 3642 2382 etiam

2049 2421 2371 2493 reprobatus
2404 2429 2433 2477 a
2467 2421 2717 2490 Domino,
2751 2422 2914 2478 etiam
2943 2421 3010 2495 ad
3038 2421 3298 2477 aitet-natu
3343 2419 3647 2476 ‘destin'atils

2049 2509 2303 2586 mortem,
2332 2516 2424 2573 diu
2451 2532 2682 2588 regnare
2726 2525 2850 2587 post
2877 2513 3136 2586 delictum
3165 2522 3332 2586 grave
3375 2503 3645 2570 Commisi-

2049 2619 2166 2668 Sum
2194 2629 2207 2665 :
2238 2610 2676 2682 Quandoquidem
2706 2610 2893 2666 Videas
2915 2617 3271 2682 posteaquam
3301 2608 3497 2664 unctus
3527 2607 3674 2664 lue-'

2053 2703 2122 2758 rit
2150 2702 2204 2758 in
2234 2718 2416 2776 regem
2441 2704 2715 2775 gloriosus
2740 2704 2884 2758 ﬁlius
2904 2701 3061 2758 .lesse
3091 2701 3286 2770 David,
3313 2711 3494 2757 tamen
3517 2701 3646 2758 Saul

2050 2798 2142 2854 diu
2173 2798 2504 2870 regnaverit,
2525 2806 2579 2853 et
2608 2796 2968 2868 persequendi
2992 2796 3154 2851 etiam
3184 2811 3334 2863 eum,
3367 2810 3527 2866 quem
3545 2794 3648 2854 sibi

2054 2892 2197 2947 Deus
2223 2891 2277 2946 in
2319 2890 2635 2960 prophetam
2667 2898 2830 2960 atque
2875 2903 3058 2962 regem
3088 2889 3355 2960 elegerat,
3394 2887 3649 2954 habuerit

2051 2994 2405 3056 potestatem;
2437 2986 2608 3040 malus
2630 2984 2851 3051 bonum,
2881 2984 3112 3056 injustas
3135 2983 3369 3056 jusmm,
3397 2985 3504 3039 Deo
3530 2983 3648 3038 odia-

2052 3079 2172 3134 bilis
2209 3078 2633 3150 persequebatur
2676 3082 2801 3133 etim
2833 3093 2994 3148 quem
3027 3071 3288 3149 diligebat
3317 3077 3478 3133 Deus.
3508 3063 3644 3132 Cum

2053 3171 2167 3226 hanc
2199 3171 2268 3225 ita
2296 3171 2424 3236 sint,
2475 3185 2542 3226 ne
2568 3170 2842 3242 glorieris,
2871 3170 2996 3242 quia
3029 3167 3154 3240 post
3181 3178 3387 3248 tantum
3434 3165 3647 3248 facinus

361 3260 578 3316 Domino
605 3302 619 3329 ,
677 3263 832 3318 statui
876 3265 1046 3317 ontuia
1075 3276 1190 3334 qua:
1217 3265 1416 3318 locutus
1455 3273 1528 3319 est
1574 3251 1851 3348 Dominus.
1881 3249 1948 3320 Et
1975 3257 2017 3319 C
2053 3271 2420 3336 perpetratum
2447 3266 2523 3320 sis
2553 3264 2742 3320 vivens
2772 3264 3037 3320 hactenus
3059 3266 3113 3319 itt
3133 3246 3516 3348 VixeritSaull';
3548 3246 3645 3317 sed

357 3358 486 3412 dixit
515 3350 763 3413 Samuel:
795 3357 856 3412 Et
882 3373 997 3430 qua:
1025 3369 1098 3412 est
1127 3350 1226 3412 v01:
1269 3359 1426 3427 hujus
1455 3360 1623 3432 gregis
1651 3359 1705 3413 in
1736 3359 1948 3413 auribus
1972 3412 1975 3420 ε

358 3448 482 3503 meis
513 3489 526 3512 ,
571 3459 614 3502 et
647 3455 744 3502 v‘ox
770 3451 920 3502 beam
949 3455 1105 3519 quam
1135 3465 1227 3520 ego
1267 3449 1424 3503 audio
1451 3449 1474 3503 .9
1513 3449 1577 3505 Et
1607 3445 1739 3505 dixit
1768 3442 1900 3505 Saul
1931 3460 1948 3504 :

359 3531 438 3594 De
470 3533 680 3595 Amalec
730 3529 881 3595 attuli
913 3555 972 3595 ea
998 3585 1011 3608 ,
1042 3549 1158 3610 qttw
1189 3541 1432 3612 pra'davit
1460 3555 1481 3581 ο
1508 3545 1727 3614 populus
1756 3545 1948 3609 aptium

356 3631 522 3704 gregis
553 3641 598 3686 et
621 3626 790 3697 boum,
816 3646 872 3686 ut
905 3634 1232 3687 immolentur
1262 3633 1482 3688 Domino
1507 3634 1532 3670 (⁸
1560 3646 1644 3690 tuo
1667 3636 1803 3707 regi;
1828 3636 1950 3690 reli-

354 3743 454 3792 qua
481 3736 651 3778 autem
678 3725 962 3796 disperdidi
1003 3736 1046 3778 et
1079 3726 1433 3780 exterminavi.
1471 3724 1536 3780 Et
1568 3726 1696 3780 dixit
1737 3726 1949 3782 Samuel

355 3817 422 3870 ad
454 3817 586 3871 Saul
621 3833 638 3871 :
673 3816 860 3871 Nonne
900 3817 1142 3871 minimus
1172 3834 1285 3872 eras
1319 3819 1370 3871 in
1398 3828 1669 3888 conspectu
1700 3819 1808 3872 dux
1835 3836 1947 3873 sce-

357 3919 591 3980 ptrorum
619 3909 682 3964 de
713 3909 845 3964 tribu
871 3907 1061 3975 Israel,
1089 3919 1138 3964 et
1164 3911 1310 3965 unxit
1346 3921 1392 3964 te
1423 3908 1675 3966 Dominus
1701 3912 1752 3964 in
1781 3927 1949 3982 regem

353 4017 507 4072 super
531 3997 723 4066 Israel,
756 4011 801 4054 et
831 4001 1042 4056 immisit
1073 4011 1120 4054 te
1145 4002 1396 4055 Dominus
1427 4003 1479 4055 in
1512 4011 1535 4037 ε
1564 4003 1718 4068 viam,
1744 4013 1787 4056 et
1818 4003 1948 4056 dixit

352 4093 444 4148 tibi
493 4108 511 4148 :
575 4091 717 4148 Vade
761 4103 809 4148 et
843 4093 1083 4164 disperde
1130 4093 1286 4159 illos,
1343 4095 1430 4163 qui
1483 4104 1690 4164 peccant
1743 4095 1796 4148 in
1843 4111 1942 4158 me,

353 4183 586 4250 Amalec,
617 4192 666 4240 et
686 4185 1003 4257 expugnabis
1026 4184 1146 4238 illos
1180 4200 1340 4255 usque
1358 4184 1483 4238 dum
1501 4201 1764 4240 consumes
1794 4187 1947 4241 illos?

359 4276 424 4331 Et
448 4293 604 4349 quare
629 4295 732 4333 non
753 4279 946 4333 audisti
973 4294 1142 4332 vocem
1171 4277 1401 4346 Domini,
1433 4280 1525 4332 sed
1557 4280 1849 4347 impetivisti
1878 4280 1947 4334 ad

356 4371 607 4439 praedam,
633 4380 679 4425 et
708 4371 877 4442 fecisti
900 4370 1040 4439 quod
1067 4355 1354 4444 malignum
1381 4380 1455 4426 est
1483 4388 1656 4425 coram
1686 4370 1947 4426 Domino?

354 4462 422 4517 Et
467 4463 600 4518 dixit
653 4453 788 4519 Saul
823 4479 843 4518 :
877 4462 1134 4532 Quoniam
1179 4466 1356 4519 audivi
1402 4465 1672 4534 populum,
1723 4465 1826 4519 abii
1891 4465 1944 4520 in

353 4559 509 4625 viam,
539 4575 696 4626 quam
740 4557 759 4597 ί
796 4559 934 4614 misit
957 4575 1037 4614 me
1066 4558 1205 4639 Deus
1228 4602 1242 4625 ,
1276 4569 1324 4614 et
1349 4559 1566 4614 adduxit
1591 4561 1737 4629 Agag
1778 4576 1944 4633 regem

2051 3354 2274 3414 adverte
2314 3351 2615 3429 cujusmodi
2662 3357 2895 3412 vindicta
2928 3357 3259 3427 praeesset-it
3303 3341 3445 3412 circa
3476 3342 3642 3426 Sanl,

2053 3450 2192 3520 qlltld
2231 3462 2283 3505 et
2314 3449 2458 3504 circa
2494 3459 2545 3505 te
2574 3450 2747 3519 Possit
2770 3448 3070 3520 procedere
3091 3490 3103 3512 ,
3137 3448 3239 3504 nisi
3274 3448 3485 3504 tibimet
3511 3463 3644 3504 con-

2052 3541 2219 3595 sulas.
2248 3539 2304 3597 Si
2343 3541 2486 3596 enim
2517 3541 2660 3596 circa
2703 3541 2854 3596 illum
2885 3540 2967 3596 sic
2995 3553 3076 3596 est
3123 3541 3436 3610 indignatus
3464 3539 3649 3595 Domi-

2053 3651 2172 3700 nus,
2196 3635 2376 3707 primo
2394 3651 2490 3689 cur
2505 3635 2739 3704 praedam
2760 3648 2950 3690 contra
2980 3633 3328 3689 interdictum
3346 3635 3644 3705 acceperit,

2052 3727 2292 3782 secundo
2319 3741 2416 3782 cur
2446 3726 2565 3796 ejus
2595 3727 2866 3782 hominem
2900 3727 3070 3782 David
3105 3727 3267 3782 fuerit
3299 3737 3641 3798 persecutus,

2051 3829 2254 3892 quanto
2299 3822 2468 3892 magis
2508 3823 2652 3877 circa
2700 3833 2752 3876 te
2799 3821 3188 3892 indignationis
3215 3821 3335 3892 ejus
3387 3821 3648 3893 procedat

2052 3913 2287 3970 vindicta
2319 3929 2546 3990 necesse
2592 3924 2694 3983 est,
2748 3915 2892 3971 circa
2939 3925 2991 3970 te
3030 3914 3188 3985 cujus
3217 3912 3360 3970 adeo
3409 3913 3647 3984 ingentia

2049 4018 2171 4070 sunt
2204 4008 2434 4070 scelera,
2466 4016 2525 4061 ut
2569 4009 2733 4062 etiam
2764 4006 2818 4061 in
2863 4007 3132 4077 sacrilegii
3164 4006 3379 4062 venires
3411 4016 3644 4061 reatum.

2053 4101 2114 4157 Si
2144 4103 2298 4168 male,
2326 4101 2526 4172 inquis,
2574 4102 2812 4172 egissem,
2857 4100 2924 4167 si,
2957 4100 3215 4171 quomodo
3261 4100 3386 4154 dicit
3414 4097 3642 4171 Lucifer,

2049 4208 2209 4247 essem
2236 4192 2536 4255 hwreticus,
2574 4194 2690 4264 jam
2733 4189 2861 4246 mihi
2905 4192 3196 4247 abstulisset
3226 4189 3366 4245 Deus
3409 4206 3644 4262 regnum.

2048 4285 2250 4357 Accipe
2277 4288 2439 4342 etiam
2483 4286 2830 4342 Salomonem
2889 4285 3259 4354 supervixisse
3300 4293 3422 4354 pust
3473 4282 3649 4337 idolo-

2049 4379 2259 4436 latriam
2285 4379 2658 4446 commissam,
2689 4387 2744 4435 et
2769 4379 3072 4448 intelligere
3099 4377 3326 4446 dignare
3358 4388 3409 4432 te
3431 4390 3648 4446 quoque

2050 4473 2212 4528 talem
2244 4487 2390 4538 esse,
2469 4472 2648 4544 qualis
2709 4471 2801 4526 ille
2867 4477 2991 4539 post
3059 4467 3424 4524 idololatriam
3486 4467 3650 4523 fuerit

2051 4564 2138 4638 (Ill
2172 4564 2301 4637 Reg.
2331 4580 2404 4619 χι.
2441 4561 2557 4635 M.)
2585 4563 2610 4600 ¹⁶
2642 4561 2711 4616 Et
2732 4563 3001 4618 suscitavit
3029 4560 3289 4616 Dominus
3317 4571 3468 4615 satan
3491 4561 3642 4616 Salo-
3685 4559 3689 4563 ’

355 4653 584 4719 Amalec,
605 4662 652 4706 et
684 4653 893 4708 Amalec
920 4648 1247 4724 disperdidi,‘
1271 4663 1320 4708 et
1340 4656 1536 4727 accepit
1561 4655 1787 4727 populus
1816 4672 1950 4729 praz-
1977 4650 2029 4711 D
2054 4659 2192 4713 moui
2219 4699 2233 4724 ,
2286 4658 2426 4714 Ader
2486 4655 2776 4712 Idumwum
2824 4666 2871 4710 et
2909 4654 3091 4711 Esrom
3133 4655 3299 4726 [ilium
3331 4653 3564 4709 Anadeth
3595 4654 3647 4708 in
3675 4669 3678 4672 ‘

352 4748 471 4802 dam
487 4750 658 4820 gregis
681 4758 727 4803 et
748 4757 978 4804 armenta
998 4749 1249 4820 primaria
1271 4749 1476 4805 illorum
1499 4768 1613 4822 quae
1637 4752 1944 4819 disperdidi,

350 4852 407 4894 ut
445 4843 730 4910 sacriﬁcent
760 4852 785 4889 ε
813 4859 989 4897 coram
1017 4840 1244 4898 Domino
1282 4842 1393 4898 Deo
1416 4845 1662 4899 nostrain
1698 4842 1941 4916 Galgala.

351 4932 420 4986 Et
443 4933 575 4988 dixit
603 4933 855 4991 Samuel:
890 4934 1162 5006 Numquid
1204 4937 1312 4991 vult
1345 4935 1600 4992 Dominus
1643 4937 1946 4993 holocausta

423 5125 448 5154 ι
478 5105 740 5187 Eamdem
778 5116 1105 5187 sententiam
1150 5117 1352 5187 repetit
1391 5115 1609 5178 Lucifer
1647 5117 1828 5186 paullo
1859 5105 1939 5172 in-

349 5185 542 5259 ferius,
570 5186 665 5259 sed
698 5186 820 5242 aliis
845 5189 1059 5253 verbis;
1088 5185 1231 5243 huic'
1251 5189 1488 5243 similem
1518 5185 1683 5246 habet
1711 5188 1941 5259 Optatus

348 5258 590 5324 Milevit.
623 5257 716 5314 lib.
745 5259 800 5314 2.
843 5271 993 5315 cant.
1021 5259 1214 5316 Donat.
1257 5265 1312 5314 et
1338 5260 1430 5328 alii
1474 5260 1596 5316 libri
1634 5260 1687 5315 in
1720 5257 1938 5326 G’rmco,

348 5331 697 5408 μεῖαεέᾷλιμαι
723 5329 802 5408 (ire
827 5330 1042 5408 ξ’χρισᾳρ
1064 5327 1551 5408 Vid._'l‘beodoret.
1575 5345 1744 5402 quaest
1777 5333 1863 5388 55.

423 5400 448 5438 b
483 5399 575 5474 Sic
599 5399 720 5474 cum
753 5399 943 5474 saluii.
995 5405 1046 5458 in
1077 5399 1240 5474 editis
1272 5401 1454 5470 inepte
1483 5399 1682 5474 regum.

424 5483 445 5511 ο
490 5472 596 5527 Pro
617 5472 945 5545 depraedatas,
967 5482 1038 5528 est
1058 5473 1304 5545 populus,
1333 5483 1379 5545 et
1406 5472 1936 5545 spoliavit_Amalech,

348 5553 408 5606 ut
437 5554 598 5598 antea
627 5543 784 5609 dixit,
808 5543 1067 5615 jaculavit
1089 5560 1182 5615 pro
1221 5544 1481 5613 iaculans
1512 5556 1609 5598 est.
1640 5543 1744 5598 Tit.

417 5612 443 5652 ἀ
489 5611 714 5669 Domino
759 5615 866 5670 Deo
895 5627 999 5671 tuo.
1045 5615 1220 5672 Vatic.
1259 5620 1334 5670 uti
1370 5615 1420 5670 in
1453 5614 1664 5670 Grarco.
1698 5613 1946 5670 Latinius

347 5685 694 5768 aditni'tregi,
722 5695 785 5768 ut
812 5685 990 5768 Graec.
1033 5759 1045 5768 _
1117 5752 1150 5768 ἡ
1210 5739 1218 5756 ,
1481 5723 1526 5768 __-.;

373 5773 378 5830 ζ
428 5767 451 5830 ξ
496 5755 558 5818 1η
595 5752 698 5812 via.
715 5757 1005 5830 Natic.,ut
1031 5759 1085 5815 in
1111 5752 1338 5830 Grmco;
1369 5752 1623 5814 similiter
1653 5758 1833 5830 paullo
1863 5758 1943 5817 in-

356 5827 542 5910 ferius,
577 5830 672 5886 sed
699 5829 876 5910 Gram.
915 5831 988 5910 ibi
1007 5841 1080 5910 37.5
1107 5828 1227 5910 ὁδῷ.

432 5898 453 5999 l‘
496 5891 563 6014 In
591 5918 746 6002 quam
775 5904 904 5984 legit
933 5891 1119 6004 Subiit.
1181 5891 1206 5943 ’-

2055 4749 2368 4817 Remathad,
2396 4749 2631 4822 Adragas
2657 4764 2826 4821 regem
2859 4748 2998 4804 Saba
3025 4747 3289 4802 dominum
3303 4750 3436 4820 ejus,
3458 4756 3507 4802 et
3527 4763 3648 4802 con-

2052 4843 2249 4916 gregati
2277 4853 2398 4898 sunt
2426 4858 2578 4915 super
2608 4859 2724 4897 eum
2754 4842 2850 4896 viri
2885 4857 2904 4895 :
2929 4851 2976 4894 et
3015 4848 3125 4894 erat
3167 4840 3406 4912 princeps
3433 4855 3650 4912 congre-

2054 4937 2275 5008 gationis
2329 4953 2345 4990 :
2386 4945 2433 4990 et
2472 4935 2850 5010 prteoccupavit
2897 4933 3138 4990 Demusic
3191 4933 3208 4971 1
3256 4935 3554 4998 civitatem,
3604 4940 3652 4990 et

2121 5125 2145 5186 β
2188 5115 2494 5186 Sacri/icent
2516 5113 2834 5186 legitjdem.

2123 5185 2148 5224 ιι
2195 5184 2388 5250 Antea,
2419 5187 2601 5242 dicito.
2637 5184 2810 5241 Dicto.
2847 5184 3023 5240 Vatic.

2128 5259 2140 5297 ί
2190 5257 2347 5314 Vers.
2399 5260 2527 5312 Ant.
2583 5256 2932 5327 Disrupit....
2987 5272 3202 5327 regnum
3252 5253 3314 5308 ab
3361 5252 3651 5315 Israel.....

2048 5331 2285 5405 proximo
2317 5340 2404 5384 tuo
2433 5331 2568 5386 bono
2592 5345 2752 5400 super
2779 5339 2847 5382 te.

2113 5403 2140 5479 gi
2191 5401 2246 5456 In
2293 5402 2388 5457 lib.
2423 5403 2472 5456 ⁴Ι.
2518 5418 2629 5479 pro
2659 5401 2716 5457 S.
2763 5397 3149 5479 Allia-nadicit
3183 5396 3311 5464 ridi,
3363 5396 3508 5467 quod
3565 5397 3654 5452 hic

2052 5475 2213 5530 etiam
2249 5473 2627 5539 reponendum
2659 5470 2872 5527 censuit
2899 5467 3170 5536 Latinius.

2126 5545 2151 5583 ιι
2193 5543 2498 5599 l’aullulum
2531 5541 2711 5596 differt
2769 5541 2872 5594 hoc
2930 5539 3302 5593 testimonium
3375 5539 3430 5593 in
3464 5539 3652 5595 Sabat.

2056 5616 2144 5673 ubi
2178 5631 2276 5686 pro
2304 5626 2457 5686 satan
2499 5613 2772 5686 salomoui
2793 5651 2807 5673 ,
2837 5610 2996 5686 Ad_er,
3015 5604 3028 5618 ’
3049 5609 3220 5686 Saba,
3263 5620 3463 5686 satanw
3484 5609 3652 5686 §ato-

2052 5680 2193 5742 moui
2216 5730 2230 5752 ,
2265 5684 2497 5755 legitur,
2533 5683 2871 5737 Adversarius
2895 5680 3206 5755 Salomoni,
3228 5731 3234 5734 _
3258 5682 3410 5755 Adad
3429 5725 3442 5747 ,
3474 5680 3616 5738 Saba
3639 5725 3652 5748 ,

2053 5752 2343 5816 adversarii
2367 5758 2639 5828 Salomoni
2665 5772 2683 5821 ;
2717 5757 2770 5810 in
2798 5752 2999 5826 quibus
3029 5753 3249 5812 Lucifer
3271 5753 3384 5814 fere
3406 5757 3652 5824 ctvngrui‘

2055 5849 2178 5903 cum
2203 5832 2578 5903 Septuaginta.

2137 5901 2152 5943 ι
2211 5901 2297 5965 aa
2312 5901 2494 5964 music.
2510 5901 2685 5999 Velie.
2717 5901 2888 5965 ferme
2909 5919 3031 5970 cum
3056 5904 3410 5983 Septuaginta
3427 5902 3667 6013 Δαμασέτ
