4148 6186
497 261 603 323 799

1581 262 1903 323 LUCIFERI
1943 262 2253 323 EPISCOPI
2291 261 2713 323 CALARITANI

3691 263 3803 323 800

494 383 628 439 sedit
650 382 704 438 in
731 399 812 449 ea,
843 388 891 436 et
913 380 1145 454 regnavit
1169 380 1223 436 in
1244 379 1507 451 Demasic,
1536 391 1583 439 et
1605 392 1752 438 erant
1777 393 1972 439 satana:
1990 383 2089 440 Sa-
2117 384 2171 445 Α
2194 382 2379 437 mulier
2417 381 2699 452 fornicaria
2727 377 2893 451 (Ibid.
2928 378 3047 451 26).
3083 379 3150 435 Et
3188 378 3299 435 alio
3326 378 3487 451 loco(
3510 376 3653 435 Ibid.
3696 394 3800 445 xu,

496 475 691 532 Iomoni
720 484 767 530 et
799 474 969 531 Israel
997 473 1236 529 omnibus
1276 474 1453 531 diebus
1484 474 1803 531 Salomonis.
1838 476 2099 534 Probavi-

499 585 621 626 mus
651 567 748 625 tibi
778 568 945 625 etiam
990 568 1347 625 Salomonem
1394 570 1601 640 aliquot
1630 571 1791 625 annis
1837 586 2098 643 regnasse

494 667 618 731 post
640 657 1022 719 idololatriam.
1047 668 1103 715 et
1132 660 1317 731 utique
1328 660 1441 730 jam
1471 674 1580 717 non
1608 661 1740 727 Deo,
1759 662 1854 718 sed
1880 662 2097 719 diabolo

496 750 772 807 serviente
799 760 849 819 ιι,
883 750 1116 819 mundo,
1150 761 1206 808 et
1263 752 1547 809 diabolicis
1607 752 1914 811 hominibus
1946 764 2100 811 uota-

482 844 586 900 tur
618 844 889 909 bmsisse;
932 848 1007 901 ita
1046 855 1098 901 et
1142 854 1197 900 tu
1234 846 1450 904 hmrens
1481 862 1541 903 es
1570 849 1956 921 consacrilegis
1987 849 2094 905 tuis

500 937 743 1003 Arianis,
774 938 865 1009 qui
888 938 1018 994 licet
1043 938 1222 995 adhuc
1244 940 1297 994 in
1320 955 1549 1012 corpore
1578 940 1675 1006 sis,
1702 942 1829 997 licet
1850 942 1907 997 in
1931 958 2099 1013 regno

501 1031 576 1086 sis
605 1045 855 1097 manens,
904 1042 1085 1088 tamen
1116 1034 1243 1096 talis
1279 1047 1404 1090 esse
1433 1034 1695 1091 inveniris
1719 1036 1897 1106 qualis
1940 1037 2103 1094 fuerit

502 1126 787 1193 Salomon,
821 1136 1174 1199 posteaquam
1219 1126 1389 1183 Deum
1431 1127 1811 1200 dereliquerit,
1856 1138 1913 1187 et
1955 1132 2101 1187 idola

502 1219 673 1275 fuerit
701 1228 942 1275 secutus.
974 1217 1199 1275 Talibus
1228 1233 1329 1274 nos
1355 1218 1637 1276 adhaerere
1662 1220 1937 1286 volueras,
1968 1236 2103 1293 qna-

506 1310 650 1367 libus
692 1310 950 1367 Salomon
984 1310 1175 1367 fecerit
1204 1311 1485 1368 adhaerere
1532 1311 1828 1370 lsraelitas.
1864 1314 1967 1371 Ubi
2001 1314 2104 1371 fuit

506 1402 600 1459 ille
629 1417 784 1459 amor
815 1403 932 1467 Dei,
960 1404 1051 1474 qui
1086 1402 1253 1460 fuisse
1284 1413 1537 1460 narratur
1560 1420 1658 1476 per
1686 1415 1903 1462 sanctas
1930 1406 2104 1478 scrip-

506 1504 655 1551 turas
686 1496 826 1567 apud
869 1493 1243 1564 Salomonem,
1277 1506 1521 1567 tempore
1560 1498 1666 1554 isto
1694 1514 1801 1569 quo
1851 1499 1991 1554 idola
2022 1500 2105 1554 di-

505 1598 701 1661 gnatus
731 1598 817 1646 est
857 1590 1009 1660 sequi
1038 1630 1053 1657 ,
1085 1589 1469 1662 derelinquere
1508 1590 1722 1647 Deum?
1768 1590 1924 1647 Unde
1954 1590 2057 1647 hoc
2082 1592 2104 1645 ?

508 1681 613 1739 nisi
638 1682 763 1754 quia
785 1681 959 1739 lactus
984 1683 1206 1739 omnino
1234 1682 1401 1739 fuerit
1422 1686 1585 1740 homo
1613 1684 1823 1741 alienus
1849 1688 1917 1740 ab
1946 1685 2107 1741 intel-

2200 473 2302 544 20)
2335 491 2349 527 :
2384 472 2451 527 Et
2480 477 2676 545 factum
2706 481 2781 527 est
2812 481 2866 526 ut
2897 473 3095 526 audivit
3128 473 3295 529 omnis
3326 470 3519 536 Israel,
3549 474 3802 543 quoniam

2200 583 2428 622 reversus
2458 578 2531 621 est
2561 566 2846 622 Hieroboas
2875 584 2937 623 ex
2965 566 3224 638 A‘Igypto,
3255 577 3303 622 et
3331 569 3607 633 miserunt,
3637 578 3683 621 et
3711 584 3806 622 vo-

2201 671 2443 716 caverunt
2469 677 2585 715 eum
2606 663 2658 715 in
2685 678 2970 734 synagoga,
3004 672 3049 716 et
3080 663 3519 733 reguiﬁcaverant
3554 672 3577 699 ε
3608 679 3723 716 eum
3749 662 3807 717 in

2203 753 2389 810 Israel.
2422 755 2490 809 Et
2539 754 2677 810 infra
2710 754 2882 826 (Ibid.
2915 755 3005 811 26.
3036 757 3051 823 )
3080 773 3093 810 :
3146 755 3212 809 Et
3239 756 3372 810 dixit
3416 755 3707 811 Hieroboas
3750 758 3807 813 in

2203 848 2359 904 corde
2381 866 2475 903 suo
2499 865 2516 904 :
2549 848 2705 903 Nunc
2736 858 3015 904 revertetur
3043 865 3259 922 regnum
3292 847 3465 904 David
3489 893 3503 916 ,
3546 851 3593 904 si
3620 866 3806 904 ascen-

2204 940 2338 996 derit
2368 941 2591 1011 pOpnlus
2618 941 2701 995 Itic
2746 941 3064 1010 sacriﬁcium
3093 939 3282 1007 offerre
3309 942 3363 994 in
3408 942 3559 999 domo
3590 940 3809 995 Domini

2203 1036 2255 1091 in
2288 1035 2647 1100 Hierusalem;
2687 1045 2737 1090 et
2762 1044 3079 1089 convertetar
3105 1052 3193 1089 cor
3225 1036 3408 1104 populi
3434 1035 3503 1089 ad
3529 1034 3807 1089 dominans

2202 1144 2353 1182 suam
2387 1126 2619 1181 Roboam
2645 1143 2811 1197 regem
2839 1124 2871 1180 J
2879 1127 3001 1180 uda.
3026 1125 3173 1180 Tunc
3189 1126 3350 1196 igitur
3366 1123 3646 1179 Hieroboas
3668 1125 3811 1194 cogi-

2207 1221 2351 1284 tavit,
2380 1230 2426 1273 et
2447 1220 2587 1273 abiit.
2619 1217 2685 1271 Et
2717 1219 2837 1291 fecit
2868 1219 2999 1273 duas
3029 1218 3219 1272 vitulas
3249 1234 3472 1273 aureas:
3498 1228 3542 1272 et
3572 1218 3707 1272 dixit
3738 1218 3812 1273 ad

2205 1312 2493 1385 populant:
2545 1312 2779 1383 Sufﬁciat
2808 1312 2949 1365 vobis
2994 1312 3286 1365 ascendisse
3326 1311 3380 1364 in
3434 1309 3812 1365 Hierusalem:

2206 1400 2344 1458 Ecce
2377 1412 2493 1457 sunt
2540 1403 2612 1456 dii
2644 1406 2717 1456 tui
2765 1401 2936 1457 Israel
2979 1402 3068 1474 qui
3106 1403 3422 1457 reduxerunt
3467 1412 3513 1455 te
3562 1402 3626 1455 de
3672 1411 3814 1457 terra

2207 1493 2452 1566 zEgypti.
2482 1494 2547 1548 Et
2576 1496 2747 1565 posuit
2777 1511 2937 1563 unam
2966 1496 3019 1549 in
3064 1493 3280 1562 Betltel,
3308 1505 3357 1549 et
3380 1511 3539 1549 unam
3569 1496 3710 1550 dedit
3758 1498 3813 1550 in

2210 1587 2325 1641 Dan
2348 1606 2367 1655 ;
2393 1596 2443 1642 et
2468 1587 2666 1658 factum
2692 1597 2769 1643 est
2815 1588 2910 1642 hoc
2946 1587 3154 1643 verbum
3181 1590 3232 1641 in
3259 1597 3552 1660 peccatum,
3595 1598 3642 1641 et
3663 1599 3814 1642 ante-

2211 1681 2416 1736 cedebat
2433 1682 2652 1754 populus
2679 1691 2797 1737 ante
2824 1682 3008 1752 [aciem
3038 1683 3190 1736 unius
3215 1683 3392 1736 vitula:
3421 1698 3579 1753 usque
3591 1679 3707 1736 Dan
3728 1690 3815 1737 εει

502 1774 649 1831 lectu
680 1766 890 1830 sobrio.
921 1772 1060 1830 Nolo
1099 1774 1194 1829 tibi
1230 1774 1477 1845 plaudas,
1510 1775 1655 1847 quod
1699 1790 1824 1832 cum
1856 1778 1930 1832 sis
1960 1777 2106 1833 blas-
2136 1782 2183 1841 B
2209 1774 2440 1845 fecerunt
2475 1774 2655 1829 domos
2684 1774 2737 1827 in
2764 1774 3047 1840 excelsum,
3073 1782 3119 1829 et
3143 1773 3263 1841 fecit
3288 1773 3585 1828 sacerdotes
3617 1782 3818 1841 partem

512 1865 765 1935 phemus,
817 1874 875 1921 et
901 1865 1213 1922 destructor
1253 1866 1351 1923 Dei
1382 1867 1685 1939 religionis,
1715 1877 1899 1926 tamen
1929 1869 2107 1926 adhuc

513 1957 716 2013 habeas
746 1972 995 2029 regnum,
1050 1967 1105 2015 et
1134 1959 1212 2015 sis
1241 1960 1564 2029 superbiens
1610 1970 1733 2033 post
1760 1963 2106 2034 sacrilegium

510 2060 685 2119 tuum,
732 2066 855 2106 cum
907 2060 963 2107 et
1012 2049 1258 2108 Roboam
1301 2052 1472 2108 lilium
1523 2053 1838 2111 Salomonis
1870 2055 2107 2111 idolola-

511 2143 669 2199 triam
710 2143 1003 2201 iacientem
1032 2144 1235 2201 vixisse
1266 2145 1608 2201 inveniamus
1638 2147 1695 2203 in
1724 2162 1892 2219 regno
1919 2148 2109 2219 viginti

511 2238 841 2294 annis.Dicit
857 2238 1004 2294 enim
1020 2253 1175 2295 sacra
1192 2240 1466 2312 scriptura
1487 2240 1557 2298 de
1582 2256 1649 2297 eo
1663 2241 1756 2313 (Ill
1779 2242 2108 2318 Reg.xt,45):

512 2327 579 2383 Et
608 2326 635 2366 δ
664 2344 761 2383 rea:
791 2328 1042 2385 Salomon
1072 2329 1316 2385 dormivit
1356 2347 1475 2386 cum
1502 2332 1737 2403 patribus
1762 2335 1871 2390 suis
1902 2336 1957 2389 in
1986 2336 2112 2390 civi-

512 2432 617 2478 tate
650 2419 852 2487 David;
888 2431 935 2477 et
975 2422 1206 2494 regnavit
1235 2422 1379 2492 ﬁlius
1420 2428 1530 2495 ejus
1574 2423 1806 2479 Roboam
1840 2442 1937 2495 pro
1967 2443 2024 2482 eo
2056 2429 2111 2483 in

511 2512 824 2581 Jerusalem,
856 2524 906 2569 et
933 2524 1043 2571 erat
1069 2518 1325 2572 sexdecim
1355 2533 1612 2573 annorum
1638 2535 1755 2573 cum
1777 2530 2036 2590 regnaret,
2064 2530 2113 2576 et

512 2608 697 2682 viginti
710 2610 862 2664 annis
884 2610 1114 2683 regnavit
1142 2612 1194 2665 in
1216 2609 1528 2666 Jerusalem.
1558 2611 1629 2667 Et
1645 2611 1785 2667 infra
1805 2623 1828 2651 ο
1853 2629 1866 2666 :
1892 2611 1958 2666 Et
1985 2615 2107 2685 fecit

515 2702 800 2771 malignum
828 2711 946 2757 ante
974 2714 1303 2774 conspectum
1329 2702 1572 2771 Domini,
1598 2714 1647 2761 et
1672 2722 1775 2761 non
1797 2707 1922 2762 abiit
1949 2708 2001 2761 in
2032 2708 2115 2763 via

519 2794 688 2852 David
709 2798 873 2867 patris
888 2799 987 2852 sui.
1019 2797 1085 2854 Ut
1108 2799 1272 2869 igitur
1293 2811 1401 2854 tam
1421 2799 1709 2868 Salomon,
1735 2816 1798 2856 cx
1818 2816 1928 2872 quo
1952 2801 2114 2857 idolis

517 2902 693 2948 semet
722 2891 976 2963 dignatus
1003 2902 1088 2949 est
1118 2894 1453 2964 mancipare,
1488 2909 1650 2965 quam
1681 2894 1801 2964 ejus
1834 2895 1976 2951 ﬁlius
2002 2895 2115 2950 Ro-

521 2986 701 3052 boam,
733 2987 827 3056 qui
852 3001 1071 3057 semper
1101 2986 1259 3043 idolis
1290 2987 1392 3043 fuit
1417 2989 1683 3057 serviens,
1715 3004 1840 3045 cum
1870 3006 1975 3045 non
2003 3005 2117 3045 am-

521 3077 829 3134 bulaverint
873 3079 929 3134 in
980 3078 1153 3134 David
1201 3080 1511 3147 itineribus.
1560 3089 1739 3136 tamen
1786 3082 2031 3138 vixerint
2062 3084 2112 3138 in

2211 1870 2437 1938 aliquam
2483 1867 2684 1940 papuli,
2716 1870 2803 1938 qui
2834 1885 2933 1922 non
2964 1877 3111 1922 erant
3149 1883 3216 1922 ea:
3254 1868 3377 1937 ﬁliis
3407 1866 3551 1923 Levi.
3597 1864 3666 1923 Et
3694 1869 3820 1938 fecit

2213 1960 2503 2016 Hieroboas
2547 1960 2685 2015 diem
2713 1965 2905 2032 festam
2935 1961 2989 2015 in
3017 1976 3193 2016 mense
3223 1969 3403 2014 octavo
3426 1960 3480 2013 in
3520 1960 3700 2027 quinta
3729 1961 3821 2014 de-

2211 2056 2345 2111 cima
2374 2056 2563 2109 mensis
2593 2054 2875 2109 secundum
2905 2053 3043 2108 diem
3080 2053 3266 2124 festum
3302 2051 3481 2118 Iuda;
3509 2062 3559 2107 et
3587 2052 3823 2107 ascendit

2213 2149 2268 2204 in
2295 2150 2525 2205 sacrario
2552 2191 2566 2215 ,
2598 2149 2736 2217 quod
2767 2148 2885 2217 fecit
2914 2148 2969 2200 in
3006 2145 3220 2213 Bethel,
3268 2156 3322 2200 ut
3360 2146 3677 2215 sacriﬁcaret
3702 2154 3824 2201 ante

2213 2243 2402 2297 vitulas
2444 2257 2573 2312 quas
2604 2242 2747 2313 fecit,
2801 2249 2847 2295 et
2891 2240 3156 2294 constituit
3201 2239 3256 2292 in
3288 2236 3471 2293 Betltel
3528 2237 3824 2292 sacerdotes

2214 2339 2531 2393 excelsorum
2575 2352 2701 2407 quos
2748 2335 2904 2406 fecit;
2933 2343 2979 2389 et
3006 2332 3238 2388 ascendit
3268 2334 3322 2386 in
3350 2333 3637 2388 sacrarium
3680 2332 3827 2401 quod

2216 2431 2337 2503 fecit
2363 2431 2418 2484 in
2447 2429 2623 2499 quinto
2669 2427 2869 2481 decimo
2918 2426 3002 2481 dic
3032 2441 3203 2479 mense
3239 2434 3419 2479 octavo
3468 2424 3522 2478 in
3566 2423 3650 2478 die
3686 2424 3825 2488 [esto

2215 2539 2365 2594 quem
2401 2522 2552 2589 ﬁnxit
2572 2539 2603 2576 a
2628 2519 2781 2575 corde
2810 2535 2933 2585 suo;
2967 2530 3012 2573 et
3041 2518 3163 2588 fecit
3193 2517 3329 2572 diem
3349 2521 3539 2587 festum
3582 2516 3708 2586 ﬁliis
3738 2512 3827 2569 Is-

2215 2617 2342 2671 rael.
2380 2616 2396 2653 τ
2428 2614 2563 2670 Nolo
2596 2624 2621 2662 ε
2649 2627 2779 2683 ergo
2817 2610 3067 2683 glorieris
3093 2610 3239 2682 quod
3275 2625 3399 2665 cum
3440 2609 3823 2665 idololatriam

2216 2710 2295 2765 sis
2345 2722 2561 2780 gerens,
2612 2715 2793 2761 tamen
2820 2705 2974 2760 vivas
3027 2704 3179 2776 regni
3229 2702 3516 2776 possidens
3565 2702 3823 2773 gloriam,

2216 2800 2436 2873 quando
2454 2799 2641 2856 videas
2658 2798 2801 2853 hunc
2826 2796 3152 2853 llierobOam
3171 2795 3370 2851 vitulas
3389 2794 3585 2851 iecisse
3601 2808 3825 2859 aureas,

2220 2894 2474 2965 populum
2500 2890 2870 2946 Israelitarnm
2889 2887 3227 2944 convertisse
3249 2886 3317 2943 ad
3349 2884 3738 2950 idololatriam,
3772 2894 3831 2940 et

2219 3000 2399 3045 tamen
2452 3002 2558 3042 non
2596 2986 2775 3041 solum
2813 3000 2921 3040 nou
2946 2984 3129 3039 statim
3171 2994 3231 3039 ut
3255 2983 3567 3054 deliquerat
3586 2980 3830 3036 exstinc-

2222 3092 2370 3149 tum,
2416 3080 2514 3137 sed
2557 3089 2613 3136 et
2650 3078 2743 3135 diu
2790 3079 2973 3134 vivere
3015 3078 3363 3147 permissum.
3411 3076 3684 3148 Numquid
3715 3090 3827 3132 non

522 3186 720 3242 regno,
752 3180 805 3228 et
838 3172 1055 3242 utrique
1100 3181 1395 3244 regnantes
1422 3174 1488 3228 ad
1530 3177 1654 3230 vita:
1690 3175 1938 3231 ultimum
1969 3175 2115 3231 diem
2147 3175 2193 3238 (ἶ
2226 3183 2476 3247 potuerat
2507 3173 2647 3228 Deus
2689 3170 2911 3228 eosdem
2941 3186 3097 3241 reges
3138 3169 3459 3225 idololatras
3507 3170 3831 3225 removere?

524 3266 897 3335 pervenerint,
927 3267 1203 3339 quomodo
1231 3276 1283 3323 te
1314 3268 1534 3324 miraris
1562 3267 1631 3323 ad
1660 3277 1846 3334 temet,
1875 3284 1974 3325 cur
1996 3278 2119 3340 post

517 3360 871 3416 commissum
896 3361 1167 3430 piaculum
1189 3362 1243 3417 in
1260 3376 1326 3417 eo
1358 3362 1565 3419 scelere
1586 3363 1790 3435 degens
1808 3379 1903 3419 rex
1924 3379 2121 3436 super-

519 3451 655 3518 bias,
698 3452 845 3523 quod
878 3468 1055 3524 neque
1095 3454 1191 3510 tibi
1222 3470 1450 3525 regnum
1480 3470 1656 3526 neque
1702 3456 1808 3509 vita
1842 3456 2120 3512 auferatur

518 3561 549 3600 a
576 3545 725 3601 Deo?
752 3547 971 3618 quando
988 3548 1179 3604 videas
1200 3548 1367 3604 etiam
1396 3548 1723 3606 Hieroboam
1751 3550 1964 3606 Domini
1988 3551 2121 3606 reli-

517 3637 735 3707 gionem
788 3636 1029 3694 funditus
1075 3649 1297 3697 vertere
1325 3650 1384 3696 ut
1429 3650 1485 3697 tu
1533 3640 1702 3698 fuisse
1747 3650 2037 3710 conatum,
2068 3652 2123 3699 et

520 3738 700 3783 tamen
728 3732 1093 3799 supervixerit
1121 3733 1281 3787 anuis
1318 3746 1481 3804 quam
1514 3733 1784 3803 plurimis,
1815 3744 1875 3789 et
1900 3734 2120 3805 quidem

520 3821 575 3877 in
606 3836 674 3878 eo
700 3823 909 3879 scelere
932 3840 1158 3881 manens
1185 3826 1327 3882 sicut
1346 3828 1612 3899 scriptum
1653 3835 1736 3883 est
1784 3846 1797 3881 :
1864 3827 1931 3882 Et
1958 3826 1985 3865 ἀ
2014 3838 2122 3883 erat

521 3915 675 3969 homo
699 3932 765 3970 ea:
790 3927 958 3972 monte
990 3916 1235 3990 Eplmem
1256 3936 1432 3974 servus
1464 3920 1843 3985 Salomonis,et
1871 3936 2054 3975 nomen
2077 3921 2127 3974 ei

522 4017 630 4062 erat
652 4006 994 4077 Hieroboam,
1024 4020 1072 4065 et
1101 4026 1283 4065 nomen
1306 4013 1485 4066 matris
1514 4016 1629 4084 ejus
1686 4020 1793 4066 erat
1840 4009 2080 4066 Sariram
2108 4053 2120 4073 ,

524 4167 536 4178 '
598 4174 631 4238 Ἀ
664 4163 1005 4238 servientem,
1067 4168 1223 4222 unde.
1254 4166 1488 4221 Poncius
1517 4166 1657 4238 apud
1685 4167 1870 4222 Latin.
1905 4167 1999 4223 sed
2031 4169 2112 4223 lo-

523 4234 672 4289 cutio
691 4235 891 4309 clarior
920 4236 1154 4302 videtur,
1184 4238 1230 4293 si
1253 4238 1326 4294 ita
1356 4234 1628 4309 corrigas;
1659 4238 1867 4294 diabolo
1889 4240 2121 4295 servien—

532 4318 653 4371 tem,
682 4307 877 4361 mundo
903 4316 971 4372 et,
1004 4318 1110 4363 etc.

599 4376 627 4415 δ
670 4376 795 4433 Haec
840 4387 992 4433 extra
1041 4378 1289 4435 ordinem
1323 4389 1599 4450 ponuntur
1635 4397 1665 4437 a
1706 4381 2019 4439 Sabatierio
2070 4382 2122 4437 in

2223 3265 2320 3322 sed
2348 3274 2629 3320 ostensum
2663 3272 2746 3319 est
2765 3278 2926 3334 quam
2955 3262 3073 3317 sitis
3102 3261 3298 3332 ingrati
3328 3262 3438 3316 Deo
3461 3276 3557 3317 vos
3584 3262 3674 3332 qui
3698 3276 3829 3315 cum

2223 3366 2435 3412 tantum
2469 3354 2811 3420 exaltemini,
2860 3363 3041 3410 tamen
3088 3354 3265 3425 ipsum
3302 3353 3394 3423 qui
3424 3368 3522 3408 vos
3574 3352 3787 3407 exaltat
3813 3394 3828 3419 ,

2226 3466 2334 3505 non
2376 3450 2551 3506 solum
2574 3447 2975 3505 obliviscamini
3005 3444 3055 3515 ιι,
3083 3447 3176 3502 sed
3210 3457 3264 3502 et
3286 3446 3462 3502 adhuc
3492 3446 3747 3501 eumdem
3775 3448 3831 3502 in

2228 3542 2406 3598 servis
2450 3541 2566 3612 ejus
2620 3539 3054 3611 persequamini,
3108 3538 3427 3609 religionem
3472 3538 3592 3608 ejus
3633 3538 3836 3593 tollere

2228 3640 2507 3710 cupientes
2537 3650 2568 3691 e
2601 3634 2802 3691 medio.
2837 3633 2991 3700 Quod
3024 3632 3095 3687 ita
3128 3647 3251 3688 esse
3280 3648 3349 3687 ex
3380 3631 3539 3688 istius
3565 3631 3711 3703 regis
3738 3646 3836 3686 co-

2225 3744 2426 3801 gnosce
2453 3727 2594 3783 facto
2625 3726 2934 3790 Hicrobote,
2963 3726 3052 3797 qui
3080 3740 3201 3781 cum
3233 3724 3395 3779 fuerit
3424 3724 3567 3779 ﬁlius
3595 3726 3833 3789 ancillm,

2227 3838 2348 3878 cum
2377 3837 2436 3876 se
2463 3820 2801 3875 meminisset
2819 3827 2996 3872 ortum
3023 3818 3089 3871 de
3110 3817 3420 3883 meretrice,
3449 3830 3576 3871 cum
3601 3831 3833 3887 regnum

2226 3915 2503 3986 acceperit
2532 3913 2735 3968 domini
2764 3912 2845 3967 sui
2875 3911 3190 3967 Salomonis
3219 3912 3273 3966 in
3300 3910 3657 3979 opprobrium
3688 3910 3833 3979 ejus-

2216 4008 2351 4064 dem
2380 4005 2709 4070 Salomonis,
2758 4018 2855 4059 cur
2883 4002 3202 4074 delinquens
3235 4012 3259 4039 t‘
3288 4002 3457 4058 Deum
3491 4000 3559 4056 ad
3584 4001 3725 4057 idola
3750 4018 3836 4057 se-

2304 4178 2325 4205 ε·
2371 4166 2434 4221 Id
2476 4176 2581 4234 est,
2611 4182 2829 4238 regnare
2859 4169 3087 4238 fecerunt
3130 4168 3202 4238 ing
3233 4163 3441 4238 Israel,
3470 4180 3644 4236 regem
3678 4180 3836 4234 super

2231 4237 2399 4295 Israel
2427 4236 2829 4293 constituerunt.
2864 4237 2970 4291 Til.
3000 4249 3057 4291 et
3084 4238 3134 4291 la
3163 4236 3361 4291 Cerda.

2307 4312 2325 4347 ί
2370 4309 2535 4366 Addit
2568 4310 2754 4366 Sabat.
2789 4325 2820 4363 e
2862 4306 3116 4363 Lucifero
3164 4309 3440 4377 exscripta
3467 4349 3481 4371 ,
3512 4316 3562 4362 et
3603 4307 3838 4361 ascendit

2230 4386 2285 4439 in
2311 4383 2620 4442 sacrarium,
2649 4391 2706 4435 at
2741 4379 3075 4446 sacriﬁcaret.
3102 4379 3207 4435 Sed
3242 4379 3355 4433 hmc
3377 4379 3513 4433 inl‘ra
3538 4386 3841 4433 occurrunt

530 4447 685 4534 Vens.
717 4453 843 4534 Ant:
884 4449 949 4504 ad
1004 4450 1063 4534 Ill
1110 4451 1240 4520 Reg.
1275 4447 1380 4534 sit,
1401 4467 1630 4522 quorum
1660 4468 1787 4534 pars
1816 4455 1966 4534 prior
1990 4469 2124 4508 con-
2153 4474 2207 4534 ι)
2236 4468 2358 4525 pag.
2392 4454 2462 4508 '58
2496 4453 2630 4523 (Imj.
2664 4452 2748 4506 ed.
2785 4450 2889 4504 col.
2911 4451 3064 4521 803),
3098 4451 3187 4505 ubi
3220 4450 3477 4506 nonnulla
3510 4449 3562 4503 in
3597 4448 3700 4503 hoc
3720 4449 3840 4520 ipso

529 4521 670 4592 gruit
696 4519 1099 4596 quodammodo
1128 4537 1250 4596 cum
1282 4519 1542 4596 Vulgata,
1575 4536 1635 4580 ut
1662 4519 1714 4580 in
1752 4519 1997 4596 margine
2023 4542 2128 4596 ino-

530 4590 730 4665 taiuitts.
773 4590 878 4665 Sed
909 4592 1179 4665 integrum
1231 4594 1332 4650 hoc
1382 4590 1752 4651 testimonium
1792 4611 1822 4651 a
1874 4590 2131 4651 Lucifero

530 4662 753 4739 allatum
780 4663 979 4734 legitur
1009 4662 1151 4739 apud
1176 4666 1434 4736 Septuag.
1454 4666 1522 4721 ΙΙΙ
1543 4669 1674 4738 Reg.
1695 4682 1792 4733 xu,
1829 4674 1953 4739 post
1979 4668 2013 4736 Ῡ
2036 4668 2128 4733 2i,

531 4734 829 4806 quodcum
858 4734 1104 4801 caeteris,
1127 4734 1683 4806 quae’consequuntur
1697 4740 1763 4792 ad
1797 4734 2133 4806 9'25.abest

533 4817 563 4857 a
596 4802 755 4874 Vulg.
798 4816 853 4860 et
882 4807 952 4861 ab
1000 4802 1203 4878 aliquot
1233 4807 1387 4878 Sept.
1429 4802 1834 4878 exemplaribus
1857 4850 1872 4873 ,
1925 4810 1978 4863 in
2007 4809 2131 4864 aliis

531 4888 666 4951 vero
699 4880 1347 4951 notantur,ceurepetita,
1378 4881 1714 4951 transposita,
1734 4884 1974 4950 confusa.
1999 4879 2134 4934 male

533 4945 872 5020 coberentia,
884 4949 1067 5020 inquit
1093 4945 1336 5004 Nobilius
1363 4951 1467 5005 hoc
1497 4945 1547 5005 in
1583 4954 1724 5007 loco.
1758 4945 1980 5007 lis‘vero
2002 4966 2134 5006 usus

536 5029 623 5092 est
650 5020 813 5092 etiam
832 5018 1231 5085 Theodoretus,
1252 5021 1789 5087 prmterLuciferum,
1822 5024 1911 5092 qui
1940 5037 2133 5092 parum

537 5104 567 5143 a
583 5087 774 5166 Graeco
786 5091 1038 5166 dissentit
1056 5108 1069 5156 ;
1089 5092 1177 5166 ubi
1198 5094 1490 5166 pruriginti
1500 5097 1650 5150 annis
1663 5104 1749 5151 est
1763 5087 1963 5149 δώδεκά
1988 5096 2131 5166 ira».

612 5170 635 5199 ο
680 5161 791 5215 lloc
837 5163 1214 5235 testimonium
1259 5161 1415 5220 abeat
1461 5182 1491 5219 a
1538 5166 1796 5235 Vulgata;
1842 5164 2136 5233 respondet

542 5239 721 5305 tamen
749 5235 800 5287 in
819 5233 1091 5301 aliquibus
1110 5234 1173 5289 Ill
1202 5234 1334 5305 lleg.
1361 5252 1471 5301 xlv,
1493 5237 1585 5292 22.
1611 5233 1667 5292 et
1698 5236 1741 5291 ll
1766 5237 1889 5290 Par.
1925 5250 2019 5305 xu.
2044 5235 2132 5289 Η.

535 5299 808 5371 [ntegrum
837 5299 969 5360 vero
995 5346 1009 5369 ,
1043 5314 1102 5359 ut
1131 5299 1385 5370 dixiuius.
1416 5299 1472 5362 et
1490 5320 1547 5363 ut
1576 5317 1727 5363 notat
1756 5303 2092 5363 Sabatierius
2120 5346 2135 5372 ,

535 5373 735 5448 legitur
763 5375 817 5431 in
848 5374 1200 5445 Septuaginta
1229 5393 1348 5448 cap.
1381 5394 1477 5438 xu.
1514 5389 1635 5447 post
1655 5394 1799 5434 vers.
1829 5377 1921 5431 Ἡ.

887 5449 1133 5520 ordinem
1164 5465 1195 5503 a
1243 5449 1550 5505 Sabatierio
1590 5448 1943 5520 ponitur-illoc
1983 5451 2139 5503 testi-

899 5516 1515 5591 Vers.Ant.Rcspoudet
1543 5516 1762 5591 quidem
1793 5519 1951 5590 Vulg.
1982 5520 2138 5591 tttiin

830 5599 1071 5663 ‘tptatur.
1104 5593 1200 5663 sed
1231 5589 1374 5662 apud
1413 5589 1572 5662 Sept.
1597 5593 1680 5647 bis
1713 5589 1942 5661 legitur,
1979 5589 2135 5661 Vulg.

872 5675 1002 5733 cap.
1025 5678 1101 5727 xi,
1128 5662 1219 5718 26.
1251 5664 1347 5718 sed
1372 5679 1492 5734 cap.
1520 5680 1612 5719 xu.
1640 5663 1833 5719 iisdem
1854 5663 2056 5727 verbis,
2076 5676 2139 5718 ac

894 5749 913 5791 t
930 5735 1214 5805 quodcum
1235 5734 1504 5805 superiori
1531 5736 1673 5791 inter
1692 5735 1923 5805 repetita
1942 5743 1994 5789 et
2015 5747 2141 5805 con-

902 5803 966 5861 l6
987 5803 1252 5872 rejicitur.
1273 5803 1457 5859 Sarira
1483 5820 1580 5876 pro
1605 5803 1843 5862 Sariram
1862 5804 2133 5876 legitSab.

942 5972 965 6069 ι

2233 4535 2386 4583 textu
2419 4534 2718 4577 mutantur.

2306 4606 2331 4643 ε
2374 4594 2426 4650 IV
2432 4596 2513 4648 olo
2540 4610 2661 4667 ergo
2690 4595 2925 4667 glorieris
2963 4593 3246 4667 quodcum
3275 4592 3629 4667 idololatriam
3656 4591 3732 4667 sis
3755 4606 3844 4667 ge-

2232 4685 2373 4731 rens,
2408 4664 2755 4739 tamengrivas
2777 4668 2919 4739 regni
2945 4664 3215 4739 possidens
3231 4665 3503 4739 gloriam;
3532 4664 3844 4739 quandavi-

2235 4740 2358 4792 deas
2390 4739 2527 4790 hunc
2573 4734 2888 4791 IIieroboam
2914 4734 3103 4790 vitulus
3144 4734 3324 4799 fecisse
3351 4750 3557 4799 aureas,
3588 4734 3840 4803 populum

2237 4809 2601 4864 Israelitarnm
2626 4809 2933 4862 convertisse
2952 4808 3020 4861 ad
3046 4806 3439 4868 idololatriam;
3469 4814 3516 4858 et
3545 4817 3712 4857 tamen
3736 4820 3842 4857 non

2234 4882 2402 4937 solum
2432 4878 2685 4950 statim‘ut
2707 4879 2995 4950 deliquerat
3015 4877 3464 4950 exstinctunt,_sed
3492 4888 3538 4930 et
3568 4876 3659 4929 diu
3678 4875 3846 4950 vivere

2235 4954 2561 5024 permissum.
2588 4948 2666 5003 Tu
2696 4947 2918 5024 quidsit
2949 4950 3242 5024 intelligis;
3275 4948 3649 5024 volniautem,
3679 4955 3742 5024 ut
3765 4947 3846 4999 lo-

2236 5017 2514 5079 cutionem
2552 5017 2927 5089 expenderes;
2958 5029 3045 5076 est
3074 5017 3216 5075 etiim
3257 5023 3460 5073 multus
3492 5019 3546 5071 in
3577 5017 3664 5071 bis
3690 5017 3845 5071 loc-u-

2240 5095 2496 5150 tionihus.
2527 5092 2658 5145 Nam
2686 5093 2825 5146 inl‘ra
2852 5109 2865 5159 ;
2910 5108 3025 5145 cum
3049 5093 3221 5161 itaque
3259 5090 3410 5159 fuerit
3439 5090 3648 5161 triginta
3692 5089 3847 5156 quin-

2275 5182 2337 5221 ne
2357 5165 2505 5218 armis
2527 5162 2885 5216 idololatrian:
2907 5179 3106 5233 gerens.
3133 5158 3188 5217 et
3210 5158 3417 5233 statitu,
3435 5158 3582 5233 Noli.
3606 5160 3840 5233 inquam,

2275 5183 2337 5221 ne
2357 5183 2505 5218 annis
2527 5183 2885 5216 mowtatrtttm
2907 5183 3106 5233 gerens.
3133 5183 3188 5217 et
3210 5183 3417 5220 Slalllll,
3435 5183 3480 5212 μ
3491 5183 3582 5213 au.
3606 5183 3840 5227 utquuua,

2237 5183 2360 5289 Zinc
2388 5234 2475 5287 tibi
2503 5234 2742 5303 gloriari,
2771 5234 2910 5303 quod
2933 5250 3027 5287 cur
3054 5237 3162 5289 ha’c
3185 5234 3256 5287 sis
3282 5231 3499 5301 faciens.
3526 5229 3728 5303 Taceo,
3749 5232 3841 5299 ja-

2238 5306 2453 5367 cnlavit,
2481 5300 2795 5374 deprtedavit
2824 5347 2839 5364 .
2866 5305 3204 5375 pepercitam,
3230 5304 3508 5366 tinnibant,
3534 5300 3685 5356 mille
3711 5303 3840 5364 alia,

2240 5378 2438 5449 quibus
2471 5376 2663 5449 plenus
2683 5386 2785 5449 est.
2816 5375 3105 5449 Latferda.

2313 5446 2341 5485 ιλ
2381 5446 2435 5503 Id
2468 5458 2573 5511 est,
2606 5446 2967 5501 obliviscimiui
3000 5449 3180 5518 ipsius,
3224 5445 3547 5518 immemores
3575 5444 3739 5509 ipsius
3761 5458 3843 5518 ξεῖ

2242 5520 2335 5585 tis,
2366 5536 2425 5572 ac
2450 5519 2563 5584 eius
2590 5522 2990 5573 mandatorum:
3018 5514 3073 5572 et
3100 5526 3284 5588 postea
3307 5516 3449 5569 idem
3465 5514 3848 5585 persequamini

2244 5607 2342 5663 pro
2373 5590 2759 5663 persequimini.
2793 5589 2898 5663 ΤΗ.

2322 5662 2337 5700 ί
2373 5655 2768 5723 Derelinaaens.
2805 5659 3071 5717 Latinius.
3104 5657 3416 5724 Delinquens
3454 5656 3507 5712 iu
3533 5655 3700 5712 Deum
3728 5670 3846 5711 mea

2242 5735 2370 5802 lius,
2401 5743 2461 5789 ut
2488 5733 2627 5791 infra
2653 5734 2710 5787 in
2738 5735 2911 5804 ipsum
2939 5729 3375 5801 delinquentibus.
