  <div class='ocr_page' id='page_1' title='image "/cluster/home/n/w/nwhite01/storage/ocr_20150623/13/hvd.32044096580428/407.png"; bbox 0 0 4148 6186; ppageno 0'>
   <div class='ocr_carea' id='block_1_1' title="bbox 533 268 639 326">
    <p class='ocr_par' dir='ltr' id='par_1_1' title="bbox 533 268 639 326">
     <span class='ocr_line' id='line_1_1' title="bbox 533 268 639 326; baseline 0 -1"><span class='ocrx_word' id='word_1_1' title='bbox 533 268 639 326; x_wconf 77' lang='lat'><strong>803</strong></span> 
     </span>
    </p>
   </div>
   <div class='ocr_carea' id='block_1_2' title="bbox 1612 256 2745 327">
    <p class='ocr_par' dir='ltr' id='par_1_2' title="bbox 1612 256 2745 327">
     <span class='ocr_line' id='line_1_2' title="bbox 1612 256 2745 327; baseline -0.004 -9"><span class='ocrx_word' id='word_1_2' title='bbox 1612 260 1935 319; x_wconf 69' lang='lat' dir='ltr'><strong>LUCIFERJ</strong></span> <span class='ocrx_word' id='word_1_3' title='bbox 1974 257 2289 317; x_wconf 70' lang='lat' dir='ltr'><strong>EPISLOPI</strong></span> <span class='ocrx_word' id='word_1_4' title='bbox 2326 256 2745 327; x_wconf 75' lang='lat' dir='ltr'><strong>CALARI&#39;I&#39;ANI</strong></span> 
     </span>
    </p>
   </div>
   <div class='ocr_carea' id='block_1_3' title="bbox 3729 261 3838 319">
    <p class='ocr_par' dir='ltr' id='par_1_3' title="bbox 3729 261 3838 319">
     <span class='ocr_line' id='line_1_3' title="bbox 3729 261 3838 319; baseline 0 0"><span class='ocrx_word' id='word_1_5' title='bbox 3729 261 3838 319; x_wconf 70' lang='grc'><strong>804</strong></span> 
     </span>
    </p>
   </div>
   <div class='ocr_carea' id='block_1_4' title="bbox 528 374 3841 454">
    <p class='ocr_par' dir='ltr' id='par_1_4' title="bbox 528 374 3841 454">
     <span class='ocr_line' id='line_1_4' title="bbox 528 374 3841 454; baseline -0.002 -14"><span class='ocrx_word' id='word_1_6' title='bbox 528 384 717 441; x_wconf 82' lang='lat' dir='ltr'><strong>luisset</strong></span> <span class='ocrx_word' id='word_1_7' title='bbox 766 389 1279 454; x_wconf 77' lang='lat' dir='ltr'><strong>reprtesentaturus,</strong></span> <span class='ocrx_word' id='word_1_8' title='bbox 1334 393 1436 435; x_wconf 90' lang='lat' dir='ltr'><strong>nec</strong></span> <span class='ocrx_word' id='word_1_9' title='bbox 1477 378 1655 433; x_wconf 91' lang='lat' dir='ltr'><strong>timuit</strong></span> <span class='ocrx_word' id='word_1_10' title='bbox 1700 393 1770 433; x_wconf 82' lang='lat' dir='ltr'><strong>ex</strong></span> <span class='ocrx_word' id='word_1_11' title='bbox 1818 386 1994 432; x_wconf 90' lang='lat' dir='ltr'><strong>morte</strong></span> <span class='ocrx_word' id='word_1_12' title='bbox 2029 374 2124 431; x_wconf 87' lang='lat' dir='ltr'><strong>lilii</strong></span> <span class='ocrx_word' id='word_1_13' title='bbox 2154 378 2204 439; x_wconf 85' lang='grc' dir='ltr'><strong>Α</strong></span> <span class='ocrx_word' id='word_1_14' title='bbox 2234 374 2397 431; x_wconf 86' lang='lat' dir='ltr'><strong>minis</strong></span> <span class='ocrx_word' id='word_1_15' title='bbox 2426 374 2632 445; x_wconf 91' lang='lat' dir='ltr'><strong>prolata</strong></span> <span class='ocrx_word' id='word_1_16' title='bbox 2662 374 2801 442; x_wconf 90' lang='lat' dir='ltr'><strong>Dei,</strong></span> <span class='ocrx_word' id='word_1_17' title='bbox 2832 384 2887 430; x_wconf 92' lang='lat' dir='ltr'><strong>et</strong></span> <span class='ocrx_word' id='word_1_18' title='bbox 2919 374 3202 430; x_wconf 83' lang='lat' dir='ltr'><strong>bra‘ebium</strong></span> <span class='ocrx_word' id='word_1_19' title='bbox 3243 377 3469 447; x_wconf 90' lang='lat' dir='ltr'><strong>impium</strong></span> <span class='ocrx_word' id='word_1_20' title='bbox 3523 386 3841 449; x_wconf 87' lang='lat' dir='ltr'><strong>porrectum</strong></span> 
     </span>
    </p>
   </div>
   <div class='ocr_carea' id='block_1_5' title="bbox 528 467 2126 545">
    <p class='ocr_par' dir='ltr' id='par_1_5' title="bbox 528 467 2126 545">
     <span class='ocr_line' id='line_1_5' title="bbox 528 467 2126 545; baseline -0.008 -10"><span class='ocrx_word' id='word_1_21' title='bbox 528 476 637 543; x_wconf 86' lang='lat' dir='ltr'><strong>sui,</strong></span> <span class='ocrx_word' id='word_1_22' title='bbox 691 474 831 545; x_wconf 88' lang='lat' dir='ltr'><strong>quod</strong></span> <span class='ocrx_word' id='word_1_23' title='bbox 864 483 920 531; x_wconf 90' lang='lat' dir='ltr'><strong>et</strong></span> <span class='ocrx_word' id='word_1_24' title='bbox 948 482 1132 530; x_wconf 88' lang='lat' dir='ltr'><strong>cetera</strong></span> <span class='ocrx_word' id='word_1_25' title='bbox 1166 472 1322 528; x_wconf 87' lang='lat' dir='ltr'><strong>illum</strong></span> <span class='ocrx_word' id='word_1_26' title='bbox 1368 471 1576 542; x_wconf 86' lang='lat' dir='ltr'><strong>possint</strong></span> <span class='ocrx_word' id='word_1_27' title='bbox 1610 469 1894 540; x_wconf 83' lang='lat' dir='ltr'><strong>subsequi,</strong></span> <span class='ocrx_word' id='word_1_28' title='bbox 1945 467 2037 523; x_wconf 88' lang='lat' dir='ltr'><strong>sed</strong></span> <span class='ocrx_word' id='word_1_29' title='bbox 2073 467 2126 523; x_wconf 91' lang='lat' dir='ltr'><strong>in</strong></span> 
     </span>
    </p>
   </div>
   <div class='ocr_carea' id='block_1_6' title="bbox 526 561 2130 636">
    <p class='ocr_par' dir='ltr' id='par_1_6' title="bbox 526 561 2130 636">
     <span class='ocr_line' id='line_1_6' title="bbox 526 561 2130 636; baseline -0.007 -12"><span class='ocrx_word' id='word_1_30' title='bbox 526 568 621 624; x_wconf 78' lang='lat' dir='ltr'><strong>sua</strong></span> <span class='ocrx_word' id='word_1_31' title='bbox 653 567 831 624; x_wconf 91' lang='lat' dir='ltr'><strong>senuit</strong></span> <span class='ocrx_word' id='word_1_32' title='bbox 860 567 1098 623; x_wconf 89' lang='lat' dir='ltr'><strong>versutia</strong></span> <span class='ocrx_word' id='word_1_33' title='bbox 1126 584 1137 619; x_wconf 87' lang='lat'>:</span> <span class='ocrx_word' id='word_1_34' title='bbox 1175 581 1345 636; x_wconf 79' lang='lat' dir='ltr'><strong>usque</strong></span> <span class='ocrx_word' id='word_1_35' title='bbox 1369 564 1508 619; x_wconf 85' lang='lat' dir='ltr'><strong>adeo</strong></span> <span class='ocrx_word' id='word_1_36' title='bbox 1533 561 1737 619; x_wconf 91' lang='lat' dir='ltr'><strong>etenim</strong></span> <span class='ocrx_word' id='word_1_37' title='bbox 1768 562 1946 633; x_wconf 84' lang='lat' dir='ltr'><strong>impos</strong></span> <span class='ocrx_word' id='word_1_38' title='bbox 1978 576 2130 616; x_wconf 87' lang='lat' dir='ltr'><strong>meu-</strong></span> 
     </span>
    </p>
   </div>
   <div class='ocr_carea' id='block_1_7' title="bbox 529 652 2125 726">
    <p class='ocr_par' dir='ltr' id='par_1_7' title="bbox 529 652 2125 726">
     <span class='ocr_line' id='line_1_7' title="bbox 529 652 2125 726; baseline -0.006 -11"><span class='ocrx_word' id='word_1_39' title='bbox 529 661 597 716; x_wconf 88' lang='lat' dir='ltr'><strong>tis</strong></span> <span class='ocrx_word' id='word_1_40' title='bbox 629 660 807 716; x_wconf 77' lang='lat' dir='ltr'><strong>fuerat</strong></span> <span class='ocrx_word' id='word_1_41' title='bbox 837 660 1013 714; x_wconf 81' lang='lat' dir='ltr'><strong>factus</strong></span> <span class='ocrx_word' id='word_1_42' title='bbox 1048 657 1348 713; x_wconf 69' lang='lat' dir='ltr'><strong>&quot;it&#39;l‘ObOilS</strong></span> <span class='ocrx_word' id='word_1_43' title='bbox 1372 673 1436 713; x_wconf 81' lang='lat' dir='ltr'><strong>ex</strong></span> <span class='ocrx_word' id='word_1_44' title='bbox 1464 672 1570 726; x_wconf 82' lang='lat' dir='ltr'><strong>quo</strong></span> <span class='ocrx_word' id='word_1_45' title='bbox 1602 663 1907 711; x_wconf 73' lang='lat' dir='ltr'><strong>recesserat</strong></span> <span class='ocrx_word' id='word_1_46' title='bbox 1933 652 2125 718; x_wconf 88' lang='lat' dir='ltr'><strong>abeo,</strong></span> 
     </span>
    </p>
   </div>
   <div class='ocr_carea' id='block_1_8' title="bbox 524 745 2130 823">
    <p class='ocr_par' dir='ltr' id='par_1_8' title="bbox 524 745 2130 823">
     <span class='ocr_line' id='line_1_8' title="bbox 524 745 2130 823; baseline -0.003 -19"><span class='ocrx_word' id='word_1_47' title='bbox 524 752 614 823; x_wconf 86' lang='lat' dir='ltr'><strong>qui</strong></span> <span class='ocrx_word' id='word_1_48' title='bbox 662 767 889 823; x_wconf 79' lang='lat' dir='ltr'><strong>regnum</strong></span> <span class='ocrx_word' id='word_1_49' title='bbox 935 750 1234 806; x_wconf 80' lang='lat' dir='ltr'><strong>tradiderat</strong></span> <span class='ocrx_word' id='word_1_50' title='bbox 1267 750 1377 814; x_wconf 90' lang='lat' dir='ltr'><strong>illi,</strong></span> <span class='ocrx_word' id='word_1_51' title='bbox 1431 759 1488 803; x_wconf 90' lang='lat' dir='ltr'><strong>ut</strong></span> <span class='ocrx_word' id='word_1_52' title='bbox 1512 764 1635 803; x_wconf 91' lang='lat' dir='ltr'><strong>cum</strong></span> <span class='ocrx_word' id='word_1_53' title='bbox 1685 746 1947 802; x_wconf 76' lang='lat' dir='ltr'><strong>dixisset:</strong></span> <span class='ocrx_word' id='word_1_54' title='bbox 1984 745 2130 799; x_wconf 80' lang='lat' dir='ltr'><strong>Vade</strong></span> 
     </span>
    </p>
   </div>
   <div class='ocr_carea' id='block_1_9' title="bbox 527 841 2129 911">
    <p class='ocr_par' dir='ltr' id='par_1_9' title="bbox 527 841 2129 911">
     <span class='ocr_line' id='line_1_9' title="bbox 527 841 2129 911; baseline -0.005 -12"><span class='ocrx_word' id='word_1_55' title='bbox 527 854 549 881; x_wconf 71' lang='grc' dir='ltr'><strong>θ</strong></span> <span class='ocrx_word' id='word_1_56' title='bbox 566 846 634 899; x_wconf 90' lang='lat' dir='ltr'><strong>ad</strong></span> <span class='ocrx_word' id='word_1_57' title='bbox 652 844 743 899; x_wconf 97' lang='lat' dir='ltr'><strong>Dei</strong></span> <span class='ocrx_word' id='word_1_58' title='bbox 769 845 1106 901; x_wconf 82' lang='lat' dir='ltr'><strong>hominem.et</strong></span> <span class='ocrx_word' id='word_1_59' title='bbox 1121 844 1261 898; x_wconf 87' lang='lat' dir='ltr'><strong>disce</strong></span> <span class='ocrx_word' id='word_1_60' title='bbox 1284 861 1351 896; x_wconf 89' lang='lat' dir='ltr'><strong>an</strong></span> <span class='ocrx_word' id='word_1_61' title='bbox 1386 844 1671 896; x_wconf 85' lang='lat' dir='ltr'><strong>moriturus</strong></span> <span class='ocrx_word' id='word_1_62' title='bbox 1691 841 1753 897; x_wconf 89' lang='lat' dir='ltr'><strong>sit</strong></span> <span class='ocrx_word' id='word_1_63' title='bbox 1786 842 1929 911; x_wconf 85' lang='lat' dir='ltr'><strong>ﬁlius</strong></span> <span class='ocrx_word' id='word_1_64' title='bbox 1958 851 2129 894; x_wconf 88' lang='lat' dir='ltr'><strong>noster</strong></span> 
     </span>
    </p>
   </div>
   <div class='ocr_carea' id='block_1_10' title="bbox 527 931 2127 1015">
    <p class='ocr_par' dir='ltr' id='par_1_10' title="bbox 527 931 2127 1015">
     <span class='ocr_line' id='line_1_10' title="bbox 527 931 2127 1015; baseline -0.006 -21"><span class='ocrx_word' id='word_1_65' title='bbox 527 936 620 1015; x_wconf 85' lang='lat' dir='ltr'><strong>(Ill</strong></span> <span class='ocrx_word' id='word_1_66' title='bbox 638 938 762 1011; x_wconf 81' lang='lat' dir='ltr'><strong>Reg.</strong></span> <span class='ocrx_word' id='word_1_67' title='bbox 786 952 899 1005; x_wconf 86' lang='lat' dir='ltr'><strong>xtv,</strong></span> <span class='ocrx_word' id='word_1_68' title='bbox 915 937 970 1003; x_wconf 73' lang='grc'><strong>2,</strong></span> <span class='ocrx_word' id='word_1_69' title='bbox 992 938 1073 1009; x_wconf 76' lang='lat'><strong>3.)</strong></span> <span class='ocrx_word' id='word_1_70' title='bbox 1094 938 1161 991; x_wconf 87' lang='lat' dir='ltr'><strong>Et</strong></span> <span class='ocrx_word' id='word_1_71' title='bbox 1176 936 1425 991; x_wconf 90' lang='lat' dir='ltr'><strong>didicerit</strong></span> <span class='ocrx_word' id='word_1_72' title='bbox 1445 952 1540 1007; x_wconf 89' lang='lat' dir='ltr'><strong>per</strong></span> <span class='ocrx_word' id='word_1_73' title='bbox 1554 934 1649 990; x_wconf 89' lang='lat' dir='ltr'><strong>Dei</strong></span> <span class='ocrx_word' id='word_1_74' title='bbox 1669 934 1968 1001; x_wconf 81' lang='lat' dir='ltr'><strong>hominem,</strong></span> <span class='ocrx_word' id='word_1_75' title='bbox 1985 931 2127 1002; x_wconf 84' lang='lat' dir='ltr'><strong>quod</strong></span> 
     </span>
    </p>
   </div>
   <div class='ocr_carea' id='block_1_11' title="bbox 526 1024 2128 1091">
    <p class='ocr_par' dir='ltr' id='par_1_11' title="bbox 526 1024 2128 1091">
     <span class='ocr_line' id='line_1_11' title="bbox 526 1024 2128 1091; baseline -0.006 -3"><span class='ocrx_word' id='word_1_76' title='bbox 526 1046 634 1088; x_wconf 90' lang='lat' dir='ltr'><strong>non</strong></span> <span class='ocrx_word' id='word_1_77' title='bbox 668 1031 844 1086; x_wconf 88' lang='lat' dir='ltr'><strong>solum</strong></span> <span class='ocrx_word' id='word_1_78' title='bbox 880 1029 1025 1086; x_wconf 74' lang='lat' dir='ltr'><strong>filius</strong></span> <span class='ocrx_word' id='word_1_79' title='bbox 1071 1044 1260 1085; x_wconf 89' lang='lat' dir='ltr'><strong>eorum</strong></span> <span class='ocrx_word' id='word_1_80' title='bbox 1311 1038 1459 1084; x_wconf 83' lang='lat' dir='ltr'><strong>esset</strong></span> <span class='ocrx_word' id='word_1_81' title='bbox 1506 1027 1826 1091; x_wconf 81' lang='lat' dir='ltr'><strong>moriturus,</strong></span> <span class='ocrx_word' id='word_1_82' title='bbox 1852 1024 1946 1081; x_wconf 81' lang='lat' dir='ltr'><strong>Sed</strong></span> <span class='ocrx_word' id='word_1_83' title='bbox 1979 1036 2033 1079; x_wconf 87' lang='lat' dir='ltr'><strong>et</strong></span> <span class='ocrx_word' id='word_1_84' title='bbox 2074 1024 2128 1079; x_wconf 94' lang='lat' dir='ltr'><strong>in</strong></span> 
     </span>
    </p>
   </div>
   <div class='ocr_carea' id='block_1_12' title="bbox 522 1117 2129 1193">
    <p class='ocr_par' dir='ltr' id='par_1_12' title="bbox 522 1117 2129 1193">
     <span class='ocr_line' id='line_1_12' title="bbox 522 1117 2129 1193; baseline -0.007 -14"><span class='ocrx_word' id='word_1_85' title='bbox 522 1134 727 1179; x_wconf 88' lang='lat' dir='ltr'><strong>cuncto</strong></span> <span class='ocrx_word' id='word_1_86' title='bbox 778 1122 899 1193; x_wconf 82' lang='lat' dir='ltr'><strong>ejus</strong></span> <span class='ocrx_word' id='word_1_87' title='bbox 950 1138 1119 1193; x_wconf 84' lang='lat' dir='ltr'><strong>regno</strong></span> <span class='ocrx_word' id='word_1_88' title='bbox 1170 1121 1522 1176; x_wconf 86' lang='lat' dir='ltr'><strong>imminerent</strong></span> <span class='ocrx_word' id='word_1_89' title='bbox 1568 1119 1843 1190; x_wconf 89' lang='lat' dir='ltr'><strong>pericula;</strong></span> <span class='ocrx_word' id='word_1_90' title='bbox 1903 1117 1997 1173; x_wconf 92' lang='lat' dir='ltr'><strong>ille</strong></span> <span class='ocrx_word' id='word_1_91' title='bbox 2050 1126 2129 1171; x_wconf 85' lang='lat' dir='ltr'><strong>ta-</strong></span> 
     </span>
    </p>
   </div>
   <div class='ocr_carea' id='block_1_13' title="bbox 528 1211 2127 1285">
    <p class='ocr_par' dir='ltr' id='par_1_13' title="bbox 528 1211 2127 1285">
     <span class='ocr_line' id='line_1_13' title="bbox 528 1211 2127 1285; baseline -0.003 -13"><span class='ocrx_word' id='word_1_92' title='bbox 528 1233 679 1285; x_wconf 90' lang='lat' dir='ltr'><strong>men,</strong></span> <span class='ocrx_word' id='word_1_93' title='bbox 710 1226 767 1272; x_wconf 92' lang='lat' dir='ltr'><strong>ut</strong></span> <span class='ocrx_word' id='word_1_94' title='bbox 797 1217 969 1272; x_wconf 88' lang='lat' dir='ltr'><strong>semel</strong></span> <span class='ocrx_word' id='word_1_95' title='bbox 999 1226 1287 1282; x_wconf 85' lang='lat' dir='ltr'><strong>statuerat,</strong></span> <span class='ocrx_word' id='word_1_96' title='bbox 1317 1212 1538 1270; x_wconf 81' lang='lat' dir='ltr'><strong>diabolo</strong></span> <span class='ocrx_word' id='word_1_97' title='bbox 1564 1214 1769 1269; x_wconf 82' lang='lat' dir='ltr'><strong>servire</strong></span> <span class='ocrx_word' id='word_1_98' title='bbox 1798 1212 2010 1268; x_wconf 87' lang='lat' dir='ltr'><strong>maluit.</strong></span> <span class='ocrx_word' id='word_1_99' title='bbox 2047 1211 2127 1268; x_wconf 79' lang='lat' dir='ltr'><strong>Ad</strong></span> 
     </span>
    </p>
   </div>
   <div class='ocr_carea' id='block_1_14' title="bbox 527 1306 2126 1373">
    <p class='ocr_par' dir='ltr' id='par_1_14' title="bbox 527 1306 2126 1373">
     <span class='ocr_line' id='line_1_14' title="bbox 527 1306 2126 1373; baseline -0.005 -7"><span class='ocrx_word' id='word_1_100' title='bbox 527 1311 804 1367; x_wconf 87' lang='lat' dir='ltr'><strong>hominem</strong></span> <span class='ocrx_word' id='word_1_101' title='bbox 829 1311 925 1365; x_wconf 87' lang='lat' dir='ltr'><strong>Dei</strong></span> <span class='ocrx_word' id='word_1_102' title='bbox 962 1308 1346 1366; x_wconf 89' lang='lat' dir='ltr'><strong>sciscitandum</strong></span> <span class='ocrx_word' id='word_1_103' title='bbox 1373 1308 1534 1362; x_wconf 87' lang='lat' dir='ltr'><strong>mittit</strong></span> <span class='ocrx_word' id='word_1_104' title='bbox 1563 1307 1629 1362; x_wconf 87' lang='lat' dir='ltr'><strong>de</strong></span> <span class='ocrx_word' id='word_1_105' title='bbox 1659 1306 1875 1373; x_wconf 82' lang='lat' dir='ltr'><strong>futuris,</strong></span> <span class='ocrx_word' id='word_1_106' title='bbox 1905 1318 1959 1361; x_wconf 88' lang='lat' dir='ltr'><strong>et</strong></span> <span class='ocrx_word' id='word_1_107' title='bbox 1980 1322 2126 1373; x_wconf 90' lang='lat' dir='ltr'><strong>eum,</strong></span> 
     </span>
    </p>
   </div>
   <div class='ocr_carea' id='block_1_15' title="bbox 526 1399 2127 1475">
    <p class='ocr_par' dir='ltr' id='par_1_15' title="bbox 526 1399 2127 1475">
     <span class='ocr_line' id='line_1_15' title="bbox 526 1399 2127 1475; baseline -0.006 -15"><span class='ocrx_word' id='word_1_108' title='bbox 526 1404 595 1460; x_wconf 89' lang='lat' dir='ltr'><strong>ad</strong></span> <span class='ocrx_word' id='word_1_109' title='bbox 625 1404 782 1475; x_wconf 86' lang='lat' dir='ltr'><strong>cujus</strong></span> <span class='ocrx_word' id='word_1_110' title='bbox 811 1402 1085 1460; x_wconf 88' lang='lat' dir='ltr'><strong>hominem</strong></span> <span class='ocrx_word' id='word_1_111' title='bbox 1120 1403 1308 1465; x_wconf 84' lang='lat' dir='ltr'><strong>mittit,</strong></span> <span class='ocrx_word' id='word_1_112' title='bbox 1338 1400 1577 1470; x_wconf 87' lang='lat' dir='ltr'><strong>despuit,</strong></span> <span class='ocrx_word' id='word_1_113' title='bbox 1615 1408 1669 1454; x_wconf 92' lang='lat' dir='ltr'><strong>et</strong></span> <span class='ocrx_word' id='word_1_114' title='bbox 1691 1399 1818 1454; x_wconf 82' lang='lat' dir='ltr'><strong>facit</strong></span> <span class='ocrx_word' id='word_1_115' title='bbox 1848 1400 1899 1453; x_wconf 90' lang='lat' dir='ltr'><strong>in</strong></span> <span class='ocrx_word' id='word_1_116' title='bbox 1931 1406 2127 1454; x_wconf 89' lang='lat' dir='ltr'><strong>contu-</strong></span> 
     </span>
    </p>
   </div>
   <div class='ocr_carea' id='block_1_16' title="bbox 526 1491 2118 1565">
    <p class='ocr_par' dir='ltr' id='par_1_16' title="bbox 526 1491 2118 1565">
     <span class='ocr_line' id='line_1_16' title="bbox 526 1491 2118 1565; baseline -0.004 -11"><span class='ocrx_word' id='word_1_117' title='bbox 526 1498 741 1554; x_wconf 88' lang='lat' dir='ltr'><strong>meliam</strong></span> <span class='ocrx_word' id='word_1_118' title='bbox 772 1496 1074 1565; x_wconf 73' lang='lat' dir='ltr'><strong>maiestatis</strong></span> <span class='ocrx_word' id='word_1_119' title='bbox 1090 1495 1207 1563; x_wconf 86' lang='lat' dir='ltr'><strong>ejus</strong></span> <span class='ocrx_word' id='word_1_120' title='bbox 1232 1492 1449 1556; x_wconf 79' lang='lat' dir='ltr'><strong>vitulos,</strong></span> <span class='ocrx_word' id='word_1_121' title='bbox 1480 1501 1536 1548; x_wconf 89' lang='lat' dir='ltr'><strong>et</strong></span> <span class='ocrx_word' id='word_1_122' title='bbox 1558 1492 1656 1546; x_wconf 85' lang='lat' dir='ltr'><strong>has</strong></span> <span class='ocrx_word' id='word_1_123' title='bbox 1674 1491 1909 1547; x_wconf 88' lang='lat' dir='ltr'><strong>adorare</strong></span> <span class='ocrx_word' id='word_1_124' title='bbox 1931 1506 2118 1548; x_wconf 89' lang='lat' dir='ltr'><strong>secum</strong></span> 
     </span>
    </p>
   </div>
   <div class='ocr_carea' id='block_1_17' title="bbox 525 1585 2131 1663">
    <p class='ocr_par' dir='ltr' id='par_1_17' title="bbox 525 1585 2131 1663">
     <span class='ocr_line' id='line_1_17' title="bbox 525 1585 2131 1663; baseline -0.005 -14"><span class='ocrx_word' id='word_1_125' title='bbox 525 1592 656 1649; x_wconf 73' lang='lat' dir='ltr'><strong>fecit</strong></span> <span class='ocrx_word' id='word_1_126' title='bbox 706 1592 987 1663; x_wconf 91' lang='lat' dir='ltr'><strong>populum.</strong></span> <span class='ocrx_word' id='word_1_127' title='bbox 1050 1589 1173 1643; x_wconf 63' lang='lat' dir='ltr'><strong>Hatc</strong></span> <span class='ocrx_word' id='word_1_128' title='bbox 1225 1588 1355 1658; x_wconf 79' lang='lat' dir='ltr'><strong>egit,</strong></span> <span class='ocrx_word' id='word_1_129' title='bbox 1402 1596 1457 1642; x_wconf 92' lang='lat' dir='ltr'><strong>et</strong></span> <span class='ocrx_word' id='word_1_130' title='bbox 1490 1595 1670 1641; x_wconf 72' lang='lat' dir='ltr'><strong>tamen</strong></span> <span class='ocrx_word' id='word_1_131' title='bbox 1722 1600 1828 1640; x_wconf 89' lang='lat' dir='ltr'><strong>non</strong></span> <span class='ocrx_word' id='word_1_132' title='bbox 1869 1585 2017 1641; x_wconf 90' lang='lat' dir='ltr'><strong>illico</strong></span> <span class='ocrx_word' id='word_1_133' title='bbox 2044 1596 2131 1642; x_wconf 90' lang='lat' dir='ltr'><strong>est</strong></span> 
     </span>
    </p>
   </div>
   <div class='ocr_carea' id='block_1_18' title="bbox 526 1679 2127 1753">
    <p class='ocr_par' dir='ltr' id='par_1_18' title="bbox 526 1679 2127 1753">
     <span class='ocr_line' id='line_1_18' title="bbox 526 1679 2127 1753; baseline -0.005 -11"><span class='ocrx_word' id='word_1_134' title='bbox 526 1687 851 1753; x_wconf 76' lang='lat' dir='ltr'><strong>exstinctus,</strong></span> <span class='ocrx_word' id='word_1_135' title='bbox 899 1682 995 1739; x_wconf 86' lang='lat' dir='ltr'><strong>sed</strong></span> <span class='ocrx_word' id='word_1_136' title='bbox 1028 1682 1121 1737; x_wconf 91' lang='lat' dir='ltr'><strong>diu</strong></span> <span class='ocrx_word' id='word_1_137' title='bbox 1152 1682 1205 1736; x_wconf 91' lang='lat' dir='ltr'><strong>in</strong></span> <span class='ocrx_word' id='word_1_138' title='bbox 1233 1698 1400 1752; x_wconf 88' lang='lat' dir='ltr'><strong>regno</strong></span> <span class='ocrx_word' id='word_1_139' title='bbox 1442 1679 1741 1751; x_wconf 77' lang='lat' dir='ltr'><strong>superfuit;</strong></span> <span class='ocrx_word' id='word_1_140' title='bbox 1774 1688 1829 1734; x_wconf 94' lang='lat' dir='ltr'><strong>et</strong></span> <span class='ocrx_word' id='word_1_141' title='bbox 1857 1687 1911 1733; x_wconf 89' lang='lat' dir='ltr'><strong>tu</strong></span> <span class='ocrx_word' id='word_1_142' title='bbox 1946 1679 2084 1734; x_wconf 91' lang='lat' dir='ltr'><strong>dicis</strong></span> <span class='ocrx_word' id='word_1_143' title='bbox 2112 1697 2127 1734; x_wconf 89' lang='lat'><strong>:</strong></span> 
     </span>
    </p>
   </div>
   <div class='ocr_carea' id='block_1_19' title="bbox 2229 462 3843 545">
    <p class='ocr_par' dir='ltr' id='par_1_19' title="bbox 2229 462 3843 545">
     <span class='ocr_line' id='line_1_19' title="bbox 2229 462 3843 545; baseline 0.004 -22"><span class='ocrx_word' id='word_1_144' title='bbox 2229 467 2299 524; x_wconf 88' lang='lat' dir='ltr'><strong>ad</strong></span> <span class='ocrx_word' id='word_1_145' title='bbox 2329 462 2424 524; x_wconf 87' lang='lat' dir='ltr'><strong>Dei</strong></span> <span class='ocrx_word' id='word_1_146' title='bbox 2468 467 2709 524; x_wconf 84' lang='lat' dir='ltr'><strong>hominis</strong></span> <span class='ocrx_word' id='word_1_147' title='bbox 2752 484 2941 526; x_wconf 91' lang='lat' dir='ltr'><strong>necem</strong></span> <span class='ocrx_word' id='word_1_148' title='bbox 2985 478 3212 540; x_wconf 86' lang='lat' dir='ltr'><strong>repente</strong></span> <span class='ocrx_word' id='word_1_149' title='bbox 3239 470 3455 527; x_wconf 87' lang='lat' dir='ltr'><strong>aridum</strong></span> <span class='ocrx_word' id='word_1_150' title='bbox 3491 469 3692 528; x_wconf 81' lang='lat' dir='ltr'><strong>factum</strong></span> <span class='ocrx_word' id='word_1_151' title='bbox 3738 489 3843 545; x_wconf 90' lang='lat' dir='ltr'><strong>pro</strong></span> 
     </span>
    </p>
   </div>
   <div class='ocr_carea' id='block_1_20' title="bbox 2232 558 3842 634">
    <p class='ocr_par' dir='ltr' id='par_1_20' title="bbox 2232 558 3842 634">
     <span class='ocr_line' id='line_1_20' title="bbox 2232 558 3842 634; baseline 0.002 -17"><span class='ocrx_word' id='word_1_152' title='bbox 2232 564 2380 617; x_wconf 89' lang='lat' dir='ltr'><strong>metu</strong></span> <span class='ocrx_word' id='word_1_153' title='bbox 2402 603 2416 627; x_wconf 93' lang='lat'><strong>,</strong></span> <span class='ocrx_word' id='word_1_154' title='bbox 2462 558 2610 616; x_wconf 87' lang='lat' dir='ltr'><strong>illico</strong></span> <span class='ocrx_word' id='word_1_155' title='bbox 2642 562 2809 617; x_wconf 91' lang='lat' dir='ltr'><strong>etiam</strong></span> <span class='ocrx_word' id='word_1_156' title='bbox 2840 577 2936 631; x_wconf 90' lang='lat' dir='ltr'><strong>per</strong></span> <span class='ocrx_word' id='word_1_157' title='bbox 2970 562 3064 618; x_wconf 91' lang='lat' dir='ltr'><strong>Dei</strong></span> <span class='ocrx_word' id='word_1_158' title='bbox 3107 562 3335 620; x_wconf 72' lang='lat' dir='ltr'><strong>cultoris</strong></span> <span class='ocrx_word' id='word_1_159' title='bbox 3368 581 3584 634; x_wconf 89' lang='lat' dir='ltr'><strong>precem</strong></span> <span class='ocrx_word' id='word_1_160' title='bbox 3635 564 3842 623; x_wconf 82' lang='lat' dir='ltr'><strong>factum</strong></span> 
     </span>
    </p>
   </div>
   <div class='ocr_carea' id='block_1_21' title="bbox 2231 654 3847 731">
    <p class='ocr_par' dir='ltr' id='par_1_21' title="bbox 2231 654 3847 731">
     <span class='ocr_line' id='line_1_21' title="bbox 2231 654 3847 731; baseline 0.004 -21"><span class='ocrx_word' id='word_1_161' title='bbox 2231 654 2540 721; x_wconf 83' lang='lat' dir='ltr'><strong>incolume,</strong></span> <span class='ocrx_word' id='word_1_162' title='bbox 2586 654 2851 727; x_wconf 88' lang='lat' dir='ltr'><strong>numquid</strong></span> <span class='ocrx_word' id='word_1_163' title='bbox 2882 654 3248 713; x_wconf 67' lang='lat' dir='ltr'><strong>idololatrian]</strong></span> <span class='ocrx_word' id='word_1_164' title='bbox 3281 676 3443 729; x_wconf 86' lang='lat' dir='ltr'><strong>quam</strong></span> <span class='ocrx_word' id='word_1_165' title='bbox 3488 656 3607 731; x_wconf 88' lang='lat' dir='ltr'><strong>ipse</strong></span> <span class='ocrx_word' id='word_1_166' title='bbox 3636 662 3847 718; x_wconf 89' lang='lat' dir='ltr'><strong>consti-</strong></span> 
     </span>
    </p>
   </div>
   <div class='ocr_carea' id='block_1_22' title="bbox 2233 740 3848 825">
    <p class='ocr_par' dir='ltr' id='par_1_22' title="bbox 2233 740 3848 825">
     <span class='ocr_line' id='line_1_22' title="bbox 2233 740 3848 825; baseline 0.005 -23"><span class='ocrx_word' id='word_1_167' title='bbox 2233 756 2410 804; x_wconf 88' lang='lat' dir='ltr'><strong>tuerat</strong></span> <span class='ocrx_word' id='word_1_168' title='bbox 2440 740 2770 820; x_wconf 81' lang='lat' dir='ltr'><strong>dissipavit?</strong></span> <span class='ocrx_word' id='word_1_169' title='bbox 2813 749 3075 822; x_wconf 89' lang='lat' dir='ltr'><strong>numquid</strong></span> <span class='ocrx_word' id='word_1_170' title='bbox 3107 751 3250 807; x_wconf 86' lang='lat' dir='ltr'><strong>dictu</strong></span> <span class='ocrx_word' id='word_1_171' title='bbox 3286 753 3483 808; x_wconf 78' lang='lat' dir='ltr'><strong>festum</strong></span> <span class='ocrx_word' id='word_1_172' title='bbox 3526 768 3688 824; x_wconf 87' lang='lat' dir='ltr'><strong>quem</strong></span> <span class='ocrx_word' id='word_1_173' title='bbox 3723 756 3848 825; x_wconf 86' lang='lat' dir='ltr'><strong>ipse</strong></span> 
     </span>
    </p>
   </div>
   <div class='ocr_carea' id='block_1_23' title="bbox 2232 839 3845 908">
    <p class='ocr_par' dir='ltr' id='par_1_23' title="bbox 2232 839 3845 908">
     <span class='ocr_line' id='line_1_23' title="bbox 2232 839 3845 908; baseline 0.004 -15"><span class='ocrx_word' id='word_1_174' title='bbox 2232 840 2471 896; x_wconf 86' lang='lat' dir='ltr'><strong>linxerat</strong></span> <span class='ocrx_word' id='word_1_175' title='bbox 2501 857 2565 897; x_wconf 82' lang='lat' dir='ltr'><strong>ex</strong></span> <span class='ocrx_word' id='word_1_176' title='bbox 2610 839 2778 897; x_wconf 90' lang='lat' dir='ltr'><strong>corde</strong></span> <span class='ocrx_word' id='word_1_177' title='bbox 2808 858 2943 908; x_wconf 92' lang='lat' dir='ltr'><strong>suo,</strong></span> <span class='ocrx_word' id='word_1_178' title='bbox 2995 842 3213 899; x_wconf 82' lang='lat' dir='ltr'><strong>tandem</strong></span> <span class='ocrx_word' id='word_1_179' title='bbox 3247 844 3385 899; x_wconf 85' lang='lat' dir='ltr'><strong>tollit</strong></span> <span class='ocrx_word' id='word_1_180' title='bbox 3412 861 3443 901; x_wconf 92' lang='lat' dir='ltr'><strong>c</strong></span> <span class='ocrx_word' id='word_1_181' title='bbox 3474 840 3694 901; x_wconf 80' lang='lat' dir='ltr'><strong>medio?</strong></span> <span class='ocrx_word' id='word_1_182' title='bbox 3737 847 3845 901; x_wconf 88' lang='lat' dir='ltr'><strong>mi-</strong></span> 
     </span>
    </p>
   </div>
   <div class='ocr_carea' id='block_1_24' title="bbox 2233 930 3848 1008">
    <p class='ocr_par' dir='ltr' id='par_1_24' title="bbox 2233 930 3848 1008">
     <span class='ocr_line' id='line_1_24' title="bbox 2233 930 3848 1008; baseline 0.006 -23"><span class='ocrx_word' id='word_1_183' title='bbox 2233 930 2413 997; x_wconf 91' lang='lat' dir='ltr'><strong>nime;</strong></span> <span class='ocrx_word' id='word_1_184' title='bbox 2442 933 2534 986; x_wconf 91' lang='lat' dir='ltr'><strong>sed</strong></span> <span class='ocrx_word' id='word_1_185' title='bbox 2566 932 2617 987; x_wconf 90' lang='lat' dir='ltr'><strong>in</strong></span> <span class='ocrx_word' id='word_1_186' title='bbox 2657 944 2717 988; x_wconf 86' lang='lat' dir='ltr'><strong>ea</strong></span> <span class='ocrx_word' id='word_1_187' title='bbox 2746 934 3038 1004; x_wconf 87' lang='lat' dir='ltr'><strong>pertinacia</strong></span> <span class='ocrx_word' id='word_1_188' title='bbox 3077 938 3522 1008; x_wconf 65' lang='lat' dir='ltr'><strong>prmsnmptionis</strong></span> <span class='ocrx_word' id='word_1_189' title='bbox 3554 954 3664 993; x_wconf 50' lang='lat' dir='ltr'><strong>suat</strong></span> <span class='ocrx_word' id='word_1_190' title='bbox 3690 941 3848 995; x_wconf 78' lang='lat' dir='ltr'><strong>inte-</strong></span> 
     </span>
    </p>
   </div>
   <div class='ocr_carea' id='block_1_25' title="bbox 2234 1022 3854 1100">
    <p class='ocr_par' dir='ltr' id='par_1_25' title="bbox 2234 1022 3854 1100">
     <span class='ocr_line' id='line_1_25' title="bbox 2234 1022 3854 1100; baseline 0.007 -23"><span class='ocrx_word' id='word_1_191' title='bbox 2234 1024 2384 1078; x_wconf 88' lang='lat' dir='ltr'><strong>nitur</strong></span> <span class='ocrx_word' id='word_1_192' title='bbox 2415 1026 2611 1080; x_wconf 89' lang='lat' dir='ltr'><strong>mortis</strong></span> <span class='ocrx_word' id='word_1_193' title='bbox 2640 1027 2956 1097; x_wconf 85' lang='lat' dir='ltr'><strong>suscepisse</strong></span> <span class='ocrx_word' id='word_1_194' title='bbox 2985 1027 3152 1083; x_wconf 89' lang='lat' dir='ltr'><strong>dicm.</strong></span> <span class='ocrx_word' id='word_1_195' title='bbox 3180 1022 3296 1082; x_wconf 78' lang='lat' dir='ltr'><strong>Non</strong></span> <span class='ocrx_word' id='word_1_196' title='bbox 3321 1044 3451 1100; x_wconf 87' lang='lat' dir='ltr'><strong>ergo</strong></span> <span class='ocrx_word' id='word_1_197' title='bbox 3478 1031 3665 1086; x_wconf 78' lang='lat' dir='ltr'><strong>mirati</strong></span> <span class='ocrx_word' id='word_1_198' title='bbox 3691 1042 3854 1100; x_wconf 79' lang='lat' dir='ltr'><strong>pote-</strong></span> 
     </span>
    </p>
   </div>
   <div class='ocr_carea' id='block_1_26' title="bbox 2233 1116 3848 1189">
    <p class='ocr_par' dir='ltr' id='par_1_26' title="bbox 2233 1116 3848 1189">
     <span class='ocr_line' id='line_1_26' title="bbox 2233 1116 3848 1189; baseline 0.004 -19"><span class='ocrx_word' id='word_1_199' title='bbox 2233 1116 2449 1183; x_wconf 84' lang='lat' dir='ltr'><strong>rlmus,</strong></span> <span class='ocrx_word' id='word_1_200' title='bbox 2500 1117 2543 1173; x_wconf 93' lang='lat' dir='ltr'><strong>si</strong></span> <span class='ocrx_word' id='word_1_201' title='bbox 2585 1117 2732 1189; x_wconf 91' lang='lat' dir='ltr'><strong>quod</strong></span> <span class='ocrx_word' id='word_1_202' title='bbox 2794 1121 2935 1176; x_wconf 88' lang='lat' dir='ltr'><strong>Deus</strong></span> <span class='ocrx_word' id='word_1_203' title='bbox 2966 1130 3182 1175; x_wconf 76' lang='lat' dir='ltr'><strong>avertat</strong></span> <span class='ocrx_word' id='word_1_204' title='bbox 3228 1136 3257 1176; x_wconf 89' lang='lat' dir='ltr'><strong>a</strong></span> <span class='ocrx_word' id='word_1_205' title='bbox 3313 1131 3384 1188; x_wconf 91' lang='lat' dir='ltr'><strong>te,</strong></span> <span class='ocrx_word' id='word_1_206' title='bbox 3429 1124 3482 1177; x_wconf 87' lang='lat' dir='ltr'><strong>in</strong></span> <span class='ocrx_word' id='word_1_207' title='bbox 3508 1124 3706 1180; x_wconf 79' lang='lat' dir='ltr'><strong>ln&#39;eresi</strong></span> <span class='ocrx_word' id='word_1_208' title='bbox 3750 1135 3848 1179; x_wconf 84' lang='lat' dir='ltr'><strong>tua</strong></span> 
     </span>
    </p>
   </div>
   <div class='ocr_carea' id='block_1_27' title="bbox 2234 1209 3849 1286">
    <p class='ocr_par' dir='ltr' id='par_1_27' title="bbox 2234 1209 3849 1286">
     <span class='ocr_line' id='line_1_27' title="bbox 2234 1209 3849 1286; baseline 0.005 -23"><span class='ocrx_word' id='word_1_209' title='bbox 2234 1209 2518 1274; x_wconf 80' lang='lat' dir='ltr'><strong>censueris</strong></span> <span class='ocrx_word' id='word_1_210' title='bbox 2567 1211 2758 1266; x_wconf 91' lang='lat' dir='ltr'><strong>mortis</strong></span> <span class='ocrx_word' id='word_1_211' title='bbox 2814 1212 2960 1268; x_wconf 88' lang='lat' dir='ltr'><strong>diem</strong></span> <span class='ocrx_word' id='word_1_212' title='bbox 3014 1213 3344 1283; x_wconf 83' lang='lat' dir='ltr'><strong>suScipere.</strong></span> <span class='ocrx_word' id='word_1_213' title='bbox 3394 1216 3849 1286; x_wconf 82' lang='lat' dir='ltr'><strong>quandoquidem</strong></span> 
     </span>
    </p>
   </div>
   <div class='ocr_carea' id='block_1_28' title="bbox 2233 1304 3857 1380">
    <p class='ocr_par' dir='ltr' id='par_1_28' title="bbox 2233 1304 3857 1380">
     <span class='ocr_line' id='line_1_28' title="bbox 2233 1304 3857 1380; baseline 0.005 -22"><span class='ocrx_word' id='word_1_214' title='bbox 2233 1304 2396 1358; x_wconf 85' lang='lat' dir='ltr'><strong>etiam</strong></span> <span class='ocrx_word' id='word_1_215' title='bbox 2430 1304 2606 1374; x_wconf 82' lang='lat' dir='ltr'><strong>signis</strong></span> <span class='ocrx_word' id='word_1_216' title='bbox 2629 1321 2693 1360; x_wconf 82' lang='lat' dir='ltr'><strong>uc</strong></span> <span class='ocrx_word' id='word_1_217' title='bbox 2725 1306 2988 1377; x_wconf 87' lang='lat' dir='ltr'><strong>prodigiis</strong></span> <span class='ocrx_word' id='word_1_218' title='bbox 3018 1320 3126 1363; x_wconf 89' lang='lat' dir='ltr'><strong>non</strong></span> <span class='ocrx_word' id='word_1_219' title='bbox 3162 1309 3441 1379; x_wconf 74' lang='lat' dir='ltr'><strong>patuerint</strong></span> <span class='ocrx_word' id='word_1_220' title='bbox 3474 1310 3685 1380; x_wconf 77' lang='lat' dir='ltr'><strong>priores</strong></span> <span class='ocrx_word' id='word_1_221' title='bbox 3714 1324 3857 1367; x_wconf 86' lang='lat' dir='ltr'><strong>con-</strong></span> 
     </span>
    </p>
   </div>
   <div class='ocr_carea' id='block_1_29' title="bbox 2233 1395 3855 1466">
    <p class='ocr_par' dir='ltr' id='par_1_29' title="bbox 2233 1395 3855 1466">
     <span class='ocr_line' id='line_1_29' title="bbox 2233 1395 3855 1466; baseline 0.007 -17"><span class='ocrx_word' id='word_1_222' title='bbox 2233 1395 2485 1466; x_wconf 73' lang='lat' dir='ltr'><strong>sttcrilegi</strong></span> <span class='ocrx_word' id='word_1_223' title='bbox 2519 1395 2593 1451; x_wconf 91' lang='lat' dir='ltr'><strong>tui</strong></span> <span class='ocrx_word' id='word_1_224' title='bbox 2623 1397 2875 1453; x_wconf 77' lang='lat' dir='ltr'><strong>revocari</strong></span> <span class='ocrx_word' id='word_1_225' title='bbox 2906 1399 2973 1453; x_wconf 86' lang='lat' dir='ltr'><strong>ad</strong></span> <span class='ocrx_word' id='word_1_226' title='bbox 3004 1399 3181 1454; x_wconf 91' lang='lat' dir='ltr'><strong>solum</strong></span> <span class='ocrx_word' id='word_1_227' title='bbox 3219 1400 3389 1456; x_wconf 87' lang='lat' dir='ltr'><strong>Deum</strong></span> <span class='ocrx_word' id='word_1_228' title='bbox 3417 1401 3727 1457; x_wconf 90' lang='lat' dir='ltr'><strong>colendum.</strong></span> <span class='ocrx_word' id='word_1_229' title='bbox 3760 1403 3855 1460; x_wconf 86' lang='lat' dir='ltr'><strong>Di-</strong></span> 
     </span>
    </p>
   </div>
   <div class='ocr_carea' id='block_1_30' title="bbox 2233 1486 3849 1566">
    <p class='ocr_par' dir='ltr' id='par_1_30' title="bbox 2233 1486 3849 1566">
     <span class='ocr_line' id='line_1_30' title="bbox 2233 1486 3849 1566; baseline 0.006 -26"><span class='ocrx_word' id='word_1_230' title='bbox 2233 1488 2308 1541; x_wconf 89' lang='lat' dir='ltr'><strong>cit</strong></span> <span class='ocrx_word' id='word_1_231' title='bbox 2333 1488 2478 1541; x_wconf 89' lang='lat' dir='ltr'><strong>enim</strong></span> <span class='ocrx_word' id='word_1_232' title='bbox 2510 1488 2578 1543; x_wconf 93' lang='lat' dir='ltr'><strong>de</strong></span> <span class='ocrx_word' id='word_1_233' title='bbox 2608 1486 2940 1545; x_wconf 77' lang='lat' dir='ltr'><strong>Hieroboam</strong></span> <span class='ocrx_word' id='word_1_234' title='bbox 2979 1501 3167 1547; x_wconf 86' lang='lat' dir='ltr'><strong>sancta</strong></span> <span class='ocrx_word' id='word_1_235' title='bbox 3197 1492 3466 1561; x_wconf 87' lang='lat' dir='ltr'><strong>scriptura</strong></span> <span class='ocrx_word' id='word_1_236' title='bbox 3518 1491 3680 1566; x_wconf 84' lang='lat' dir='ltr'><strong>(Ibid.</strong></span> <span class='ocrx_word' id='word_1_237' title='bbox 3706 1495 3801 1563; x_wconf 84' lang='grc'><strong>55)</strong></span> <span class='ocrx_word' id='word_1_238' title='bbox 3836 1514 3849 1549; x_wconf 88' lang='lat'><strong>:</strong></span> 
     </span>
    </p>
   </div>
   <div class='ocr_carea' id='block_1_31' title="bbox 2235 1577 3849 1653">
    <p class='ocr_par' dir='ltr' id='par_1_31' title="bbox 2235 1577 3849 1653">
     <span class='ocr_line' id='line_1_31' title="bbox 2235 1577 3849 1653; baseline 0.006 -21"><span class='ocrx_word' id='word_1_239' title='bbox 2235 1577 2306 1632; x_wconf 84' lang='lat' dir='ltr'><strong>Et</strong></span> <span class='ocrx_word' id='word_1_240' title='bbox 2326 1589 2441 1651; x_wconf 88' lang='lat' dir='ltr'><strong>post</strong></span> <span class='ocrx_word' id='word_1_241' title='bbox 2469 1580 2566 1633; x_wconf 90' lang='lat' dir='ltr'><strong>hoc</strong></span> <span class='ocrx_word' id='word_1_242' title='bbox 2590 1596 2693 1635; x_wconf 90' lang='lat' dir='ltr'><strong>non</strong></span> <span class='ocrx_word' id='word_1_243' title='bbox 2726 1590 2802 1636; x_wconf 84' lang='lat' dir='ltr'><strong>est</strong></span> <span class='ocrx_word' id='word_1_244' title='bbox 2826 1597 3065 1637; x_wconf 73' lang='lat' dir='ltr'><strong>reversus</strong></span> <span class='ocrx_word' id='word_1_245' title='bbox 3094 1581 3385 1639; x_wconf 86' lang='lat' dir='ltr'><strong>Hieroboas</strong></span> <span class='ocrx_word' id='word_1_246' title='bbox 3416 1598 3447 1638; x_wconf 82' lang='grc' dir='ltr'>(ι</span> <span class='ocrx_word' id='word_1_247' title='bbox 3492 1586 3693 1641; x_wconf 85' lang='lat' dir='ltr'><strong>malitia</strong></span> <span class='ocrx_word' id='word_1_248' title='bbox 3719 1603 3849 1653; x_wconf 87' lang='lat' dir='ltr'><strong>sua,</strong></span> 
     </span>
    </p>
   </div>
   <div class='ocr_carea' id='block_1_32' title="bbox 2234 1672 3852 1744">
    <p class='ocr_par' dir='ltr' id='par_1_32' title="bbox 2234 1672 3852 1744">
     <span class='ocr_line' id='line_1_32' title="bbox 2234 1672 3852 1744; baseline 0.007 -22"><span class='ocrx_word' id='word_1_249' title='bbox 2234 1672 2323 1725; x_wconf 88' lang='lat' dir='ltr'><strong>sed</strong></span> <span class='ocrx_word' id='word_1_250' title='bbox 2345 1686 2579 1726; x_wconf 83' lang='lat' dir='ltr'><strong>reversus</strong></span> <span class='ocrx_word' id='word_1_251' title='bbox 2602 1682 2627 1720; x_wconf 69' lang='grc' dir='ltr'><em>ε</em></span> <span class='ocrx_word' id='word_1_252' title='bbox 2657 1684 2751 1736; x_wconf 89' lang='lat' dir='ltr'><strong>est,</strong></span> <span class='ocrx_word' id='word_1_253' title='bbox 2776 1683 2825 1728; x_wconf 90' lang='lat' dir='ltr'><strong>et</strong></span> <span class='ocrx_word' id='word_1_254' title='bbox 2844 1674 2965 1743; x_wconf 78' lang='lat' dir='ltr'><strong>fecit</strong></span> <span class='ocrx_word' id='word_1_255' title='bbox 2987 1690 3052 1729; x_wconf 76' lang='lat' dir='ltr'><strong>ea:</strong></span> <span class='ocrx_word' id='word_1_256' title='bbox 3074 1685 3218 1744; x_wconf 84' lang='lat' dir='ltr'><strong>parte</strong></span> <span class='ocrx_word' id='word_1_257' title='bbox 3238 1676 3420 1743; x_wconf 83' lang='lat' dir='ltr'><strong>populi</strong></span> <span class='ocrx_word' id='word_1_258' title='bbox 3443 1679 3733 1732; x_wconf 81' lang='lat' dir='ltr'><strong>sacerdotes</strong></span> <span class='ocrx_word' id='word_1_259' title='bbox 3753 1696 3852 1733; x_wconf 64' lang='lat' dir='ltr'><strong>emo</strong></span> 
     </span>
    </p>
   </div>
   <div class='ocr_carea' id='block_1_33' title="bbox 528 1764 2130 1851">
    <p class='ocr_par' dir='ltr' id='par_1_33' title="bbox 528 1772 2127 1851">
     <span class='ocr_line' id='line_1_33' title="bbox 528 1772 2127 1851; baseline -0.004 -16"><span class='ocrx_word' id='word_1_260' title='bbox 528 1778 590 1836; x_wconf 89' lang='lat' dir='ltr'><strong>Si</strong></span> <span class='ocrx_word' id='word_1_261' title='bbox 620 1779 835 1851; x_wconf 76' lang='lat' dir='ltr'><strong>fuissem</strong></span> <span class='ocrx_word' id='word_1_262' title='bbox 859 1778 1156 1841; x_wconf 74' lang='lat' dir='ltr'><strong>hazreticus,</strong></span> <span class='ocrx_word' id='word_1_263' title='bbox 1187 1776 1231 1828; x_wconf 93' lang='lat' dir='ltr'><strong>si</strong></span> <span class='ocrx_word' id='word_1_264' title='bbox 1254 1786 1307 1829; x_wconf 88' lang='lat' dir='ltr'><strong>ut</strong></span> <span class='ocrx_word' id='word_1_265' title='bbox 1336 1775 1511 1827; x_wconf 89' lang='lat' dir='ltr'><strong>dicunt</strong></span> <span class='ocrx_word' id='word_1_266' title='bbox 1541 1772 1773 1843; x_wconf 76' lang='lat' dir='ltr'><strong>Lucifer,</strong></span> <span class='ocrx_word' id='word_1_267' title='bbox 1811 1773 2127 1828; x_wconf 87' lang='lat' dir='ltr'><strong>Pancratius</strong></span> 
     </span>
    </p>
   </div>
   <div class='ocr_carea' id='block_1_34' title="bbox 2237 1764 3851 1851">
    <p class='ocr_par' dir='ltr' id='par_1_34' title="bbox 2237 1764 3851 1838">
     <span class='ocr_line' id='line_1_34' title="bbox 2237 1764 3851 1838; baseline 0.005 -23"><span class='ocrx_word' id='word_1_268' title='bbox 2237 1764 2511 1817; x_wconf 86' lang='lat' dir='ltr'><strong>celsorum.</strong></span> <span class='ocrx_word' id='word_1_269' title='bbox 2547 1764 2649 1829; x_wconf 81' lang='lat' dir='ltr'><strong>Qui</strong></span> <span class='ocrx_word' id='word_1_270' title='bbox 2673 1765 2809 1819; x_wconf 80' lang='lat' dir='ltr'><strong>enim</strong></span> <span class='ocrx_word' id='word_1_271' title='bbox 2841 1765 3061 1832; x_wconf 83' lang='lat' dir='ltr'><strong>volebat,</strong></span> <span class='ocrx_word' id='word_1_272' title='bbox 3093 1765 3350 1822; x_wconf 87' lang='lat' dir='ltr'><strong>allevabat</strong></span> <span class='ocrx_word' id='word_1_273' title='bbox 3379 1766 3407 1805; x_wconf 67' lang='grc' dir='ltr'>ι’</span> <span class='ocrx_word' id='word_1_274' title='bbox 3435 1785 3643 1824; x_wconf 88' lang='lat' dir='ltr'><strong>manum</strong></span> <span class='ocrx_word' id='word_1_275' title='bbox 3664 1786 3812 1825; x_wconf 86' lang='lat' dir='ltr'><strong>suam</strong></span> <span class='ocrx_word' id='word_1_276' title='bbox 3834 1812 3851 1838; x_wconf 89' lang='lat'><strong>,</strong></span> 
     </span>
    </p>
   </div>
   <div class='ocr_carea' id='block_1_35' title="bbox 527 1866 2136 1939">
    <p class='ocr_par' dir='ltr' id='par_1_35' title="bbox 527 1866 2136 1939">
     <span class='ocr_line' id='line_1_35' title="bbox 527 1866 2136 1939; baseline -0.002 -13"><span class='ocrx_word' id='word_1_277' title='bbox 527 1884 574 1926; x_wconf 90' lang='lat' dir='ltr'><strong>et</strong></span> <span class='ocrx_word' id='word_1_278' title='bbox 612 1868 855 1926; x_wconf 79' lang='lat' dir='ltr'><strong>Hilarius</strong></span> <span class='ocrx_word' id='word_1_279' title='bbox 875 1868 924 1934; x_wconf 70' lang='grc' dir='ltr'><strong>ι),</strong></span> <span class='ocrx_word' id='word_1_280' title='bbox 961 1866 1058 1923; x_wconf 88' lang='lat' dir='ltr'><strong>Dei</strong></span> <span class='ocrx_word' id='word_1_281' title='bbox 1086 1869 1448 1938; x_wconf 88' lang='lat' dir='ltr'><strong>impugnarem</strong></span> <span class='ocrx_word' id='word_1_282' title='bbox 1480 1867 1804 1938; x_wconf 79' lang='lat' dir='ltr'><strong>religionem,</strong></span> <span class='ocrx_word' id='word_1_283' title='bbox 1828 1868 1943 1939; x_wconf 86' lang='lat' dir='ltr'><strong>jam</strong></span> <span class='ocrx_word' id='word_1_284' title='bbox 1974 1868 2026 1920; x_wconf 89' lang='lat' dir='ltr'><strong>in</strong></span> <span class='ocrx_word' id='word_1_285' title='bbox 2056 1883 2136 1922; x_wconf 92' lang='lat' dir='ltr'><strong>me</strong></span> 
     </span>
    </p>
   </div>
   <div class='ocr_carea' id='block_1_36' title="bbox 526 1958 2131 2032">
    <p class='ocr_par' dir='ltr' id='par_1_36' title="bbox 526 1958 2131 2032">
     <span class='ocr_line' id='line_1_36' title="bbox 526 1958 2131 2032; baseline -0.001 -15"><span class='ocrx_word' id='word_1_286' title='bbox 526 1964 708 2032; x_wconf 82' lang='lat' dir='ltr'><strong>fuisset</strong></span> <span class='ocrx_word' id='word_1_287' title='bbox 736 1960 1097 2016; x_wconf 83' lang='lat' dir='ltr'><strong>vindicatum?</strong></span> <span class='ocrx_word' id='word_1_288' title='bbox 1118 1961 1323 2029; x_wconf 83' lang='lat' dir='ltr'><strong>Accipe</strong></span> <span class='ocrx_word' id='word_1_289' title='bbox 1348 1959 1528 2014; x_wconf 85' lang='lat' dir='ltr'><strong>adhuc</strong></span> <span class='ocrx_word' id='word_1_290' title='bbox 1558 1959 1688 2029; x_wconf 81' lang='lat' dir='ltr'><strong>quid</strong></span> <span class='ocrx_word' id='word_1_291' title='bbox 1724 1958 1850 2013; x_wconf 85' lang='lat' dir='ltr'><strong>huic</strong></span> <span class='ocrx_word' id='word_1_292' title='bbox 1880 1961 2131 2030; x_wconf 84' lang='lat' dir='ltr'><strong>contige-</strong></span> 
     </span>
    </p>
   </div>
   <div class='ocr_carea' id='block_1_37' title="bbox 524 2049 2135 2124">
    <p class='ocr_par' dir='ltr' id='par_1_37' title="bbox 524 2049 2135 2124">
     <span class='ocr_line' id='line_1_37' title="bbox 524 2049 2135 2124; baseline -0.003 -14"><span class='ocrx_word' id='word_1_293' title='bbox 524 2058 597 2111; x_wconf 86' lang='lat' dir='ltr'><strong>rit</strong></span> <span class='ocrx_word' id='word_1_294' title='bbox 620 2055 950 2110; x_wconf 84' lang='lat' dir='ltr'><strong>llieroboam</strong></span> <span class='ocrx_word' id='word_1_295' title='bbox 985 2052 1122 2124; x_wconf 88' lang='lat' dir='ltr'><strong>regi,</strong></span> <span class='ocrx_word' id='word_1_296' title='bbox 1152 2060 1208 2107; x_wconf 90' lang='lat' dir='ltr'><strong>et</strong></span> <span class='ocrx_word' id='word_1_297' title='bbox 1240 2060 1421 2107; x_wconf 89' lang='lat' dir='ltr'><strong>tamen</strong></span> <span class='ocrx_word' id='word_1_298' title='bbox 1449 2049 1729 2120; x_wconf 86' lang='lat' dir='ltr'><strong>quomodo</strong></span> <span class='ocrx_word' id='word_1_299' title='bbox 1766 2067 1866 2106; x_wconf 89' lang='lat' dir='ltr'><strong>nec</strong></span> <span class='ocrx_word' id='word_1_300' title='bbox 1891 2052 1970 2106; x_wconf 88' lang='lat' dir='ltr'><strong>sic</strong></span> <span class='ocrx_word' id='word_1_301' title='bbox 2000 2066 2135 2107; x_wconf 84' lang='lat' dir='ltr'><strong>con-</strong></span> 
     </span>
    </p>
   </div>
   <div class='ocr_carea' id='block_1_38' title="bbox 525 2144 2136 2214">
    <p class='ocr_par' dir='ltr' id='par_1_38' title="bbox 525 2144 2136 2214">
     <span class='ocr_line' id='line_1_38' title="bbox 525 2144 2136 2214; baseline -0.004 -8"><span class='ocrx_word' id='word_1_302' title='bbox 525 2158 772 2206; x_wconf 83' lang='lat' dir='ltr'><strong>vertatur</strong></span> <span class='ocrx_word' id='word_1_303' title='bbox 801 2147 869 2202; x_wconf 90' lang='lat' dir='ltr'><strong>ad</strong></span> <span class='ocrx_word' id='word_1_304' title='bbox 920 2146 1115 2213; x_wconf 89' lang='lat' dir='ltr'><strong>Deum,</strong></span> <span class='ocrx_word' id='word_1_305' title='bbox 1164 2145 1260 2201; x_wconf 89' lang='lat' dir='ltr'><strong>sed</strong></span> <span class='ocrx_word' id='word_1_306' title='bbox 1307 2144 1478 2214; x_wconf 85' lang='lat' dir='ltr'><strong>magis</strong></span> <span class='ocrx_word' id='word_1_307' title='bbox 1526 2145 1578 2198; x_wconf 91' lang='lat' dir='ltr'><strong>in</strong></span> <span class='ocrx_word' id='word_1_308' title='bbox 1626 2158 1725 2198; x_wconf 87' lang='lat' dir='ltr'><strong>suo</strong></span> <span class='ocrx_word' id='word_1_309' title='bbox 1769 2158 2136 2214; x_wconf 84' lang='lat' dir='ltr'><strong>perseverans</strong></span> 
     </span>
    </p>
   </div>
   <div class='ocr_carea' id='block_1_39' title="bbox 526 2234 2134 2307">
    <p class='ocr_par' dir='ltr' id='par_1_39' title="bbox 526 2234 2134 2307">
     <span class='ocr_line' id='line_1_39' title="bbox 526 2234 2134 2307; baseline -0.002 -13"><span class='ocrx_word' id='word_1_310' title='bbox 526 2246 777 2294; x_wconf 88' lang='lat' dir='ltr'><strong>mortuus</strong></span> <span class='ocrx_word' id='word_1_311' title='bbox 807 2238 970 2293; x_wconf 79' lang='lat' dir='ltr'><strong>fuerit</strong></span> <span class='ocrx_word' id='word_1_312' title='bbox 1011 2236 1259 2298; x_wconf 90' lang='lat' dir='ltr'><strong>scelere.</strong></span> <span class='ocrx_word' id='word_1_313' title='bbox 1292 2235 1345 2290; x_wconf 89' lang='lat' dir='ltr'><strong>in</strong></span> <span class='ocrx_word' id='word_1_314' title='bbox 1398 2249 1501 2290; x_wconf 92' lang='lat' dir='ltr'><strong>suo</strong></span> <span class='ocrx_word' id='word_1_315' title='bbox 1545 2234 1813 2290; x_wconf 85' lang='lat' dir='ltr'><strong>defecerit</strong></span> <span class='ocrx_word' id='word_1_316' title='bbox 1840 2234 2134 2307; x_wconf 84' lang='lat' dir='ltr'><strong>sacrilegio</strong></span> 
     </span>
    </p>
   </div>
   <div class='ocr_carea' id='block_1_40' title="bbox 526 2327 2137 2408">
    <p class='ocr_par' dir='ltr' id='par_1_40' title="bbox 526 2327 2137 2408">
     <span class='ocr_line' id='line_1_40' title="bbox 526 2327 2137 2408; baseline -0.002 -21"><span class='ocrx_word' id='word_1_317' title='bbox 526 2332 691 2408; x_wconf 90' lang='lat' dir='ltr'><strong>(Ibid.</strong></span> <span class='ocrx_word' id='word_1_318' title='bbox 721 2348 817 2401; x_wconf 86' lang='lat' dir='ltr'><strong>xtl,</strong></span> <span class='ocrx_word' id='word_1_319' title='bbox 836 2332 932 2403; x_wconf 68' lang='lat'><strong>&#39;5&#39;!)</strong></span> <span class='ocrx_word' id='word_1_320' title='bbox 951 2349 963 2386; x_wconf 85' lang='lat'><strong>:</strong></span> <span class='ocrx_word' id='word_1_321' title='bbox 982 2330 1047 2385; x_wconf 87' lang='lat' dir='ltr'><strong>Et</strong></span> <span class='ocrx_word' id='word_1_322' title='bbox 1065 2327 1511 2403; x_wconf 80' lang='lat' dir='ltr'><strong>fecitHieroboam</strong></span> <span class='ocrx_word' id='word_1_323' title='bbox 1530 2328 1665 2382; x_wconf 88' lang='lat' dir='ltr'><strong>diem</strong></span> <span class='ocrx_word' id='word_1_324' title='bbox 1679 2332 1864 2399; x_wconf 78' lang='lat' dir='ltr'><strong>festum</strong></span> <span class='ocrx_word' id='word_1_325' title='bbox 1885 2329 1935 2381; x_wconf 90' lang='lat' dir='ltr'><strong>in</strong></span> <span class='ocrx_word' id='word_1_326' title='bbox 1961 2344 2137 2383; x_wconf 86' lang='lat' dir='ltr'><strong>mense</strong></span> 
     </span>
    </p>
   </div>
   <div class='ocr_carea' id='block_1_41' title="bbox 526 2420 2134 2496">
    <p class='ocr_par' dir='ltr' id='par_1_41' title="bbox 526 2420 2134 2496">
     <span class='ocr_line' id='line_1_41' title="bbox 526 2420 2134 2496; baseline -0.004 -15"><span class='ocrx_word' id='word_1_327' title='bbox 526 2437 703 2481; x_wconf 83' lang='lat' dir='ltr'><strong>octavo</strong></span> <span class='ocrx_word' id='word_1_328' title='bbox 726 2426 780 2479; x_wconf 89' lang='lat' dir='ltr'><strong>in</strong></span> <span class='ocrx_word' id='word_1_329' title='bbox 804 2424 889 2479; x_wconf 88' lang='lat' dir='ltr'><strong>die</strong></span> <span class='ocrx_word' id='word_1_330' title='bbox 909 2426 1038 2496; x_wconf 82' lang='lat' dir='ltr'><strong>[esto</strong></span> <span class='ocrx_word' id='word_1_331' title='bbox 1054 2421 1441 2493; x_wconf 81' lang='lat' dir='ltr'><strong>quintadecimo</strong></span> <span class='ocrx_word' id='word_1_332' title='bbox 1474 2421 1665 2476; x_wconf 79' lang='lat' dir='ltr'><strong>mensis</strong></span> <span class='ocrx_word' id='word_1_333' title='bbox 1683 2422 1965 2475; x_wconf 89' lang='lat' dir='ltr'><strong>secundum</strong></span> <span class='ocrx_word' id='word_1_334' title='bbox 1996 2420 2134 2474; x_wconf 91' lang='lat' dir='ltr'><strong>diem</strong></span> 
     </span>
    </p>
   </div>
   <div class='ocr_carea' id='block_1_42' title="bbox 518 2514 2132 2591">
    <p class='ocr_par' dir='ltr' id='par_1_42' title="bbox 518 2514 2132 2591">
     <span class='ocr_line' id='line_1_42' title="bbox 518 2514 2132 2591; baseline -0.006 -14"><span class='ocrx_word' id='word_1_335' title='bbox 518 2522 714 2591; x_wconf 76' lang='lat' dir='ltr'><strong>festum</strong></span> <span class='ocrx_word' id='word_1_336' title='bbox 737 2518 882 2573; x_wconf 88' lang='lat' dir='ltr'><strong>Juda</strong></span> <span class='ocrx_word' id='word_1_337' title='bbox 908 2538 926 2573; x_wconf 90' lang='lat'><em>:</em></span> <span class='ocrx_word' id='word_1_338' title='bbox 965 2528 1013 2573; x_wconf 91' lang='lat' dir='ltr'><strong>et</strong></span> <span class='ocrx_word' id='word_1_339' title='bbox 1052 2516 1283 2571; x_wconf 82' lang='lat' dir='ltr'><strong>ascendit</strong></span> <span class='ocrx_word' id='word_1_340' title='bbox 1312 2517 1366 2570; x_wconf 87' lang='lat' dir='ltr'><strong>in</strong></span> <span class='ocrx_word' id='word_1_341' title='bbox 1403 2515 1722 2583; x_wconf 86' lang='lat' dir='ltr'><strong>sacri/icium</strong></span> <span class='ocrx_word' id='word_1_342' title='bbox 1749 2514 1888 2585; x_wconf 83' lang='lat' dir='ltr'><strong>quod</strong></span> <span class='ocrx_word' id='word_1_343' title='bbox 1922 2515 2043 2585; x_wconf 79' lang='lat' dir='ltr'><strong>fecit</strong></span> <span class='ocrx_word' id='word_1_344' title='bbox 2078 2514 2132 2568; x_wconf 90' lang='lat' dir='ltr'><strong>in</strong></span> 
     </span>
    </p>
   </div>
   <div class='ocr_carea' id='block_1_43' title="bbox 524 2606 2133 2681">
    <p class='ocr_par' dir='ltr' id='par_1_43' title="bbox 524 2606 2133 2681">
     <span class='ocr_line' id='line_1_43' title="bbox 524 2606 2133 2681; baseline -0.006 -12"><span class='ocrx_word' id='word_1_345' title='bbox 524 2612 727 2678; x_wconf 87' lang='lat' dir='ltr'><strong>Bethel,</strong></span> <span class='ocrx_word' id='word_1_346' title='bbox 753 2622 809 2668; x_wconf 89' lang='lat' dir='ltr'><strong>ut</strong></span> <span class='ocrx_word' id='word_1_347' title='bbox 828 2612 1179 2681; x_wconf 87' lang='lat' dir='ltr'><strong>sacriﬁcarent</strong></span> <span class='ocrx_word' id='word_1_348' title='bbox 1220 2621 1241 2648; x_wconf 78' lang='grc' dir='ltr'>ο</span> <span class='ocrx_word' id='word_1_349' title='bbox 1268 2608 1441 2663; x_wconf 86' lang='lat' dir='ltr'><strong>vitulis</strong></span> <span class='ocrx_word' id='word_1_350' title='bbox 1470 2623 1598 2678; x_wconf 88' lang='lat' dir='ltr'><strong>quas</strong></span> <span class='ocrx_word' id='word_1_351' title='bbox 1625 2608 1765 2678; x_wconf 75' lang='lat' dir='ltr'><strong>fecit,</strong></span> <span class='ocrx_word' id='word_1_352' title='bbox 1797 2616 1842 2660; x_wconf 91' lang='lat' dir='ltr'><strong>et</strong></span> <span class='ocrx_word' id='word_1_353' title='bbox 1865 2606 2133 2660; x_wconf 84' lang='lat' dir='ltr'><strong>constituit</strong></span> 
     </span>
    </p>
   </div>
   <div class='ocr_carea' id='block_1_44' title="bbox 528 2701 2132 2772">
    <p class='ocr_par' dir='ltr' id='par_1_44' title="bbox 528 2701 2132 2772">
     <span class='ocr_line' id='line_1_44' title="bbox 528 2701 2132 2772; baseline -0.004 -11"><span class='ocrx_word' id='word_1_354' title='bbox 528 2709 581 2763; x_wconf 88' lang='lat' dir='ltr'><strong>in</strong></span> <span class='ocrx_word' id='word_1_355' title='bbox 596 2706 777 2763; x_wconf 85' lang='lat' dir='ltr'><strong>Bethel</strong></span> <span class='ocrx_word' id='word_1_356' title='bbox 797 2705 1086 2762; x_wconf 84' lang='lat' dir='ltr'><strong>sacerdotes</strong></span> <span class='ocrx_word' id='word_1_357' title='bbox 1099 2706 1422 2760; x_wconf 67' lang='lat' dir='ltr'><strong>excelsornm</strong></span> <span class='ocrx_word' id='word_1_358' title='bbox 1441 2719 1567 2772; x_wconf 87' lang='lat' dir='ltr'><strong>quos</strong></span> <span class='ocrx_word' id='word_1_359' title='bbox 1581 2702 1735 2772; x_wconf 76' lang='lat' dir='ltr'><strong>fecit:</strong></span> <span class='ocrx_word' id='word_1_360' title='bbox 1758 2712 1804 2756; x_wconf 89' lang='lat' dir='ltr'><strong>et</strong></span> <span class='ocrx_word' id='word_1_361' title='bbox 1828 2702 2059 2755; x_wconf 82' lang='lat' dir='ltr'><strong>ascendit</strong></span> <span class='ocrx_word' id='word_1_362' title='bbox 2075 2701 2132 2754; x_wconf 91' lang='lat' dir='ltr'><strong>in</strong></span> 
     </span>
    </p>
   </div>
   <div class='ocr_carea' id='block_1_45' title="bbox 533 2794 2133 2869">
    <p class='ocr_par' dir='ltr' id='par_1_45' title="bbox 533 2794 2133 2869">
     <span class='ocr_line' id='line_1_45' title="bbox 533 2794 2133 2869; baseline -0.006 -13"><span class='ocrx_word' id='word_1_363' title='bbox 533 2800 821 2857; x_wconf 87' lang='lat' dir='ltr'><strong>sacrarium</strong></span> <span class='ocrx_word' id='word_1_364' title='bbox 850 2799 988 2869; x_wconf 87' lang='lat' dir='ltr'><strong>quod</strong></span> <span class='ocrx_word' id='word_1_365' title='bbox 1020 2798 1142 2869; x_wconf 79' lang='lat' dir='ltr'><strong>fecit</strong></span> <span class='ocrx_word' id='word_1_366' title='bbox 1162 2794 1546 2868; x_wconf 88' lang='lat' dir='ltr'><strong>quintodecimo</strong></span> <span class='ocrx_word' id='word_1_367' title='bbox 1568 2794 1652 2849; x_wconf 88' lang='lat' dir='ltr'><strong>die</strong></span> <span class='ocrx_word' id='word_1_368' title='bbox 1682 2810 1852 2848; x_wconf 84' lang='lat' dir='ltr'><strong>mense</strong></span> <span class='ocrx_word' id='word_1_369' title='bbox 1881 2803 2056 2848; x_wconf 91' lang='lat' dir='ltr'><strong>octavo</strong></span> <span class='ocrx_word' id='word_1_370' title='bbox 2078 2794 2133 2847; x_wconf 90' lang='lat' dir='ltr'><strong>in</strong></span> 
     </span>
    </p>
   </div>
   <div class='ocr_carea' id='block_1_46' title="bbox 527 2889 2132 2966">
    <p class='ocr_par' dir='ltr' id='par_1_46' title="bbox 527 2889 2132 2966">
     <span class='ocr_line' id='line_1_46' title="bbox 527 2889 2132 2966; baseline -0.006 -16"><span class='ocrx_word' id='word_1_371' title='bbox 527 2896 612 2950; x_wconf 86' lang='lat' dir='ltr'><strong>die</strong></span> <span class='ocrx_word' id='word_1_372' title='bbox 644 2898 776 2966; x_wconf 84' lang='lat' dir='ltr'><strong>[esto</strong></span> <span class='ocrx_word' id='word_1_373' title='bbox 797 2910 945 2965; x_wconf 89' lang='lat' dir='ltr'><strong>quem</strong></span> <span class='ocrx_word' id='word_1_374' title='bbox 984 2892 1134 2961; x_wconf 74' lang='lat' dir='ltr'><strong>ﬁnxit</strong></span> <span class='ocrx_word' id='word_1_375' title='bbox 1158 2912 1186 2944; x_wconf 76' lang='grc' dir='ltr'><em>α</em></span> <span class='ocrx_word' id='word_1_376' title='bbox 1210 2891 1363 2945; x_wconf 86' lang='lat' dir='ltr'><strong>corde</strong></span> <span class='ocrx_word' id='word_1_377' title='bbox 1392 2906 1518 2944; x_wconf 88' lang='lat' dir='ltr'><strong>suo:</strong></span> <span class='ocrx_word' id='word_1_378' title='bbox 1547 2899 1595 2943; x_wconf 88' lang='lat' dir='ltr'><strong>et</strong></span> <span class='ocrx_word' id='word_1_379' title='bbox 1636 2890 1754 2958; x_wconf 80' lang='lat' dir='ltr'><strong>fecit</strong></span> <span class='ocrx_word' id='word_1_380' title='bbox 1786 2889 1917 2942; x_wconf 88' lang='lat' dir='ltr'><strong>diem</strong></span> <span class='ocrx_word' id='word_1_381' title='bbox 1947 2890 2132 2959; x_wconf 81' lang='lat' dir='ltr'><strong>festum</strong></span> 
     </span>
    </p>
   </div>
   <div class='ocr_carea' id='block_1_47' title="bbox 531 2981 2136 3059">
    <p class='ocr_par' dir='ltr' id='par_1_47' title="bbox 531 2981 2136 3059">
     <span class='ocr_line' id='line_1_47' title="bbox 531 2981 2136 3059; baseline -0.004 -16"><span class='ocrx_word' id='word_1_382' title='bbox 531 2990 656 3059; x_wconf 86' lang='lat' dir='ltr'><strong>ﬁliis</strong></span> <span class='ocrx_word' id='word_1_383' title='bbox 678 2985 867 3053; x_wconf 78' lang='lat' dir='ltr'><strong>Israel,</strong></span> <span class='ocrx_word' id='word_1_384' title='bbox 901 2997 946 3041; x_wconf 92' lang='lat' dir='ltr'><strong>et</strong></span> <span class='ocrx_word' id='word_1_385' title='bbox 975 2984 1209 3039; x_wconf 85' lang='lat' dir='ltr'><strong>ascendit</strong></span> <span class='ocrx_word' id='word_1_386' title='bbox 1231 2986 1283 3037; x_wconf 91' lang='lat' dir='ltr'><strong>in</strong></span> <span class='ocrx_word' id='word_1_387' title='bbox 1306 2986 1590 3039; x_wconf 87' lang='lat' dir='ltr'><strong>sacrarium</strong></span> <span class='ocrx_word' id='word_1_388' title='bbox 1613 2995 1667 3037; x_wconf 90' lang='lat' dir='ltr'><strong>ut</strong></span> <span class='ocrx_word' id='word_1_389' title='bbox 1692 2984 2034 3055; x_wconf 88' lang='lat' dir='ltr'><strong>sacriﬁcaret.</strong></span> <span class='ocrx_word' id='word_1_390' title='bbox 2068 2981 2136 3036; x_wconf 84' lang='lat' dir='ltr'><strong>Et</strong></span> 
     </span>
    </p>
   </div>
   <div class='ocr_carea' id='block_1_48' title="bbox 529 3075 2138 3140">
    <p class='ocr_par' dir='ltr' id='par_1_48' title="bbox 529 3075 2138 3140">
     <span class='ocr_line' id='line_1_48' title="bbox 529 3075 2138 3140; baseline -0.007 0"><span class='ocrx_word' id='word_1_391' title='bbox 529 3100 644 3140; x_wconf 83' lang='lat' dir='ltr'><strong>ecce</strong></span> <span class='ocrx_word' id='word_1_392' title='bbox 664 3085 816 3137; x_wconf 87' lang='lat' dir='ltr'><strong>homo</strong></span> <span class='ocrx_word' id='word_1_393' title='bbox 839 3080 935 3135; x_wconf 88' lang='lat' dir='ltr'><strong>Dei</strong></span> <span class='ocrx_word' id='word_1_394' title='bbox 962 3097 1024 3136; x_wconf 72' lang='lat' dir='ltr'><strong>ea:</strong></span> <span class='ocrx_word' id='word_1_395' title='bbox 1042 3079 1077 3133; x_wconf 76' lang='grc' dir='ltr'><strong>«Ι</strong></span> <span class='ocrx_word' id='word_1_396' title='bbox 1085 3078 1189 3133; x_wconf 91' lang='lat' dir='ltr'><strong>uda</strong></span> <span class='ocrx_word' id='word_1_397' title='bbox 1217 3078 1422 3132; x_wconf 87' lang='lat' dir='ltr'><strong>advenit</strong></span> <span class='ocrx_word' id='word_1_398' title='bbox 1448 3079 1501 3132; x_wconf 88' lang='lat' dir='ltr'><strong>in</strong></span> <span class='ocrx_word' id='word_1_399' title='bbox 1523 3080 1674 3133; x_wconf 90' lang='lat' dir='ltr'><strong>verbo</strong></span> <span class='ocrx_word' id='word_1_400' title='bbox 1701 3077 1911 3132; x_wconf 84' lang='lat' dir='ltr'><strong>Domini</strong></span> <span class='ocrx_word' id='word_1_401' title='bbox 1948 3078 1999 3130; x_wconf 91' lang='lat' dir='ltr'><strong>in</strong></span> <span class='ocrx_word' id='word_1_402' title='bbox 2032 3075 2138 3130; x_wconf 88' lang='lat' dir='ltr'><strong>Be-</strong></span> 
     </span>
    </p>
   </div>
   <div class='ocr_carea' id='block_1_49' title="bbox 2238 1857 3857 1931">
    <p class='ocr_par' dir='ltr' id='par_1_49' title="bbox 2238 1857 3857 1931">
     <span class='ocr_line' id='line_1_49' title="bbox 2238 1857 3857 1931; baseline 0.004 -20"><span class='ocrx_word' id='word_1_403' title='bbox 2238 1867 2286 1911; x_wconf 88' lang='lat' dir='ltr'><strong>et</strong></span> <span class='ocrx_word' id='word_1_404' title='bbox 2309 1857 2462 1925; x_wconf 89' lang='lat' dir='ltr'><strong>ﬁebat</strong></span> <span class='ocrx_word' id='word_1_405' title='bbox 2485 1858 2729 1914; x_wconf 84' lang='lat' dir='ltr'><strong>sacerdos</strong></span> <span class='ocrx_word' id='word_1_406' title='bbox 2760 1859 2811 1913; x_wconf 86' lang='lat' dir='ltr'><strong>in</strong></span> <span class='ocrx_word' id='word_1_407' title='bbox 2842 1859 3080 1914; x_wconf 68' lang='lat' dir='ltr'><strong>excelsis.</strong></span> <span class='ocrx_word' id='word_1_408' title='bbox 3112 1857 3181 1913; x_wconf 87' lang='lat' dir='ltr'><strong>Et</strong></span> <span class='ocrx_word' id='word_1_409' title='bbox 3207 1863 3403 1931; x_wconf 78' lang='lat' dir='ltr'><strong>factum</strong></span> <span class='ocrx_word' id='word_1_410' title='bbox 3426 1872 3499 1915; x_wconf 86' lang='lat' dir='ltr'><strong>est</strong></span> <span class='ocrx_word' id='word_1_411' title='bbox 3528 1861 3625 1917; x_wconf 90' lang='lat' dir='ltr'><strong>hoc</strong></span> <span class='ocrx_word' id='word_1_412' title='bbox 3645 1864 3857 1918; x_wconf 80' lang='lat' dir='ltr'><strong>verbum</strong></span> 
     </span>
    </p>
   </div>
   <div class='ocr_carea' id='block_1_50' title="bbox 2237 1951 3856 2023">
    <p class='ocr_par' dir='ltr' id='par_1_50' title="bbox 2237 1951 3856 2023">
     <span class='ocr_line' id='line_1_50' title="bbox 2237 1951 3856 2023; baseline 0.005 -19"><span class='ocrx_word' id='word_1_413' title='bbox 2237 1952 2294 2005; x_wconf 86' lang='lat' dir='ltr'><strong>in</strong></span> <span class='ocrx_word' id='word_1_414' title='bbox 2326 1963 2590 2021; x_wconf 86' lang='lat' dir='ltr'><strong>peccatum</strong></span> <span class='ocrx_word' id='word_1_415' title='bbox 2618 1954 2671 2006; x_wconf 89' lang='lat' dir='ltr'><strong>in</strong></span> <span class='ocrx_word' id='word_1_416' title='bbox 2696 1954 2904 2007; x_wconf 89' lang='lat' dir='ltr'><strong>domum</strong></span> <span class='ocrx_word' id='word_1_417' title='bbox 2924 1951 3264 2017; x_wconf 84' lang='lat' dir='ltr'><strong>Hieroboam,</strong></span> <span class='ocrx_word' id='word_1_418' title='bbox 3285 1965 3329 2008; x_wconf 86' lang='lat' dir='ltr'><strong>et</strong></span> <span class='ocrx_word' id='word_1_419' title='bbox 3350 1955 3402 2009; x_wconf 91' lang='lat' dir='ltr'><strong>in</strong></span> <span class='ocrx_word' id='word_1_420' title='bbox 3421 1956 3771 2023; x_wconf 83' lang='lat' dir='ltr'><strong>interitum,et</strong></span> <span class='ocrx_word' id='word_1_421' title='bbox 3800 1958 3856 2012; x_wconf 84' lang='lat' dir='ltr'><strong>in</strong></span> 
     </span>
    </p>
   </div>
   <div class='ocr_carea' id='block_1_51' title="bbox 2236 2044 3857 2117">
    <p class='ocr_par' dir='ltr' id='par_1_51' title="bbox 2236 2044 3857 2117">
     <span class='ocr_line' id='line_1_51' title="bbox 2236 2044 3857 2117; baseline 0.005 -19"><span class='ocrx_word' id='word_1_422' title='bbox 2236 2044 2598 2098; x_wconf 68' lang='lat' dir='ltr'><strong>exterminium</strong></span> <span class='ocrx_word' id='word_1_423' title='bbox 2624 2062 2656 2098; x_wconf 89' lang='lat' dir='ltr'><strong>a</strong></span> <span class='ocrx_word' id='word_1_424' title='bbox 2685 2046 2818 2117; x_wconf 79' lang='lat' dir='ltr'><strong>facie</strong></span> <span class='ocrx_word' id='word_1_425' title='bbox 2851 2058 3020 2101; x_wconf 74' lang='lat' dir='ltr'><strong>term.</strong></span> <span class='ocrx_word' id='word_1_426' title='bbox 3050 2045 3183 2114; x_wconf 71' lang='lat' dir='ltr'><strong>Qua:</strong></span> <span class='ocrx_word' id='word_1_427' title='bbox 3214 2061 3284 2104; x_wconf 88' lang='lat' dir='ltr'><strong>ne</strong></span> <span class='ocrx_word' id='word_1_428' title='bbox 3308 2047 3570 2105; x_wconf 84' lang='lat' dir='ltr'><strong>dicantur</strong></span> <span class='ocrx_word' id='word_1_429' title='bbox 3596 2051 3759 2105; x_wconf 69' lang='lat' dir='ltr'><strong>etiam</strong></span> <span class='ocrx_word' id='word_1_430' title='bbox 3785 2050 3857 2106; x_wconf 88' lang='lat' dir='ltr'><strong>de</strong></span> 
     </span>
    </p>
   </div>
   <div class='ocr_carea' id='block_1_52' title="bbox 2239 2141 3858 2212">
    <p class='ocr_par' dir='ltr' id='par_1_52' title="bbox 2239 2141 3858 2212">
     <span class='ocr_line' id='line_1_52' title="bbox 2239 2141 3858 2212; baseline 0.006 -19"><span class='ocrx_word' id='word_1_431' title='bbox 2239 2148 2315 2207; x_wconf 89' lang='lat' dir='ltr'><strong>te,</strong></span> <span class='ocrx_word' id='word_1_432' title='bbox 2350 2152 2557 2210; x_wconf 76' lang='lat' dir='ltr'><strong>quteso,</strong></span> <span class='ocrx_word' id='word_1_433' title='bbox 2590 2148 2759 2196; x_wconf 89' lang='lat' dir='ltr'><strong>temet</strong></span> <span class='ocrx_word' id='word_1_434' title='bbox 2783 2141 2988 2211; x_wconf 86' lang='lat' dir='ltr'><strong>eripias</strong></span> <span class='ocrx_word' id='word_1_435' title='bbox 3015 2157 3043 2196; x_wconf 89' lang='lat' dir='ltr'><strong>a</strong></span> <span class='ocrx_word' id='word_1_436' title='bbox 3068 2141 3308 2197; x_wconf 81' lang='lat' dir='ltr'><strong>nefando</strong></span> <span class='ocrx_word' id='word_1_437' title='bbox 3332 2144 3659 2200; x_wconf 84' lang='lat' dir='ltr'><strong>Arianorum</strong></span> <span class='ocrx_word' id='word_1_438' title='bbox 3685 2155 3858 2212; x_wconf 70' lang='lat' dir='ltr'><strong>metu,</strong></span> 
     </span>
    </p>
   </div>
   <div class='ocr_carea' id='block_1_53' title="bbox 2234 2230 3859 2301">
    <p class='ocr_par' dir='ltr' id='par_1_53' title="bbox 2234 2230 3859 2301">
     <span class='ocr_line' id='line_1_53' title="bbox 2234 2230 3859 2301; baseline 0.006 -16"><span class='ocrx_word' id='word_1_439' title='bbox 2234 2246 2427 2301; x_wconf 44' lang='lat' dir='ltr'><strong>quasso</strong></span> <span class='ocrx_word' id='word_1_440' title='bbox 2448 2273 2461 2295; x_wconf 95' lang='lat'><strong>,</strong></span> <span class='ocrx_word' id='word_1_441' title='bbox 2496 2231 2574 2287; x_wconf 87' lang='lat' dir='ltr'><strong>sis</strong></span> <span class='ocrx_word' id='word_1_442' title='bbox 2605 2230 2954 2289; x_wconf 79' lang='lat' dir='ltr'><strong>Chrisdanus</strong></span> <span class='ocrx_word' id='word_1_443' title='bbox 2986 2244 3046 2288; x_wconf 94' lang='lat' dir='ltr'><strong>ut</strong></span> <span class='ocrx_word' id='word_1_444' title='bbox 3084 2244 3213 2290; x_wconf 88' lang='lat' dir='ltr'><strong>ante</strong></span> <span class='ocrx_word' id='word_1_445' title='bbox 3245 2249 3369 2291; x_wconf 87' lang='lat' dir='ltr'><strong>eras</strong></span> <span class='ocrx_word' id='word_1_446' title='bbox 3400 2251 3464 2291; x_wconf 81' lang='lat' dir='ltr'><strong>es</strong></span> <span class='ocrx_word' id='word_1_447' title='bbox 3494 2236 3719 2296; x_wconf 81' lang='lat' dir='ltr'><strong>Ariano.</strong></span> <span class='ocrx_word' id='word_1_448' title='bbox 3753 2253 3859 2294; x_wconf 88' lang='lat' dir='ltr'><strong>nec</strong></span> 
     </span>
    </p>
   </div>
   <div class='ocr_carea' id='block_1_54' title="bbox 2236 2325 3849 2403">
    <p class='ocr_par' dir='ltr' id='par_1_54' title="bbox 2236 2325 3849 2403">
     <span class='ocr_line' id='line_1_54' title="bbox 2236 2325 3849 2403; baseline 0.006 -24"><span class='ocrx_word' id='word_1_449' title='bbox 2236 2326 2396 2380; x_wconf 86' lang='lat' dir='ltr'><strong>nobis</strong></span> <span class='ocrx_word' id='word_1_450' title='bbox 2427 2325 2726 2396; x_wconf 85' lang='lat' dir='ltr'><strong>indigneris</strong></span> <span class='ocrx_word' id='word_1_451' title='bbox 2754 2326 2896 2397; x_wconf 81' lang='lat' dir='ltr'><strong>quod</strong></span> <span class='ocrx_word' id='word_1_452' title='bbox 2930 2338 3082 2383; x_wconf 92' lang='lat' dir='ltr'><strong>actus</strong></span> <span class='ocrx_word' id='word_1_453' title='bbox 3109 2338 3226 2384; x_wconf 74' lang='lat' dir='ltr'><strong>tuos</strong></span> <span class='ocrx_word' id='word_1_454' title='bbox 3256 2338 3309 2383; x_wconf 90' lang='lat' dir='ltr'><strong>et</strong></span> <span class='ocrx_word' id='word_1_455' title='bbox 3342 2328 3636 2386; x_wconf 69' lang='lat' dir='ltr'><strong>llierobom</strong></span> <span class='ocrx_word' id='word_1_456' title='bbox 3656 2348 3849 2403; x_wconf 74' lang='lat' dir='ltr'><strong>orque-</strong></span> 
     </span>
    </p>
   </div>
   <div class='ocr_carea' id='block_1_55' title="bbox 2242 2420 3861 2493">
    <p class='ocr_par' dir='ltr' id='par_1_55' title="bbox 2242 2420 3861 2493">
     <span class='ocr_line' id='line_1_55' title="bbox 2242 2420 3861 2493; baseline 0.007 -20"><span class='ocrx_word' id='word_1_457' title='bbox 2242 2434 2389 2473; x_wconf 86' lang='lat' dir='ltr'><strong>mus:</strong></span> <span class='ocrx_word' id='word_1_458' title='bbox 2420 2420 2517 2475; x_wconf 89' lang='lat' dir='ltr'><strong>sed</strong></span> <span class='ocrx_word' id='word_1_459' title='bbox 2551 2421 2726 2491; x_wconf 75' lang='lat' dir='ltr'><strong>magis</strong></span> <span class='ocrx_word' id='word_1_460' title='bbox 2755 2420 2987 2477; x_wconf 89' lang='lat' dir='ltr'><strong>obsecro</strong></span> <span class='ocrx_word' id='word_1_461' title='bbox 3030 2424 3343 2493; x_wconf 88' lang='lat' dir='ltr'><strong>conspicias</strong></span> <span class='ocrx_word' id='word_1_462' title='bbox 3393 2425 3491 2479; x_wconf 87' lang='lat' dir='ltr'><strong>bas</strong></span> <span class='ocrx_word' id='word_1_463' title='bbox 3530 2441 3726 2483; x_wconf 86' lang='lat' dir='ltr'><strong>omnes</strong></span> <span class='ocrx_word' id='word_1_464' title='bbox 3770 2431 3861 2484; x_wconf 87' lang='lat' dir='ltr'><strong>in-</strong></span> 
     </span>
    </p>
   </div>
   <div class='ocr_carea' id='block_1_56' title="bbox 2242 2516 3861 2592">
    <p class='ocr_par' dir='ltr' id='par_1_56' title="bbox 2242 2516 3861 2592">
     <span class='ocr_line' id='line_1_56' title="bbox 2242 2516 3861 2592; baseline 0.008 -25"><span class='ocrx_word' id='word_1_465' title='bbox 2242 2516 2582 2570; x_wconf 86' lang='lat' dir='ltr'><strong>slruclioncs</strong></span> <span class='ocrx_word' id='word_1_466' title='bbox 2614 2517 2794 2583; x_wconf 86' lang='lat' dir='ltr'><strong>potius</strong></span> <span class='ocrx_word' id='word_1_467' title='bbox 2826 2531 2988 2585; x_wconf 88' lang='lat' dir='ltr'><strong>quam</strong></span> <span class='ocrx_word' id='word_1_468' title='bbox 3021 2516 3429 2589; x_wconf 90' lang='lat' dir='ltr'><strong>increpationes</strong></span> <span class='ocrx_word' id='word_1_469' title='bbox 3459 2523 3861 2592; x_wconf 82' lang='lat' dir='ltr'><strong>tutucupandas</strong></span> 
     </span>
    </p>
   </div>
   <div class='ocr_carea' id='block_1_57' title="bbox 2254 2608 3857 2685">
    <p class='ocr_par' dir='ltr' id='par_1_57' title="bbox 2254 2608 3857 2685">
     <span class='ocr_line' id='line_1_57' title="bbox 2254 2608 3857 2685; baseline 0.007 -23"><span class='ocrx_word' id='word_1_470' title='bbox 2254 2608 2535 2677; x_wconf 76' lang='lat' dir='ltr'><strong>s05pitatis</strong></span> <span class='ocrx_word' id='word_1_471' title='bbox 2568 2619 2670 2664; x_wconf 69' lang='lat' dir='ltr'><strong>tum</strong></span> <span class='ocrx_word' id='word_1_472' title='bbox 2694 2625 2780 2665; x_wconf 93' lang='lat' dir='ltr'><strong>me</strong></span> <span class='ocrx_word' id='word_1_473' title='bbox 2799 2609 2947 2667; x_wconf 90' lang='lat' dir='ltr'><strong>bono</strong></span> <span class='ocrx_word' id='word_1_474' title='bbox 2978 2612 3246 2682; x_wconf 81' lang='lat' dir='ltr'><strong>ingerere.</strong></span> <span class='ocrx_word' id='word_1_475' title='bbox 3272 2612 3618 2685; x_wconf 85' lang='lat' dir='ltr'><strong>Compararis</strong></span> <span class='ocrx_word' id='word_1_476' title='bbox 3645 2618 3857 2673; x_wconf 88' lang='lat' dir='ltr'><strong>etenim</strong></span> 
     </span>
    </p>
   </div>
   <div class='ocr_carea' id='block_1_58' title="bbox 2243 2700 3862 2775">
    <p class='ocr_par' dir='ltr' id='par_1_58' title="bbox 2243 2700 3862 2775">
     <span class='ocr_line' id='line_1_58' title="bbox 2243 2700 3862 2775; baseline 0.007 -22"><span class='ocrx_word' id='word_1_477' title='bbox 2243 2716 2272 2753; x_wconf 89' lang='lat' dir='ltr'><strong>a</strong></span> <span class='ocrx_word' id='word_1_478' title='bbox 2308 2700 2464 2756; x_wconf 89' lang='lat' dir='ltr'><strong>nobis</strong></span> <span class='ocrx_word' id='word_1_479' title='bbox 2492 2701 2777 2759; x_wconf 81' lang='lat' dir='ltr'><strong>llieroboa:</strong></span> <span class='ocrx_word' id='word_1_480' title='bbox 2811 2703 3016 2759; x_wconf 89' lang='lat' dir='ltr'><strong>nostris</strong></span> <span class='ocrx_word' id='word_1_481' title='bbox 3045 2705 3405 2774; x_wconf 86' lang='lat' dir='ltr'><strong>temporibus,</strong></span> <span class='ocrx_word' id='word_1_482' title='bbox 3437 2708 3560 2775; x_wconf 82' lang='lat' dir='ltr'><strong>quia</strong></span> <span class='ocrx_word' id='word_1_483' title='bbox 3587 2707 3665 2763; x_wconf 88' lang='lat' dir='ltr'><strong>sic</strong></span> <span class='ocrx_word' id='word_1_484' title='bbox 3689 2724 3862 2765; x_wconf 84' lang='lat' dir='ltr'><strong>eune-</strong></span> 
     </span>
    </p>
   </div>
   <div class='ocr_carea' id='block_1_59' title="bbox 2240 2794 3859 2872">
    <p class='ocr_par' dir='ltr' id='par_1_59' title="bbox 2240 2794 3859 2872">
     <span class='ocr_line' id='line_1_59' title="bbox 2240 2794 3859 2872; baseline 0.007 -24"><span class='ocrx_word' id='word_1_485' title='bbox 2240 2804 2329 2848; x_wconf 89' lang='lat' dir='ltr'><strong>tos</strong></span> <span class='ocrx_word' id='word_1_486' title='bbox 2353 2808 2382 2847; x_wconf 92' lang='lat' dir='ltr'><strong>a</strong></span> <span class='ocrx_word' id='word_1_487' title='bbox 2415 2794 2524 2850; x_wconf 86' lang='lat' dir='ltr'><strong>Deo</strong></span> <span class='ocrx_word' id='word_1_488' title='bbox 2558 2796 2728 2852; x_wconf 81' lang='lat' dir='ltr'><strong>lueris</strong></span> <span class='ocrx_word' id='word_1_489' title='bbox 2756 2808 2985 2853; x_wconf 86' lang='lat' dir='ltr'><strong>conatus</strong></span> <span class='ocrx_word' id='word_1_490' title='bbox 3019 2810 3260 2865; x_wconf 85' lang='lat' dir='ltr'><strong>vertere,</strong></span> <span class='ocrx_word' id='word_1_491' title='bbox 3293 2800 3435 2854; x_wconf 92' lang='lat' dir='ltr'><strong>sicut</strong></span> <span class='ocrx_word' id='word_1_492' title='bbox 3467 2802 3557 2857; x_wconf 88' lang='lat' dir='ltr'><strong>ille</strong></span> <span class='ocrx_word' id='word_1_493' title='bbox 3594 2804 3859 2872; x_wconf 87' lang='lat' dir='ltr'><strong>populum</strong></span> 
     </span>
    </p>
   </div>
   <div class='ocr_carea' id='block_1_60' title="bbox 2240 2889 3857 2963">
    <p class='ocr_par' dir='ltr' id='par_1_60' title="bbox 2240 2889 3857 2963">
     <span class='ocr_line' id='line_1_60' title="bbox 2240 2889 3857 2963; baseline 0.006 -20"><span class='ocrx_word' id='word_1_494' title='bbox 2240 2889 2405 2947; x_wconf 77' lang='lat' dir='ltr'><strong>fuerit</strong></span> <span class='ocrx_word' id='word_1_495' title='bbox 2427 2902 2659 2948; x_wconf 83' lang='lat' dir='ltr'><strong>conatus</strong></span> <span class='ocrx_word' id='word_1_496' title='bbox 2682 2892 2848 2947; x_wconf 88' lang='lat' dir='ltr'><strong>Israel</strong></span> <span class='ocrx_word' id='word_1_497' title='bbox 2870 2890 3052 2947; x_wconf 80' lang='lat' dir='ltr'><strong>facere</strong></span> <span class='ocrx_word' id='word_1_498' title='bbox 3075 2904 3381 2963; x_wconf 86' lang='lat' dir='ltr'><strong>apostatam</strong></span> <span class='ocrx_word' id='word_1_499' title='bbox 3406 2911 3471 2949; x_wconf 85' lang='lat' dir='ltr'><strong>ex</strong></span> <span class='ocrx_word' id='word_1_500' title='bbox 3502 2895 3595 2949; x_wconf 90' lang='lat' dir='ltr'><strong>Dci</strong></span> <span class='ocrx_word' id='word_1_501' title='bbox 3618 2897 3857 2953; x_wconf 90' lang='lat' dir='ltr'><strong>cultore.</strong></span> 
     </span>
    </p>
   </div>
   <div class='ocr_carea' id='block_1_61' title="bbox 2244 2985 3859 3061">
    <p class='ocr_par' dir='ltr' id='par_1_61' title="bbox 2244 2985 3859 3061">
     <span class='ocr_line' id='line_1_61' title="bbox 2244 2985 3859 3061; baseline 0.002 -20"><span class='ocrx_word' id='word_1_502' title='bbox 2244 2985 2383 3041; x_wconf 84' lang='lat' dir='ltr'><strong>Nolo</strong></span> <span class='ocrx_word' id='word_1_503' title='bbox 2412 2986 2589 3042; x_wconf 91' lang='lat' dir='ltr'><strong>adhuc</strong></span> <span class='ocrx_word' id='word_1_504' title='bbox 2636 2987 2765 3041; x_wconf 88' lang='lat' dir='ltr'><strong>hinc</strong></span> <span class='ocrx_word' id='word_1_505' title='bbox 2805 2986 2902 3040; x_wconf 88' lang='lat' dir='ltr'><strong>tibi</strong></span> <span class='ocrx_word' id='word_1_506' title='bbox 2929 2986 3131 3058; x_wconf 89' lang='lat' dir='ltr'><strong>aliquid</strong></span> <span class='ocrx_word' id='word_1_507' title='bbox 3176 2988 3291 3059; x_wconf 90' lang='lat' dir='ltr'><strong>spei</strong></span> <span class='ocrx_word' id='word_1_508' title='bbox 3343 2988 3656 3059; x_wconf 85' lang='lat' dir='ltr'><strong>promittas,</strong></span> <span class='ocrx_word' id='word_1_509' title='bbox 3707 2991 3859 3061; x_wconf 92' lang='lat' dir='ltr'><strong>quod</strong></span> 
     </span>
    </p>
   </div>
   <div class='ocr_carea' id='block_1_62' title="bbox 2249 3077 3851 3152">
    <p class='ocr_par' dir='ltr' id='par_1_62' title="bbox 2249 3077 3851 3152">
     <span class='ocr_line' id='line_1_62' title="bbox 2249 3077 3851 3152; baseline 0.004 -19"><span class='ocrx_word' id='word_1_510' title='bbox 2249 3079 2399 3134; x_wconf 91' lang='lat' dir='ltr'><strong>enim</strong></span> <span class='ocrx_word' id='word_1_511' title='bbox 2424 3080 2565 3135; x_wconf 90' lang='lat' dir='ltr'><strong>male</strong></span> <span class='ocrx_word' id='word_1_512' title='bbox 2594 3077 2670 3135; x_wconf 85' lang='lat' dir='ltr'><strong>sis</strong></span> <span class='ocrx_word' id='word_1_513' title='bbox 2701 3079 2927 3147; x_wconf 77' lang='lat' dir='ltr'><strong>iaciens,</strong></span> <span class='ocrx_word' id='word_1_514' title='bbox 2961 3090 3016 3135; x_wconf 94' lang='lat' dir='ltr'><strong>et</strong></span> <span class='ocrx_word' id='word_1_515' title='bbox 3046 3088 3227 3137; x_wconf 84' lang='lat' dir='ltr'><strong>tamen</strong></span> <span class='ocrx_word' id='word_1_516' title='bbox 3257 3096 3473 3152; x_wconf 85' lang='lat' dir='ltr'><strong>regnes,</strong></span> <span class='ocrx_word' id='word_1_517' title='bbox 3508 3097 3630 3137; x_wconf 86' lang='lat' dir='ltr'><strong>cum</strong></span> <span class='ocrx_word' id='word_1_518' title='bbox 3656 3084 3851 3140; x_wconf 85' lang='lat' dir='ltr'><strong>videas</strong></span> 
     </span>
    </p>
   </div>
   <div class='ocr_carea' id='block_1_63' title="bbox 524 3157 3863 3248">
    <p class='ocr_par' dir='ltr' id='par_1_63' title="bbox 524 3157 3863 3248">
     <span class='ocr_line' id='line_1_63' title="bbox 524 3157 3863 3248; baseline -0.005 -14"><span class='ocrx_word' id='word_1_519' title='bbox 524 3180 718 3248; x_wconf 89' lang='lat' dir='ltr'><strong>thel,et</strong></span> <span class='ocrx_word' id='word_1_520' title='bbox 749 3176 1056 3232; x_wconf 82' lang='lat' dir='ltr'><strong>Hieroboam</strong></span> <span class='ocrx_word' id='word_1_521' title='bbox 1085 3175 1252 3232; x_wconf 88' lang='lat' dir='ltr'><strong>stabat</strong></span> <span class='ocrx_word' id='word_1_522' title='bbox 1281 3189 1434 3240; x_wconf 86' lang='lat' dir='ltr'><strong>super</strong></span> <span class='ocrx_word' id='word_1_523' title='bbox 1460 3189 1605 3225; x_wconf 88' lang='lat' dir='ltr'><strong>aram</strong></span> <span class='ocrx_word' id='word_1_524' title='bbox 1625 3188 1769 3225; x_wconf 85' lang='lat' dir='ltr'><strong>suam</strong></span> <span class='ocrx_word' id='word_1_525' title='bbox 1797 3170 2130 3240; x_wconf 84' lang='lat' dir='ltr'><strong>sacriﬁcare:</strong></span> <span class='ocrx_word' id='word_1_526' title='bbox 2159 3157 2206 3220; x_wconf 90' lang='lat' dir='ltr'>C</span> <span class='ocrx_word' id='word_1_527' title='bbox 2238 3183 2297 3228; x_wconf 72' lang='lat' dir='ltr'><strong>et</strong></span> <span class='ocrx_word' id='word_1_528' title='bbox 2331 3172 2663 3229; x_wconf 73' lang='lat' dir='ltr'><strong>Hieroboam</strong></span> <span class='ocrx_word' id='word_1_529' title='bbox 2698 3172 2789 3229; x_wconf 83' lang='lat' dir='ltr'><strong>diu</strong></span> <span class='ocrx_word' id='word_1_530' title='bbox 2840 3188 3103 3244; x_wconf 70' lang='lat' dir='ltr'><strong>regnasse</strong></span> <span class='ocrx_word' id='word_1_531' title='bbox 3150 3173 3202 3228; x_wconf 73' lang='lat' dir='ltr'><strong>in</strong></span> <span class='ocrx_word' id='word_1_532' title='bbox 3245 3174 3456 3229; x_wconf 46' lang='lat' dir='ltr'><strong>scelera</strong></span> <span class='ocrx_word' id='word_1_533' title='bbox 3499 3189 3622 3241; x_wconf 63' lang='lat' dir='ltr'><strong>suo,</strong></span> <span class='ocrx_word' id='word_1_534' title='bbox 3673 3176 3769 3230; x_wconf 75' lang='lat' dir='ltr'><strong>sed</strong></span> <span class='ocrx_word' id='word_1_535' title='bbox 3801 3185 3863 3231; x_wconf 73' lang='grc' dir='ltr'>ει</span> 
     </span>
    </p>
   </div>
   <div class='ocr_carea' id='block_1_64' title="bbox 528 3263 2134 3346">
    <p class='ocr_par' dir='ltr' id='par_1_64' title="bbox 528 3263 2134 3346">
     <span class='ocr_line' id='line_1_64' title="bbox 528 3263 2134 3346; baseline -0.004 -19"><span class='ocrx_word' id='word_1_536' title='bbox 528 3285 573 3327; x_wconf 82' lang='grc' dir='ltr'>ει</span> <span class='ocrx_word' id='word_1_537' title='bbox 598 3272 850 3346; x_wconf 83' lang='lat' dir='ltr'><strong>propheta</strong></span> <span class='ocrx_word' id='word_1_538' title='bbox 879 3272 1135 3327; x_wconf 82' lang='lat' dir='ltr'><strong>invocavit</strong></span> <span class='ocrx_word' id='word_1_539' title='bbox 1158 3268 1225 3322; x_wconf 92' lang='lat' dir='ltr'><strong>ad</strong></span> <span class='ocrx_word' id='word_1_540' title='bbox 1249 3284 1393 3321; x_wconf 89' lang='lat' dir='ltr'><strong>aram</strong></span> <span class='ocrx_word' id='word_1_541' title='bbox 1416 3267 1468 3319; x_wconf 91' lang='lat' dir='ltr'><strong>in</strong></span> <span class='ocrx_word' id='word_1_542' title='bbox 1500 3265 1648 3320; x_wconf 87' lang='lat' dir='ltr'><strong>verbo</strong></span> <span class='ocrx_word' id='word_1_543' title='bbox 1676 3263 1889 3319; x_wconf 87' lang='lat' dir='ltr'><strong>Domini</strong></span> <span class='ocrx_word' id='word_1_544' title='bbox 1918 3266 2093 3319; x_wconf 87' lang='lat' dir='ltr'><strong>dicens</strong></span> <span class='ocrx_word' id='word_1_545' title='bbox 2115 3282 2134 3320; x_wconf 94' lang='lat'><em>:</em></span> 
     </span>
    </p>
   </div>
   <div class='ocr_carea' id='block_1_65' title="bbox 532 3356 2135 3428">
    <p class='ocr_par' dir='ltr' id='par_1_65' title="bbox 532 3356 2135 3428">
     <span class='ocr_line' id='line_1_65' title="bbox 532 3356 2135 3428; baseline -0.006 -8"><span class='ocrx_word' id='word_1_546' title='bbox 532 3365 578 3421; x_wconf 91' lang='lat'><em>0</em></span> <span class='ocrx_word' id='word_1_547' title='bbox 608 3367 925 3428; x_wconf 86' lang='lat' dir='ltr'><strong>sacrarium,</strong></span> <span class='ocrx_word' id='word_1_548' title='bbox 956 3363 1277 3426; x_wconf 83' lang='lat' dir='ltr'><strong>sacrarium,</strong></span> <span class='ocrx_word' id='word_1_549' title='bbox 1308 3359 1416 3415; x_wconf 78' lang='lat' dir='ltr'><strong>lucc</strong></span> <span class='ocrx_word' id='word_1_550' title='bbox 1439 3359 1563 3412; x_wconf 86' lang='lat' dir='ltr'><strong>dicit</strong></span> <span class='ocrx_word' id='word_1_551' title='bbox 1597 3356 1888 3412; x_wconf 85' lang='lat' dir='ltr'><strong>Dominus:</strong></span> <span class='ocrx_word' id='word_1_552' title='bbox 1919 3356 2051 3411; x_wconf 81' lang='lat' dir='ltr'><strong>Ecce</strong></span> <span class='ocrx_word' id='word_1_553' title='bbox 2071 3359 2135 3425; x_wconf 85' lang='lat' dir='ltr'><strong>ﬁ-</strong></span> 
     </span>
    </p>
   </div>
   <div class='ocr_carea' id='block_1_66' title="bbox 527 3449 2131 3517">
    <p class='ocr_par' dir='ltr' id='par_1_66' title="bbox 527 3449 2131 3517">
     <span class='ocr_line' id='line_1_66' title="bbox 527 3449 2131 3517; baseline -0.003 -8"><span class='ocrx_word' id='word_1_554' title='bbox 527 3459 628 3513; x_wconf 88' lang='lat' dir='ltr'><strong>lius</strong></span> <span class='ocrx_word' id='word_1_555' title='bbox 661 3468 895 3512; x_wconf 83' lang='lat' dir='ltr'><strong>nascetur</strong></span> <span class='ocrx_word' id='word_1_556' title='bbox 914 3460 969 3512; x_wconf 89' lang='lat' dir='ltr'><strong>in</strong></span> <span class='ocrx_word' id='word_1_557' title='bbox 994 3458 1150 3511; x_wconf 79' lang='lat' dir='ltr'><strong>domo</strong></span> <span class='ocrx_word' id='word_1_558' title='bbox 1177 3451 1369 3517; x_wconf 88' lang='lat' dir='ltr'><strong>David,</strong></span> <span class='ocrx_word' id='word_1_559' title='bbox 1396 3462 1442 3506; x_wconf 85' lang='lat' dir='ltr'><strong>et</strong></span> <span class='ocrx_word' id='word_1_560' title='bbox 1470 3449 1645 3506; x_wconf 82' lang='lat' dir='ltr'><strong>Josias</strong></span> <span class='ocrx_word' id='word_1_561' title='bbox 1679 3452 1774 3505; x_wconf 82' lang='lat' dir='ltr'><strong>erit</strong></span> <span class='ocrx_word' id='word_1_562' title='bbox 1800 3467 1987 3506; x_wconf 84' lang='lat' dir='ltr'><strong>nomen</strong></span> <span class='ocrx_word' id='word_1_563' title='bbox 2016 3451 2131 3513; x_wconf 86' lang='lat' dir='ltr'><strong>illi,</strong></span> 
     </span>
    </p>
   </div>
   <div class='ocr_carea' id='block_1_67' title="bbox 529 3546 2133 3621">
    <p class='ocr_par' dir='ltr' id='par_1_67' title="bbox 529 3546 2133 3621">
     <span class='ocr_line' id='line_1_67' title="bbox 529 3546 2133 3621; baseline -0.006 -14"><span class='ocrx_word' id='word_1_564' title='bbox 529 3563 577 3607; x_wconf 88' lang='lat' dir='ltr'><strong>et</strong></span> <span class='ocrx_word' id='word_1_565' title='bbox 604 3551 915 3621; x_wconf 89' lang='lat' dir='ltr'><strong>sacriﬁcabit</strong></span> <span class='ocrx_word' id='word_1_566' title='bbox 946 3551 1081 3605; x_wconf 89' lang='lat' dir='ltr'><strong>inter</strong></span> <span class='ocrx_word' id='word_1_567' title='bbox 1111 3547 1136 3586; x_wconf 71' lang='grc' dir='ltr'>ἀ</span> <span class='ocrx_word' id='word_1_568' title='bbox 1165 3546 1457 3603; x_wconf 85' lang='lat' dir='ltr'><strong>sacerdotes</strong></span> <span class='ocrx_word' id='word_1_569' title='bbox 1494 3547 1813 3601; x_wconf 72' lang='lat' dir='ltr'><strong>excelsorum</strong></span> <span class='ocrx_word' id='word_1_570' title='bbox 1847 3547 1934 3617; x_wconf 87' lang='lat' dir='ltr'><strong>qui</strong></span> <span class='ocrx_word' id='word_1_571' title='bbox 1964 3547 2133 3600; x_wconf 79' lang='lat' dir='ltr'><strong>sacri-</strong></span> 
     </span>
    </p>
   </div>
   <div class='ocr_carea' id='block_1_68' title="bbox 530 3636 2135 3712">
    <p class='ocr_par' dir='ltr' id='par_1_68' title="bbox 530 3636 2135 3712">
     <span class='ocr_line' id='line_1_68' title="bbox 530 3636 2135 3712; baseline -0.004 -14"><span class='ocrx_word' id='word_1_572' title='bbox 530 3645 689 3712; x_wconf 86' lang='lat' dir='ltr'><strong>ﬁcant</strong></span> <span class='ocrx_word' id='word_1_573' title='bbox 718 3646 857 3709; x_wconf 89' lang='lat' dir='ltr'><strong>inte,</strong></span> <span class='ocrx_word' id='word_1_574' title='bbox 886 3651 934 3699; x_wconf 88' lang='lat' dir='ltr'><strong>et</strong></span> <span class='ocrx_word' id='word_1_575' title='bbox 966 3650 1081 3697; x_wconf 83' lang='lat' dir='ltr'><strong>ossa</strong></span> <span class='ocrx_word' id='word_1_576' title='bbox 1117 3641 1381 3695; x_wconf 83' lang='lat' dir='ltr'><strong>hominum</strong></span> <span class='ocrx_word' id='word_1_577' title='bbox 1411 3638 1671 3693; x_wconf 74' lang='lat' dir='ltr'><strong>comburat</strong></span> <span class='ocrx_word' id='word_1_578' title='bbox 1707 3640 1759 3692; x_wconf 91' lang='lat' dir='ltr'><strong>in</strong></span> <span class='ocrx_word' id='word_1_579' title='bbox 1786 3648 1865 3695; x_wconf 88' lang='lat' dir='ltr'><strong>te:</strong></span> <span class='ocrx_word' id='word_1_580' title='bbox 1912 3648 1960 3693; x_wconf 89' lang='lat' dir='ltr'><strong>et</strong></span> <span class='ocrx_word' id='word_1_581' title='bbox 1990 3636 2135 3693; x_wconf 86' lang='lat' dir='ltr'><strong>dabit</strong></span> 
     </span>
    </p>
   </div>
   <div class='ocr_carea' id='block_1_69' title="bbox 526 3727 2134 3806">
    <p class='ocr_par' dir='ltr' id='par_1_69' title="bbox 526 3727 2134 3806">
     <span class='ocr_line' id='line_1_69' title="bbox 526 3727 2134 3806; baseline -0.003 -16"><span class='ocrx_word' id='word_1_582' title='bbox 526 3738 587 3790; x_wconf 84' lang='lat' dir='ltr'><strong>in</strong></span> <span class='ocrx_word' id='word_1_583' title='bbox 610 3735 701 3789; x_wconf 88' lang='lat' dir='ltr'><strong>illa</strong></span> <span class='ocrx_word' id='word_1_584' title='bbox 734 3735 818 3789; x_wconf 88' lang='lat' dir='ltr'><strong>die</strong></span> <span class='ocrx_word' id='word_1_585' title='bbox 844 3732 1141 3806; x_wconf 83' lang='lat' dir='ltr'><strong>prodigium</strong></span> <span class='ocrx_word' id='word_1_586' title='bbox 1171 3731 1309 3802; x_wconf 87' lang='lat' dir='ltr'><strong>quod</strong></span> <span class='ocrx_word' id='word_1_587' title='bbox 1340 3733 1542 3785; x_wconf 87' lang='lat' dir='ltr'><strong>locutus</strong></span> <span class='ocrx_word' id='word_1_588' title='bbox 1575 3741 1645 3784; x_wconf 88' lang='lat' dir='ltr'><strong>est</strong></span> <span class='ocrx_word' id='word_1_589' title='bbox 1678 3727 1966 3784; x_wconf 88' lang='lat' dir='ltr'><strong>Dominus:</strong></span> <span class='ocrx_word' id='word_1_590' title='bbox 1998 3728 2134 3785; x_wconf 84' lang='lat' dir='ltr'><strong>Ecce</strong></span> 
     </span>
    </p>
   </div>
   <div class='ocr_carea' id='block_1_70' title="bbox 526 3822 2134 3895">
    <p class='ocr_par' dir='ltr' id='par_1_70' title="bbox 526 3822 2134 3895">
     <span class='ocr_line' id='line_1_70' title="bbox 526 3822 2134 3895; baseline -0.004 -12"><span class='ocrx_word' id='word_1_591' title='bbox 526 3831 818 3883; x_wconf 88' lang='lat' dir='ltr'><strong>sacrarium</strong></span> <span class='ocrx_word' id='word_1_592' title='bbox 845 3828 1195 3895; x_wconf 88' lang='lat' dir='ltr'><strong>disrumpetur</strong></span> <span class='ocrx_word' id='word_1_593' title='bbox 1229 3832 1274 3879; x_wconf 86' lang='lat' dir='ltr'><strong>et</strong></span> <span class='ocrx_word' id='word_1_594' title='bbox 1309 3823 1604 3891; x_wconf 69' lang='lat' dir='ltr'><strong>e/fundetur</strong></span> <span class='ocrx_word' id='word_1_595' title='bbox 1633 3822 1893 3895; x_wconf 84' lang='lat' dir='ltr'><strong>pinguedo</strong></span> <span class='ocrx_word' id='word_1_596' title='bbox 1918 3839 2031 3893; x_wconf 78' lang='lat' dir='ltr'><strong>quce</strong></span> <span class='ocrx_word' id='word_1_597' title='bbox 2057 3832 2134 3878; x_wconf 87' lang='lat' dir='ltr'><strong>est</strong></span> 
     </span>
    </p>
   </div>
   <div class='ocr_carea' id='block_1_71' title="bbox 526 3913 2134 3993">
    <p class='ocr_par' dir='ltr' id='par_1_71' title="bbox 526 3913 2134 3993">
     <span class='ocr_line' id='line_1_71' title="bbox 526 3913 2134 3993; baseline -0.007 -16"><span class='ocrx_word' id='word_1_598' title='bbox 526 3926 581 3977; x_wconf 88' lang='lat' dir='ltr'><strong>in</strong></span> <span class='ocrx_word' id='word_1_599' title='bbox 606 3939 689 3991; x_wconf 91' lang='lat' dir='ltr'><strong>eo,</strong></span> <span class='ocrx_word' id='word_1_600' title='bbox 718 3932 766 3979; x_wconf 84' lang='lat' dir='ltr'><strong>et</strong></span> <span class='ocrx_word' id='word_1_601' title='bbox 798 3922 993 3993; x_wconf 78' lang='lat' dir='ltr'><strong>factum</strong></span> <span class='ocrx_word' id='word_1_602' title='bbox 1025 3930 1097 3974; x_wconf 89' lang='lat' dir='ltr'><strong>est</strong></span> <span class='ocrx_word' id='word_1_603' title='bbox 1126 3928 1177 3972; x_wconf 90' lang='lat' dir='ltr'><strong>ut</strong></span> <span class='ocrx_word' id='word_1_604' title='bbox 1207 3917 1402 3971; x_wconf 84' lang='lat' dir='ltr'><strong>audivit</strong></span> <span class='ocrx_word' id='word_1_605' title='bbox 1431 3916 1581 3970; x_wconf 87' lang='lat' dir='ltr'><strong>verba</strong></span> <span class='ocrx_word' id='word_1_606' title='bbox 1609 3914 1833 3969; x_wconf 88' lang='lat' dir='ltr'><strong>hominis</strong></span> <span class='ocrx_word' id='word_1_607' title='bbox 1859 3913 1957 3968; x_wconf 89' lang='lat' dir='ltr'><strong>Dei</strong></span> <span class='ocrx_word' id='word_1_608' title='bbox 1986 3915 2134 3967; x_wconf 85' lang='lat' dir='ltr'><strong>invo-</strong></span> 
     </span>
    </p>
   </div>
   <div class='ocr_carea' id='block_1_72' title="bbox 529 4006 2131 4082">
    <p class='ocr_par' dir='ltr' id='par_1_72' title="bbox 529 4006 2131 4082">
     <span class='ocr_line' id='line_1_72' title="bbox 529 4006 2131 4082; baseline -0.006 -13"><span class='ocrx_word' id='word_1_609' title='bbox 529 4017 694 4069; x_wconf 85' lang='lat' dir='ltr'><strong>cantis</strong></span> <span class='ocrx_word' id='word_1_610' title='bbox 728 4016 779 4068; x_wconf 90' lang='lat' dir='ltr'><strong>in</strong></span> <span class='ocrx_word' id='word_1_611' title='bbox 802 4029 951 4068; x_wconf 89' lang='lat' dir='ltr'><strong>aram</strong></span> <span class='ocrx_word' id='word_1_612' title='bbox 980 4026 1094 4082; x_wconf 67' lang='lat' dir='ltr'><strong>quae</strong></span> <span class='ocrx_word' id='word_1_613' title='bbox 1123 4012 1175 4063; x_wconf 92' lang='lat' dir='ltr'><strong>in</strong></span> <span class='ocrx_word' id='word_1_614' title='bbox 1202 4007 1385 4063; x_wconf 73' lang='lat' dir='ltr'><strong>Bethel</strong></span> <span class='ocrx_word' id='word_1_615' title='bbox 1409 4015 1554 4073; x_wconf 87' lang='lat' dir='ltr'><strong>erat&#39;,</strong></span> <span class='ocrx_word' id='word_1_616' title='bbox 1584 4019 1628 4061; x_wconf 65' lang='lat' dir='ltr'><strong>ef</strong></span> <span class='ocrx_word' id='word_1_617' title='bbox 1664 4006 1892 4061; x_wconf 75' lang='lat' dir='ltr'><strong>extendit</strong></span> <span class='ocrx_word' id='word_1_618' title='bbox 1920 4022 2131 4059; x_wconf 87' lang='lat' dir='ltr'><strong>manum</strong></span> 
     </span>
    </p>
   </div>
   <div class='ocr_carea' id='block_1_73' title="bbox 527 4096 2133 4171">
    <p class='ocr_par' dir='ltr' id='par_1_73' title="bbox 527 4096 2133 4171">
     <span class='ocr_line' id='line_1_73' title="bbox 527 4096 2133 4171; baseline -0.004 -11"><span class='ocrx_word' id='word_1_619' title='bbox 527 4123 672 4160; x_wconf 84' lang='lat' dir='ltr'><strong>suam</strong></span> <span class='ocrx_word' id='word_1_620' title='bbox 714 4106 781 4159; x_wconf 92' lang='lat' dir='ltr'><strong>ad</strong></span> <span class='ocrx_word' id='word_1_621' title='bbox 822 4119 988 4168; x_wconf 88' lang='lat' dir='ltr'><strong>aram,</strong></span> <span class='ocrx_word' id='word_1_622' title='bbox 1035 4104 1246 4156; x_wconf 86' lang='lat' dir='ltr'><strong>dicens:</strong></span> <span class='ocrx_word' id='word_1_623' title='bbox 1298 4098 1684 4171; x_wconf 80' lang='lat' dir='ltr'><strong>Apprehendite</strong></span> <span class='ocrx_word' id='word_1_624' title='bbox 1720 4115 1856 4153; x_wconf 90' lang='lat' dir='ltr'><strong>eum.</strong></span> <span class='ocrx_word' id='word_1_625' title='bbox 1888 4096 1954 4151; x_wconf 86' lang='lat' dir='ltr'><strong>Et</strong></span> <span class='ocrx_word' id='word_1_626' title='bbox 1979 4099 2133 4153; x_wconf 89' lang='lat' dir='ltr'><strong>arida</strong></span> 
     </span>
    </p>
   </div>
   <div class='ocr_carea' id='block_1_74' title="bbox 526 4192 2129 4272">
    <p class='ocr_par' dir='ltr' id='par_1_74' title="bbox 526 4192 2129 4272">
     <span class='ocr_line' id='line_1_74' title="bbox 526 4192 2129 4272; baseline -0.006 -18"><span class='ocrx_word' id='word_1_627' title='bbox 526 4203 666 4272; x_wconf 78' lang='lat' dir='ltr'><strong>facta</strong></span> <span class='ocrx_word' id='word_1_628' title='bbox 691 4208 765 4254; x_wconf 86' lang='lat' dir='ltr'><strong>est</strong></span> <span class='ocrx_word' id='word_1_629' title='bbox 789 4213 972 4251; x_wconf 85' lang='lat' dir='ltr'><strong>manus</strong></span> <span class='ocrx_word' id='word_1_630' title='bbox 994 4195 1125 4268; x_wconf 87' lang='lat' dir='ltr'><strong>regis</strong></span> <span class='ocrx_word' id='word_1_631' title='bbox 1149 4209 1304 4265; x_wconf 90' lang='lat' dir='ltr'><strong>quam</strong></span> <span class='ocrx_word' id='word_1_632' title='bbox 1336 4192 1565 4247; x_wconf 75' lang='lat' dir='ltr'><strong>extendit</strong></span> <span class='ocrx_word' id='word_1_633' title='bbox 1596 4192 1649 4245; x_wconf 89' lang='lat' dir='ltr'><strong>in</strong></span> <span class='ocrx_word' id='word_1_634' title='bbox 1677 4207 1811 4256; x_wconf 88' lang='lat' dir='ltr'><strong>eum,</strong></span> <span class='ocrx_word' id='word_1_635' title='bbox 1839 4201 1887 4245; x_wconf 88' lang='lat' dir='ltr'><strong>et</strong></span> <span class='ocrx_word' id='word_1_636' title='bbox 1916 4208 2018 4246; x_wconf 89' lang='lat' dir='ltr'><strong>non</strong></span> <span class='ocrx_word' id='word_1_637' title='bbox 2042 4207 2129 4261; x_wconf 87' lang='lat' dir='ltr'><strong>po-</strong></span> 
     </span>
    </p>
   </div>
   <div class='ocr_carea' id='block_1_75' title="bbox 528 4283 2131 4353">
    <p class='ocr_par' dir='ltr' id='par_1_75' title="bbox 528 4283 2131 4353">
     <span class='ocr_line' id='line_1_75' title="bbox 528 4283 2131 4353; baseline -0.006 -7"><span class='ocrx_word' id='word_1_638' title='bbox 528 4293 626 4347; x_wconf 83' lang='lat' dir='ltr'><strong>tuit</strong></span> <span class='ocrx_word' id='word_1_639' title='bbox 648 4291 891 4346; x_wconf 82' lang='lat' dir='ltr'><strong>reducere</strong></span> <span class='ocrx_word' id='word_1_640' title='bbox 918 4304 1031 4342; x_wconf 88' lang='lat' dir='ltr'><strong>eam</strong></span> <span class='ocrx_word' id='word_1_641' title='bbox 1070 4286 1136 4341; x_wconf 84' lang='lat' dir='ltr'><strong>ad</strong></span> <span class='ocrx_word' id='word_1_642' title='bbox 1164 4302 1236 4340; x_wconf 88' lang='lat' dir='ltr'><strong>se.</strong></span> <span class='ocrx_word' id='word_1_643' title='bbox 1267 4283 1333 4339; x_wconf 85' lang='lat' dir='ltr'><strong>Et</strong></span> <span class='ocrx_word' id='word_1_644' title='bbox 1364 4284 1679 4353; x_wconf 83' lang='lat' dir='ltr'><strong>sacriﬁcium</strong></span> <span class='ocrx_word' id='word_1_645' title='bbox 1706 4295 1915 4350; x_wconf 87' lang='lat' dir='ltr'><strong>ruptum</strong></span> <span class='ocrx_word' id='word_1_646' title='bbox 1946 4292 2040 4349; x_wconf 84' lang='lat' dir='ltr'><strong>est,</strong></span> <span class='ocrx_word' id='word_1_647' title='bbox 2080 4293 2131 4337; x_wconf 90' lang='lat' dir='ltr'><strong>et</strong></span> 
     </span>
    </p>
   </div>
   <div class='ocr_carea' id='block_1_76' title="bbox 528 4374 2129 4457">
    <p class='ocr_par' dir='ltr' id='par_1_76' title="bbox 528 4374 2129 4457">
     <span class='ocr_line' id='line_1_76' title="bbox 528 4374 2129 4457; baseline -0.007 -19"><span class='ocrx_word' id='word_1_648' title='bbox 528 4385 703 4457; x_wconf 77' lang='lat' dir='ltr'><strong>effusa</strong></span> <span class='ocrx_word' id='word_1_649' title='bbox 726 4392 799 4438; x_wconf 89' lang='lat' dir='ltr'><strong>est</strong></span> <span class='ocrx_word' id='word_1_650' title='bbox 824 4380 1083 4454; x_wconf 85' lang='lat' dir='ltr'><strong>pinguedo</strong></span> <span class='ocrx_word' id='word_1_651' title='bbox 1111 4378 1509 4452; x_wconf 85' lang='lat' dir='ltr'><strong>ejusasacrario</strong></span> <span class='ocrx_word' id='word_1_652' title='bbox 1532 4374 1813 4430; x_wconf 86' lang='lat' dir='ltr'><strong>secundum</strong></span> <span class='ocrx_word' id='word_1_653' title='bbox 1833 4374 2129 4447; x_wconf 84' lang='lat' dir='ltr'><strong>prodigium</strong></span> 
     </span>
    </p>
   </div>
   <div class='ocr_carea' id='block_1_77' title="bbox 526 4465 2131 4545">
    <p class='ocr_par' dir='ltr' id='par_1_77' title="bbox 526 4465 2131 4545">
     <span class='ocr_line' id='line_1_77' title="bbox 526 4465 2131 4545; baseline -0.008 -13"><span class='ocrx_word' id='word_1_654' title='bbox 526 4488 549 4516; x_wconf 74' lang='grc' dir='ltr'>θ</span> <span class='ocrx_word' id='word_1_655' title='bbox 582 4475 723 4545; x_wconf 88' lang='lat' dir='ltr'><strong>quod</strong></span> <span class='ocrx_word' id='word_1_656' title='bbox 752 4474 887 4530; x_wconf 73' lang='lat' dir='ltr'><strong>dixit</strong></span> <span class='ocrx_word' id='word_1_657' title='bbox 919 4474 1072 4528; x_wconf 87' lang='lat' dir='ltr'><strong>homo</strong></span> <span class='ocrx_word' id='word_1_658' title='bbox 1104 4468 1199 4525; x_wconf 89' lang='lat' dir='ltr'><strong>Dei</strong></span> <span class='ocrx_word' id='word_1_659' title='bbox 1228 4471 1283 4524; x_wconf 88' lang='lat' dir='ltr'><strong>in</strong></span> <span class='ocrx_word' id='word_1_660' title='bbox 1313 4471 1459 4524; x_wconf 85' lang='lat' dir='ltr'><strong>verba</strong></span> <span class='ocrx_word' id='word_1_661' title='bbox 1493 4466 1723 4523; x_wconf 90' lang='lat' dir='ltr'><strong>Domini.</strong></span> <span class='ocrx_word' id='word_1_662' title='bbox 1759 4466 1825 4521; x_wconf 86' lang='lat' dir='ltr'><strong>Et</strong></span> <span class='ocrx_word' id='word_1_663' title='bbox 1859 4465 2131 4536; x_wconf 86' lang='lat' dir='ltr'><strong>respondit</strong></span> 
     </span>
    </p>
   </div>
   <div class='ocr_carea' id='block_1_78' title="bbox 2244 3258 3860 3336">
    <p class='ocr_par' dir='ltr' id='par_1_78' title="bbox 2244 3258 3860 3336">
     <span class='ocr_line' id='line_1_78' title="bbox 2244 3258 3860 3336; baseline 0.002 -17"><span class='ocrx_word' id='word_1_664' title='bbox 2244 3264 2415 3319; x_wconf 80' lang='lat' dir='ltr'><strong>lilium</strong></span> <span class='ocrx_word' id='word_1_665' title='bbox 2451 3262 2763 3321; x_wconf 90' lang='lat' dir='ltr'><strong>Salomonis</strong></span> <span class='ocrx_word' id='word_1_666' title='bbox 2792 3264 3018 3320; x_wconf 88' lang='lat' dir='ltr'><strong>totidem</strong></span> <span class='ocrx_word' id='word_1_667' title='bbox 3066 3275 3122 3321; x_wconf 89' lang='lat' dir='ltr'><strong>et</strong></span> <span class='ocrx_word' id='word_1_668' title='bbox 3166 3258 3538 3321; x_wconf 68' lang='lat' dir='ltr'><strong>idololatrian:</strong></span> <span class='ocrx_word' id='word_1_669' title='bbox 3568 3273 3860 3336; x_wconf 85' lang='lat' dir='ltr'><strong>gerentem</strong></span> 
     </span>
    </p>
   </div>
   <div class='ocr_carea' id='block_1_79' title="bbox 2245 3356 3856 3428">
    <p class='ocr_par' dir='ltr' id='par_1_79' title="bbox 2245 3356 3856 3428">
     <span class='ocr_line' id='line_1_79' title="bbox 2245 3356 3856 3428; baseline 0.002 -18"><span class='ocrx_word' id='word_1_670' title='bbox 2245 3359 2298 3411; x_wconf 92' lang='lat' dir='ltr'><strong>in</strong></span> <span class='ocrx_word' id='word_1_671' title='bbox 2321 3356 2514 3412; x_wconf 88' lang='lat' dir='ltr'><strong>eodem</strong></span> <span class='ocrx_word' id='word_1_672' title='bbox 2530 3356 2844 3412; x_wconf 84' lang='lat' dir='ltr'><strong>defunctum</strong></span> <span class='ocrx_word' id='word_1_673' title='bbox 2859 3356 3237 3421; x_wconf 86' lang='lat' dir='ltr'><strong>scelere;item</strong></span> <span class='ocrx_word' id='word_1_674' title='bbox 3266 3358 3389 3428; x_wconf 86' lang='lat' dir='ltr'><strong>ejus</strong></span> <span class='ocrx_word' id='word_1_675' title='bbox 3416 3356 3780 3414; x_wconf 72' lang='lat' dir='ltr'><strong>tilium&#39;Abiud</strong></span> <span class='ocrx_word' id='word_1_676' title='bbox 3808 3360 3856 3425; x_wconf 75' lang='grc' dir='ltr'><strong>ί,</strong></span> 
     </span>
    </p>
   </div>
   <div class='ocr_carea' id='block_1_80' title="bbox 2242 3450 3863 3525">
    <p class='ocr_par' dir='ltr' id='par_1_80' title="bbox 2242 3450 3863 3525">
     <span class='ocr_line' id='line_1_80' title="bbox 2242 3450 3863 3525; baseline 0 -18"><span class='ocrx_word' id='word_1_677' title='bbox 2242 3453 2313 3508; x_wconf 89' lang='lat' dir='ltr'><strong>de</strong></span> <span class='ocrx_word' id='word_1_678' title='bbox 2356 3467 2465 3523; x_wconf 87' lang='lat' dir='ltr'><strong>quo</strong></span> <span class='ocrx_word' id='word_1_679' title='bbox 2509 3451 2769 3522; x_wconf 89' lang='lat' dir='ltr'><strong>scriptum</strong></span> <span class='ocrx_word' id='word_1_680' title='bbox 2822 3451 3040 3507; x_wconf 89' lang='lat' dir='ltr'><strong>invenio</strong></span> <span class='ocrx_word' id='word_1_681' title='bbox 3094 3450 3276 3523; x_wconf 86' lang='lat' dir='ltr'><strong>(Ibid.</strong></span> <span class='ocrx_word' id='word_1_682' title='bbox 3313 3469 3406 3519; x_wconf 86' lang='lat' dir='ltr'><strong>xv,</strong></span> <span class='ocrx_word' id='word_1_683' title='bbox 3465 3453 3538 3525; x_wconf 77' lang='grc'><strong>5)</strong></span> <span class='ocrx_word' id='word_1_684' title='bbox 3574 3470 3586 3506; x_wconf 96' lang='lat'>:</span> <span class='ocrx_word' id='word_1_685' title='bbox 3622 3451 3691 3506; x_wconf 78' lang='lat' dir='ltr'><strong>Et</strong></span> <span class='ocrx_word' id='word_1_686' title='bbox 3727 3453 3863 3509; x_wconf 78' lang='lat' dir='ltr'><strong>obiit</strong></span> 
     </span>
    </p>
   </div>
   <div class='ocr_carea' id='block_1_81' title="bbox 2241 3545 3860 3618">
    <p class='ocr_par' dir='ltr' id='par_1_81' title="bbox 2241 3545 3860 3618">
     <span class='ocr_line' id='line_1_81' title="bbox 2241 3545 3860 3618; baseline 0.002 -21"><span class='ocrx_word' id='word_1_687' title='bbox 2241 3546 2296 3599; x_wconf 88' lang='lat' dir='ltr'><strong>in</strong></span> <span class='ocrx_word' id='word_1_688' title='bbox 2338 3545 2561 3612; x_wconf 87' lang='lat' dir='ltr'><strong>peccatis</strong></span> <span class='ocrx_word' id='word_1_689' title='bbox 2592 3545 2755 3615; x_wconf 89' lang='lat' dir='ltr'><strong>patris</strong></span> <span class='ocrx_word' id='word_1_690' title='bbox 2782 3546 2885 3605; x_wconf 85' lang='lat' dir='ltr'><strong>sui.</strong></span> <span class='ocrx_word' id='word_1_691' title='bbox 2931 3561 3047 3615; x_wconf 75' lang='lat' dir='ltr'><strong>qua:</strong></span> <span class='ocrx_word' id='word_1_692' title='bbox 3071 3545 3190 3616; x_wconf 76' lang='lat' dir='ltr'><strong>fecit</strong></span> <span class='ocrx_word' id='word_1_693' title='bbox 3222 3547 3275 3599; x_wconf 90' lang='lat' dir='ltr'><strong>in</strong></span> <span class='ocrx_word' id='word_1_694' title='bbox 3319 3554 3594 3618; x_wconf 85' lang='lat' dir='ltr'><strong>conspectu</strong></span> <span class='ocrx_word' id='word_1_695' title='bbox 3621 3547 3735 3618; x_wconf 83' lang='lat' dir='ltr'><strong>ejus</strong></span> <span class='ocrx_word' id='word_1_696' title='bbox 3761 3587 3778 3613; x_wconf 96' lang='lat'><strong>,</strong></span> <span class='ocrx_word' id='word_1_697' title='bbox 3802 3554 3860 3602; x_wconf 83' lang='lat' dir='ltr'><strong>et</strong></span> 
     </span>
    </p>
   </div>
   <div class='ocr_carea' id='block_1_82' title="bbox 2245 3637 3856 3711">
    <p class='ocr_par' dir='ltr' id='par_1_82' title="bbox 2245 3637 3856 3711">
     <span class='ocr_line' id='line_1_82' title="bbox 2245 3637 3856 3711; baseline 0.002 -20"><span class='ocrx_word' id='word_1_698' title='bbox 2245 3653 2348 3692; x_wconf 86' lang='lat' dir='ltr'><strong>non</strong></span> <span class='ocrx_word' id='word_1_699' title='bbox 2375 3647 2484 3692; x_wconf 88' lang='lat' dir='ltr'><strong>erat</strong></span> <span class='ocrx_word' id='word_1_700' title='bbox 2511 3654 2601 3691; x_wconf 90' lang='lat' dir='ltr'><strong>cor</strong></span> <span class='ocrx_word' id='word_1_701' title='bbox 2629 3642 2742 3711; x_wconf 87' lang='lat' dir='ltr'><strong>ejus</strong></span> <span class='ocrx_word' id='word_1_702' title='bbox 2764 3648 3173 3692; x_wconf 80' lang='lat' dir='ltr'><strong>consummatum</strong></span> <span class='ocrx_word' id='word_1_703' title='bbox 3201 3656 3316 3693; x_wconf 89' lang='lat' dir='ltr'><strong>cum</strong></span> <span class='ocrx_word' id='word_1_704' title='bbox 3344 3637 3573 3693; x_wconf 86' lang='lat' dir='ltr'><strong>Domino</strong></span> <span class='ocrx_word' id='word_1_705' title='bbox 3594 3637 3714 3693; x_wconf 81' lang='lat' dir='ltr'><strong>&#39;Deo</strong></span> <span class='ocrx_word' id='word_1_706' title='bbox 3735 3656 3856 3705; x_wconf 84' lang='lat' dir='ltr'><strong>suo,</strong></span> 
     </span>
    </p>
   </div>
   <div class='ocr_carea' id='block_1_83' title="bbox 2238 3731 3858 3805">
    <p class='ocr_par' dir='ltr' id='par_1_83' title="bbox 2238 3731 3858 3805">
     <span class='ocr_line' id='line_1_83' title="bbox 2238 3731 3858 3805; baseline 0.002 -19"><span class='ocrx_word' id='word_1_707' title='bbox 2238 3733 2376 3787; x_wconf 86' lang='lat' dir='ltr'><strong>sicut</strong></span> <span class='ocrx_word' id='word_1_708' title='bbox 2398 3743 2507 3787; x_wconf 88' lang='lat' dir='ltr'><strong>erat</strong></span> <span class='ocrx_word' id='word_1_709' title='bbox 2537 3749 2624 3787; x_wconf 89' lang='lat' dir='ltr'><strong>cor</strong></span> <span class='ocrx_word' id='word_1_710' title='bbox 2656 3731 2824 3786; x_wconf 88' lang='lat' dir='ltr'><strong>David</strong></span> <span class='ocrx_word' id='word_1_711' title='bbox 2853 3732 3019 3802; x_wconf 84' lang='lat' dir='ltr'><strong>patris</strong></span> <span class='ocrx_word' id='word_1_712' title='bbox 3046 3736 3192 3805; x_wconf 86' lang='lat' dir='ltr'><strong>ejus;</strong></span> <span class='ocrx_word' id='word_1_713' title='bbox 3222 3744 3276 3788; x_wconf 91' lang='lat' dir='ltr'><strong>et</strong></span> <span class='ocrx_word' id='word_1_714' title='bbox 3310 3742 3489 3789; x_wconf 89' lang='lat' dir='ltr'><strong>tamen</strong></span> <span class='ocrx_word' id='word_1_715' title='bbox 3515 3749 3639 3788; x_wconf 90' lang='lat' dir='ltr'><strong>cum</strong></span> <span class='ocrx_word' id='word_1_716' title='bbox 3673 3735 3858 3789; x_wconf 85' lang='lat' dir='ltr'><strong>servi-</strong></span> 
     </span>
    </p>
   </div>
   <div class='ocr_carea' id='block_1_84' title="bbox 2242 3823 3858 3895">
    <p class='ocr_par' dir='ltr' id='par_1_84' title="bbox 2242 3823 3858 3895">
     <span class='ocr_line' id='line_1_84' title="bbox 2242 3823 3858 3895; baseline 0.002 -18"><span class='ocrx_word' id='word_1_717' title='bbox 2242 3834 2363 3879; x_wconf 88' lang='lat' dir='ltr'><strong>rent</strong></span> <span class='ocrx_word' id='word_1_718' title='bbox 2392 3823 2575 3891; x_wconf 86' lang='lat' dir='ltr'><strong>idolis,</strong></span> <span class='ocrx_word' id='word_1_719' title='bbox 2613 3823 2813 3880; x_wconf 78' lang='lat' dir='ltr'><strong>fueriut</strong></span> <span class='ocrx_word' id='word_1_720' title='bbox 2844 3823 2895 3879; x_wconf 92' lang='lat' dir='ltr'><strong>in</strong></span> <span class='ocrx_word' id='word_1_721' title='bbox 2933 3838 3101 3895; x_wconf 88' lang='lat' dir='ltr'><strong>regno</strong></span> <span class='ocrx_word' id='word_1_722' title='bbox 3134 3833 3189 3879; x_wconf 93' lang='lat' dir='ltr'><strong>et</strong></span> <span class='ocrx_word' id='word_1_723' title='bbox 3218 3823 3419 3879; x_wconf 87' lang='lat' dir='ltr'><strong>mortui</strong></span> <span class='ocrx_word' id='word_1_724' title='bbox 3444 3824 3556 3878; x_wconf 91' lang='lat' dir='ltr'><strong>sint</strong></span> <span class='ocrx_word' id='word_1_725' title='bbox 3583 3823 3636 3879; x_wconf 90' lang='lat' dir='ltr'><strong>in</strong></span> <span class='ocrx_word' id='word_1_726' title='bbox 3666 3841 3729 3879; x_wconf 82' lang='lat' dir='ltr'><strong>ea</strong></span> <span class='ocrx_word' id='word_1_727' title='bbox 3752 3824 3858 3880; x_wconf 79' lang='lat' dir='ltr'><strong>&#39;di-</strong></span> 
     </span>
    </p>
   </div>
   <div class='ocr_carea' id='block_1_85' title="bbox 2236 3916 3852 3988">
    <p class='ocr_par' dir='ltr' id='par_1_85' title="bbox 2236 3916 3852 3988">
     <span class='ocr_line' id='line_1_85' title="bbox 2236 3916 3852 3988; baseline 0.001 -18"><span class='ocrx_word' id='word_1_728' title='bbox 2236 3918 2473 3988; x_wconf 79' lang='lat' dir='ltr'><strong>gnitate,</strong></span> <span class='ocrx_word' id='word_1_729' title='bbox 2507 3926 2562 3973; x_wconf 89' lang='lat' dir='ltr'><strong>et</strong></span> <span class='ocrx_word' id='word_1_730' title='bbox 2588 3916 2913 3972; x_wconf 88' lang='lat' dir='ltr'><strong>tradiderint</strong></span> <span class='ocrx_word' id='word_1_731' title='bbox 2947 3916 3073 3971; x_wconf 80' lang='lat' dir='ltr'><strong>(iliis</strong></span> <span class='ocrx_word' id='word_1_732' title='bbox 3110 3916 3223 3972; x_wconf 90' lang='lat' dir='ltr'><strong>suis</strong></span> <span class='ocrx_word' id='word_1_733' title='bbox 3253 3917 3637 3971; x_wconf 84' lang='lat' dir='ltr'><strong>auctoritatem</strong></span> <span class='ocrx_word' id='word_1_734' title='bbox 3672 3918 3852 3988; x_wconf 80' lang='lat' dir='ltr'><strong>regni.</strong></span> 
     </span>
    </p>
   </div>
   <div class='ocr_carea' id='block_1_86' title="bbox 2239 4009 3858 4081">
    <p class='ocr_par' dir='ltr' id='par_1_86' title="bbox 2239 4009 3858 4081">
     <span class='ocr_line' id='line_1_86' title="bbox 2239 4009 3858 4081; baseline 0.001 -17"><span class='ocrx_word' id='word_1_735' title='bbox 2239 4010 2320 4065; x_wconf 86' lang='lat' dir='ltr'><strong>Ne</strong></span> <span class='ocrx_word' id='word_1_736' title='bbox 2350 4012 2533 4080; x_wconf 88' lang='lat' dir='ltr'><strong>itaque</strong></span> <span class='ocrx_word' id='word_1_737' title='bbox 2564 4010 2726 4065; x_wconf 89' lang='lat' dir='ltr'><strong>etiam</strong></span> <span class='ocrx_word' id='word_1_738' title='bbox 2749 4010 2805 4065; x_wconf 87' lang='lat' dir='ltr'><strong>itt</strong></span> <span class='ocrx_word' id='word_1_739' title='bbox 2832 4026 2898 4066; x_wconf 92' lang='lat' dir='ltr'><strong>eo</strong></span> <span class='ocrx_word' id='word_1_740' title='bbox 2927 4010 3175 4081; x_wconf 88' lang='lat' dir='ltr'><strong>plaudas,</strong></span> <span class='ocrx_word' id='word_1_741' title='bbox 3200 4009 3346 4080; x_wconf 88' lang='lat' dir='ltr'><strong>quod</strong></span> <span class='ocrx_word' id='word_1_742' title='bbox 3372 4010 3515 4065; x_wconf 92' lang='lat' dir='ltr'><strong>enim</strong></span> <span class='ocrx_word' id='word_1_743' title='bbox 3543 4019 3701 4079; x_wconf 83' lang='lat' dir='ltr'><strong>pater</strong></span> <span class='ocrx_word' id='word_1_744' title='bbox 3729 4026 3858 4065; x_wconf 84' lang='lat' dir='ltr'><strong>ves-</strong></span> 
     </span>
    </p>
   </div>
   <div class='ocr_carea' id='block_1_87' title="bbox 2240 4100 3855 4173">
    <p class='ocr_par' dir='ltr' id='par_1_87' title="bbox 2240 4100 3855 4173">
     <span class='ocr_line' id='line_1_87' title="bbox 2240 4100 3855 4173; baseline -0.001 -15"><span class='ocrx_word' id='word_1_745' title='bbox 2240 4112 2326 4158; x_wconf 88' lang='lat' dir='ltr'><strong>ter</strong></span> <span class='ocrx_word' id='word_1_746' title='bbox 2366 4103 2519 4157; x_wconf 84' lang='lat' dir='ltr'><strong>vobis</strong></span> <span class='ocrx_word' id='word_1_747' title='bbox 2569 4102 2853 4157; x_wconf 86' lang='lat' dir='ltr'><strong>tradiderit</strong></span> <span class='ocrx_word' id='word_1_748' title='bbox 2905 4118 3168 4173; x_wconf 78' lang='lat' dir='ltr'><strong>regnum,</strong></span> <span class='ocrx_word' id='word_1_749' title='bbox 3215 4101 3439 4158; x_wconf 89' lang='lat' dir='ltr'><strong>dicens:</strong></span> <span class='ocrx_word' id='word_1_750' title='bbox 3500 4100 3623 4155; x_wconf 85' lang='lat' dir='ltr'><strong>Nisi</strong></span> <span class='ocrx_word' id='word_1_751' title='bbox 3653 4101 3669 4152; x_wconf 83' lang='lat' dir='ltr'><strong>i</strong></span> <span class='ocrx_word' id='word_1_752' title='bbox 3705 4112 3855 4173; x_wconf 86' lang='lat' dir='ltr'><strong>pater</strong></span> 
     </span>
    </p>
   </div>
   <div class='ocr_carea' id='block_1_88' title="bbox 2238 4193 3853 4267">
    <p class='ocr_par' dir='ltr' id='par_1_88' title="bbox 2238 4193 3853 4267">
     <span class='ocr_line' id='line_1_88' title="bbox 2238 4193 3853 4267; baseline 0.001 -19"><span class='ocrx_word' id='word_1_753' title='bbox 2238 4212 2385 4251; x_wconf 89' lang='lat' dir='ltr'><strong>meus</strong></span> <span class='ocrx_word' id='word_1_754' title='bbox 2414 4195 2538 4251; x_wconf 80' lang='lat' dir='ltr'><strong>bene</strong></span> <span class='ocrx_word' id='word_1_755' title='bbox 2579 4195 2802 4267; x_wconf 78' lang='lat' dir='ltr'><strong>fecisset,</strong></span> <span class='ocrx_word' id='word_1_756' title='bbox 2838 4193 3072 4265; x_wconf 76' lang='lat' dir='ltr'><strong>conferre</strong></span> <span class='ocrx_word' id='word_1_757' title='bbox 3095 4212 3148 4250; x_wconf 88' lang='lat' dir='ltr'><strong>se</strong></span> <span class='ocrx_word' id='word_1_758' title='bbox 3186 4195 3253 4249; x_wconf 92' lang='lat' dir='ltr'><strong>ad</strong></span> <span class='ocrx_word' id='word_1_759' title='bbox 3284 4194 3537 4261; x_wconf 84' lang='lat' dir='ltr'><strong>Arianos,</strong></span> <span class='ocrx_word' id='word_1_760' title='bbox 3570 4210 3675 4249; x_wconf 88' lang='lat' dir='ltr'><strong>non</strong></span> <span class='ocrx_word' id='word_1_761' title='bbox 3734 4197 3853 4267; x_wconf 78' lang='lat' dir='ltr'><strong>ejus</strong></span> 
     </span>
    </p>
   </div>
   <div class='ocr_carea' id='block_1_89' title="bbox 2238 4286 3852 4361">
    <p class='ocr_par' dir='ltr' id='par_1_89' title="bbox 2238 4286 3852 4361">
     <span class='ocr_line' id='line_1_89' title="bbox 2238 4286 3852 4361; baseline -0.002 -18"><span class='ocrx_word' id='word_1_762' title='bbox 2238 4289 2338 4358; x_wconf 83' lang='lat' dir='ltr'><strong>ﬁlii</strong></span> <span class='ocrx_word' id='word_1_763' title='bbox 2369 4305 2720 4361; x_wconf 78' lang='lat' dir='ltr'><strong>regnaremus.</strong></span> <span class='ocrx_word' id='word_1_764' title='bbox 2740 4288 2877 4342; x_wconf 88' lang='lat' dir='ltr'><strong>Nolo</strong></span> <span class='ocrx_word' id='word_1_765' title='bbox 2899 4287 3082 4343; x_wconf 87' lang='lat' dir='ltr'><strong>dicas:</strong></span> <span class='ocrx_word' id='word_1_766' title='bbox 3106 4286 3169 4344; x_wconf 88' lang='lat' dir='ltr'><strong>Si</strong></span> <span class='ocrx_word' id='word_1_767' title='bbox 3196 4288 3469 4344; x_wconf 74' lang='lat' dir='ltr'><strong>hwrelicus</strong></span> <span class='ocrx_word' id='word_1_768' title='bbox 3491 4305 3673 4352; x_wconf 85' lang='lat' dir='ltr'><strong>essent,</strong></span> <span class='ocrx_word' id='word_1_769' title='bbox 3699 4305 3852 4341; x_wconf 65' lang='lat' dir='ltr'><strong>num-</strong></span> 
     </span>
    </p>
   </div>
   <div class='ocr_carea' id='block_1_90' title="bbox 2237 4377 3852 4452">
    <p class='ocr_par' dir='ltr' id='par_1_90' title="bbox 2237 4377 3852 4452">
     <span class='ocr_line' id='line_1_90' title="bbox 2237 4377 3852 4452; baseline 0 -19"><span class='ocrx_word' id='word_1_770' title='bbox 2237 4396 2390 4450; x_wconf 86' lang='lat' dir='ltr'><strong>quant</strong></span> <span class='ocrx_word' id='word_1_771' title='bbox 2413 4389 2610 4435; x_wconf 85' lang='lat' dir='ltr'><strong>tantum</strong></span> <span class='ocrx_word' id='word_1_772' title='bbox 2632 4380 2966 4448; x_wconf 85' lang='lat' dir='ltr'><strong>imperarem,</strong></span> <span class='ocrx_word' id='word_1_773' title='bbox 2982 4397 3265 4452; x_wconf 87' lang='lat' dir='ltr'><strong>numquam</strong></span> <span class='ocrx_word' id='word_1_774' title='bbox 3280 4398 3359 4434; x_wconf 92' lang='lat' dir='ltr'><strong>me</strong></span> <span class='ocrx_word' id='word_1_775' title='bbox 3380 4381 3695 4451; x_wconf 71' lang='lat' dir='ltr'><strong>permitteret</strong></span> <span class='ocrx_word' id='word_1_776' title='bbox 3707 4377 3852 4435; x_wconf 80' lang='lat' dir='ltr'><strong>Deus</strong></span> 
     </span>
    </p>
   </div>
   <div class='ocr_carea' id='block_1_91' title="bbox 2237 4472 3854 4545">
    <p class='ocr_par' dir='ltr' id='par_1_91' title="bbox 2237 4472 3854 4545">
     <span class='ocr_line' id='line_1_91' title="bbox 2237 4472 3854 4545; baseline 0.002 -21"><span class='ocrx_word' id='word_1_777' title='bbox 2237 4473 2412 4527; x_wconf 90' lang='lat' dir='ltr'><strong>adhuc</strong></span> <span class='ocrx_word' id='word_1_778' title='bbox 2454 4474 2506 4527; x_wconf 89' lang='lat' dir='ltr'><strong>in</strong></span> <span class='ocrx_word' id='word_1_779' title='bbox 2536 4490 2693 4545; x_wconf 81' lang='lat' dir='ltr'><strong>regno</strong></span> <span class='ocrx_word' id='word_1_780' title='bbox 2722 4490 2851 4542; x_wconf 88' lang='lat' dir='ltr'><strong>esse,</strong></span> <span class='ocrx_word' id='word_1_781' title='bbox 2904 4472 3127 4544; x_wconf 81' lang='lat' dir='ltr'><strong>quando</strong></span> <span class='ocrx_word' id='word_1_782' title='bbox 3156 4472 3343 4527; x_wconf 87' lang='lat' dir='ltr'><strong>videas</strong></span> <span class='ocrx_word' id='word_1_783' title='bbox 3394 4473 3583 4544; x_wconf 81' lang='lat' dir='ltr'><strong>viginti</strong></span> <span class='ocrx_word' id='word_1_784' title='bbox 3612 4476 3854 4545; x_wconf 84' lang='lat' dir='ltr'><strong>quatuor</strong></span> 
     </span>
    </p>
   </div>
   <div class='ocr_carea' id='block_1_92' title="bbox 522 4550 3847 4637">
    <p class='ocr_par' dir='ltr' id='par_1_92' title="bbox 522 4550 3847 4637">
     <span class='ocr_line' id='line_1_92' title="bbox 522 4550 3847 4637; baseline -0.002 -12"><span class='ocrx_word' id='word_1_785' title='bbox 522 4585 616 4627; x_wconf 79' lang='lat' dir='ltr'><strong>rea:</strong></span> <span class='ocrx_word' id='word_1_786' title='bbox 643 4580 689 4624; x_wconf 90' lang='lat' dir='ltr'><strong>et</strong></span> <span class='ocrx_word' id='word_1_787' title='bbox 717 4568 849 4623; x_wconf 77' lang='lat' dir='ltr'><strong>dixit</strong></span> <span class='ocrx_word' id='word_1_788' title='bbox 880 4566 1074 4621; x_wconf 81' lang='lat' dir='ltr'><strong>homini</strong></span> <span class='ocrx_word' id='word_1_789' title='bbox 1110 4565 1232 4618; x_wconf 88' lang='lat' dir='ltr'><strong>Dei:</strong></span> <span class='ocrx_word' id='word_1_790' title='bbox 1269 4563 1413 4634; x_wconf 86' lang='lat' dir='ltr'><strong>Roga</strong></span> <span class='ocrx_word' id='word_1_791' title='bbox 1442 4562 1628 4633; x_wconf 77' lang='lat' dir='ltr'><strong>[aciem</strong></span> <span class='ocrx_word' id='word_1_792' title='bbox 1660 4560 1871 4615; x_wconf 90' lang='lat' dir='ltr'><strong>Domini</strong></span> <span class='ocrx_word' id='word_1_793' title='bbox 1899 4558 1997 4614; x_wconf 89' lang='lat' dir='ltr'><strong>Dei</strong></span> <span class='ocrx_word' id='word_1_794' title='bbox 2028 4559 2131 4626; x_wconf 85' lang='lat' dir='ltr'><strong>tui,</strong></span> <span class='ocrx_word' id='word_1_795' title='bbox 2162 4550 2217 4610; x_wconf 88' lang='lat' dir='ltr'><strong>D</strong></span> <span class='ocrx_word' id='word_1_796' title='bbox 2240 4567 2401 4621; x_wconf 69' lang='lat' dir='ltr'><strong>armis</strong></span> <span class='ocrx_word' id='word_1_797' title='bbox 2427 4581 2686 4637; x_wconf 69' lang='lat' dir='ltr'><strong>regnasse</strong></span> <span class='ocrx_word' id='word_1_798' title='bbox 2714 4567 2929 4622; x_wconf 78' lang='lat' dir='ltr'><strong>Basiam</strong></span> <span class='ocrx_word' id='word_1_799' title='bbox 2958 4567 2984 4603; x_wconf 71' lang='grc' dir='ltr'><strong>ιι</strong></span> <span class='ocrx_word' id='word_1_800' title='bbox 3011 4567 3184 4622; x_wconf 82' lang='lat' dir='ltr'><strong>tilium</strong></span> <span class='ocrx_word' id='word_1_801' title='bbox 3218 4566 3409 4621; x_wconf 66' lang='lat' dir='ltr'><strong>AChliB</strong></span> <span class='ocrx_word' id='word_1_802' title='bbox 3452 4581 3617 4637; x_wconf 84' lang='lat' dir='ltr'><strong>super</strong></span> <span class='ocrx_word' id='word_1_803' title='bbox 3642 4564 3847 4632; x_wconf 84' lang='lat' dir='ltr'><strong>Israel,</strong></span> 
     </span>
    </p>
   </div>
   <div class='ocr_carea' id='block_1_93' title="bbox 525 4649 2133 4726">
    <p class='ocr_par' dir='ltr' id='par_1_93' title="bbox 525 4649 2133 4726">
     <span class='ocr_line' id='line_1_93' title="bbox 525 4649 2133 4726; baseline -0.005 -11"><span class='ocrx_word' id='word_1_804' title='bbox 525 4674 578 4718; x_wconf 88' lang='lat' dir='ltr'><strong>ut</strong></span> <span class='ocrx_word' id='word_1_805' title='bbox 609 4670 894 4717; x_wconf 89' lang='lat' dir='ltr'><strong>revertatur</strong></span> <span class='ocrx_word' id='word_1_806' title='bbox 917 4672 1099 4713; x_wconf 88' lang='lat' dir='ltr'><strong>manus</strong></span> <span class='ocrx_word' id='word_1_807' title='bbox 1141 4672 1251 4711; x_wconf 84' lang='lat' dir='ltr'><strong>mea</strong></span> <span class='ocrx_word' id='word_1_808' title='bbox 1281 4656 1347 4710; x_wconf 88' lang='lat' dir='ltr'><strong>ad</strong></span> <span class='ocrx_word' id='word_1_809' title='bbox 1379 4666 1477 4709; x_wconf 87' lang='lat' dir='ltr'><strong>nte.</strong></span> <span class='ocrx_word' id='word_1_810' title='bbox 1508 4652 1575 4707; x_wconf 87' lang='lat' dir='ltr'><strong>Et</strong></span> <span class='ocrx_word' id='word_1_811' title='bbox 1605 4654 1805 4726; x_wconf 88' lang='lat' dir='ltr'><strong>rogavit</strong></span> <span class='ocrx_word' id='word_1_812' title='bbox 1851 4652 2001 4709; x_wconf 84' lang='lat' dir='ltr'><strong>hamo</strong></span> <span class='ocrx_word' id='word_1_813' title='bbox 2028 4649 2133 4707; x_wconf 87' lang='lat' dir='ltr'><strong>Dei</strong></span> 
     </span>
    </p>
   </div>
   <div class='ocr_carea' id='block_1_94' title="bbox 525 4746 2128 4824">
    <p class='ocr_par' dir='ltr' id='par_1_94' title="bbox 525 4746 2128 4824">
     <span class='ocr_line' id='line_1_94' title="bbox 525 4746 2128 4824; baseline -0.004 -18"><span class='ocrx_word' id='word_1_814' title='bbox 525 4756 712 4824; x_wconf 77' lang='lat' dir='ltr'><strong>faciem</strong></span> <span class='ocrx_word' id='word_1_815' title='bbox 740 4752 984 4819; x_wconf 89' lang='lat' dir='ltr'><strong>Domini,</strong></span> <span class='ocrx_word' id='word_1_816' title='bbox 1015 4761 1063 4805; x_wconf 89' lang='lat' dir='ltr'><strong>et</strong></span> <span class='ocrx_word' id='word_1_817' title='bbox 1084 4764 1291 4804; x_wconf 87' lang='lat' dir='ltr'><strong>reversa</strong></span> <span class='ocrx_word' id='word_1_818' title='bbox 1317 4758 1389 4802; x_wconf 87' lang='lat' dir='ltr'><strong>est</strong></span> <span class='ocrx_word' id='word_1_819' title='bbox 1420 4763 1604 4800; x_wconf 89' lang='lat' dir='ltr'><strong>manus</strong></span> <span class='ocrx_word' id='word_1_820' title='bbox 1630 4747 1767 4818; x_wconf 87' lang='lat' dir='ltr'><strong>regis</strong></span> <span class='ocrx_word' id='word_1_821' title='bbox 1804 4746 1871 4800; x_wconf 90' lang='lat' dir='ltr'><strong>ad</strong></span> <span class='ocrx_word' id='word_1_822' title='bbox 1895 4762 2045 4813; x_wconf 88' lang='lat' dir='ltr'><strong>eum,</strong></span> <span class='ocrx_word' id='word_1_823' title='bbox 2077 4756 2128 4800; x_wconf 86' lang='lat' dir='ltr'><strong>et</strong></span> 
     </span>
    </p>
   </div>
   <div class='ocr_carea' id='block_1_95' title="bbox 525 4838 2126 4917">
    <p class='ocr_par' dir='ltr' id='par_1_95' title="bbox 525 4838 2126 4917">
     <span class='ocr_line' id='line_1_95' title="bbox 525 4838 2126 4917; baseline -0.004 -16"><span class='ocrx_word' id='word_1_824' title='bbox 525 4850 666 4917; x_wconf 75' lang='lat' dir='ltr'><strong>facta</strong></span> <span class='ocrx_word' id='word_1_825' title='bbox 692 4856 764 4899; x_wconf 90' lang='lat' dir='ltr'><strong>est</strong></span> <span class='ocrx_word' id='word_1_826' title='bbox 791 4842 1228 4914; x_wconf 85' lang='lat' dir='ltr'><strong>quemadmodum</strong></span> <span class='ocrx_word' id='word_1_827' title='bbox 1255 4842 1477 4911; x_wconf 84' lang='lat' dir='ltr'><strong>primum</strong></span> <span class='ocrx_word' id='word_1_828' title='bbox 1507 4838 1525 4878; x_wconf 70' lang='grc' dir='ltr'><strong>ι</strong></span> <span class='ocrx_word' id='word_1_829' title='bbox 1570 4838 1735 4913; x_wconf 84' lang='lat' dir='ltr'><strong>(Ibid.</strong></span> <span class='ocrx_word' id='word_1_830' title='bbox 1760 4854 1875 4894; x_wconf 68' lang='grc' dir='ltr'>χιιι.</span> <span class='ocrx_word' id='word_1_831' title='bbox 1908 4842 1985 4909; x_wconf 77' lang='grc'><strong>1).</strong></span> <span class='ocrx_word' id='word_1_832' title='bbox 2018 4838 2126 4894; x_wconf 84' lang='lat' dir='ltr'><strong>lm-</strong></span> 
     </span>
    </p>
   </div>
   <div class='ocr_carea' id='block_1_96' title="bbox 525 4932 2125 5010">
    <p class='ocr_par' dir='ltr' id='par_1_96' title="bbox 525 4932 2125 5010">
     <span class='ocr_line' id='line_1_96' title="bbox 525 4932 2125 5010; baseline -0.003 -15"><span class='ocrx_word' id='word_1_833' title='bbox 525 4939 674 5010; x_wconf 83' lang='lat' dir='ltr'><strong>pleta</strong></span> <span class='ocrx_word' id='word_1_834' title='bbox 698 4948 819 4993; x_wconf 88' lang='lat' dir='ltr'><strong>cum</strong></span> <span class='ocrx_word' id='word_1_835' title='bbox 850 4935 1048 4992; x_wconf 88' lang='lat' dir='ltr'><strong>viderit</strong></span> <span class='ocrx_word' id='word_1_836' title='bbox 1070 4933 1185 4990; x_wconf 81' lang='lat' dir='ltr'><strong>haec</strong></span> <span class='ocrx_word' id='word_1_837' title='bbox 1211 4932 1477 5005; x_wconf 85' lang='lat' dir='ltr'><strong>prodigia,</strong></span> <span class='ocrx_word' id='word_1_838' title='bbox 1496 4946 1631 5003; x_wconf 72' lang='lat' dir='ltr'><strong>qua:</strong></span> <span class='ocrx_word' id='word_1_839' title='bbox 1657 4932 1878 4989; x_wconf 80' lang='lat' dir='ltr'><strong>fuerant</strong></span> <span class='ocrx_word' id='word_1_840' title='bbox 1900 4947 1997 4989; x_wconf 85' lang='lat' dir='ltr'><strong>ore</strong></span> <span class='ocrx_word' id='word_1_841' title='bbox 2027 4934 2125 4990; x_wconf 86' lang='lat' dir='ltr'><strong>bo-</strong></span> 
     </span>
    </p>
   </div>
   <div class='ocr_carea' id='block_1_97' title="bbox 599 5099 2114 5174">
    <p class='ocr_par' dir='ltr' id='par_1_97' title="bbox 599 5099 2114 5174">
     <span class='ocr_line' id='line_1_97' title="bbox 599 5099 2114 5174; baseline -0.005 -12"><span class='ocrx_word' id='word_1_842' title='bbox 599 5117 622 5143; x_wconf 76' lang='grc' dir='ltr'><strong><em>η</em></strong></span> <span class='ocrx_word' id='word_1_843' title='bbox 667 5106 1137 5174; x_wconf 85' lang='lat' dir='ltr'><strong>Desumptumest</strong></span> <span class='ocrx_word' id='word_1_844' title='bbox 1163 5102 1267 5157; x_wconf 84' lang='lat' dir='ltr'><strong>hoc</strong></span> <span class='ocrx_word' id='word_1_845' title='bbox 1292 5101 1685 5174; x_wconf 75' lang='lat' dir='ltr'><strong>testimonium,</strong></span> <span class='ocrx_word' id='word_1_846' title='bbox 1720 5100 1860 5174; x_wconf 69' lang='lat' dir='ltr'><strong>quod</strong></span> <span class='ocrx_word' id='word_1_847' title='bbox 1895 5099 2114 5174; x_wconf 80' lang='lat' dir='ltr'><strong>adsen-</strong></span> 
     </span>
    </p>
   </div>
   <div class='ocr_carea' id='block_1_98' title="bbox 522 5170 2112 5247">
    <p class='ocr_par' dir='ltr' id='par_1_98' title="bbox 522 5170 2112 5247">
     <span class='ocr_line' id='line_1_98' title="bbox 522 5170 2112 5247; baseline -0.008 -10"><span class='ocrx_word' id='word_1_848' title='bbox 522 5196 642 5237; x_wconf 86' lang='lat' dir='ltr'><strong>sum</strong></span> <span class='ocrx_word' id='word_1_849' title='bbox 694 5170 922 5247; x_wconf 78' lang='lat' dir='ltr'><strong>spectat,</strong></span> <span class='ocrx_word' id='word_1_850' title='bbox 948 5192 979 5230; x_wconf 92' lang='lat' dir='ltr'><strong>e</strong></span> <span class='ocrx_word' id='word_1_851' title='bbox 1005 5173 1163 5247; x_wconf 80' lang='lat' dir='ltr'><strong>Vulg.</strong></span> <span class='ocrx_word' id='word_1_852' title='bbox 1187 5182 1243 5229; x_wconf 92' lang='lat' dir='ltr'><strong>et</strong></span> <span class='ocrx_word' id='word_1_853' title='bbox 1280 5189 1310 5227; x_wconf 95' lang='lat' dir='ltr'><strong>e</strong></span> <span class='ocrx_word' id='word_1_854' title='bbox 1348 5172 1605 5247; x_wconf 67' lang='lat' dir='ltr'><strong>Septuag.</strong></span> <span class='ocrx_word' id='word_1_855' title='bbox 1631 5175 1708 5247; x_wconf 35' lang='lat' dir='ltr'><strong>“in</strong></span> <span class='ocrx_word' id='word_1_856' title='bbox 1738 5170 1909 5247; x_wconf 70' lang='lat' dir='ltr'><strong>Edit.</strong></span> <span class='ocrx_word' id='word_1_857' title='bbox 1956 5170 2112 5247; x_wconf 79' lang='lat' dir='ltr'><strong>Rom.</strong></span> 
     </span>
    </p>
   </div>
   <div class='ocr_carea' id='block_1_99' title="bbox 518 5243 2114 5322">
    <p class='ocr_par' dir='ltr' id='par_1_99' title="bbox 518 5243 2114 5322">
     <span class='ocr_line' id='line_1_99' title="bbox 518 5243 2114 5322; baseline -0.006 -16"><span class='ocrx_word' id='word_1_858' title='bbox 518 5266 641 5322; x_wconf 87' lang='lat' dir='ltr'><strong>cap.</strong></span> <span class='ocrx_word' id='word_1_859' title='bbox 676 5243 769 5318; x_wconf 80' lang='lat' dir='ltr'><strong>xii,</strong></span> <span class='ocrx_word' id='word_1_860' title='bbox 799 5262 853 5306; x_wconf 90' lang='lat' dir='ltr'><strong>et</strong></span> <span class='ocrx_word' id='word_1_861' title='bbox 880 5268 905 5302; x_wconf 85' lang='lat' dir='ltr'><strong>a</strong></span> <span class='ocrx_word' id='word_1_862' title='bbox 936 5243 1332 5322; x_wconf 63' lang='lat' dir='ltr'><strong>Montiaucouio</strong></span> <span class='ocrx_word' id='word_1_863' title='bbox 1366 5246 1430 5322; x_wconf 82' lang='lat' dir='ltr'><strong>in_</strong></span> <span class='ocrx_word' id='word_1_864' title='bbox 1444 5243 1697 5322; x_wconf 73' lang='lat' dir='ltr'><strong>llexaplis</strong></span> <span class='ocrx_word' id='word_1_865' title='bbox 1728 5243 2031 5297; x_wconf 89' lang='lat' dir='ltr'><strong>collocatur</strong></span> <span class='ocrx_word' id='word_1_866' title='bbox 2058 5243 2114 5297; x_wconf 94' lang='lat' dir='ltr'><strong>in</strong></span> 
     </span>
    </p>
   </div>
   <div class='ocr_carea' id='block_1_100' title="bbox 539 5314 1587 5393">
    <p class='ocr_par' dir='ltr' id='par_1_100' title="bbox 539 5314 1587 5393">
     <span class='ocr_line' id='line_1_100' title="bbox 539 5314 1587 5393; baseline -0.01 -16"><span class='ocrx_word' id='word_1_867' title='bbox 539 5314 613 5393; x_wconf 57' lang='grc' dir='ltr'><strong>Ῡξ</strong></span> <span class='ocrx_word' id='word_1_868' title='bbox 646 5324 702 5384; x_wconf 75' lang='lat'><strong>‘2,</strong></span> <span class='ocrx_word' id='word_1_869' title='bbox 737 5314 857 5392; x_wconf 86' lang='lat' dir='ltr'><strong>cap.</strong></span> <span class='ocrx_word' id='word_1_870' title='bbox 886 5338 995 5377; x_wconf 84' lang='lat' dir='ltr'><strong>xtv.</strong></span> <span class='ocrx_word' id='word_1_871' title='bbox 1029 5319 1367 5393; x_wconf 74' lang='lat' dir='ltr'><strong>Omittitttra</strong></span> <span class='ocrx_word' id='word_1_872' title='bbox 1400 5314 1587 5393; x_wconf 63' lang='lat' dir='ltr'><strong>Stabat.</strong></span> 
     </span>
    </p>
   </div>
   <div class='ocr_carea' id='block_1_101' title="bbox 594 5384 2115 5478">
    <p class='ocr_par' dir='ltr' id='par_1_101' title="bbox 594 5384 2115 5478">
     <span class='ocr_line' id='line_1_101' title="bbox 594 5384 2115 5478; baseline -0.003 -32"><span class='ocrx_word' id='word_1_873' title='bbox 594 5394 621 5478; x_wconf 60' lang='grc' dir='ltr'>ιξ</span> <span class='ocrx_word' id='word_1_874' title='bbox 662 5384 939 5478; x_wconf 57' lang='grc' dir='ltr'><strong>Υἱᾱθέιιρ.</strong></span> <span class='ocrx_word' id='word_1_875' title='bbox 987 5407 1107 5464; x_wconf 82' lang='lat' dir='ltr'><strong>pag.</strong></span> <span class='ocrx_word' id='word_1_876' title='bbox 1142 5392 1165 5445; x_wconf 81' lang='lat' dir='ltr'><strong>i</strong></span> <span class='ocrx_word' id='word_1_877' title='bbox 1211 5390 1348 5461; x_wconf 86' lang='lat' dir='ltr'><strong>(Imj.</strong></span> <span class='ocrx_word' id='word_1_878' title='bbox 1386 5388 1510 5441; x_wconf 88' lang='lat' dir='ltr'><strong>edit.</strong></span> <span class='ocrx_word' id='word_1_879' title='bbox 1541 5386 1639 5440; x_wconf 69' lang='lat' dir='ltr'><strong>crl.</strong></span> <span class='ocrx_word' id='word_1_880' title='bbox 1672 5386 1703 5439; x_wconf 89' lang='lat'><strong>7</strong></span> <span class='ocrx_word' id='word_1_881' title='bbox 1727 5384 1840 5453; x_wconf 85' lang='lat'><strong>.5),</strong></span> <span class='ocrx_word' id='word_1_882' title='bbox 1872 5396 1924 5440; x_wconf 87' lang='lat' dir='ltr'><strong>ct</strong></span> <span class='ocrx_word' id='word_1_883' title='bbox 1952 5384 2115 5442; x_wconf 89' lang='lat' dir='ltr'><strong>Luci-</strong></span> 
     </span>
    </p>
   </div>
   <div class='ocr_carea' id='block_1_102' title="bbox 526 5467 1947 5607">
    <p class='ocr_par' dir='ltr' id='par_1_102' title="bbox 526 5467 1947 5607">
     <span class='ocr_line' id='line_1_102' title="bbox 526 5467 1947 5607; baseline 0.008 -26"><span class='ocrx_word' id='word_1_884' title='bbox 526 5467 623 5575; x_wconf 50' lang='grc' dir='ltr'><strong>ᾕΤέ</strong></span> <span class='ocrx_word' id='word_1_885' title='bbox 650 5476 996 5607; x_wconf 39' lang='lat' dir='ltr'><strong>mimicam</strong></span> <span class='ocrx_word' id='word_1_886' title='bbox 1012 5533 1163 5607; x_wconf 86' lang='lat' dir='ltr'><strong>apud</strong></span> <span class='ocrx_word' id='word_1_887' title='bbox 1192 5532 1380 5607; x_wconf 84' lang='lat' dir='ltr'><strong>Sabat.</strong></span> <span class='ocrx_word' id='word_1_888' title='bbox 1412 5540 1468 5586; x_wconf 92' lang='lat' dir='ltr'><strong>et</strong></span> <span class='ocrx_word' id='word_1_889' title='bbox 1496 5530 1711 5607; x_wconf 79' lang='lat' dir='ltr'><strong>melius.</strong></span> <span class='ocrx_word' id='word_1_890' title='bbox 1736 5538 1791 5607; x_wconf 67' lang='lat' dir='ltr'><strong>tt}</strong></span> <span class='ocrx_word' id='word_1_891' title='bbox 1822 5543 1947 5607; x_wconf 62' lang='grc' dir='ltr'><strong>ξυν-</strong></span> 
     </span>
    </p>
   </div>
   <div class='ocr_carea' id='block_1_103' title="bbox 596 5599 1937 5678">
    <p class='ocr_par' dir='ltr' id='par_1_103' title="bbox 596 5599 1937 5678">
     <span class='ocr_line' id='line_1_103' title="bbox 596 5599 1937 5678; baseline -0.008 -15"><span class='ocrx_word' id='word_1_892' title='bbox 596 5606 620 5643; x_wconf 79' lang='grc' dir='ltr'><strong>ί¹</strong></span> <span class='ocrx_word' id='word_1_893' title='bbox 663 5609 728 5663; x_wconf 89' lang='grc' dir='ltr'><strong>1η</strong></span> <span class='ocrx_word' id='word_1_894' title='bbox 751 5620 799 5664; x_wconf 82' lang='lat' dir='ltr'><strong>te</strong></span> <span class='ocrx_word' id='word_1_895' title='bbox 822 5599 1117 5678; x_wconf 76' lang='lat' dir='ltr'><strong>legendum</strong></span> <span class='ocrx_word' id='word_1_896' title='bbox 1145 5622 1243 5677; x_wconf 86' lang='lat' dir='ltr'><strong>pro</strong></span> <span class='ocrx_word' id='word_1_897' title='bbox 1278 5604 1409 5657; x_wconf 89' lang='lat' dir='ltr'><strong>inter</strong></span> <span class='ocrx_word' id='word_1_898' title='bbox 1436 5602 1717 5678; x_wconf 70' lang='lat' dir='ltr'><strong>contendit</strong></span> <span class='ocrx_word' id='word_1_899' title='bbox 1746 5599 1937 5678; x_wconf 71' lang='lat' dir='ltr'><strong>Sabat.</strong></span> 
     </span>
    </p>
   </div>
   <div class='ocr_carea' id='block_1_104' title="bbox 528 5668 2123 5796">
    <p class='ocr_par' dir='ltr' id='par_1_104' title="bbox 528 5668 2123 5796">
     <span class='ocr_line' id='line_1_104' title="bbox 528 5668 2123 5796; baseline -0.006 -62"><span class='ocrx_word' id='word_1_900' title='bbox 528 5747 559 5796; x_wconf 48' lang='grc' dir='ltr'><strong><em>ἢ</em></strong></span> <span class='ocrx_word' id='word_1_901' title='bbox 597 5678 616 5697; x_wconf 89' lang='lat'>&#39;</span> <span class='ocrx_word' id='word_1_902' title='bbox 664 5668 971 5750; x_wconf 62' lang='lat' dir='ltr'><strong>Prodigium</strong></span> <span class='ocrx_word' id='word_1_903' title='bbox 1003 5668 1266 5733; x_wconf 70' lang='lat' dir='ltr'><strong>omittitur</strong></span> <span class='ocrx_word' id='word_1_904' title='bbox 1296 5690 1456 5745; x_wconf 84' lang='lat' dir='ltr'><strong>supra</strong></span> <span class='ocrx_word' id='word_1_905' title='bbox 1479 5673 1572 5728; x_wconf 87' lang='lat' dir='ltr'><strong>lib.</strong></span> <span class='ocrx_word' id='word_1_906' title='bbox 1603 5672 1666 5727; x_wconf 90' lang='lat' dir='ltr'><strong>de</strong></span> <span class='ocrx_word' id='word_1_907' title='bbox 1688 5688 1787 5729; x_wconf 90' lang='lat' dir='ltr'><strong>non</strong></span> <span class='ocrx_word' id='word_1_908' title='bbox 1813 5668 1975 5727; x_wconf 84' lang='lat' dir='ltr'><strong>Conv.</strong></span> <span class='ocrx_word' id='word_1_909' title='bbox 2006 5686 2123 5726; x_wconf 85' lang='lat' dir='ltr'><strong>cum</strong></span> 
     </span>
     <span class='ocr_line' id='line_1_105' title="bbox 566 5764 656 5796; baseline 0 0"><span class='ocrx_word' id='word_1_910' title='bbox 566 5764 656 5796; x_wconf 66' lang='grc' dir='ltr'><strong>(ιη’.</strong></span> 
     </span>
    </p>
   </div>
   <div class='ocr_carea' id='block_1_105' title="bbox 566 5764 2128 5888">
    <p class='ocr_par' dir='ltr' id='par_1_105' title="bbox 566 5764 2128 5888">
     <span class='ocr_line' id='line_1_106' title="bbox 566 5764 2128 5888; baseline -0.003 -15"><span class='ocrx_word' id='word_1_911' title='bbox 566 5764 626 5855; x_wconf 53' lang='lat' dir='ltr'><strong>mf,</strong></span> <span class='ocrx_word' id='word_1_912' title='bbox 645 5790 656 5798; x_wconf 63' lang='grc'><strong>’</strong></span> <span class='ocrx_word' id='word_1_913' title='bbox 682 5804 1128 5885; x_wconf 79' lang='lat' dir='ltr'><strong>Quemadmodum</strong></span> <span class='ocrx_word' id='word_1_914' title='bbox 1168 5818 1392 5887; x_wconf 81' lang='lat' dir='ltr'><strong>primum</strong></span> <span class='ocrx_word' id='word_1_915' title='bbox 1419 5816 1613 5888; x_wconf 77' lang='lat' dir='ltr'><strong>legitur</strong></span> <span class='ocrx_word' id='word_1_916' title='bbox 1642 5814 1806 5874; x_wconf 78' lang='lat' dir='ltr'><strong>etiam</strong></span> <span class='ocrx_word' id='word_1_917' title='bbox 1858 5828 2021 5887; x_wconf 84' lang='lat' dir='ltr'><strong>supra</strong></span> <span class='ocrx_word' id='word_1_918' title='bbox 2065 5813 2128 5869; x_wconf 80' lang='lat' dir='ltr'><strong>de</strong></span> 
     </span>
    </p>
   </div>
   <div class='ocr_carea' id='block_1_106' title="bbox 2241 4656 3847 4730">
    <p class='ocr_par' dir='ltr' id='par_1_106' title="bbox 2241 4656 3847 4730">
     <span class='ocr_line' id='line_1_107' title="bbox 2241 4656 3847 4730; baseline -0.001 -18"><span class='ocrx_word' id='word_1_919' title='bbox 2241 4659 2312 4713; x_wconf 86' lang='lat' dir='ltr'><strong>de</strong></span> <span class='ocrx_word' id='word_1_920' title='bbox 2334 4673 2446 4730; x_wconf 87' lang='lat' dir='ltr'><strong>quo</strong></span> <span class='ocrx_word' id='word_1_921' title='bbox 2474 4660 2737 4730; x_wconf 89' lang='lat' dir='ltr'><strong>scriptum</strong></span> <span class='ocrx_word' id='word_1_922' title='bbox 2771 4658 3029 4715; x_wconf 77' lang='lat' dir='ltr'><strong>invenISti</strong></span> <span class='ocrx_word' id='word_1_923' title='bbox 3060 4659 3113 4714; x_wconf 92' lang='lat' dir='ltr'><strong>in</strong></span> <span class='ocrx_word' id='word_1_924' title='bbox 3138 4656 3847 4729; x_wconf 77' lang='lat' dir='ltr'><strong>Reguorumlibrotertio:</strong></span> 
     </span>
    </p>
   </div>
   <div class='ocr_carea' id='block_1_107' title="bbox 2242 4747 3853 4826">
    <p class='ocr_par' dir='ltr' id='par_1_107' title="bbox 2242 4747 3853 4826">
     <span class='ocr_line' id='line_1_108' title="bbox 2242 4747 3853 4826; baseline -0.001 -22"><span class='ocrx_word' id='word_1_925' title='bbox 2242 4749 2410 4820; x_wconf 87' lang='lat' dir='ltr'><strong>(Ibid.</strong></span> <span class='ocrx_word' id='word_1_926' title='bbox 2441 4750 2536 4821; x_wconf 75' lang='grc'><strong>54)</strong></span> <span class='ocrx_word' id='word_1_927' title='bbox 2563 4769 2575 4806; x_wconf 92' lang='lat'><strong>:</strong></span> <span class='ocrx_word' id='word_1_928' title='bbox 2605 4750 2673 4805; x_wconf 76' lang='lat' dir='ltr'><strong>Et</strong></span> <span class='ocrx_word' id='word_1_929' title='bbox 2700 4752 2821 4822; x_wconf 75' lang='lat' dir='ltr'><strong>fecit</strong></span> <span class='ocrx_word' id='word_1_930' title='bbox 2848 4752 3134 4826; x_wconf 86' lang='lat' dir='ltr'><strong>malignum</strong></span> <span class='ocrx_word' id='word_1_931' title='bbox 3158 4766 3335 4805; x_wconf 88' lang='lat' dir='ltr'><strong>coram</strong></span> <span class='ocrx_word' id='word_1_932' title='bbox 3354 4747 3599 4817; x_wconf 88' lang='lat' dir='ltr'><strong>Domino,</strong></span> <span class='ocrx_word' id='word_1_933' title='bbox 3631 4760 3684 4805; x_wconf 87' lang='lat' dir='ltr'><strong>et</strong></span> <span class='ocrx_word' id='word_1_934' title='bbox 3720 4750 3853 4806; x_wconf 88' lang='lat' dir='ltr'><strong>abiit</strong></span> 
     </span>
    </p>
   </div>
   <div class='ocr_carea' id='block_1_108' title="bbox 2239 4843 3847 4917">
    <p class='ocr_par' dir='ltr' id='par_1_108' title="bbox 2239 4843 3847 4917">
     <span class='ocr_line' id='line_1_109' title="bbox 2239 4843 3847 4917; baseline 0.002 -20"><span class='ocrx_word' id='word_1_935' title='bbox 2239 4844 2297 4898; x_wconf 90' lang='lat' dir='ltr'><strong>in</strong></span> <span class='ocrx_word' id='word_1_936' title='bbox 2324 4844 2459 4898; x_wconf 84' lang='lat' dir='ltr'><strong>viam</strong></span> <span class='ocrx_word' id='word_1_937' title='bbox 2505 4843 2821 4900; x_wconf 84' lang='lat' dir='ltr'><strong>Hieroboam</strong></span> <span class='ocrx_word' id='word_1_938' title='bbox 2849 4846 2947 4915; x_wconf 86' lang='lat' dir='ltr'><strong>ﬁlii</strong></span> <span class='ocrx_word' id='word_1_939' title='bbox 2987 4843 3225 4909; x_wconf 77' lang='lat' dir='ltr'><strong>Nabath,</strong></span> <span class='ocrx_word' id='word_1_940' title='bbox 3263 4854 3308 4899; x_wconf 85' lang='lat' dir='ltr'><strong>et</strong></span> <span class='ocrx_word' id='word_1_941' title='bbox 3348 4845 3406 4898; x_wconf 86' lang='lat' dir='ltr'><strong>in</strong></span> <span class='ocrx_word' id='word_1_942' title='bbox 3430 4845 3662 4913; x_wconf 69' lang='lat' dir='ltr'><strong>peccatis</strong></span> <span class='ocrx_word' id='word_1_943' title='bbox 3686 4846 3808 4917; x_wconf 76' lang='lat' dir='ltr'><strong>ejus</strong></span> <span class='ocrx_word' id='word_1_944' title='bbox 3831 4886 3847 4910; x_wconf 91' lang='lat'><strong>,</strong></span> 
     </span>
    </p>
   </div>
   <div class='ocr_carea' id='block_1_109' title="bbox 2236 4935 3849 5009">
    <p class='ocr_par' dir='ltr' id='par_1_109' title="bbox 2236 4935 3849 5009">
     <span class='ocr_line' id='line_1_110' title="bbox 2236 4935 3849 5009; baseline 0.001 -18"><span class='ocrx_word' id='word_1_945' title='bbox 2236 4937 2674 5005; x_wconf 85' lang='lat' dir='ltr'><strong>quemadmodum</strong></span> <span class='ocrx_word' id='word_1_946' title='bbox 2705 4936 2928 5009; x_wconf 84' lang='lat' dir='ltr'><strong>peccavit</strong></span> <span class='ocrx_word' id='word_1_947' title='bbox 2962 4936 2977 4974; x_wconf 78' lang='grc' dir='ltr'><strong>ι</strong></span> <span class='ocrx_word' id='word_1_948' title='bbox 3004 4937 3062 4992; x_wconf 90' lang='lat' dir='ltr'><strong>in</strong></span> <span class='ocrx_word' id='word_1_949' title='bbox 3092 4935 3263 4993; x_wconf 80' lang='lat' dir='ltr'><strong>Israel</strong></span> <span class='ocrx_word' id='word_1_950' title='bbox 3283 4951 3303 5002; x_wconf 80' lang='lat'><strong>,&#39;</strong></span> <span class='ocrx_word' id='word_1_951' title='bbox 3320 4936 3603 5007; x_wconf 71' lang='lat' dir='ltr'><strong>q‘ui‘Dasia</strong></span> <span class='ocrx_word' id='word_1_952' title='bbox 3628 4951 3726 4992; x_wconf 70' lang='lat' dir='ltr'><strong>rex</strong></span> <span class='ocrx_word' id='word_1_953' title='bbox 3748 4938 3849 4993; x_wconf 83' lang='lat' dir='ltr'><strong>de-</strong></span> 
     </span>
    </p>
   </div>
   <div class='ocr_carea' id='block_1_110' title="bbox 2230 5101 3844 5185">
    <p class='ocr_par' dir='ltr' id='par_1_110' title="bbox 2230 5101 3844 5185">
     <span class='ocr_line' id='line_1_111' title="bbox 2230 5101 3844 5185; baseline 0.001 -32"><span class='ocrx_word' id='word_1_954' title='bbox 2230 5118 2339 5185; x_wconf 75' lang='lat' dir='ltr'><strong>non</strong></span> <span class='ocrx_word' id='word_1_955' title='bbox 2372 5101 2533 5185; x_wconf 80' lang='lat' dir='ltr'><strong>C_onv.</strong></span> <span class='ocrx_word' id='word_1_956' title='bbox 2558 5104 2689 5157; x_wconf 48' lang='lat' dir='ltr'><strong>‘cum</strong></span> <span class='ocrx_word' id='word_1_957' title='bbox 2709 5101 3546 5175; x_wconf 44' lang='lat' dir='ltr'><strong>htereticisiSedZSabat-habet</strong></span> <span class='ocrx_word' id='word_1_958' title='bbox 3572 5103 3683 5174; x_wconf 43' lang='lat' dir='ltr'><strong>hic»,</strong></span> <span class='ocrx_word' id='word_1_959' title='bbox 3714 5106 3844 5161; x_wconf 77' lang='lat' dir='ltr'><strong>sicut</strong></span> 
     </span>
    </p>
   </div>
   <div class='ocr_carea' id='block_1_111' title="bbox 2269 5188 2589 5229">
    <p class='ocr_par' dir='ltr' id='par_1_111' title="bbox 2269 5188 2589 5229">
     <span class='ocr_line' id='line_1_112' title="bbox 2269 5188 2589 5229; baseline 0.016 -5"><span class='ocrx_word' id='word_1_960' title='bbox 2269 5188 2377 5227; x_wconf 72' lang='grc' dir='ltr'><strong>ηαδ</strong></span> <span class='ocrx_word' id='word_1_961' title='bbox 2400 5188 2589 5229; x_wconf 82' lang='lat' dir='ltr'><strong>luerat.</strong></span> 
     </span>
    </p>
   </div>
   <div class='ocr_carea' id='block_1_112' title="bbox 2227 5174 3843 5327">
    <p class='ocr_par' dir='ltr' id='par_1_112' title="bbox 2227 5174 3843 5327">
     <span class='ocr_line' id='line_1_113' title="bbox 2227 5174 3141 5243; baseline 0.008 -19"><span class='ocrx_word' id='word_1_962' title='bbox 2227 5175 2377 5241; x_wconf 79' lang='lat' dir='ltr'><strong>prius</strong></span> <span class='ocrx_word' id='word_1_963' title='bbox 2400 5174 2589 5243; x_wconf 75' lang='lat' dir='ltr'><strong>fuerat.</strong></span> <span class='ocrx_word' id='word_1_964' title='bbox 3138 5174 3141 5175; x_wconf 45' lang='grc'><strong><em>⁷</em></strong></span> 
     </span>
     <span class='ocr_line' id='line_1_114' title="bbox 2304 5243 3843 5327; baseline 0.005 -29"><span class='ocrx_word' id='word_1_965' title='bbox 2304 5253 2329 5291; x_wconf 79' lang='lat'>8</span> <span class='ocrx_word' id='word_1_966' title='bbox 2370 5244 2444 5299; x_wconf 91' lang='lat' dir='ltr'><strong>lta</strong></span> <span class='ocrx_word' id='word_1_967' title='bbox 2468 5243 2725 5327; x_wconf 70' lang='lat' dir='ltr'><strong>G_ra:cus;</strong></span> <span class='ocrx_word' id='word_1_968' title='bbox 2758 5245 2853 5302; x_wconf 93' lang='lat' dir='ltr'><strong>sed</strong></span> <span class='ocrx_word' id='word_1_969' title='bbox 2873 5246 3063 5303; x_wconf 88' lang='lat' dir='ltr'><strong>Sabat.</strong></span> <span class='ocrx_word' id='word_1_970' title='bbox 3086 5245 3209 5303; x_wconf 89' lang='lat' dir='ltr'><strong>loco</strong></span> <span class='ocrx_word' id='word_1_971' title='bbox 3235 5243 3489 5302; x_wconf 86' lang='lat' dir='ltr'><strong>Reversus</strong></span> <span class='ocrx_word' id='word_1_972' title='bbox 3510 5256 3586 5302; x_wconf 86' lang='lat' dir='ltr'><strong>est</strong></span> <span class='ocrx_word' id='word_1_973' title='bbox 3609 5260 3679 5315; x_wconf 87' lang='lat' dir='ltr'><strong>et,</strong></span> <span class='ocrx_word' id='word_1_974' title='bbox 3710 5248 3843 5321; x_wconf 82' lang='lat' dir='ltr'><strong>legit</strong></span> 
     </span>
    </p>
   </div>
   <div class='ocr_carea' id='block_1_113' title="bbox 2227 5327 3840 5465">
    <p class='ocr_par' dir='ltr' id='par_1_113' title="bbox 2227 5327 3840 5465">
     <span class='ocr_line' id='line_1_115' title="bbox 2227 5327 2567 5370; baseline 0.006 -3"><span class='ocrx_word' id='word_1_975' title='bbox 2227 5331 2257 5367; x_wconf 90' lang='lat' dir='ltr'><strong>e</strong></span> <span class='ocrx_word' id='word_1_976' title='bbox 2286 5327 2567 5370; x_wconf 74' lang='grc' dir='ltr'><strong>εοιιινανιο.</strong></span> 
     </span>
     <span class='ocr_line' id='line_1_116' title="bbox 2302 5384 3840 5465; baseline 0.005 -25"><span class='ocrx_word' id='word_1_977' title='bbox 2302 5384 2652 5465; x_wconf 37' lang='lat' dir='ltr'><strong>{Discrepat</strong></span> <span class='ocrx_word' id='word_1_978' title='bbox 2671 5389 2894 5465; x_wconf 80' lang='lat' dir='ltr'><strong>omnino</strong></span> <span class='ocrx_word' id='word_1_979' title='bbox 2921 5405 2949 5444; x_wconf 86' lang='lat' dir='ltr'><strong>a</strong></span> <span class='ocrx_word' id='word_1_980' title='bbox 2981 5387 3190 5445; x_wconf 58' lang='lat' dir='ltr'><strong>Graecis</strong></span> <span class='ocrx_word' id='word_1_981' title='bbox 3212 5398 3267 5446; x_wconf 91' lang='lat' dir='ltr'><strong>et</strong></span> <span class='ocrx_word' id='word_1_982' title='bbox 3287 5387 3523 5457; x_wconf 88' lang='lat' dir='ltr'><strong>Latinis,</strong></span> <span class='ocrx_word' id='word_1_983' title='bbox 3561 5389 3614 5445; x_wconf 92' lang='lat' dir='ltr'><strong>in</strong></span> <span class='ocrx_word' id='word_1_984' title='bbox 3643 5391 3840 5465; x_wconf 80' lang='lat' dir='ltr'><strong>quibus</strong></span> 
     </span>
    </p>
   </div>
   <div class='ocr_carea' id='block_1_114' title="bbox 2228 5459 2877 5546">
    <p class='ocr_par' dir='ltr' id='par_1_114' title="bbox 2228 5459 2877 5546">
     <span class='ocr_line' id='line_1_117' title="bbox 2228 5459 2877 5546; baseline 0.008 -35"><span class='ocrx_word' id='word_1_985' title='bbox 2228 5460 2578 5546; x_wconf 46' lang='lat' dir='ltr'><strong>esljrr‘lfipou&#39;,</strong></span> <span class='ocrx_word' id='word_1_986' title='bbox 2611 5459 2877 5546; x_wconf 69' lang='lat' dir='ltr'><strong>implebat.</strong></span> 
     </span>
    </p>
   </div>
   <div class='ocr_carea' id='block_1_115' title="bbox 2313 5530 2730 5587">
    <p class='ocr_par' dir='ltr' id='par_1_115' title="bbox 2313 5530 2730 5587">
     <span class='ocr_line' id='line_1_118' title="bbox 2313 5530 2730 5587; baseline -0.002 -2"><span class='ocrx_word' id='word_1_987' title='bbox 2313 5530 2329 5565; x_wconf 77' lang='grc' dir='ltr'><strong>ί</strong></span> <span class='ocrx_word' id='word_1_988' title='bbox 2374 5530 2523 5587; x_wconf 80' lang='lat' dir='ltr'><strong>Abia.</strong></span> <span class='ocrx_word' id='word_1_989' title='bbox 2552 5530 2730 5587; x_wconf 88' lang='lat' dir='ltr'><strong>Latin.</strong></span> 
     </span>
    </p>
   </div>
   <div class='ocr_carea' id='block_1_116' title="bbox 2307 5602 3835 5675">
    <p class='ocr_par' dir='ltr' id='par_1_116' title="bbox 2307 5602 3835 5675">
     <span class='ocr_line' id='line_1_119' title="bbox 2307 5602 3835 5675; baseline 0.005 -21"><span class='ocrx_word' id='word_1_990' title='bbox 2307 5603 2320 5675; x_wconf 59' lang='grc' dir='ltr'><strong>ι</strong></span> <span class='ocrx_word' id='word_1_991' title='bbox 2352 5603 2483 5675; x_wconf 66' lang='lat' dir='ltr'><strong>dee</strong></span> <span class='ocrx_word' id='word_1_992' title='bbox 2501 5602 2712 5675; x_wconf 76' lang='lat' dir='ltr'><strong>hauein</strong></span> <span class='ocrx_word' id='word_1_993' title='bbox 2739 5619 2853 5659; x_wconf 93' lang='lat' dir='ltr'><strong>rem</strong></span> <span class='ocrx_word' id='word_1_994' title='bbox 2878 5603 3182 5663; x_wconf 87' lang='lat' dir='ltr'><strong>notationes</strong></span> <span class='ocrx_word' id='word_1_995' title='bbox 3204 5604 3361 5661; x_wconf 89' lang='lat' dir='ltr'><strong>iulib.</strong></span> <span class='ocrx_word' id='word_1_996' title='bbox 3391 5604 3413 5659; x_wconf 78' lang='grc' dir='ltr'><strong>Ι</strong></span> <span class='ocrx_word' id='word_1_997' title='bbox 3440 5620 3536 5675; x_wconf 82' lang='lat' dir='ltr'><strong>pro</strong></span> <span class='ocrx_word' id='word_1_998' title='bbox 3562 5606 3617 5662; x_wconf 84' lang='lat' dir='ltr'><strong>S.</strong></span> <span class='ocrx_word' id='word_1_999' title='bbox 3636 5604 3835 5663; x_wconf 78' lang='lat' dir='ltr'><strong>Athan.</strong></span> 
     </span>
    </p>
   </div>
   <div class='ocr_carea' id='block_1_117' title="bbox 2308 5671 2810 5729">
    <p class='ocr_par' dir='ltr' id='par_1_117' title="bbox 2308 5671 2810 5729">
     <span class='ocr_line' id='line_1_120' title="bbox 2308 5671 2810 5729; baseline 0.002 -1"><span class='ocrx_word' id='word_1_1000' title='bbox 2308 5671 2331 5709; x_wconf 67' lang='grc' dir='ltr'><strong>¹ί</strong></span> <span class='ocrx_word' id='word_1_1001' title='bbox 2373 5672 2601 5729; x_wconf 88' lang='lat' dir='ltr'><strong>Baasan.</strong></span> <span class='ocrx_word' id='word_1_1002' title='bbox 2634 5673 2810 5729; x_wconf 84' lang='lat' dir='ltr'><strong>Latin.</strong></span> 
     </span>
    </p>
   </div>
   <div class='ocr_carea' id='block_1_118' title="bbox 2312 5742 3204 5823">
    <p class='ocr_par' dir='ltr' id='par_1_118' title="bbox 2312 5742 3204 5823">
     <span class='ocr_line' id='line_1_121' title="bbox 2312 5742 3204 5823; baseline 0 -23"><span class='ocrx_word' id='word_1_1003' title='bbox 2312 5742 2326 5780; x_wconf 84' lang='grc'><strong>¹</strong></span> <span class='ocrx_word' id='word_1_1004' title='bbox 2373 5744 2551 5802; x_wconf 80' lang='lat' dir='ltr'><strong>Graec.</strong></span> <span class='ocrx_word' id='word_1_1005' title='bbox 2588 5744 2838 5823; x_wconf 72' lang='grc' dir='ltr'><strong>ἐξήμαρτε</strong></span> <span class='ocrx_word' id='word_1_1006' title='bbox 2868 5747 2950 5805; x_wconf 81' lang='grc' dir='ltr'>τόν</span> <span class='ocrx_word' id='word_1_1007' title='bbox 2979 5748 3204 5823; x_wconf 76' lang='grc' dir='ltr'><strong>Ἰσραήλ.</strong></span> 
     </span>
    </p>
   </div>
  </div>
