4148 6186
356 227 460 285 805

1290 222 1378 278 DE
1418 221 1717 280 REGIBUS
1757 220 2204 281 APOSTA'I’ICIS
2242 222 2452 281 LIBER
2494 223 2697 283 UNUS.

3555 229 3662 285 806

355 344 549 398 bucrat
576 340 767 411 utique
790 346 1037 395 metuere
1058 324 1127 396 ne
1155 338 1342 395 fuisset
1364 330 1658 410 percusSus
1686 346 1743 393 ut
1765 337 1958 394 Iliero-
1985 340 2032 399 Α
2060 349 2336 411 conspectu
2386 338 2619 408 Domini,
2654 350 2699 394 et
2749 342 2971 413 maligne
2998 342 3118 410 fecit
3166 357 3319 414 super
3370 360 3545 399 omnes
3575 320 3663 414 qui

354 435 506 500 horis,
543 434 587 489 si
620 448 649 487 a
681 433 787 489 viis
817 433 1142 490 recessisset
1169 433 1409 489 Domini.
1438 431 1545 488 Sed
1578 434 1648 486 ita
1681 433 1837 499 estis,
1869 432 1963 504 qui

354 543 380 580 a
418 527 526 582 Deo
550 526 858 592 declinatis,
885 536 941 580 ut
963 542 1085 583 cum
1117 526 1271 581 vobis
1300 524 1465 581 fuerit
1491 524 1708 580 libitum
1736 526 1789 580 in
1822 525 1966 596 inju-

356 623 489 677 riam
526 621 621 676 Dei
644 621 927 691 suscipere
957 620 1197 675 officium
1230 619 1576 683 idololatriae,
1596 635 1703 673 non
1730 619 1965 688 possetis

358 726 382 751 η
417 730 517 771 nec
546 715 764 770 illorum
794 716 881 784 qui
901 715 1012 784 jam
1032 715 1259 784 jndicati
1291 714 1491 770 fuerint
1511 714 1705 769 terreri
1730 712 1757 752 ι)
1781 729 1967 768 exem-

362 808 472 879 plo,
501 808 749 864 converti
777 808 843 861 ad
878 808 1350 878 Deum.Scriptum
1384 818 1464 864 est
1484 808 1649 863 etiam
1665 807 1730 861 dc
1746 807 1967 862 .Iamhre

367 913 387 939 ο
416 916 544 972 rege
574 901 667 974 (III
700 900 833 973 Reg.
860 916 972 967 XVI,
1004 900 1098 973 25)
1144 921 1154 954 :
1190 901 1255 955 Et
1280 901 1403 971 fecit
1450 900 1738 972 malignum
1768 900 1822 953 in
1847 917 1969 955 con-

359 1002 535 1064 spectu
575 990 811 1058 Domini,
853 1002 899 1047 et
932 994 1159 1067 maligne
1190 993 1311 1059 fecit
1355 1010 1511 1062 super
1538 1010 1711 1049 omnes
1746 993 1835 1060 qui
1860 996 1974 1064 fue-

360 1095 479 1139 runt
510 1095 628 1139 ante
656 1100 795 1153 cum,
828 1096 874 1140 et
902 1086 1029 1140 abiit
1056 1087 1110 1140 in
1140 1104 1343 1141 onmem
1374 1087 1507 1141 viam
1536 1086 1852 1141 llieroboam
1874 1087 1974 1157 ﬁlii

363 1178 573 1234 Nabatlt
603 1180 659 1234 in
693 1181 915 1250 peccatis
941 1182 1093 1247 eius;
1119 1191 1174 1236 et
1207 1190 1390 1238 tamen
1421 1180 1509 1237 hic
1540 1183 1631 1252 qui
1661 1179 1859 1237 dicitur
1884 1196 1975 1236 su-

362 1289 459 1343 per
484 1288 677 1329 omnes
710 1289 999 1344 peccasse,
1034 1275 1127 1345 qui
1158 1285 1287 1330 ante
1332 1275 1483 1331 illum
1514 1275 1737 1331 fuerant
1777 1290 1932 1346 reges
1954 1318 1969 1340 ,

363 1382 474 1422 non
505 1367 687 1421 statim
722 1375 780 1421 ut
812 1366 1116 1436 dereliquit
1143 1367 1317 1421 Deum
1370 1368 1677 1423 exstinctus
1720 1376 1826 1433 est,
1875 1381 1975 1422 nec

364 1474 461 1529 per
506 1458 739 1528 aliquam
790 1474 1011 1528 gravem
1057 1458 1426 1514 valetudinem
1481 1469 1565 1514 cst
1616 1468 1867 1525 vexatus,
1920 1468 1978 1514 ut

362 1550 599 1621 graviori
632 1565 790 1620 pmna
820 1550 1009 1605 fuisset
1037 1552 1187 1605 visus
1218 1551 1600 1621 interemptus,
1635 1551 1725 1621 qui
1756 1551 1978 1621 gravius

363 1641 698 1697 describitur
716 1640 1043 1711 deliquisse.
1069 1641 1252 1707 Vides,
1274 1641 1583 1708 Constanti,
1607 1643 1825 1698 tametsi
1844 1659 1977 1698 con-

2066 437 2273 505 fuerunt
2303 445 2419 490 ante
2446 445 2779 490 eum:etnon
2807 435 2907 507 fuit
2938 436 3019 490 illi
3044 438 3168 491 satis
3198 446 3253 490 ut
3277 439 3566 492 ambularet
3612 440 3668 493 in

2068 532 2285 599 peccatis
2313 529 2629 585 Hieroboam
2651 532 2750 599 ﬁlii
2784 529 3016 596 Nabath,
3048 531 3137 587 sed
3162 541 3207 585 et
3224 533 3420 601 accepit
3455 548 3668 587 uxorem

2066 618 2278 676 Iezabel
2312 624 2477 691 ﬁliam
2510 623 2686 677 Bazan
2710 634 2757 677 et
2790 622 2927 676 Helo
2953 634 2977 670 ὅ
3012 625 3147 693 regis
3174 623 3569 695 Sgdoniorusn:
3624 633 3673 680 et

2068 715 2215 781 abiit,
2231 724 2277 769 et
2295 716 2497 769 servivit
2513 714 2687 781 Bauli,
2708 727 2754 769 et
2786 717 3020 770 adorari:
3043 733 3161 772 eum
3182 733 3203 771 :
3218 728 3266 770 et
3280 720 3461 772 statuit
3491 734 3674 773 sacra-

2069 807 2205 859 rium
2233 805 2387 860 Bauli
2407 808 2460 861 in
2493 809 2646 861 domo
2701 808 3008 881 religionum
3056 825 3296 873 suarum,
3344 827 3497 876 quam
3547 812 3678 866 tedi-

2070 898 2243 968 ﬂcavit
2268 901 2323 953 in
2351 898 2618 966 Samaria;
2669 910 2716 953 ει
2790 904 2910 972 fecit
2961 902 3135 955 Achab
3180 904 3353 958 lucum
3398 914 3451 958 ut
3490 907 3678 975 faceret

2070 991 2533 1057 exacerbationem,
2564 1002 2617 1045 ut
2638 993 2964 1047 exacerbaret
2992 992 3181 1059 Deum,
3207 1005 3253 1047 et
3275 996 3502 1048 animam
3533 1008 3681 1049 suam

2075 1085 2427 1155 disperderet:
2457 1096 2503 1139 et
2534 1087 2823 1158 malignum
2841 1088 2961 1157 fecit
2987 1102 3142 1158 super
3154 1104 3329 1142 onmes
3350 1102 3491 1158 reges
3517 1087 3682 1143 Israel

2074 1180 2162 1249 qui
2176 1183 2386 1251 fuerunt
2402 1191 2667 1234 anteeum.
2689 1178 2800 1253 (Ib.
2821 1180 3059 1252 “1,50).
3088 1180 3206 1235 Noli
3223 1180 3401 1239 adhuc
3432 1192 3481 1236 te
3500 1184 3682 1237 sinere

2076 1284 2200 1326 esse
2239 1269 2381 1340 apud
2413 1270 2674 1336 Arianos,
2706 1270 2800 1325 sed
2833 1269 2914 1324 fac
2949 1272 3241 1326 transitum
3298 1274 3364 1326 ad
3401 1289 3500 1326 nos
3523 1272 3685 1329 Chri-

2078 1361 2511 1432 stianos,quibus
2533 1362 2749 1417 suntita
2773 1377 2984 1419 cuncta:
3006 1367 3245 1421 haereses
3261 1373 3318 1420 ut
3338 1376 3418 1422 est
3436 1367 3685 1425 B.ial.Sic

2078 1470 2174 1511 vos
2187 1472 2328 1512 nunc
2346 1458 2505 1512 nobis
2519 1457 2651 1513 estis
2665 1458 2925 1521 ltmretici,
2944 1469 2999 1512 ut
3025 1458 3129 1514 illis
3144 1459 3362 1515 illorum
3379 1468 3483 1516 tem
3494 1480 3578 1531 pm
3595 1479 3684 1518 um

2080 1550 2175 1605 Dei
2191 1551 2497 1607 cultoribus
2520 1549 2720 1606 fuerint
2754 1551 2964 1623 illi,qni
2991 1552 3152 1607 idolis
3171 1552 3528 1611 immolabant
3556 1575 3567 1609 :
3593 1574 3688 1624 per

2081 1642 2221 1696 hanc
2250 1644 2503 1698 hazresim
2532 1654 2701 1709 tuam,
2731 1644 2864 1698 mihi
2905 1644 3090 1710 crede,
3126 1647 3268 1714 quod
3298 1648 3421 1702 talis
3458 1650 3534 1703 sis
3563 1664 3689 1702 nos-

366 1735 540 1807 tingat
584 1736 681 1791 tibi
733 1737 786 1790 in
836 1752 1047 1791 summa
1082 1735 1344 1791 felicitate
1385 1737 1438 1792 in
1494 1739 1593 1791 hac
1645 1738 1973 1807 temporaria
2008 1723 2053 1783 Β
2084 1735 2180 1789 tris
2214 1734 2571 1805 temporibus,
2605 1736 2787 1806 qualis
2820 1736 2979 1791 fuerit
3021 1746 3076 1791 ct
3103 1737 3309 1793 Achab.
3358 1738 3437 1795 Ne
3470 1740 3564 1794 tibi
3592 1742 3692 1794 ita-

364 1827 580 1885 versari
609 1830 742 1895 vita,
798 1838 981 1884 tamen
1031 1830 1201 1898 magis
1237 1838 1289 1883 te
1337 1831 1529 1884 timere
1557 1829 1788 1896 debere,
1833 1832 1976 1901 quod

368 1922 465 1976 Dei
496 1921 800 1977 reserveris
824 1920 1067 1991 judicio:
1098 1931 1173 1987 et,
1206 1922 1338 1977 licet
1379 1922 1547 1978 etiam
1578 1922 1653 1989 hi,
1676 1923 1765 1991 qui
1793 1925 1975 1977 statim

369 2018 817 2083 exstinguuntur,
849 2016 1048 2086 quibus
1082 2016 1171 2072 hic
1206 2016 1387 2085 aliqua
1416 2016 1679 2072 divinitus
1708 2018 1979 2087 irrogatur

370 2125 652 2180 poenarum
673 2152 688 2175 ,
716 2120 839 2182 post
869 2109 1194 2165 descensum
1228 2125 1449 2179 semper
1482 2120 1859 2179 torqueantur,
1894 2118 1976 2164 ta-

373 2218 497 2259 men
528 2211 583 2257 tu
607 2203 651 2257 si
679 2202 731 2256 in
758 2216 971 2259 summa
1005 2201 1195 2257 vivens
1217 2200 1479 2256 felicitate
1502 2200 1669 2255 fueris
1702 2200 1830 2256 hinc
1856 2215 1982 2271 rap-

375 2306 497 2361 tus,
529 2293 756 2349 adverte
798 2294 1037 2363 quditer
1066 2294 1117 2347 in
1153 2302 1205 2349 te
1238 2292 1471 2347 vindicta
1514 2294 1583 2347 sit
1619 2308 1937 2362 processura
1960 2333 1975 2358 ,

375 2390 464 2456 qui
490 2388 542 2441 in
579 2395 731 2440 lauto
762 2386 1063 2441 inveniaris
1096 2386 1326 2440 scelere.
1363 2385 1441 2440 Ne
1471 2384 1598 2440 hinc
1622 2385 1804 2455 itaque
1830 2385 1983 2456 quid-

375 2494 607 2547 cnmque
648 2477 674 2514 ἀ
721 2478 819 2532 tibi
854 2477 1182 2548 ascripseris
1234 2476 1542 2543 felicitatis,
1575 2477 1718 2546 quod
1753 2491 1877 2531 cum
1907 2477 1983 2531 sis

378 2589 580 2645 negans
611 2572 806 2629 Filium
839 2574 1057 2627 unicum
1090 2571 1211 2639 Dei,
1241 2571 1388 2643 quod
1414 2587 1539 2626 cum
1570 2570 1690 2641 ejus
1720 2570 1979 2627 familiam

378 2666 744 2738 persequaris,
794 2676 973 2722 tamen
1020 2666 1202 2721 adhuc
1232 2665 1463 2736 spiritus
1494 2676 1616 2721 tuus
1647 2666 1701 2720 in
1748 2682 1985 2735 corpore

379 2763 473 2817 illo
513 2761 767 2817 carnifice
797 2763 869 2816 sit
897 2776 1145 2824 manens,
1196 2759 1415 2830 quando
1451 2759 1774 2816 consideres
1817 2765 1982 2816 etiam

378 2855 548 2910 filium
582 2854 717 2909 Basa
751 2854 913 2909 annis
946 2854 1167 2924 triginta
1195 2853 1464 2924 quinque,
1492 2869 1616 2908 cum
1634 2852 1808 2910 fuerit
1838 2864 1896 2909 ut
1930 2867 1986 2909 tu

378 2947 701 3017 sacrilegus,
743 2962 1003 3016 regnas~c
1034 2944 1173 3015 apud
1201 2943 1454 3000 Iudaeos:
1486 2944 1555 3000 de
1584 2963 1690 3015 quo
1718 2946 1985 3017 scriptum

380 3058 502 3098 esse
534 3041 711 3112 legisti
746 3039 916 3110 (Ibid.
952 3056 1086 3106 χχιι,
1118 3038 1212 3107 45)
1247 3057 1259 3092 :
1290 3039 1430 3093 Abiit
1458 3048 1480 3076 ε
1514 3040 1567 3092 in
1594 3040 1699 3093 vias
1728 3040 1862 3094 Asab
1892 3057 1991 3110 pa-

2080 1841 2187 1897 qne
2217 1827 2431 1895 placeas
2468 1829 2612 1897 quod
2650 1844 2757 1883 non
2786 1830 2971 1884 Statim
3024 1830 3118 1885 tibi
3164 1831 3465 1886 reddiderit
3525 1833 3688 1898 Dens,

2080 1918 2297 1989 quando
2330 1920 2514 1975 videas
2553 1919 2681 1974 huic
2732 1921 2941 1988 Achab,
2970 1931 3019 1977 et
3073 1923 3229 1978 uxori
3267 1926 3385 1992 ejus
3437 1924 3683 1990 Jezabel,

2080 2011 2172 2081 qui
2201 2014 2363 2067 etiam
2398 2012 2695 2082 prophetas
2723 2013 3026 2069 occiderint
3055 2015 3287 2076 Domini.
3321 2017 3415 2087 qui
3442 2018 3493 2071 in
3534 2029 3686 2074 tanto

2082 2104 2292 2160 scelere
2322 2103 2492 2161 fuisse
2518 2106 2864 2160 inveniantur
2895 2109 3121 2174 versati,
3154 2123 3211 2162 ut
3242 2110 3445 2164 nullum
3477 2112 3528 2165 in
3549 2119 3691 2167 terra

2085 2198 2253 2253 Israel
2283 2199 2376 2255 Dei
2409 2215 2468 2256 se
2497 2200 2773 2254 hominem
2823 2200 3174 2256 confitentem
3217 2203 3565 2272 permiserint
3591 2206 3689 2260 de-

2088 2292 2667 2362 morari,pepercitum
2710 2294 2872 2348 fuerit
2920 2292 3250 2351 diutissime.
3304 2296 3423 2352 Noli
3470 2298 3575 2353 hoc
3618 2300 3698 2354 iu-

2087 2385 2227 2438 tueri
2259 2384 2402 2455 quod
2432 2401 2555 2439 cum
2578 2387 2653 2439 sis
2682 2386 3057 2455 malefaciens,
3102 2389 3386 2459 superbias
3428 2401 3608 2445 tamen
3640 2392 3694 2445 in

2088 2476 2391 2533 sceleribus
2440 2482 2567 2543 tuis;
2598 2480 2692 2534 sed
2726 2481 2878 2540 illud.
2912 2482 3145 2538 obsecro
3182 2492 3252 2549 te,
3301 2483 3508 2544 videas.
3552 2484 3699 2551 quod

2091 2570 2194 2625 nisi
2224 2578 2276 2627 te
2322 2573 2684 2640 converteris,
2738 2582 2794 2627 ut
2828 2573 2935 2629 illis
2981 2590 3106 2631 sero
3138 2575 3265 2631 licet
3306 2576 3519 2631 reddita
3571 2588 3705 2632 sunt

2094 2665 2285 2720 merita
2312 2681 2540 2737 operum
2571 2681 2817 2733 suorum,
2860 2667 2932 2722 ita
2971 2675 3028 2723 et
3070 2668 3165 2722 tibi
3197 2683 3359 2738 pesse
3391 2685 3704 2739 repracsen-

2093 2760 2216 2814 tari.
2247 2758 2325 2815 Ne
2348 2750 2593 2814 dixeris:
2622 2758 2729 2813 Diu
2756 2761 2876 2814 hinc
2906 2764 2961 2815 in
2990 2778 3149 2832 regno
3177 2779 3314 2831 sum,
3355 2762 3475 2817 hinc
3522 2774 3703 2835 potens

2093 2867 2231 2917 sum,
2274 2852 2413 2921 quod
2452 2852 2586 2906 enim
2622 2852 2807 2907 bonam
2858 2854 3015 2923 ﬁdem
3063 2864 3280 2919 teneam,
3325 2862 3461 2927 quod
3510 2859 3704 2929 faciant

2096 2953 2230 2998 recte
2265 2944 2615 3014 persequendo
2646 2962 2732 3001 eos
2760 2947 2851 3017 qui
2871 2948 3111 3014 credunt,
3137 2950 3396 3020 quomodo
3426 2968 3479 3005 se
3507 2967 3562 3005 se
3579 2969 3703 3006 con—

2097 3036 2222 3090 tinet
2248 3038 2343 3091 illa
2370 3038 2500 3107 ﬁdes
2537 3038 2793 3109 descripta
2830 3041 2971 3109 apud
3005 3039 3237 3108 Niciam;
3267 3043 3403 3106 haec,
3458 3045 3702 3111 inquam,

381 3138 475 3191 tris
502 3136 607 3202 :aui,
646 3146 691 3189 et
722 3152 823 3188 non
851 3132 1124 3188 declinavit
1151 3132 1214 3186 ab
1242 3124 1369 3200 illis,
1405 3140 1458 3185 ut
1488 3135 1676 3203 faceret
1711 3134 1850 3200 quod
1881 3149 1995 3187 reo-
2022 3102 2070 3166 C
2106 3144 2172 3183 ne
2202 3128 2427 3195 dixeris,
2458 3129 2553 3184 sed
2584 3130 2673 3184 illa
2709 3146 2899 3201 precor
2922 3140 2973 3187 te
3006 3133 3209 3199 videas,
3239 3134 3385 3203 quod
3414 3135 3560 3191 enim
3607 3136 3707 3190 ad-

385 3239 492 3282 tum
518 3238 625 3282 erat
649 3228 701 3282 in
724 3237 1001 3297 conspectu
1030 3225 1262 3293 Domini,
1283 3225 1372 3280 sed
1393 3225 1455 3279 ab
1479 3224 1694 3280 excelsis
1715 3243 1816 3281 non
1839 3226 2000 3281 absti-

387 3331 633 3386 nuerunt,
655 3329 704 3373 et
731 3318 1096 3387 sacriﬁcabant
1114 3319 1165 3371 in
1193 3317 1407 3373 excelsis
1425 3327 1472 3373 et
1490 3318 2000 3374 incendebant.Ecce

385 3415 551 3471 etiam
609 3414 694 3481 hic
743 3412 1076 3466 describitur
1112 3396 1221 3466 rex'
1243 3412 1295 3465 in
1347 3426 1479 3481 pace
1517 3409 1828 3467 dormiisse.
1858 3411 1995 3467 Cum

388 3508 568 3577 itaque
604 3504 771 3560 fuerit
795 3505 1013 3575 triginta
1046 3504 1291 3575 quinque
1319 3504 1477 3559 annis
1506 3504 1873 3559 idololatriam
1902 3520 2001 3575 ge-

394 3616 545 3666 rens,
582 3618 647 3656 ne
681 3599 778 3654 tibi
823 3600 1065 3655 ascribas
1099 3600 1165 3654 ad
1209 3600 1439 3669 gloriam
1473 3610 1527 3652 et
1556 3599 1745 3653 diezts:
1798 3600 2003 3653 Iccirca

398 3711 497 3749 non
533 3694 708 3763 aliqua
738 3693 980 3747 vulneror
1010 3692 1189 3765 plaga,
1218 3691 1409 3745 iccirco
1438 3707 1538 3743 non
1564 3694 1681 3760 jam
1720 3695 2005 3745 exstinctus

390 3804 529 3851 sum,
562 3785 653 3841 sed
669 3783 839 3840 adhuc
859 3785 969 3839 vivo
996 3800 1212 3858 regnum
1234 3783 1439 3852 imperii
1464 3781 1688 3836 Romani
1706 3784 2001 3853 possidens,

393 3881 516 3947 quia
540 3879 635 3933 sint
666 3879 791 3932 bene
837 3877 1071 3944 credens,
1100 3877 1223 3946 quia
1266 3876 1377 3929 Arii
1405 3885 1539 3929 recta
1579 3876 1645 3930 sit
1686 3876 1834 3945 ﬁdes,
1878 3877 2005 3946 quia

391 3973 600 4046 fecerim
622 3970 745 4025 bene
766 3985 1021 4025 removere
1035 3969 1375 4041 episcopos,et
1398 3968 1526 4022 alios
1541 3968 1668 4022 tales
1692 3969 2005 4023 instituerim

392 4069 572 4139 quales
623 4066 965 4137 concupiverit
990 4063 1165 4118 Arius.
1218 4063 1376 4126 Noli,
1434 4064 1692 4134 inquam,
1729 4062 1853 4119 hinc
1907 4062 2005 4118 tibi

394 4160 637 4232 gloriari,
686 4157 832 4228 quod
886 4172 1011 4212 cum
1045 4155 1162 4210 haec
1189 4156 1267 4210 sis
1319 4154 1545 4221 faciens,
1582 4164 1761 4211 tamen
1813 4169 2009 4224 super-

397 4257 535 4323 bias,
582 4252 801 4325 quando
833 4252 1020 4307 videas
1066 4252 1227 4306 istum
1266 4265 1447 4320 regem
1504 4248 1722 4319 triginta
1764 4248 2009 4319 quinque

396 4351 556 4405 annis
604 4347 845 4404 tenuisse
894 4346 1213 4416 regnum,in
1245 4360 1376 4413 pace
1408 4343 1574 4398 fuisse
1601 4352 1917 4411 exetnptum
1957 4338 2005 4396 τ.

407 4443 464 4499 Si
540 4442 700 4513 igitur
772 4442 952 4509 potuit
1009 4439 1120 4493 illis
1173 4438 1300 4508 quia
1354 4438 1426 4492 ita
1453 4433 1693 4505 exempti
1736 4434 1846 4489 sint
1902 4436 2010 4489 im-

2108 3222 2215 3279 hoc
2241 3217 2264 3256 ι’
2297 3221 2372 3276 sis
2403 3233 2523 3291 post
2555 3232 2700 3276 tanta
2743 3223 2931 3279 funera
2970 3234 3059 3278 tua
3103 3225 3462 3293 superbicns,
3502 3234 3560 3279 ut
3614 3233 3712 3281 aut

2108 3313 2334 3368 audiens
2395 3329 2495 3368 nos
2546 3315 2639 3369 Dci
2688 3318 3008 3371 sacerdotes
3061 3325 3230 3371 temet
3286 3326 3576 3373 convertas
3641 3317 3713 3373 ad

2112 3410 2302 3475 Deum,
2330 3418 2422 3462 aut
2468 3419 2618 3464 certe
2664 3409 2933 3479 percipias
2984 3409 3145 3481 digna
3187 3410 3453 3467 factorum
3495 3421 3714 3467 tuorum

2113 3512 2257 3566 tunc,
2292 3500 2511 3572 quando
2539 3501 2721 3557 dicere
2745 3517 2851 3557 non
2884 3503 3089 3558 valebis
3114 3502 3345 3558 inscium
3394 3513 3446 3558 tc
3477 3519 3712 3559 errasse.

2113 3592 2240 3648 Ilaec
2275 3594 2344 3647 ita
2378 3607 2502 3648 esse
2531 3594 2757 3649 adverte
2785 3597 3035 3665 exemplo
3085 3596 3396 3651 admonitus
3440 3595 3631 3652 Achab
3659 3606 3723 3653 et

2114 3687 2502 3758 praphetarum
2537 3687 2745 3742 Domini
2802 3688 3191 3755 interfectoris,
3225 3698 3282 3744 ct
3332 3690 3572 3743 omnium
3604 3688 3718 3744 da:-

2113 3794 2337 3836 monum
2359 3780 2610 3835 cultoris.
2646 3780 2799 3837 Hunc
2830 3790 2935 3836 tam
2966 3782 3298 3837 sceleratum
3331 3782 3569 3851 intellige
3594 3782 3720 3837 ideo

2118 3885 2240 3943 post
2278 3881 2427 3928 tanta
2460 3873 2669 3929 scelera
2707 3872 2877 3930 fuisse
2908 3874 2959 3928 in
3010 3890 3177 3945 regno
3221 3875 3312 3929 ditt
3356 3884 3718 3937 reservatum.

2115 3976 2180 4022 ut
2207 3967 2420 4022 tandem
2453 3983 2511 4021 se
2534 3967 2577 4021 si
2611 3967 2742 4022 velit
2765 3976 3133 4035 converteret,
3157 3969 3243 4024 cui
3265 3985 3371 4031 non
3402 3970 3580 4024 solum
3613 3985 3723 4026 non

2118 4069 2587 4131 repraesentantur
2634 4060 2901 4115 malorum
2935 4061 3200 4117 factorum
3230 4078 3453 4117 suorum
3499 4063 3742 4128 merita,’

2116 4157 2214 4209 sed
2244 4154 2378 4210 etin
2416 4153 2686 4221 angustiis
2732 4154 2957 4224 juvatur
3002 4155 3068 4207 ad
3106 4154 3213 4210 hoc
3252 4157 3371 4211 sine
3422 4154 3612 4221 dubio,
3668 4162 3728 4209 ut

2120 4247 2295 4317 possit
2315 4246 2588 4317 conjicere
2606 4262 2713 4301 non
2734 4262 2793 4302 se
2810 4262 2908 4316 per
2934 4247 3056 4301 Baal
3081 4258 3130 4303 et
3160 4249 3403 4317 reliquos
3424 4249 3727 4313 daemones,

2117 4338 2263 4407 quod
2286 4336 2488 4393 ethnici
2528 4337 2675 4394 Deos
2714 4347 3053 4405 nuncupant,
3104 4338 3463 4403 vindicatum,
3494 4338 3591 4393 sed
3632 4354 3731 4408 per

2118 4430 2294 4485 Deum
2347 4429 2538 4493 Israel,
2593 4428 2748 4499 cujus
2803 4428 3127 4497 prephetam
3179 4444 3361 4483 secum
3419 4430 3624 4485 videret
3652 4429 3733 4484 lo-

400 4549 543 4604 pune
559 4495 915 4588 uidololatria:
967 4495 1451 4593 crimen-cedere,
1502 4529 1703 4599 porerit
1756 4539 1809 4583 et
1869 4528 1964 4583 tibi
1993 4570 2009 4593 ,
2040 4495 2092 4555 Ῑ)
2120 4532 2379 4594 quentem
2412 4531 2573 4590 atque
2599 4521 2701 4575 sibi
2729 4520 3101 4575 declarantem
3134 4535 3369 4592 quonam
3398 4521 3559 4577 modo
3590 4522 3732 4578 Deus

398 4624 706 4682 Constanti.
765 4621 1037 4679 Converte
1089 4631 1141 4677 te
1200 4625 1380 4691 itaque
1431 4620 1498 4674 ad
1547 4620 1877 4685 Dominum,
1941 4636 2012 4676 ne

404 4717 529 4773 talis
572 4715 868 4771 inveniaris
896 4715 1069 4786 qualis
1128 4724 1207 4768 est
1263 4714 1517 4769 inventus
1549 4710 1736 4767 Achab
1790 4712 1857 4768 de
1904 4728 2016 4785 quo

406 4811 669 4881 scriptum
739 4808 959 4864 invenio
1012 4826 1023 4862 :
1086 4806 1151 4862 Et
1208 4805 1328 4877 fecit
1403 4803 1574 4860 Achab
1614 4806 1903 4875 ‘nmlignum
1955 4806 2010 4860 in

482 4928 509 4956 ⁸
550 4922 793 4977 Possitis.
826 4921 1004 4976 Latin.

486 4989 509 5026 ¹³
547 4994 761 5049 Territi.
807 4993 884 5048 Id.
917 4994 1011 5047 Sed
1044 5007 1238 5047 sensus
1270 5002 1423 5046 recte
1451 4999 1691 5054 constat;
1744 5009 1846 5047 non

412 5065 533 5121 setis
552 5082 648 5191 ἔρα
675 5066 868 5191 tiri-etii]
884 5066 1140 5134 exemplo,
1173 5080 1263 5117 nec
1293 5065 1522 5119 converti
1551 5064 1618 5117 ad
1647 5062 1832 5119 Deum.

490 5150 511 5176 ετ
600 5154 679 5190 ant
720 5154 785 5189 rt.
879 5177 891 5188 .

490 5150 511 5176 θ
552 5150 785 5190 laniari.
815 5150 891 5190 IlI.

487 5206 512 5244 ιι
559 5208 870 5277 Quicquam.
902 5206 1076 5261 Vatic.

492 5291 513 5315 ο
560 5280 767 5334 Absunt
810 5279 911 5334 ista
954 5278 1021 5331 ab
1052 5278 1275 5346 llexapl.
1312 5288 1366 5331 et
1404 5278 1559 5349 Vulg.
1604 5279 1858 5349 leguntur
1888 5294 2020 5335 vero

416 5353 562 5424 apud
602 5353 859 5424 Septuag.
894 5352 947 5403 in
980 5349 1121 5404 Edit.
1149 5351 1315 5424 Ilum.
1355 5352 1475 5416 cap.
1509 5366 1616 5409 va.
1648 5363 1772 5424 post
1817 5352 1854 5421 ᾗ
1878 5391 1890 5405 .
1919 5353 2015 5416 ἓ8,

419 5419 475 5480 et
502 5422 567 5476 ad
600 5419 857 5491 Iosophat
903 5424 1104 5485 Itegem
1140 5419 1276 5475 Iuda
1313 5424 1610 5491 pertinent.
1645 5419 1890 5475 Latinius
1919 5439 2019 5490 pro

422 5496 589 5564 ﬁlium
618 5490 755 5548 Basu
784 5494 911 5563 legit
943 5494 1108 5563 [ilium
1135 5493 1258 5554 Asa,
1279 5490 1658 5564 qtt‘itlnsaphat
1688 5501 1858 5560 pater.
1890 5494 2024 5547 Por-

424 5561 485 5619 ro
537 5564 726 5619 eadem
780 5561 1187 5633 leges'rcpetita
1220 5565 1271 5617 in
1318 5561 1461 5617 Edit.
1509 5562 1662 5631 Sept.
1711 5578 1829 5632 cap.
1880 5580 2021 5628 xx",

443 5638 476 5706 Ῡ
502 5677 515 5691 .
536 5639 625 5695 45.
654 5637 743 5690 ubi
774 5638 937 5693 etiam
966 5638 1015 5688 in
1045 5634 1199 5705 Vulg.
1232 5634 1589 5688 CUIIOCanltIt‘.
1618 5633 1866 5688 Mendnm
1893 5640 2026 5691 vero

419 5710 481 5761 in
513 5711 670 5762 annis
694 5706 1079 5773 consignantlis
1111 5706 1355 5760 Latinius
1380 5708 1620 5763 notavit:
1658 5720 1778 5759 nam
1808 5716 1861 5758 et
1889 5706 2024 5776 Sep-

434 5781 670 5851 ruaginta
720 5791 772 5835 et
807 5780 959 5850 Vulg.
1012 5793 1183 5832 annos
1243 5778 1423 5847 viginti
1480 5778 1719 5847 quinque
1768 5776 2033 5849 Josaphat

1899 5010 2016 5061 pos-

2120 4619 2316 4673 fuisset
2348 4616 2600 4671 inimicos
2623 4614 2993 4671 Israelitarum
3031 4616 3095 4669 ad
3125 4615 3353 4671 nihilum
3387 4617 3734 4673 redacturus.

2116 4714 2422 4770 Obsederat
2475 4711 2621 4767 enim
2669 4709 2858 4765 filiusi
2923 4709 3068 4765 Ader
3106 4725 3205 4767 rex
3227 4710 3547 4780 Samariam,
3602 4727 3727 4769 cum

2114 4809 2236 4865 aliis
2279 4807 2499 4877 triginta
2547 4805 2761 4861 duobus
2812 4804 3053 4875 regibus,
3104 4806 3360 4876 jactitans
3400 4806 3540 4864 adeo
3594 4818 3730 4862 tam-

2129 4938 2298 4994 regno
2324 4924 2643 4978 attribuunt.
2670 4921 2777 4979 Sed
2810 4920 2933 4976 vide
2954 4937 3078 4992 quae
3094 4921 3163 4977 de
3192 4924 3293 4979 hoc
3326 4925 3445 4979 loco
3471 4925 3731 4980 duximus

2126 4996 2354 5050 omnino
2386 4994 2704 5065 inquirenda
2735 4995 2787 5048 in
2818 4994 3163 5051 Prin-latione.
3190 4996 3336 5051 Idem
3363 4996 3605 5051 Latinius
3635 4996 3735 5050 ali-

2169 5066 2257 5121 uid
2290 5064 2484 5121 deesse
2521 5064 2834 5135 su5picatnr
2877 5076 2998 5134 post
3026 5066 3115 5120 illa
3161 5069 3345 5131 verba,
3372 5069 3425 5120 in
3455 5076 3739 5137 conspectu

2127 5082 2385 5192 Ἁοηιὶηὶς
2416 5138 2510 5192 sed
2555 5137 2686 5192 nihil
2735 5136 2975 5192 adiicere
3007 5139 3085 5192 fas
3131 5150 3233 5192 esr.
3261 5153 3383 5192 cum
3426 5138 3497 5192 ita
3560 5138 3739 5192 ferant

2189 5140 2385 5205 omini;
2416 5138 2510 5192 sed
2555 5137 2686 5194 nihil
2735 5136 2975 5207 adjicere
3007 5139 3085 5192 fas
3131 5150 3233 5205 εει,
3261 5153 3383 5192 cum
3426 5138 3497 5192 ita
3560 5138 3740 5193 ferant

2128 5211 2294 5281 etiam
2324 5210 2479 5279 Sept.
2506 5223 2630 5281 cap.
2667 5225 2773 5275 xvt,
2804 5211 2895 5266 ‘28.

2210 5280 2227 5318 τ
2271 5281 2327 5366 Id
2352 5292 2453 5347 est,
2487 5280 2746 5337 mortuum
2768 5323 2781 5347 ,
2809 5285 2881 5336 uti
2914 5281 3098 5351 paullo
3131 5280 3355 5336 inferius
3385 5282 3611 5351 exempti
3638 5297 3737 5352 pro

2132 5365 2345 5406 mortui.

2204 5434 2228 5471 8
2270 5423 2513 5478 Ethba'il.
2542 5422 2717 5478 Latin.
2759 5440 2824 5477 cx
2861 5423 3013 5493 Vulg.

2204 5493 2230 5531 ¹ι
2272 5495 2376 5550 Pro
2406 5498 2576 5566 adhuc
2609 5496 2659 5547 in
2686 5495 2954 5566 vetustis
2980 5493 3269 5548 codicibus
3322 5509 3467 5563 s;t-pe
3518 5496 3740 5566 legitur.

2133 5566 2209 5621 ld.
2241 5568 2336 5621 sed
2367 5575 2544 5638 potest
2569 5564 2793 5634 intelligi
2833 5564 2903 5618 ad
2936 5564 3052 5629 hoc,
3094 5566 3143 5620 id
3178 5577 3261 5621 est
3292 5567 3360 5619 ad
3388 5570 3523 5622 lmnc
3555 5564 3732 5638 ﬁnem,

2136 5639 2210 5692 uti
2246 5638 2404 5705 paulo
2435 5636 2687 5691 inferius.

2219 5708 2229 5743 ί
2269 5709 2323 5762 ΙοΙ
2352 5720 2457 5771 νει,
2488 5705 2756 5761 lienadad.
2778 5706 2858 5761 Id.
2890 5722 2954 5762 ex
2997 5706 3177 5780 Vulg.,
3199 5709 3274 5764 uti
3302 5711 3460 5780 paulo
3488 5712 3742 5769 inferius.

2140 5782 2298 5851 Apud
2328 5783 2591 5851 Septuag.
2621 5792 2745 5850 cap.
2780 5793 2893 5849 ιιι,
2920 5780 2972 5835 1.
3008 5781 3116 5844 υἱὸς
3142 5777 3320 5861 "siqu;
