4148 6186
496 234 600 292 807

1585 235 1904 293 LUCIFERI
1949 233 2254 294 EPISCOPI
2295 235 2720 295 CALABITANI

3695 245 3802 301 808

490 369 654 425 quam
677 353 810 408 nihil
841 366 900 408 se
920 350 1121 407 habere
1141 349 1439 419 Israelitas,
1465 358 1526 406 ut
1546 367 1711 407 unum
1738 367 1796 406 se
1821 352 2094 408 hominem
2125 353 2176 414 Α
2205 353 2536 422 paracletum
2571 352 2831 424 Spiritum
2863 354 3183 411 fabricatum
3215 371 3337 412 esse
3363 373 3428 413 ex
3451 357 3646 423 nihilo,
3674 360 3803 416 des-

488 460 712 501 omnem
744 443 1146 499 multitudinem
1183 441 1554 498 lsraelitarutn
1608 453 1634 480 ει
1679 454 2088 514 superaturum.

489 538 643 595 Hunc
666 538 1024 609 alienigenam
1074 536 1200 594 fecit
1244 536 1381 593 nihil
1420 546 1548 594 ante
1576 538 1744 594 Israel
1793 539 1959 595 Deus.
1991 539 2091 595 Cui

487 632 616 689 vicit
668 633 811 688 Deus
838 631 996 702 regi?
1045 645 1243 703 nempe
1285 629 1496 698 Achab,
1531 632 1581 688 ei
1598 634 1686 702 qui
1718 646 1840 687 eum
1890 632 2090 688 dereli-

486 735 702 799 querat,
725 725 818 797 qui
845 724 994 781 Baali
1025 731 1081 780 et
1106 723 1362 780 omnibus
1384 724 1668 780 daemoniis
1696 724 1904 780 servire
1927 723 2091 780 Israel

486 822 712 887 fecerat,
764 821 888 892 quia
922 819 948 858 ι)
983 829 1270 890 propterea
1319 821 1611 875 auxiliatus
1641 829 1749 888 est,
1779 833 1977 890 nempe
2033 826 2092 873 ut

483 915 739 971 crederet
766 913 891 986 quia
921 913 993 969 sit
1018 913 1161 969 Deus
1185 913 1335 968 solus
1367 914 1487 980 iste,
1517 913 1672 983 cujus
1713 920 1832 967 erat
1852 911 2084 983 populus

485 1007 674 1076 Israel,
703 1016 759 1063 et
788 1022 896 1061 non
923 1005 1060 1061 alius
1107 1015 1304 1077 prmter
1327 1007 1500 1075 ipsum
1552 1005 1644 1075 qui
1676 1005 1726 1060 ei
1775 1004 2004 1066 vicerat,
2035 1013 2094 1057 ut

483 1104 698 1160 videret
727 1102 916 1158 Achab
932 1101 1059 1172 quia
1075 1101 1266 1155 fuisset
1288 1115 1527 1170 mquum,
1553 1098 1768 1155 tandem
1792 1098 2092 1169 corrigeret

481 1213 702 1255 errores
740 1211 895 1262 suos,
938 1210 1064 1251 mox
1094 1207 1153 1249 ut
1203 1192 1477 1249 aedificare
1518 1191 1869 1248 adversarius
1926 1189 2095 1260 coepit

482 1294 822 1351 obsidionem
857 1291 922 1347 ad
947 1291 1227 1347 civitatem
1255 1289 1647 1344 Israelitarum.
1677 1287 1742 1342 Iit
1765 1304 1900 1353 ecce,
1921 1287 2090 1357 inquit

481 1388 747 1458 scriptura
765 1399 940 1450 sacra,
962 1385 1234 1452 prophetes
1251 1398 1382 1434 unus
1401 1383 1614 1436 accessit
1627 1381 1697 1434 ad
1715 1397 1880 1452 regem
1896 1379 2086 1445 Israel,

479 1490 528 1536 et
557 1480 718 1535 dixit:
747 1477 871 1532 Haec
893 1477 1019 1530 dicit
1045 1473 1322 1529 Dominus.
1347 1473 1408 1530 Si
1428 1475 1621 1528 audisti
1645 1491 1827 1530 sonum
1847 1489 2086 1545 magnum

480 1573 669 1627 istum?
687 1570 820 1625 Ecce
835 1587 926 1641 ego
939 1569 1093 1623 hodie
1108 1567 1308 1621 tradam
1331 1568 1512 1622 eumin
1531 1584 1713 1620 manus
1730 1577 1864 1632 tuas,
1890 1577 1936 1620 et
1958 1566 2088 1621 scies

477 1664 725 1735 quoniam
752 1679 844 1734 ego
872 1679 988 1716 sum
1028 1659 1304 1714 Dominus.
1349 1658 1416 1713 Et
1453 1659 1583 1713 dixit
1611 1675 1731 1714 rex:
1773 1658 1841 1713 In
1861 1661 2001 1729 quo?
2039 1669 2088 1713 et

2200 443 2437 500 cendere
2491 461 2557 501 ex
2603 445 2775 502 nihilo
2817 446 3116 503 defendere
3163 449 3408 517 tentasti,
3435 450 3579 521 quod
3614 453 3801 507 unicus

2198 537 2294 593 Dei
2333 538 2503 595 Filius
2533 539 2700 596 fuerit
2729 541 2948 612 quando
2974 559 3080 598 non
3116 543 3298 609 fuerit;
3327 544 3686 615 apostolicam
3717 554 3799 600 at-

2198 645 2305 700 que
2323 633 2694 704 evangelicam
2727 634 3074 690 traditionem
3099 652 3207 707 quo
3228 637 3502 708 potuisses
3531 638 3725 694 tollere
3770 654 3800 694 e

2199 723 2403 791 medio,
2435 742 2655 796 operam
2711 730 2838 784 totis
2867 729 2973 784 tuis
3017 730 3211 787 dedisti
3241 731 3464 800 viribus,
3501 733 3796 803 episcopos

2201 813 2219 851 ί
2256 817 2348 872 Dei
2378 817 2589 888 judicio
2615 820 2895 876 ordinatos
2920 830 3009 876 tua
3056 824 3300 878 amoveri
3351 824 3528 880 fecisti
3562 828 3800 881 auctori-

2198 917 2327 976 tate,
2353 908 2785 969 haereticoslocis
2802 915 3117 971 earumdem
3141 916 3555 972 constituendos
3571 917 3796 986 duxisti,

2195 1002 2283 1071 qui
2317 1002 2529 1072 possint
2561 1013 2708 1060 tuam
2741 1006 3038 1076 praedicare
3095 1008 3373 1074 haeresim;
3428 1025 3590 1065 manu
3631 1020 3657 1057 ε
3689 1013 3793 1066 nii-

2193 1093 2336 1150 litari
2356 1098 2604 1168 pugnasti
2628 1109 2819 1155 contra
2841 1100 3127 1157 ecclesiam
3155 1104 3208 1158 in
3230 1104 3581 1170 Alexandria,
3603 1121 3798 1176 quam-

2196 1185 2462 1255 plurimus
2487 1190 2867 1261 episcoporum
2917 1192 3172 1263 relegasti
3219 1194 3274 1248 in
3319 1196 3546 1262 exsiliis,
3577 1197 3630 1250 in
3680 1213 3794 1252 me-

2195 1277 2362 1345 tallis,
2385 1281 2667 1351 conjecisti
2692 1284 2744 1337 in
2768 1298 3069 1351 carcerem,
3089 1296 3298 1341 certum
3323 1287 3483 1343 etiam
3507 1306 3790 1346 numerum

2193 1371 2525 1430 interfecisti
2553 1390 2619 1431 ex
2651 1377 2904 1433 omnibus
2962 1379 3059 1435 Dei
3104 1379 3425 1436 cultoribus.
3487 1380 3621 1437 Cum
3677 1383 3790 1440 haec

2192 1467 2392 1537 egeris,
2425 1478 2603 1526 tamen
2635 1469 2776 1526 dicis
2807 1488 2818 1524 :
2856 1470 2976 1525 Nisi
3015 1473 3138 1527 bene
3165 1490 3324 1528 essem
3383 1476 3602 1548 faciens,
3643 1486 3688 1532 et
3712 1479 3791 1532 in-

2191 1568 2331 1629 tegre
2379 1575 2539 1614 essem
2568 1562 2802 1629 credens,
2845 1580 3126 1634 numquam
3168 1566 3342 1620 adhuc
3395 1585 3478 1622 me
3507 1567 3649 1626 Deus
3677 1587 3792 1644 reg-

2189 1667 2314 1706 nare
2342 1655 2690 1722 permitteret?
2721 1665 2991 1726 tamquam
3033 1659 3231 1716 iccirco
3263 1670 3319 1716 et
3345 1661 3488 1716 circa
3517 1663 3704 1719 Achab
3729 1681 3789 1720 ac

481 1757 615 1812 dixit
631 1756 936 1828 prophetes:
956 1752 1020 1808 In
1046 1753 1219 1824 pueris
1239 1753 1537 1824 principum
1557 1754 1846 1825 regionum.
1865 1750 1933 1806 Et
1954 1751 2065 1807 dixi

2194 1753 2425 1800 caeteros
2455 1745 2844 1803 coidololatras
2869 1757 2989 1804 tuos
3018 1751 3177 1806 fuerit
3209 1753 3354 1808 Deus
3383 1755 3615 1824 patiens,
3666 1759 3788 1828 quia

478 1866 571 1904 rex
592 1865 612 1904 :
641 1848 771 1914 Quis
823 1847 1102 1902 committet
1127 1848 1395 1918 pugnam?
1417 1855 1464 1900 et
1493 1845 1629 1899 dixit
1650 1844 1921 1916 prephetes
1956 1861 1974 1899 :
2007 1843 2085 1899 Tu

478 1944 570 2016 (III
605 1943 948 2018 Reg.xx,l5).
975 1941 1045 1998 Et
1071 1943 1207 1996 infra
1236 1956 1250 1994 :
1283 1938 1352 1994 Et
1377 1940 1616 1994 exierunt
1637 1941 1784 2011 pueri
1810 1940 1873 1994 de
1904 1939 2086 1994 civita-

477 2050 524 2095 te
565 2040 859 2112 principum
888 2039 1175 2110 regionum,
1208 2046 1259 2091 et
1303 2037 1559 2091 exercitus
1587 2038 1675 2102 qui
1718 2044 1830 2104 post
1863 2035 1999 2101 illos,
2037 2043 2084 2089 et

474 2132 724 2203 percussit
747 2131 1093 2201 unusquisque
1121 2144 1270 2200 quem
1289 2129 1482 2182 invenit
1500 2145 1644 2182 secus
1666 2145 1739 2195 se,
1765 2137 1812 2182 et
1841 2130 2083 2199 fugerunt

474 2227 621 2298 Syri,
655 2234 701 2281 et
732 2235 1028 2296 persecutus
1077 2234 1153 2278 est
1204 2222 1374 2277 Israel
1417 2221 1638 2294 (Ib.xx,
1665 2221 2084 2292 I9}.Quomodo

471 2321 632 2388 dicis,
676 2319 959 2375 Constanti
1003 2335 1015 2370 :
1050 2318 1110 2373 Si
1166 2333 1271 2372 non
1323 2317 1446 2371 bene
1473 2317 1718 2370 servirem
1747 2315 1880 2383 Deo,
1906 2317 1950 2369 si
1979 2332 2082 2369 non

472 2426 607 2470 recte
633 2414 843 2468 credens
888 2413 1120 2483 fuissem,
1156 2427 1442 2482 numquam
1466 2426 1682 2482 regnum
1726 2410 2083 2465 Romanorum

469 2506 902 2563 inmeavidissem
937 2513 1187 2576 potestate
1207 2503 1547 2569 collocatum,
1579 2512 1670 2556 aut
1714 2503 1789 2556 sic
1824 2502 1915 2555 diu
1952 2502 2082 2571 fuis-

467 2616 575 2656 sem
592 2600 761 2655 vivens
774 2600 827 2653 in
856 2614 1014 2670 regno
1038 2598 1062 2652 ?
1087 2596 1305 2668 quando
1334 2595 1518 2652 videas
1549 2594 1738 2651 Achab
1767 2595 1878 2665 regi
1910 2593 2078 2650 Israel

465 2708 620 2750 more
648 2690 934 2764 gentilium
961 2689 1190 2753 viventi,
1222 2698 1278 2744 et
1309 2688 1568 2759 populum
1600 2687 1717 2752 Dei,
1747 2686 1907 2742 siculi
1939 2695 1994 2742 et
2021 2695 2078 2741 tu

468 2787 700 2854 avertis,
723 2785 954 2842 vertenti
997 2799 1026 2838 a
1057 2783 1191 2848 Deo,
1222 2781 1428 2837 dictum
1478 2780 1550 2835 ab
1578 2795 1669 2847 eo,
1704 2780 1756 2834 in
1789 2794 1950 2849 quem
1984 2777 2081 2833 de-

466 2881 771 2952 Iinquebat,
803 2878 958 2949 cujus
981 2885 1256 2948 praecepta
1284 2874 1516 2931 ducebat
1543 2888 1645 2944 pro
1675 2871 1877 2928 nihilo:
1904 2869 2079 2929 Trade

466 2991 584 3031 eum
626 2976 680 3028 in
730 2988 916 3026 manus
946 2980 1081 3036 tuas,
1107 2978 1161 3022 ut
1192 2969 1329 3024 scias
1355 2967 1596 3040 quoniam
1650 2981 1744 3038 ego
1774 2981 1885 3020 sum
1913 2963 2073 3019 Deus.

463 3069 536 3127 Ut
566 3068 727 3140 igitur
752 3067 904 3122 illum
934 3065 1136 3136 eripuit
1163 3079 1192 3117 a
1226 3062 1338 3117 filio
1357 3061 1569 3118 Jaderis
1591 3061 1762 3132 Syriae
1793 3060 1960 3131 regis,
1989 3057 2068 3114 sic

2194 1835 2395 1892 fuerint
2425 1847 2625 1894 rectam
2657 1850 2901 1898 tenentes
2928 1844 3093 1898 viain.
3127 1844 3204 1899 Tu
3232 1862 3360 1917 ergo
3394 1850 3522 1920 quia
3551 1851 3620 1906 sit
3665 1868 3788 1922 pec-

2194 1929 2331 1984 catis
2363 1930 2467 1986 tuis
2511 1932 2724 2003 patiens
2755 1949 2851 2004 pro
2883 1951 2982 1990 sua
3034 1936 3352 2010 infatigabili
3397 1941 3597 2012 pietate
3625 1945 3786 2000 sicuti

2191 2021 2354 2078 fuerit
2385 2034 2437 2079 ct
2469 2026 2657 2081 Achab
2701 2027 2835 2097 regi,
2869 2029 3155 2086 arbitraris
3183 2047 3288 2088 non
3341 2043 3392 2090 te
3444 2036 3783 2107 delinquere,

2192 2117 2287 2173 sed
2314 2133 2413 2189 pro
2436 2120 2647 2175 meritis
2674 2121 2782 2175 tuis
2814 2121 2906 2177 tibi
2933 2123 3113 2194 parci:
3142 2141 3301 2196 quem
3332 2128 3519 2184 Achab
3538 2130 3700 2186 etiam
3731 2131 3784 2187 in

2193 2209 2295 2266 hoc
2324 2211 2575 2279 imitaris,
2608 2214 2750 2284 quod
2804 2217 2949 2270 enim
3001 2219 3078 2273 sis
3131 2234 3227 2274 eos
3274 2219 3505 2292 diligens
3551 2224 3643 2295 qui
3691 2225 3784 2280 tibi

2191 2303 2332 2359 tnala
2357 2305 2642 2374 suadeant,
2671 2322 2766 2362 eos
2797 2324 2925 2364 vero
2953 2310 3194 2381 pet-dens
3213 2315 3304 2382 qui
3335 2313 3430 2370 tibi
3462 2315 3654 2370 salutis
3679 2324 3784 2371 tua:

2187 2409 2353 2451 causa
2404 2411 2526 2465 quae
2572 2407 2699 2453 sunt
2743 2413 2869 2455 vera
2919 2401 3120 2457 dicant.
3173 2403 3242 2459 Ut
3289 2406 3433 2460 enim
3481 2407 3549 2462 ad
3599 2409 3788 2465 Achab

2189 2487 2657 2560 quadringentiilli
2685 2492 3197 2565 pseudoprophetw,
3220 2497 3364 2567 quod
3396 2509 3615 2569 possent
3637 2501 3784 2556 illum

2187 2583 2366 2638 omnia
2399 2583 2574 2639 felicia
2603 2589 2865 2658 consequi
2899 2589 3280 2660 loquebantur,
3311 2604 3499 2648 contra
3532 2610 3662 2650 vero
3689 2595 3784 2651 Dei

2186 2676 2404 2733 dicebat
2434 2677 2696 2749 propheta
2731 2680 3005 2750 Michmas,
3026 2684 3170 2753 quod
3199 2695 3381 2741 essent
3412 2687 3559 2743 illum
3590 2703 3782 2745 cuncta

2185 2783 2545 2828 consecutura
2576 2774 2738 2841 mala,
2768 2782 2824 2829 et
2854 2775 2948 2832 ille
2984 2779 3157 2848 magis
3194 2778 3458 2851 diligebat
3484 2797 3578 2837 eos
3626 2799 3784 2853 pseu-

2184 2865 2555 2938 dopmphetas
2576 2881 2737 2938 quam
2771 2882 2959 2924 verum
2992 2869 3209 2926 Domini
3237 2872 3582 2943 prophetam,
3620 2877 3692 2930 ita
3727 2886 3785 2931 ut

2185 2959 2208 2994 ἰ
2252 2968 2306 3014 ιιι
2375 2975 2525 3016 amas
2579 2960 2937 3018 coluereticos
3015 2971 3139 3019 tuos
3191 2964 3449 3033 Arianos,
3534 2969 3775 3038 ipsorum

2180 3053 2340 3110 dictis
2389 3055 2758 3126 obtemperas,
2811 3071 2910 3112 nos
2954 3074 3144 3114 omnes
3200 3061 3409 3116 Domini
3459 3063 3778 3122 sacerdotes

461 3162 630 3218 etiam
664 3170 717 3216 te
758 3158 828 3215 ab
867 3157 1122 3213 omnibus
1176 3155 1445 3226 perimere
1487 3153 1832 3224 cupientibus
1877 3152 2072 3223 eripuit
2101 3150 2146 3212 C
2177 3151 2501 3215 exsecraris;
2554 3152 2727 3221 primo
2755 3152 3023 3220 omnium,
3052 3169 3148 3209 cur
3199 3154 3293 3211 Dei
3334 3155 3533 3211 Filium
3589 3173 3773 3213 verum

458 3265 624 3326 atque
647 3253 831 3324 eripit,
851 3250 920 3306 ad
955 3250 1056 3305 hoc
1083 3248 1273 3318 utique
1303 3257 1359 3303 ut
1382 3247 1558 3319 possis
1588 3261 1922 3317 cognoscere
1942 3245 2068 3318 quia

459 3351 579 3424 ipse
605 3351 678 3406 sit
707 3350 850 3404 Deus
897 3346 1333 3418 patriarcharum
1383 3359 1446 3399 ac
1490 3354 1813 3415 martyrum,
1865 3342 1932 3397 ad
1964 3340 2068 3398 hoc

459 3453 520 3500 ut
557 3443 832 3513 conjicere
859 3439 1037 3512 possis
1064 3454 1172 3494 non
1207 3452 1307 3508 pro
1333 3436 1542 3493 meritis
1566 3435 1692 3491 fidei
1718 3445 1822 3490 tute
1852 3449 1914 3490 ac
1940 3435 2064 3489 vitae

457 3536 553 3592 tibi
585 3534 874 3591 victoriam
916 3531 1200 3597 tributam,
1233 3528 1450 3600 quando
1477 3529 1554 3583 sis
1579 3527 1769 3583 Achab
1790 3526 1844 3583 in
1887 3527 2064 3582 omni-

454 3631 560 3687 bus
604 3628 718 3701 regi
761 3624 980 3692 similis,
1008 3623 1105 3680 sed
1147 3624 1225 3678 sic
1266 3622 1362 3678 tibi
1401 3631 1591 3678 contra
1621 3621 1811 3676 merita
1839 3629 1926 3675 tua
1967 3637 2062 3677 ex-

455 3723 681 3780 bibitam
710 3716 1149 3776 misericordiam
1180 3715 1248 3772 ab
1273 3730 1359 3781 eo,
1415 3729 1578 3786 quem
1606 3712 1970 3783 dereliquisti,
2003 3723 2061 3768 ut

448 3815 616 3872 fuerit
645 3811 838 3871 Achab
864 3808 1132 3867 exhibita.
1170 3808 1228 3864 Si
1258 3806 1403 3863 enim
1434 3805 1639 3861 dixeris
1672 3814 1962 3876 propterea
2005 3812 2057 3858 te

449 3911 672 3966 vincere
723 3903 1070 3962 adversarios
1109 3909 1252 3967 tuos,
1313 3900 1438 3971 quia
1480 3899 1620 3955 bene
1671 3898 1748 3953 sis
1801 3897 2051 3962 credens,

446 4005 625 4076 potuit
662 4010 719 4059 et
749 3999 938 4056 Achab
963 3997 1167 4053 dixisse
1199 3995 1471 4050 idolorum
1499 3993 1698 4060 cultor,
1733 4001 1789 4050 et
1821 3993 2055 4063 prephe-

445 4106 622 4152 tarum
649 4099 970 4149 sanctorum
1003 4088 1385 4157 interemptor.
1409 4084 1492 4140 Ad
1517 4085 1620 4140 hoc
1648 4099 1781 4156 ergo
1799 4093 1851 4141 te
1874 4100 2050 4141 reser-

443 4198 628 4245 vatum
661 4195 720 4242 ut
789 4197 1008 4241 errores
1062 4182 1367 4249 corrigeres
1432 4190 1452 4218 ο
1509 4187 1651 4245 tuos,
1702 4194 1812 4234 non
1860 4178 2050 4235 vides?

439 4282 591 4340 Illico
624 4291 682 4338 ut
708 4277 988 4348 occupasti
1022 4274 1048 4312 ιι
1070 4275 1303 4340 Italiam,
1357 4273 1644 4330 ecclesiam
1670 4275 1789 4344 eius
1827 4275 2045 4330 tentasti

440 4385 656 4434 vertere
677 4371 899 4442 ;dixisti
927 4372 1097 4427 Deum
1127 4369 1344 4424 Patrem
1373 4382 1483 4424 non
1502 4381 1624 4423 esse
1651 4383 1840 4422 verum
1877 4367 2042 4424 Deum

438 4471 680 4535 Patrem,
710 4467 930 4524 unicum
973 4464 1092 4536 ejus
1123 4475 1328 4532 negans
1366 4459 1586 4528 Filium,
1627 4460 1908 4517 affirmans
1934 4477 2041 4517 non

2184 3243 2275 3297 Dei
2308 3243 2502 3298 Filium
2537 3247 2924 3303 confiteantur:
2956 3248 3199 3303 secundo
3221 3264 3318 3304 cur
3368 3267 3475 3305 non
3521 3251 3612 3308 tibi
3639 3252 3773 3307 adu-

2177 3338 2374 3406 lemur,
2425 3353 2522 3394 cur
2579 3348 2631 3395 te
2679 3341 2730 3394 in
2780 3339 3018 3410 pericqu
3058 3357 3182 3398 esse
3230 3358 3638 3414 asseveramus,
3714 3355 3770 3400 ct

2171 3433 2415 3489 dicamus
2447 3435 2549 3490 nisi
2609 3444 2661 3491 te
2709 3437 3048 3493 converteris
3079 3437 3146 3493 ad
3181 3439 3372 3506 Deum,
3415 3439 3559 3510 quod
3611 3439 3686 3495 sis
3716 3441 3767 3496 in

2173 3536 2436 3584 aeternam
2463 3543 2679 3599 poenam
2707 3538 2991 3585 venturus.
3030 3531 3093 3584 Et
3117 3541 3175 3585 ut
3205 3531 3433 3588 credere
3469 3535 3648 3603 possis
3673 3533 3766 3589 Dei

2168 3637 2385 3693 semper
2409 3623 2534 3678 odio
2571 3623 2787 3682 habitos
2819 3625 3070 3682 homines
3111 3627 3178 3682 ab
3210 3626 3764 3698 hominibusaposta-

2168 3715 2308 3783 ticis,
2365 3725 2576 3772 amatos
2606 3732 2737 3772 vero
2769 3718 3022 3774 inimicos
3066 3718 3158 3774 Dei
3193 3718 3496 3790 religionis,
3538 3720 3642 3777 hoc
3678 3731 3763 3778 est

2164 3809 2364 3866 diaboli
2403 3813 2665 3879 cultores,
2714 3814 2904 3884 accipe
2948 3829 3083 3884 quos
3131 3817 3398 3870 amaverit
3446 3815 3653 3880 Achab,
3708 3824 3762 3871 et

2161 3921 2322 3976 quem
2356 3905 2482 3960 odio
2510 3905 2778 3962 habuerit.
2808 3905 2878 3959 Et
2907 3907 3042 3962 dixit
3069 3906 3326 3977 Josuphat
3373 3925 3465 3963 rex
3501 3907 3646 3963 Iuda
3689 3909 3759 3961 ad

2160 4014 2328 4068 regem
2354 3996 2557 4053 Israel:
2597 3996 2923 4071 Interrogata
2953 4016 3087 4054 nunc
3133 3999 3287 4054 hodie
3342 3999 3646 4055 Dominum.
3692 4002 3758 4056 Iit

2158 4091 2456 4144 convocavit
2486 4105 2577 4146 rex
2607 4088 2776 4145 Israel
2797 4107 2970 4147 omnes
2992 4092 3296 4164 prcit/tetas,
3329 4095 3475 4163 quasi
3503 4095 3757 4163 quadrin-

2153 4194 2332 4256 gentos
2353 4186 2513 4254 viros,
2545 4196 2591 4239 et
2615 4185 2749 4241 dixit
2773 4186 2878 4241 illis
2905 4202 2997 4240 rex
3014 4186 3229 4241 Achab:
3261 4185 3324 4242 Si
3353 4186 3504 4241 iboin
3535 4187 3753 4243 Remum

2153 4278 2220 4331 ad
2256 4277 2482 4332 Galaath
2527 4281 2580 4332 in
2624 4295 2875 4350 pugnant,
2925 4289 3014 4333 aut
3057 4279 3306 4334 cessabo?
3363 4289 3412 4333 et
3468 4279 3752 4334 dixerunt:

2151 4371 2381 4426 Asceude
2442 4370 2462 4440 (
2496 4369 2573 4425 Ib.
2601 4386 2730 4435 χιιι,
2754 4371 2787 4426 5
2817 4371 2856 4440 ).
2892 4369 2956 4425 Ει
2996 4371 3167 4426 infra:
3227 4370 3291 4425 Et
3323 4371 3454 4426 dixit
3490 4370 3748 4442 Josaphat

2150 4465 2216 4518 ad
2241 4481 2410 4536 regem
2443 4462 2649 4518 Israel:
2683 4461 2806 4518 Non
2850 4474 2924 4518 est
2965 4464 3048 4518 hic
3099 4465 3370 4534 praphetes
3412 4465 3643 4531 Domini,
3701 4477 3748 4519 ct

436 4580 562 4623 esse
591 4563 741 4620 illum
786 4574 974 4617 verum
1018 4557 1237 4621 Filium;
1264 4555 1544 4611 astruxisti
1576 4555 1781 4612 eetiam
1796 4565 2043 4613 sanctum
2072 4551 2125 4611 D
2152 4556 2584 4628 interrogabimus
2605 4553 2924 4611 Dominum?
2953 4556 3020 4611 Et
3049 4557 3179 4612 dixit
3231 4557 3404 4611 Achab
3431 4573 3521 4612 rex
3574 4557 3746 4613 Israel

510 4717 534 4744 ει
576 4704 741 4761 Forte
767 4699 1074 4757 addendum
1106 4696 1354 4761 crederet,
1385 4704 1479 4748 aut
1502 4695 1715 4749 diceret.

506 4773 532 4817 δ
577 4777 744 4832 Forte
773 4771 1067 4843 legendum
1094 4769 1206 4840 qui,
1240 4767 1293 4822 id
1326 4774 1412 4822 est
1439 4764 1601 4821 Deus.

509 4859 530 4922 ῗ
574 4841 881 4922 οοτνίςετέἐς
916 4841 1092 4922 V393:
1361 4908 1396 4922 η
1577 4909 1588 4921 .
1645 4908 1680 4922 .,
1726 4909 1758 4922 ..
1974 4911 1986 4922 .

501 4919 527 4959 ά
570 4908 974 4977 Αιδηοέαἱιὶρθι
994 4910 1123 4978 554,
1170 4908 1529 4966 cumeGallia
1576 4908 2033 4967 inltatiamvenit.

427 5005 484 5053 et
502 4991 748 5050 Concilio
796 4982 1190 5042 Mediolanensi
1239 4979 1494 5053 interfuit
1533 4996 1678 5036 anno
1719 4980 1845 5037 555.
1905 4982 2035 5038 Cum

427 5052 558 5123 esset
582 5058 895 5120 Mediolani,
921 5055 1098 5126 inquit
1127 5053 1463 5108 Athanasius
1486 5052 1539 5106 in
1565 5053 1728 5122 epist.
1753 5056 1820 5109 ad
1846 5054 2032 5126 Solit.,

425 5137 601 5194 omnia
627 5151 689 5190 ex
736 5125 1096 5188 licereticor’um
1121 5126 1340 5180 consilio
1369 5127 1766 5197 etsuggestione
1795 5125 2030 5194 faciebat,

426 5211 506 5267 vel
528 5209 704 5281 potius
735 5206 789 5259 hi
816 5202 917 5281 ipsi
947 5198 1308 5281 agebant,qua:
1333 5195 1541 5281 vellent,
1575 5205 2032 5281 potestatemfo‘n-

424 5291 505 5336 tra
529 5267 706 5335 omnes
732 5267 904 5330 nacti:
949 5267 1062 5327 tum
1122 5267 1295 5323 fusius
1350 5275 1559 5331 narrat,
1606 5275 1740 5332 quot
1770 5268 1822 5320 in
1877 5267 2030 5324 Italia

424 5353 598 5408 turba:
628 5350 835 5405 fuerint
864 5345 1119 5401 excitatae
1149 5339 1479 5408 Constantii
1499 5336 1759 5404 adventu,
1796 5354 2028 5406 pmscr-

421 5407 528 5479 tim
571 5433 630 5478 ut
675 5418 940 5476 indicium
997 5412 1308 5470 Concilium
1359 5411 1414 5465 in
1468 5407 1847 5464 haereticorum
1898 5426 2023 5466 sen-

425 5495 627 5552 tentias
653 5491 896 5549 cederet.
915 5559 922 5560 ί
1012 5552 1043 5560 μ,

494 5576 517 5602 ⁸
557 5565 713 5621 Licet
739 5552 1150 5618 Macedonianis
1179 5551 1801 5610 Pneumatomachorum
1854 5567 2016 5608 voca-

416 5635 604 5692 bulum
629 5631 980 5707 prtecaateris
995 5627 1163 5683 fuerit
1193 5626 1542 5707 attributum,
1568 5622 1874 5707 qpippequi
1895 5625 2018 5694 Spi-

413 5708 555 5763 ritus
592 5695 768 5760 sancti
807 5701 1149 5758 divinitatem
1201 5698 1541 5766 negaverint,
1591 5695 1780 5752 Ariani
1833 5705 2011 5752 tamen

413 5777 616 5846 multo,
639 5788 800 5845 quam
835 5772 940 5839 illi,
974 5768 1350 5840 impudentius
1379 5768 1431 5824 in
1460 5767 1734 5838 Spiritum
1761 5778 2007 5826 sanctum

2145 4695 2493 4758 sentiebant,
2563 4697 2766 4765 quem',
2815 4709 3081 4766 aequeac
3139 4693 3334 4750 Filium
3368 4737 3382 4763 ,
3434 4705 3739 4754 creaturam

2144 4782 2368 4835 vocare,
2428 4767 2661 4838 ideoque
2687 4782 2752 4822 ex
2786 4765 2959 4822 nihilo
2984 4765 3184 4838 factum
3239 4782 3345 4821 non
3383 4767 3736 4824 dubitarunt:

2145 4839 2372 4907 proinde
2425 4837 2630 4895 Ariauo
2685 4838 3002 4906 Imperatori
3053 4837 3194 4892 hanc
3250 4839 3411 4893 etiam
3447 4842 3740 4909 exprobrat

2143 4911 2367 4966 Lucifer
2396 4911 2449 4966 in
2473 4911 2802 4966 Trinitatem
2835 4910 3262 4981 blasphemiam,
3306 4911 3375 4966 de
3405 4927 3509 4980 qua
3538 4912 3588 4967 d-
3609 4928 3735 4969 cer-

2141 4983 2328 5038 tabant
2356 4982 2650 5053 aliquando
2682 4983 2868 5037 Ariani
2900 4997 3024 5037 cum
3056 4982 3430 5053 Setniarianis,
3475 4994 3528 5040 et
3557 4983 3738 5042 Mace-

2138 5054 2412 5121 donianis,
2443 5052 2534 5124 qui
2580 5054 2760 5123 paullo
2797 5053 3150 5124 prudentiores
3197 5052 3457 5122 Spiritum
3483 5068 3731 5112 sanctum

2137 5136 2191 5180 et
2214 5143 2241 5178 a
2272 5127 2659 5182 communione
2689 5126 2907 5192 quidem
2961 5125 3282 5186 divinitatis,
3313 5136 3366 5181 et
3398 5143 3426 5179 a
3461 5137 3731 5186 creatura:

2137 5198 2344 5266 pariter
2387 5197 2610 5252 notiOne
2651 5196 3034 5252 excludebant.
3077 5195 3194 5252 Vid.
3225 5196 3414 5253 Pctav.
3447 5198 3542 5254 lib.
3577 5201 3629 5255 I.
3660 5202 3729 5257 de

2137 5268 2332 5322 'l‘rinit.
2365 5283 2485 5324 ean.
2523 5269 2609 5324 M.

2137 5268 2332 5322 'I‘rinit.
2365 5283 2485 5338 cap.
2523 5269 2609 5324 M.

2211 5338 2228 5375 ν
2273 5339 2349 5394 Ea
2381 5339 2576 5404 innuit,
2611 5355 2731 5409 qua:
2759 5340 3165 5397 Mediolanensc
3197 5341 3499 5397 Concilium
3531 5357 3728 5400 consc-

2131 5420 2253 5466 cuta
2283 5419 2429 5478 sunt,
2462 5426 2693 5481 quaeque
2727 5414 3058 5468 Athanasius
3092 5416 3144 5468 in
3173 5414 3336 5481 epist.
3365 5413 3433 5468 ad
3466 5413 3626 5470 Solit.
3672 5425 3726 5470 et.

2129 5481 2377 5556 inApol.
2416 5481 2490 5556 ad
2515 5481 2801 5539 Constant.
2834 5484 2950 5539 fuse
2974 5485 3340 5556 persequitur.
3376 5485 3508 5541 Vide
3554 5496 3721 5542 etiam

2126 5553 2299 5609 IIilar.
2330 5556 2383 5610 in
2414 5555 2512 5610 lib.
2540 5572 2632 5612 un.
2665 5565 2855 5612 contra
2887 5553 3289 5611 Constantium.

2121 5635 2222 5752 Mi?
2262 5626 2399 5682 Vide
2433 5628 2531 5682 hac
2554 5643 2721 5696 super
2747 5644 2807 5685 re
2852 5632 3164 5684 notatioues
3209 5630 3259 5684 in
3294 5629 3388 5685 lib.
3418 5628 3471 5684 2.
3505 5646 3602 5702 pro
3655 5630 3717 5687 S.

2213 5713 2321 5752 ian.

2173 5706 2321 5752 than.

2197 5767 2224 5805 δ
2266 5769 2404 5826 Ριιιο
2436 5768 2722 5842 legendum
2754 5782 2823 5827 et.
