4148 6186
341 148 447 207 809

1268 140 1359 210 DE
1400 134 1702 213 REGIBUS
1743 151 2193 216 APOSTATICIS
2230 154 2433 216 LIBER
2472 158 2682 219 unus.

3538 172 3644 230 810

334 264 404 320 ad
432 262 693 333 Iosophat
732 259 944 337 regem:
977 264 1123 322 Unus
1148 275 1223 322 est
1248 283 1340 336 per
1383 285 1536 339 quem
1562 270 1934 342 interrogemus
1962 277 2009 338 Α
2042 272 2293 330 Ezechiae
2323 277 2467 347 regis
2498 292 2682 349 regem
2730 275 2883 333 Iudas
2928 278 3167 337 sedecim
3214 295 3482 340 annorum
3524 301 3646 343 sus-

331 356 636 421 Dominum,
660 359 751 414 sed
762 376 855 432 ego
872 360 959 416 odi
971 362 1139 426 illum,
1159 364 1401 433 quoniam
1418 381 1517 418 non
1541 364 1767 434 loquitur
1785 366 1847 419 de
1861 382 1939 421 me

333 450 467 505 bona
490 450 653 520 (Ibid.
675 451 764 523 7).
806 451 938 509 Item
970 462 1021 521 α,
1056 468 1403 525 poSteaqnam
1426 454 1650 521 dixisset
1676 458 1937 527 propheta

331 542 549 599 Domini
581 545 649 599 ad
704 545 851 600 illum
896 546 1152 603 Michaeas
1201 565 1267 604 ne
1305 550 1648 613 ascenderet,
1678 550 1934 619 quoniam

330 639 375 693 si
407 639 768 707 ascendisset,
792 655 899 695 non
931 652 1078 696 esset
1099 657 1450 698 reversurus:
1476 641 1626 697 Dixit
1650 660 1743 698 rex
1765 641 1937 699 Israel

330 731 673 803 adJosophat
697 748 869 805 regem
901 730 1082 787 Judo:
1110 733 1300 789 Nonne
1326 736 1435 789 dixi
1473 734 1545 788 ad
1572 744 1643 800 te,
1688 737 1935 806 quoniam

334 825 610 895 prophetat
676 826 805 880 mihi
852 828 938 881 hic
1010 844 1115 881 non
1190 829 1357 894 bona,
1409 827 1499 882 sed
1560 830 1725 901 magis
1800 831 1938 885 mola

230 978 237 983 _
336 917 504 990 (Ibid.
535 917 661 990 I8)?
690 918 1025 974 Videbantur
1064 920 1202 974 mala
1234 931 1289 976 et
1314 920 1539 976 excordi
1565 921 1617 976 ei
1639 936 1796 991 quem
1822 922 1935 993 jam

330 1012 624 1068 obsederat
650 1011 922 1079 diabolus,
961 1014 1102 1069 mala
1132 1030 1195 1070 ea
1224 1030 1346 1086 qua:
1404 1030 1434 1070 a
1478 1015 1574 1071 Dei
1611 1016 1936 1073 dicebantur

327 1094 510 1171 servo,
541 1116 596 1162 et
642 1107 735 1162 illa
769 1108 910 1175 bona
948 1108 1336 1179 judicabantur
1373 1126 1492 1182 qua:
1523 1126 1551 1162 a
1583 1112 1762 1166 servis
1790 1112 1936 1168 dicc-

326 1198 527 1256 bantur
548 1199 771 1257 diaboli.
788 1202 898 1258 Nec
917 1203 1222 1259 mirantium
1245 1205 1424 1276 itaque
1469 1205 1515 1260 si
1539 1205 1664 1261 illos
1680 1207 1936 1264 audiebat

327 1293 540 1361 Achab,
567 1311 703 1366 quos
734 1304 791 1350 ut
834 1296 1047 1352 audiret
1101 1298 1330 1354 iaciebat
1376 1298 1628 1353 diabolus
1667 1299 1933 1369 mancipia

325 1388 585 1445 videlicet
614 1404 734 1454 sua,
777 1399 833 1446 et
876 1392 922 1446 si
975 1391 1097 1447 illos
1126 1391 1319 1449 audire
1350 1393 1548 1458 nollet,
1600 1408 1739 1463 quos
1788 1394 1934 1450 Deus

327 1496 457 1539 suos
486 1497 609 1539 esse
638 1498 830 1539 servos
849 1492 906 1540 et
935 1484 1051 1552 ipsa
1075 1486 1361 1541 tolerantia
1395 1485 1710 1556 passionum
1734 1496 1790 1541 et
1816 1487 1933 1557 ipsa

327 1574 633 1632 conSIantia
686 1577 1109 1632 asseverationis
1156 1575 1537 1633 manifestahat
1591 1578 1731 1633 illis:
1775 1593 1935 1648 pseu-

2042 371 2254 455 cepisse
2299 387 2548 442 regnum,
2596 384 2653 429 et
2700 373 3095 446 quinquaginta
3148 375 3168 415 ί
3229 391 3440 449 septem
3485 385 3647 439 annis

2041 476 2322 532 regnasse;
2356 464 2424 518 de
2452 479 2560 534 quo
2582 480 2705 536 quze
2733 468 2843 521 sint
2863 469 3066 538 scripta
3096 483 3222 524 cum
3252 473 3514 540 audieris,
3560 476 3644 531 in-

2039 556 2229 610 venies
2244 556 2485 624 proiecto
2506 556 2752 627 ejusdem
2774 569 2824 615 te
2844 560 3175 617 imitatorem
3192 576 3338 629 esse,
3361 575 3415 619 et
3432 582 3538 621 non
3564 568 3646 622 in-

2039 643 2213 714 cipies
2244 647 2426 700 tnirari
2451 648 2594 717 quod
2624 649 2975 707 malefaciens
2993 667 3118 707 cum
3149 654 3247 717 sis,
3273 658 3641 715 tamenadhuc

2041 748 2299 807 parcatur
2320 738 2436 805 tibi,
2457 754 2689 797 cernens
2720 742 3044 809 Manassem,
3074 745 3231 815 cujus
3250 760 3306 802 tu
3341 751 3393 804 in
3412 752 3646 807 crudeli-

2040 838 2154 885 tate
2183 840 2239 886 et
2264 832 2556 903 sacrilegio
2584 849 2694 888 non
2719 837 2899 891 minor
2932 852 3013 904 es,
3042 840 3189 908 quod
3219 850 3365 897 tanta
3391 854 3643 915 agentem

2039 939 2267 994 regnum
2295 927 2532 980 tenuerit
2565 928 2959 999 quinquaginta
2988 939 3199 1001 septem
3224 937 3403 990 annis.
3423 937 3495 992 Et
3517 942 3641 995 dor-

2039 1019 2204 1083 mivit,
2232 1018 2406 1089 inquit
2430 1022 2699 1089 scriptura
2731 1021 2820 1092 (IV
2848 1021 3080 1094 Regarx,
3102 1024 3221 1095 21),
3254 1026 3508 1085 Ezechias
3526 1049 3645 1087 cum

2040 1111 2273 1179 patribus
2317 1112 2447 1177 suis,
2497 1120 2545 1166 et
2575 1114 2808 1183 sepultus
2836 1126 2910 1169 est
2963 1117 3017 1170 in
3054 1117 3257 1172 civitate
3332 1120 3504 1176 David
3531 1167 3546 1191 ,
3598 1136 3646 1179 et

2038 1204 2269 1275 regnavit
2312 1202 2582 1260 Manasses
2614 1206 2753 1274 ﬁlius
2799 1208 2913 1277 ejus
2964 1225 3058 1277 pro
3084 1226 3167 1265 eo.
3201 1210 3333 1266 Cum
3383 1228 3512 1270 esset
3554 1234 3646 1273 rex

2036 1292 2259 1348 sedecim
2286 1310 2540 1351 annorum
2569 1297 2842 1354 Monasses
2871 1317 2990 1355 cum
3016 1314 3275 1375 regnaret,
3300 1317 3349 1359 et
3392 1284 3647 1379 quinqua-

2037 1386 2179 1457 ginta
2208 1397 2403 1456 septem
2430 1390 2582 1443 annis
2631 1392 2862 1462 regnavit
2891 1394 2944 1446 in
2985 1392 3338 1464 Hierusalent,
3372 1410 3421 1452 et
3461 1416 3647 1457 nomen

2039 1490 2150 1535 erat
2170 1482 2351 1535 ntotris
2383 1485 2496 1554 ejus
2529 1482 2742 1538 Ebsibas
2776 1502 2794 1539 :
2845 1495 2893 1539 et
2934 1489 3056 1557 fecit
3085 1492 3225 1559 quod
3252 1494 3544 1564 malignum
3573 1508 3646 1552 est

2039 1585 2158 1629 ante
2210 1584 2543 1646 conspectum
2600 1576 2811 1632 Domini
2880 1582 3163 1636 secundum
3230 1585 3643 1644 abominationes

327 1668 689 1739 dopmpheta:
715 1671 871 1724 dilati
900 1670 1260 1740 honoratique
1299 1672 1509 1726 dimissi
1541 1680 1671 1727 sunt
1718 1688 1747 1727 a
1775 1688 1927 1743 rege,
1959 1674 2007 1735 Β
2032 1670 2261 1740 gentium
2288 1711 2303 1734 ,
2335 1686 2462 1739 quas
2482 1671 2634 1744 ejecit
2661 1669 2917 1726 Dominus
2944 1691 2975 1727 a
3007 1675 3141 1743 facie
3172 1676 3404 1746 ﬁliorum
3437 1679 3643 1736 Israel:

327 1761 581 1819 Michazas
612 1777 743 1818 vero
785 1762 1046 1833 propheta
1095 1763 1311 1819 Domini
1352 1763 1658 1820 recluditur
1701 1765 1755 1821 in
1809 1782 1932 1821 car-

328 1871 535 1919 cerem,
569 1865 623 1912 et
669 1856 899 1911 dicitur:
959 1856 1240 1912 Monducet
1262 1856 1289 1895 δ
1323 1874 1506 1928 panem
1547 1859 1745 1913 doloris
1773 1862 1933 1915 donec

327 1956 537 2009 redeam
563 1951 726 2023 (Ibid.
754 1952 825 2007 27
859 1951 909 2023 );
942 1962 997 2008 et
1025 1961 1201 2009 tamen
1224 1954 1378 2023 juxta
1423 1954 1568 2009 servi
1605 1953 1700 2009 Dei
1726 1953 1928 2009 dictum

330 2063 587 2104 reversus
602 2046 829 2102 minime
858 2052 961 2102 est.
977 2046 1053 2101 Ita
1069 2047 1252 2117 etipse
1279 2046 1739 2118 agis,Constanti;
1754 2048 1931 2117 diligis

330 2155 430 2198 eos
456 2141 546 2211 qui
578 2139 799 2195 trahunt
829 2149 1194 2196 temetsecum
1244 2139 1309 2195 ad
1341 2149 1569 2194 mortem
1590 2150 1928 2209 perpetuam,

330 2234 423 2305 qui
454 2232 522 2288 ad
550 2248 765 2288 omnem
794 2230 1072 2288 interitum
1106 2241 1251 2287 tuam
1283 2232 1488 2287 ducunt
1508 2232 1767 2298 animam;
1794 2231 1921 2287 odio

331 2326 538 2381 habere
558 2325 799 2397 dignaris
822 2334 1018 2381 contra
1038 2340 1157 2387 eos,
1180 2326 1270 2396 qui
1320 2334 1371 2381 te
1402 2333 1532 2381 sunt
1550 2334 1804 2396 optantes
1836 2325 1933 2382 Dei

329 2422 448 2478 ﬁeri
478 2420 734 2477 amicum.
782 2419 861 2477 Ne
893 2420 987 2475 tibi
1030 2420 1287 2492 glorieris
1312 2421 1457 2492 quod
1487 2436 1612 2477 cum
1659 2429 1805 2476 tanta
1853 2421 1933 2475 sis

329 2513 561 2580 faciens,
624 2526 802 2570 tamen
858 2514 1012 2585 regni
1058 2514 1231 2585 gloria
1284 2515 1517 2585 pollens,
1566 2515 1706 2570 hanc
1756 2514 1935 2570 adhuc

332 2608 616 2679 possideas
669 2608 914 2679 fragilem
963 2607 1159 2672 vitam;
1210 2609 1427 2677 quando
1497 2619 1553 2666 et
1604 2609 1932 2666 Hierohoam

331 2701 508 2759 Filius
543 2702 693 2769 Joas,
725 2700 869 2772 quod
898 2700 1208 2772 regnaverit
1235 2701 1286 2755 in
1311 2700 1473 2755 Israel
1494 2700 1850 2771 quadraginta
1880 2713 1935 2758 et

330 2813 498 2853 unum
547 2796 704 2851 annis
744 2796 797 2850 in
831 2795 1100 2860 Samaria,
1148 2802 1370 2849 narrant
1396 2808 1565 2850 sacrae
1615 2794 1832 2861 litterae,
1878 2804 1933 2850 et

329 2891 552 2963 quidem
580 2890 843 2945 derelicto
864 2889 978 2945 Deo
1003 2888 1247 2945 serviens
1277 2888 1461 2956 idolis,
1491 2896 1550 2944 et
1578 2888 1798 2960 quidem
1824 2904 1931 2944 non

328 2984 600 3041 recedens
621 2981 691 3037 de
720 2980 907 3037 Achab
927 2981 1070 3051 regis
1090 2979 1259 3035 Israel
1288 2978 1534 3041 malitiis.
1557 2988 1720 3050 atque
1745 2978 1934 3034 Hiero-

2037 1770 2085 1816 et
2111 1761 2634 1832 azdiﬁcauitexcelso,
2674 1780 2790 1833 qua:
2828 1764 3153 1821 destruxerat
3196 1768 3448 1827 Ezechias
3495 1784 3644 1845 pater

2035 1854 2221 1925 ipsius,
2254 1865 2300 1909 et
2323 1855 2599 1925 aediﬁcavit
2619 1857 2907 1911 sacrarium
2938 1856 3093 1926 Baal,
3115 1870 3164 1914 et
3190 1864 3309 1932 fecit
3340 1865 3485 1920 lucos
3507 1868 3639 1921 sicut

2036 1948 2155 2018 fecit
2209 1947 2384 2002 Achab
2420 1965 2513 2003 rex
2544 1947 2733 2017 Israel,
2757 1959 2805 2004 et
2857 1953 3093 2007 adoravit
3139 1971 3341 2011 omnem
3397 1959 3639 2015 militiam

2035 2042 2172 2107 cwli,
2201 2052 2246 2095 et
2267 2043 2469 2096 servivit
2490 2043 2617 2099 illis.
2654 2044 2719 2099 Et
2740 2047 3020 2116 wdiﬁcavit
3043 2052 3331 2105 sacrarium
3361 2054 3415 2108 in
3437 2055 3639 2111 duabus

2035 2132 2233 2187 sedibus
2260 2134 2443 2189 domus
2476 2133 2713 2201 Domini,
2744 2147 2789 2191 et
2818 2138 3023 2209 induxit
3047 2140 3184 2207 filios
3211 2160 3333 2197 suos
3359 2145 3414 2199 in
3442 2147 3636 2217 ignem,

2035 2233 2082 2279 et
2102 2227 2478 2299 augurabatur,
2503 2236 2550 2281 et
2578 2229 2698 2299 fecit
2721 2230 2996 2301 pytltones,
3034 2240 3080 2285 et
3106 2232 3311 2288 diuinos
3338 2237 3547 2305 multos,
3586 2250 3644 2294 ut

2036 2320 2231 2388 faceret
2255 2320 2394 2389 quod
2418 2320 2704 2391 malignum
2740 2334 2816 2377 est
2869 2325 2923 2377 in
2948 2327 3114 2381 oculis
3161 2332 3355 2384 animo:
3401 2347 3528 2397 suae,
3580 2344 3643 2388 ut

2036 2416 2365 2468 exacerbaret
2390 2414 2675 2470 Dominum
2702 2415 2895 2472 Deum.
2925 2416 2996 2472 Et
3040 2424 3164 2491 fecit
3187 2422 3455 2492 sculptilia
3497 2426 3639 2499 luco-

2036 2520 2154 2559 rum
2174 2521 2286 2574 quo:
2312 2507 2432 2575 fecit
2458 2507 2513 2561 in
2538 2507 2695 2563 domo
2715 2525 2874 2579 quam
2905 2511 3037 2567 dixit
3073 2511 3327 2571 Dominus
3356 2518 3426 2571 ad
3472 2516 3646 2574 David
3702 2550 3721 2559 -

2037 2605 2086 2652 et
2105 2598 2174 2651 ad
2198 2597 2536 2655 Salomonem
2576 2602 2746 2671 ﬁlium
2775 2604 2913 2672 eius:
2945 2602 3012 2658 In
3043 2605 3198 2661 domo
3218 2609 3323 2664 ista
3351 2620 3399 2665 et
3426 2613 3481 2666 in
3513 2613 3643 2669 Hie-

2036 2693 2283 2760 rusalem,
2308 2710 2461 2763 quam
2481 2696 2611 2767 elegi
2631 2712 2694 2750 ex
2720 2697 2957 2752 omnibus
2977 2698 3212 2756 tribubus
3234 2700 3427 2769 Israel,
3453 2723 3645 2775 ponere

2036 2801 2223 2842 nomen
2252 2803 2421 2841 meum
2444 2789 2498 2841 in
2533 2799 2811 2855 aeternum,
2846 2801 2894 2845 et
2941 2808 3043 2847 non
3072 2810 3335 2863 apponam
3364 2798 3550 2869 pedem
3589 2802 3642 2855 in

2037 2875 2210 2933 Israel
2218 2895 2417 2934 movere
2432 2896 2464 2933 a
2484 2889 2621 2934 terra
2636 2898 2791 2951 quam
2804 2882 2942 2938 dedi.
2971 2884 3080 2941 Sed
3095 2886 3140 2940 si
3166 2888 3428 2945 audierint
3448 2908 3528 2948 me
3554 2911 3645 2962 per

2038 2972 2215 3025 omnia
2235 2987 2353 3042 qua:
2376 2973 2621 3027 mandavi
2647 2974 2743 3039 eis,
2768 2984 2817 3030 et
2832 2978 3116 3032 secundum
3134 2980 3299 3052 legem
3319 2999 3475 3053 quam
3496 3002 3642 3040 man-

330 3075 491 3132 bonm
524 3074 832 3131 sacriﬁciis.
869 3071 1030 3140 Male,
1083 3071 1289 3141 inquis,
1315 3073 1359 3127 si
1397 3072 1656 3144 fecissem,
1690 3075 1808 3145 jam
1851 3086 1933 3126 me
1957 3073 2004 3136 C
2037 3066 2177 3119 άαυὶε
2214 3066 2286 3120 eis
2316 3082 2446 3138 puer
2469 3084 2613 3122 meus
2644 3067 2873 3140 Moyses.
2926 3070 2994 3125 Et
3023 3089 3128 3127 non
3166 3076 3451 3131 audierunt
3491 3088 3537 3132 κ.
3576 3079 3644 3135 Et

330 3166 474 3224 Deus
503 3168 775 3222 ornavisset
822 3167 885 3220 de
921 3181 1109 3237 regno:
1142 3164 1297 3236 quasi
1330 3180 1442 3219 non
1469 3163 1645 3219 Filius
1695 3164 1934 3221 Amasis}

332 3272 623 3333 prepterea
652 3259 795 3333 quod
822 3274 928 3315 non
956 3260 1244 3315 recesserit
1275 3273 1306 3314 a
1332 3258 1709 3327 supervacuis,
1740 3259 1935 3331 imple-

330 3362 419 3411 tus
468 3355 616 3422 lepra
669 3352 888 3424 quidem
939 3352 1124 3416 fuerit,
1176 3351 1272 3407 sed
1329 3360 1511 3406 tamen
1542 3351 1931 3421 quinquaginta

328 3447 439 3504 duo
487 3446 646 3500 annis
674 3446 981 3516 regnaverit
1026 3444 1080 3499 in
1114 3442 1478 3499 Hierusalem.
1517 3442 1628 3499 Sed
1674 3452 1730 3497 tu
1781 3443 1835 3498 in
1865 3458 1932 3499 eo

328 3542 510 3612 potior
536 3537 683 3595 Ozias
712 3539 851 3609 regi,
884 3538 1008 3609 quia
1045 3545 1100 3592 tu
1132 3551 1243 3592 non
1279 3537 1648 3608 elephantiam
1701 3536 1930 3605 habeas,

333 3647 455 3704 quae
483 3647 605 3687 cum
638 3639 800 3686 temet
831 3644 1023 3685 omnes
1056 3643 1383 3685 consumere
1413 3630 1584 3699 possit
1629 3641 1804 3697 artus,
1832 3630 1927 3686 sed

333 3728 484 3783 illam
510 3742 632 3797 qua:
663 3726 900 3782 animam
950 3725 1136 3781 valeat
1180 3725 1399 3796 penitus
1448 3726 1744 3782 maculare.
1799 3727 1931 3783 Dole

334 3820 432 3877 tibi
464 3818 744 3875 uobiscum
773 3829 828 3875 et
875 3818 1031 3874 mitte
1087 3819 1355 3889 lacrymas
1411 3833 1513 3888 pro
1553 3828 1625 3883 te;
1673 3819 1929 3889 conspice

334 3912 610 3985 quomodo
635 3912 866 3968 maculet
882 3926 1106 3981 corpus,
1163 3913 1279 3965 haec
1301 3910 1521 3966 videtur
1547 3922 1570 3951 ο
1594 3912 1923 3983 elephantia,

327 4005 604 4078 quomodo
626 4012 916 4063 "consumat
966 4004 1210 4061 membra
1268 4005 1434 4075 lepra;
1456 4005 1642 4061 virus:
1685 4007 1928 4080 intellige

328 4098 473 4170 quod
504 4098 584 4155 sic
613 4099 815 4154 Ariana
861 4096 1089 4153 hmresis
1138 4097 1449 4167 elepltantia
1480 4108 1664 4154 vestra
1711 4101 1925 4157 interna

326 4190 418 4247 illa
450 4190 634 4247 omnia
661 4200 749 4247 tua
770 4189 1028 4255 maculet;
1061 4188 1314 4256 adverte,
1345 4191 1492 4261 quod
1513 4192 1658 4246 enim
1688 4193 1768 4247 sic
1809 4192 1928 4248 erli-

327 4286 439 4341 ciat
469 4283 743 4340 hominem
775 4292 923 4337 tuum
977 4280 1295 4337 interiorem
1347 4282 1507 4338 sicuti
1538 4291 1595 4337 et
1638 4283 1776 4347 haec,
1804 4299 1926 4354 qua:

328 4375 808 4448 comprehenderit
834 4376 1115 4446 hos,quos
1139 4375 1326 4431 videas
1354 4375 1724 4444 elephantiam
1776 4373 1801 4413 ιι
1843 4377 1928 4432 in-

2036 3159 2283 3224 quoniam
2310 3158 2478 3213 valide
2501 3174 2811 3231 aspernatus
2838 3174 2910 3218 est
2939 3164 2992 3217 Μ
2999 3182 3232 3231 anasses,
3264 3178 3314 3223 et
3334 3170 3539 3224 seduxit
3556 3188 3643 3227 eos

2036 3251 2309 3307 Manasses
2339 3263 2395 3306 ut
2423 3254 2653 3322 facerent
2672 3256 2811 3323 quod
2847 3257 3133 3327 malignum
3161 3268 3236 3313 est
3283 3275 3440 3332 super
3464 3277 3645 3319 omnes

2034 3356 2212 3417 gentes
2239 3360 2368 3412 quas
2403 3344 2617 3400 abstulit
2649 3344 2905 3402 Dominus
2954 3366 2986 3402 a
3015 3350 3153 3419 [acie
3179 3348 3388 3408 Israel:
3415 3365 3463 3408 et
3492 3356 3642 3410 locu-

2034 3447 2117 3492 tus
2141 3446 2215 3491 est
2248 3435 2498 3491 Dominus
2520 3437 2574 3491 in
2596 3453 2752 3491 manu
2800 3456 3079 3510 puerorum
3103 3458 3317 3498 suorum
3355 3450 3641 3517 propheta-

2031 3548 2148 3587 rum
2175 3548 2290 3603 quo:
2301 3534 2422 3603 fecit
2449 3532 2722 3589 Manasses
2747 3551 2840 3590 rex
2860 3533 3006 3591 Juda
3029 3536 3330 3606 simulacra,
3354 3544 3641 3597 secundum

2035 3627 2209 3680 omnia
2228 3641 2342 3694 qua:
2364 3627 2487 3695 fecit
2513 3627 2848 3682 Anton/tarus
2873 3628 2963 3693 qui
2991 3638 3101 3684 erat
3130 3641 3251 3685 ante
3280 3634 3469 3703 faciem
3498 3638 3635 3707 ejus,

2032 3730 2082 3777 et
2106 3737 2321 3794 peccare
2352 3722 2471 3790 fecit
2498 3720 2645 3775 Iuda
2680 3722 2736 3775 in
2775 3722 2931 3777 idolis
2944 3724 3093 3779 suis:
3131 3736 3342 3796 prapter
3385 3728 3481 3782 hoc
3528 3730 3641 3784 lucc

2032 3816 2158 3870 dicit
2190 3815 2441 3869 Dominus
2466 3815 2603 3869 Deus
2626 3812 2837 3870 Israel:
2870 3814 3009 3871 Ecce
3038 3833 3129 3890 ego
3158 3819 3364 3874 adduco
3412 3824 3551 3876 mala
3579 3825 3636 3877 in

2036 3908 2363 3964 Hierusalem
2391 3920 2438 3964 et
2460 3911 2515 3963 in
2529 3909 2561 3963 .l
2570 3910 2710 3965 uda:
2733 3926 2909 3966 omnes
2929 3913 3019 3979 qui
3040 3912 3301 3969 audierint
3322 3917 3455 3982 haec,
3489 3920 3641 3972 tinnio

2030 4002 2155 4056 bunt
2206 3999 2235 4038 ιλ
2274 4018 2427 4056 aures
2458 4017 2636 4056 eorum
2672 4012 2931 4065 utrasque:
2958 4012 3006 4057 et
3036 4005 3308 4059 extendam
3342 4008 3396 4061 in
3443 4006 3637 4064 Hieru-

2030 4099 2192 4152 salem
2222 4112 2514 4151 mensuram
2542 4095 2798 4151 Samorite
2824 4105 2876 4151 et
2919 4097 3122 4165 pondus
3152 4098 3334 4154 domus
3360 4101 3559 4169 Achab,
3584 4112 3633 4156 ct

2032 4191 2232 4246 doleam
2286 4189 2303 4227 ί
2358 4189 2694 4246 Hierusalem
2736 4192 3173 4261 quemadmodum
3212 4195 3413 4250 deletur
3434 4197 3630 4253 buxum

2030 4286 2095 4341 de
2116 4294 2260 4356 poste
2278 4295 2396 4339 ante
2424 4285 2610 4354 faciem
2636 4287 2779 4356 ejus:
2805 4295 2852 4341 et
2883 4287 3016 4340 dabo
3045 4304 3131 4341 eos
3160 4287 3217 4341 in
3245 4304 3427 4344 manus
3458 4292 3635 4345 inimi-

2030 4394 2209 4432 corum
2232 4378 2417 4442 ipsius,
2448 4384 2496 4429 et
2520 4387 2668 4430 erunt
2693 4378 2748 4430 in
2774 4377 3115 4446 direptionem
3138 4387 3188 4433 et
3230 4380 3634 4439 combustionem

326 4473 500 4529 fusos.
534 4472 611 4527 Ne
642 4471 845 4527 dixeris
873 4489 886 4526 :
911 4468 1033 4524 Nisi
1062 4469 1186 4524 bene
1208 4486 1435 4539 agerem,
1468 4485 1751 4539 numquam
1781 4480 1922 4525 tanto
1950 4476 2005 4536 ])
2030 4470 2263 4526 omnibus
2290 4469 2510 4522 inimicis
2538 4484 2736 4533 eorum,
2768 4470 3017 4535 quoniam
3042 4472 3262 4539 projecti
3289 4481 3410 4525 sunt
3432 4472 3497 4528 de
3517 4485 3632 4545 post

329 4576 555 4635 tempore
581 4566 909 4633 imperarem,
960 4579 1239 4633 numquam
1287 4563 1459 4617 adhuc
1504 4565 1667 4618 uiuere
1710 4565 1925 4635 fuissem

330 4662 630 4733 permissus.
686 4658 917 4729 Quando
962 4666 1019 4714 et
1069 4668 1092 4695 θ
1153 4656 1456 4714 Manassem
1502 4673 1699 4715 cernas
1751 4658 1924 4716 lilium

404 4858 432 4885 λ
471 4846 603 4916 Qua:
633 4844 720 4901 hic
751 4851 1164 4915 consequuntur
1204 4856 1379 4916 usque
1401 4843 1469 4897 ad
1496 4857 1559 4916 ea
1589 4842 1762 4916 verba!
1785 4842 1932 4898 Dixit

328 4937 444 4985 rex,
483 4913 589 4974 etc.
621 4918 871 4972 videntur
901 4913 1088 4973 Sabat.
1120 4930 1267 4971 vers.
1302 4915 1370 4969 17
1402 4913 1804 4985 quodammodo
1846 4930 1935 4969 re-

331 4991 623 5062 spondere,
668 4999 724 5043 et
771 4990 821 5044 in
853 4989 1101 5062 ordinem
1161 4988 1320 5062 hujus
1350 5000 1471 5056 cap.
1522 4986 1927 5062 passereierri.

331 5058 445 5119 Sed
472 5061 639 5117 verba
671 5071 797 5115 sunt
854 5060 1113 5123 Luciferi,
1161 5060 1363 5129 quibus
1404 5074 1466 5113 ea
1520 5058 1926 5129 complectitur,

330 5150 504 5206 quaca
532 5149 583 5187 v.
621 5133 690 5188 l3
727 5132 792 5188 ad
826 5148 879 5186 v.
915 5132 979 5185 17
1035 5130 1104 5187 de
1131 5128 1356 5187 Michaea
1402 5129 1673 5200 propheta
1720 5128 1925 5185 ibidem

330 5207 604 5263 letttttttttr.

351 5222 671 5333 εθέηῖὲὲξὲίο
701 5290 800 5330 cur
823 5274 941 5330 haec
967 5288 995 5327 a
1019 5272 1201 5329 Sabat.
1231 5272 1458 5339 omissa,
1484 5288 1605 5343 qua:
1636 5273 1703 5329 ad
1734 5273 1924 5344 Antiq.

328 5348 489 5405 Vers.
541 5358 809 5415 Spectant,
866 5356 923 5402 et
954 5359 1146 5415 parum
1177 5360 1205 5398 a
1234 5345 1427 5415 Graeco
1474 5344 1732 5401 diﬂ‘erunt
1782 5345 1926 5411 apud

330 5412 594 5490 Septuag.
644 5415 877 5474 εἴποιμ..
911 5412 1097 5474 subisti:
1136 5418 1285 5474 αὐτὸν
1314 5412 1470 5489 ἄρτον
1493 5416 1799 5488 bilibrem...
1832 5418 1930 5479 ἕως

328 5500 426 5551 τοῦ
457 5491 767 5569 ἐπιστρέψῃ
793 5511 877 5569 με.
911 5503 1017 5545 etc.

411 5575 434 5603 ο
478 5564 636 5618 Furti:
668 5564 918 5616 uidelicet.

407 5632 435 5671 ά
475 5633 813 5706 Elephantia.
842 5633 1021 5706 Latin.

410 5716 433 5744 ο
477 5700 634 5775 Vide,
665 5721 791 5778 quae
821 5706 870 5760 in
904 5705 1049 5760 hunc
1094 5704 1273 5761 locum
1302 5702 1371 5761 de
1405 5701 1655 5761 Manasse
1702 5700 1932 5775 inquiri-

779 5800 1059 5861 Ρλτιιοι.
1108 5796 1284 5862 XIII.

2034 4580 2134 4629 me,
2156 4575 2204 4618 et
2225 4572 2372 4617 erant
2418 4563 2482 4617 de
2512 4572 2623 4631 post
2650 4578 2730 4616 me
2760 4560 2774 4611 i
2820 4603 2833 4626 ,
2876 4570 2926 4617 et
2953 4572 3099 4617 erant
3127 4566 3493 4622 exacerbantes
3528 4585 3635 4638 me,

2034 4674 2097 4713 ex
2120 4674 2220 4727 qua
2265 4656 2349 4713 die
2390 4657 2627 4712 exierunt
2680 4665 2849 4727 patres
2898 4672 3077 4712 eorum
3110 4658 3175 4714 de
3224 4668 3362 4715 terra
3409 4660 3640 4737 Egypti

2034 4856 2158 4897 mus
2184 4840 2237 4894 in
2271 4840 2428 4896 Praei.

2112 4912 2130 4950 ί
2172 4910 2407 4987 corrigit
2437 4910 3012 4987 Latin.g_uinquaginta
3054 4913 3299 4984 quinque,
3353 4924 3464 4971 tum
3517 4919 3634 4987 hic,

2034 4994 2147 5040 tum
2180 4984 2436 5049 inferius,
2456 4983 2531 5038 uti
2557 4985 2609 5036 in
2637 4983 2788 5053 Vulg.
2821 4991 2877 5037 et
2896 4986 3157 5054 Septuag.
3192 4983 3413 5042 Retinet
3441 4983 3629 5045 Sabat.

2035 5070 2324 5112 numerum
2369 5070 2634 5110 annorum
2675 5056 3051 5127 quinquaginta
3082 5066 3298 5126 septem;
3335 5060 3429 5113 sed
3482 5076 3636 5116 men-

2034 5128 2164 5183 dum
2197 5127 2491 5197 irrepsisse
2533 5127 2910 5200 suspicor-“vel
2940 5128 2992 5180 in
3020 5127 3223 5200 codi«.~._,
3253 5128 3336 5181 vel
3363 5130 3417 5183 in
3445 5132 3630 5200 editis,

2024 5214 2154 5265 cum
2190 5201 2333 5254 lmnc
2365 5213 2651 5255 numerum
2684 5198 2817 5252 nulli
2844 5199 3107 5254 hactenus
3128 5198 3429 5255 Bibliorum
3455 5198 3628 5260 Codd.

2034 5269 2352 5342 proferant.

2106 5351 2132 5390 ε
2173 5342 2443 5397 Audierint
2472 5350 2626 5399 antea
2674 5340 2959 5397 mendose.

2105 5410 2134 5450 ιι
2174 5414 2280 5469 Pro
2309 5417 2546 5483 tinnient,
2592 5415 2815 5468 sonitum
2856 5412 3076 5466 sentient
3101 5427 3254 5467 aures
3282 5428 3482 5469 eorum.
3522 5415 3632 5474 Til.

2030 5492 2088 5543 et
2117 5484 2190 5541 La
2222 5487 2420 5541 Cerda.

2113 5556 2129 5595 ί
2173 5555 2367 5613 Delebo
2397 5556 2527 5627 legit
2553 5555 2739 5611 Sabat.

2111 5629 2125 5681 i
2202 5624 2476 5706 Et‘erant'
2520 5627 2583 5681 de
2604 5636 2718 5700 post
2782 5641 2864 5706 me
2914 5624 3119 5682 omittit
3176 5626 3341 5697 idem,
3400 5629 3638 5706 legitque

2036 5701 2459 5758 deexacerbantes
2483 5714 2579 5771 pro
2605 5698 2987 5755 exacerbantes.

3115 5794 3195 5856 26
