4148 6186
478 198 579 257 8H

1558 174 1882 240 LUCIFERI
1923 146 2228 235 EDISCOPI
2268 146 2696 230 CALARITANI

3695 163 3802 221 8H

474 333 637 390 usque
661 318 717 371 lit
748 316 882 369 hunc
923 312 1081 365 diem.
1108 307 1178 361 Et
1209 314 1397 361 cratera
1438 302 1705 358 verborum
1742 300 2004 366 Manasse,
2039 308 2087 354 et
2115 315 2167 379 Α
2192 294 2449 367 quoniam
2480 290 2700 363 quidem
2735 303 2840 344 una
2871 294 3019 343 esset
3050 286 3155 343 illis
3186 296 3341 342 meus
3388 280 3801 390 derelinquendi

480 412 655 467 omnia
693 422 806 479 qua:
829 404 972 473 fecit,
1001 399 1438 471 quemadmodum
1469 410 1685 465 peccare
1727 394 1847 465 fecit
1892 390 2086 465 Israel,

484 518 654 559 nonne
680 501 789 554 hazc
811 496 1006 565 scripta
1033 500 1149 547 sunt
1175 492 1230 545 in
1282 489 1414 544 libro
1444 488 1713 542 verborum
1759 485 1959 539 dierum
2007 494 2090 537 re-

483 608 607 671 gum
638 592 805 659 Iuda,
836 600 882 645 et
908 585 1349 660 quemadmodum
1396 582 1703 653 sanguinem
1741 578 2093 633 innocentium

2193 392 2521 451 creatorem,
2547 383 2603 442 et
2625 384 2834 440 servire
2880 390 3169 446 creaturae,
3206 381 3276 434 ita
3309 384 3450 433 nunc
3475 376 3806 446 niltilexigat

2195 482 2442 538 diabolus
2473 496 2501 535 a
2533 487 2602 545 te,
2645 479 2743 534 nisi
2779 486 2838 532 ut
2865 490 3031 546 neges
3054 474 3271 528 unicum
3318 471 3515 525 Filium
3548 468 3677 524 Dei?
3702 468 3806 523 hoc

2197 584 2279 628 est
2334 572 2411 626 illi
2462 570 2901 639 acceptissimum
2949 562 3310 628 sacrillcium,
3344 573 3397 617 ut
3455 561 3530 616 sis
3576 558 3805 614 credens

485 652 867 763 vfe‘ﬂtmuttii'm
916 652 1090 749 ualde,
1123 688 1282 751 usque
1304 677 1427 730 dum
1475 652 1711 747 impleret
1764 670 2095 727 Hierusalem
2198 665 2471 739 quomodo
2502 675 2556 719 et
2585 663 2746 718 Arius
2786 658 3083 717 crediderit
3126 659 3302 763 plus
3349 664 3431 712 eSt
3477 654 3557 709 illi
3600 652 3808 758 nostris

484 759 640 853 super
694 797 748 834 os
797 788 824 816 ιι
872 818 886 842 ,
942 783 1091 829 extra
1121 774 1411 844 peccatum,
1456 782 1569 837 qua:
1615 764 1645 803 δ
1689 779 1901 835 peccare
1978 759 2097 831 fecit

484 876 662 939 Iuda,
718 882 776 927 ut
820 874 1030 941 faceret,
1080 865 1212 939 quod
1265 862 1550 934 malignum
1602 868 1674 913 est
1722 857 1776 910 in
1824 856 2100 925 conspectu

486 959 702 1022 Domini
734 962 867 1017 Dei?
893 960 961 1013 Et
988 957 1229 1013 dormivit
1273 946 1543 1009 Monuisse:
1564 966 1681 1005 cum
1710 946 1942 1019 patribus
1968 946 2097 1012 suis,

486 1067 535 1113 et
573 1054 803 1127 regnavit
832 1051 973 1120 ﬁlius
992 1050 1103 1119 ejus
1129 1061 1224 1117 pro
1247 1058 1328 1111 eo,
1362 1052 1479 1097 cum
1505 1050 1633 1096 esset
1646 1053 1901 1094 annorum
1925 1036 2104 1108 viginti

490 1152 596 1203 duo
636 1147 790 1200 Amos
837 1141 1000 1216 (Ibid.
1031 1139 1241 1209 nni).
1293 1134 1436 1203 Quid
1492 1134 1648 1199 dicis,
1679 1130 1989 1196 Constanti,
2038 1127 2105 1182 ad

491 1241 660 1296 haec?
731 1236 914 1292 Credo
974 1235 1087 1304 jam
1154 1231 1408 1285 desinere
1470 1236 1523 1282 te
1581 1227 1797 1282 dicere:
1875 1224 1936 1279 Si
2002 1238 2107 1277 non

496 1332 623 1387 bene
677 1344 924 1401 agerem,
980 1340 1083 1379 non
1132 1334 1293 1376 essent
1364 1330 1508 1374 tanto
1543 1330 1774 1387 tempore
1842 1316 2106 1389 regnans;

493 1421 713 1497 quando
744 1419 932 1475 videas
971 1427 1025 1472 te
1083 1427 1103 1455 ε
1160 1416 1396 1469 alterum
1422 1414 1587 1467 istum
1620 1412 1929 1467 ManaSSem
1982 1408 2110 1463 talia

496 1521 749 1585 agentem
797 1508 1193 1582 quinquaginta
1251 1513 1461 1575 septem
1496 1504 1666 1558 annis
1714 1506 1995 1571 regnasse;
2057 1508 2112 1555 et

493 1610 619 1679 quia
644 1606 882 1662 diximus
912 1614 966 1659 te
1003 1603 1235 1657 alterum
1280 1610 1405 1655 esse
1454 1598 1785 1660 Manassem,
1820 1598 2001 1651 omnia
2025 1597 2111 1666 ip-

2200 757 2542 829 temporibus
2570 756 2697 822 hoc,
2724 763 2783 808 ut
2812 755 2901 809 Dei
2934 767 3099 821 neges
3130 740 3344 813 Filium,
3377 752 3539 819 quam
3570 746 3614 801 si
3643 752 3808 801 temet

2203 852 2256 906 in
2285 849 2497 907 honore
2527 848 2768 904 omnium
2813 846 3119 901 daemonum
3162 840 3379 913 ignibus
3414 841 3651 896 volueris
3681 855 3810 894 cutt-

2203 942 2456 998 c‘remari.
2486 940 2642 994 Videt
2674 938 2816 993 eniin
2846 939 2912 993 ab
2944 936 3191 991 omnibus
3228 928 3497 995 idolorum
3541 933 3807 987 culturam

2207 1034 2520 1106 despectant
2550 1076 2563 1099 ,
2608 1031 2750 1103 quod
2827 1040 2965 1084 vana
3024 1023 3185 1084 fuerit
3240 1029 3506 1093 inventio;
3540 1041 3684 1079 nunc
3732 1026 3815 1080 est

2206 1129 2434 1196 cupiens
2455 1140 2547 1195 per
2575 1140 2670 1178 vos
2695 1128 2824 1179 suos
2857 1122 3085 1178 famulos
3116 1121 3401 1176 hznreticos
3426 1121 3683 1189 decipere
3715 1131 3815 1173 nos

2211 1219 2307 1274 Dei
2332 1233 2543 1274 SCI‘VUS.
2574 1216 2881 1285 Quomodo,
2915 1217 3117 1286 inquis,
3142 1214 3431 1284 decipere?
3462 1213 3731 1281 quomodo
3762 1222 3819 1267 ct

2211 1320 2266 1365 te
2319 1311 2426 1381 iam
2459 1309 2759 1379 deceperit,
2811 1308 2881 1363 ita
2923 1317 2979 1361 et
3023 1322 3121 1361 nos
3156 1305 3267 1359 vult
3310 1304 3517 1375 decipi:
3571 1318 3690 1359 eum
3743 1302 3818 1358 sis

2215 1402 2470 1465 Arianu‘s,
2500 1400 2566 1455 ad
2594 1401 2695 1455 hoc
2722 1408 2776 1455 te
2804 1398 3570 1469 tingisCltrlstianum,donec
3608 1412 3822 1453 veneno

2216 1493 2441 1549 hzercsis
2470 1502 2577 1557 tum
2611 1493 2791 1564 possis
2822 1504 3035 1547 vermes
3087 1499 3111 1537 6
3166 1490 3439 1557 sauciare,
3474 1504 3581 1560 quo
3610 1489 3823 1559 possint

2216 1588 2476 1657 deinceps
2507 1602 2615 1641 non
2642 1589 2766 1641 esse
2792 1584 3118 1650 Christiani,
3154 1584 3297 1654 quod
3340 1599 3438 1638 nos
3480 1599 3692 1647 sumus,
3726 1581 3823 1639 sed

494 1672 610 1759 sius
637 1713 691 1759 te
740 1702 947 1757 habere
990 1699 1271 1768 eonspice.
1326 1686 1426 1751 lue
1462 1682 1520 1749 in
1554 1694 1651 1749 Dei
1683 1696 1850 1749 domo
1884 1692 2111 1747 idololao
2148 1707 2195 1767 Β
2222 1683 2365 1752 quod
2400 1694 2494 1734 V08
2537 1681 2671 1736 estis
2727 1679 2940 1734 Ariani.
2972 1679 3100 1733 llaec
3155 1680 3240 1733 cst
3286 1679 3473 1749 angina
3516 1672 3825 1733 ofﬁciorum

496 1798 658 1852 trium
689 1791 994 1857 constituit,
1023 1790 1251 1845 totidem
1304 1791 1423 1854 ipse
1474 1786 1652 1841 fecisti
1702 1784 1759 1839 tn
1812 1783 2020 1853 templo
2067 1792 2124 1839 et

495 1890 704 1945 aedibus
742 1886 980 1949 Domini;
1012 1886 1108 1939 ille
1148 1874 1298 1937 idola
1344 1880 1475 1936 fecit
1536 1880 1778 1945 adorari,
1845 1877 2127 1947 uSuipavit

500 1984 606 2042 sibi
635 1982 780 2053 quod
815 1976 1031 2034 Domini
1060 1974 1367 2039 dicebatur,
1403 1966 1461 2028 ut
1495 1972 1760 2042 deinceps
1810 1969 1919 2026 dici
1952 1970 2124 2040 possit

502 2079 771 2133 idolorum
806 2073 1006 2136 cultor;
1035 2070 1218 2124 omnia
1248 2069 1364 2121 haec
1404 2066 1460 2121 et
1482 2074 1538 2121 tu
1575 2062 1775 2131 fecisti,
1805 2064 1931 2133 quia
1962 2062 2123 2117 Aria-

500 2185 625 2225 nam
658 2166 915 2222 haeresim
970 2159 1325 2217 introduxisti
1382 2160 1437 2212 in
1482 2158 1812 2223 ecclesiam,
1864 2164 1917 2209 et
1972 2155 2064 2225 qui
2095 2150 2120 2188 ά

499 2260 902 2332 blasphemiam
975 2266 1125 2311 tuam
1206 2262 1480 2322 tamquam
1547 2250 1706 2306 ﬁdem
1793 2249 2120 2303 catholicam

499 2353 743 2411 statuisti
776 2346 1209 2419 suscipiendam,
1230 2345 1378 2399 illam
1407 2348 1540 2398 vero
1580 2342 1721 2411 apud
1754 2332 1956 2395 Niciam
1990 2340 2125 2396 scri-

511 2452 683 2519 ptam,
735 2456 895 2515 quam
974 2454 1075 2494 nos
1098 2439 1304 2493 scimus
1333 2435 1690 2505 apostolicam
1724 2433 2125 2501 evangelicum-

498 2531 1041 2611 que,‘despuendam
1090 2528 1393 2590 mandaris:
1442 2537 1500 2580 ut
1530 2535 1589 2580 tu
1640 2536 1785 2579 nunc
1843 2525 1959 2577 hinc
2003 2523 2123 2579 ﬁeri

501 2628 834 2700 cuneupisti,
870 2627 945 2681 ita
974 2633 1030 2679 et
1061 2622 1339 2677 Manasses
1375 2616 1632 2673 omnibus
1678 2616 1843 2671 idolis
1884 2616 2120 2670 servien

505 2726 633 2782 dum
665 2737 791 2778 esse
821 2717 1125 2782 mandavit,
1174 2713 1547 2770 recedendum
1586 2722 1719 2765 vero
1759 2724 1786 2763 a
1822 2710 1955 2763 Deo.
2006 2708 2124 2762 Non

512 2831 643 2888 ergo
670 2816 776 2871 erit
829 2810 1137 2867 mirandum
1168 2808 1214 2862 si
1248 2806 1346 2860 tibi
1400 2803 1689 2858 vindicasti
1720 2800 1868 2856 mdes
1890 2842 1903 2866 ,
1937 2810 2073 2870 quas
2100 2808 2122 2836 ε

517 2911 790 2980 colligere
838 2919 1028 2961 sumus
1070 2902 1217 2958 soliti
1255 2901 1354 2956 Dei
1404 2900 1699 2970 populum,
1732 2904 1865 2951 ct-t‘e
1890 2895 2125 2951 idolola-

512 3014 656 3061 tram
690 3001 877 3057 dixisti
904 3012 1029 3054 esse
1064 2995 1424 3059 catholicum,
1452 2992 1670 3063 quando
1700 2991 1885 3045 videas
1937 2998 1991 3043 et
2018 2987 2127 3041 Ma-

2228 1784 2447 1830 tuorum
2476 1790 2597 1846 quae
2630 1786 2727 1845 per
2748 1783 2799 1829 te
2841 1773 3132 1829 exhibetur
3158 1772 3464 1827 daemoniis.
3495 1773 3595 1839 Qui
3623 1774 3827 1828 ctenim

2198 1870 2330 1923 vnisi
2361 1867 2612 1922 diabolus
2664 1874 2721 1921 et
2759 1865 2877 1936 ejus
2907 1865 3003 1919 lilii
3048 1864 3233 1919 dicere
3285 1872 3514 1936 possunt
3568 1865 3636 1918 de
3669 1864 3831 1919 unico

2228 1960 2322 2015 Dei
2347 1958 2506 2025 Filio;
2543 1958 2717 2012 Filius
2748 1968 2842 2022 est,
2869 1968 2916 2012 et
2946 1974 3048 2012 non
3079 1968 3316 2011 estvcrus
3352 1950 3543 2024 Filius;
3576 1954 3710 2010 Deus
3732 1966 3831 2020 est,

2229 2064 2275 2107 ct
2298 2064 2494 2107 nonest
2519 2062 2667 2108 verus
2693 2052 2831 2106 Deus
2856 2053 2879 2105 ?
2911 2051 3054 2121 Ergo
3078 2062 3131 2105 ttt
3162 2066 3285 2107 cum
3314 2050 3475 2117 dicis,
3511 2050 3834 2104 Christianus

2227 2162 2364 2214 sum,
2406 2147 2495 2201 sed
2518 2162 2622 2201 non
2675 2147 2831 2201 credo
2886 2145 3054 2199 Deum
3083 2154 3257 2199 verum
3290 2144 3476 2198 habere
3503 2141 3836 2210 Filium,non

2228 2242 2381 2295 credo
2411 2252 2568 2294 unam
2597 2241 2876 2312 potentiam
2904 2239 3081 2293 Patris
3112 2242 3156 2292 et
3184 2237 3313 2292 Filii
3342 2254 3356 2302 ;
3383 2242 3506 2293 cum
3559 2236 3695 2291 dicis
3746 2235 3837 2290 Fi-

2224 2328 2358 2389 lium
2392 2336 2723 2401 creaturam,
2760 2336 2957 2389 factum
2990 2333 3140 2388 illum
3186 2338 3255 2385 es
3311 2331 3505 2396 nihilo;
3538 2336 3658 2385 cum
3699 2330 3839 2384 dieis

2226 2428 2421 2493 fuisse,
2459 2427 2675 2497 quindo
2705 2442 2813 2482 non
2858 2427 3042 2494 fuerit,
3090 2426 3282 2481 melius
3329 2435 3387 2482 tu
3416 2425 3688 2482 sacrificas
3716 2426 3839 2481 dia-

2226 2522 2381 2587 bolo,
2417 2532 2576 2591 quam
2608 2532 2754 2588 tunc
2798 2522 3077 2576 Manasses
3125 2521 3345 2592 quando
3378 2519 3526 2576 ﬁlios
3579 2532 3703 2575 suos
3747 2528 3842 2575 aut

2229 2630 2328 2685 per
2354 2628 2533 2685 ignem
2562 2616 2814 2670 omnibus
2840 2615 3199 2670 consecrabat
3248 2615 3559 2681 daemoniis,
3592 2618 3683 2669 aut
3712 2624 3838 2669 cum

2228 2704 2635 2763 concremabat.
2688 2704 2857 2763 Doleo
2889 2708 3008 2773 tibi,
3042 2708 3362 2777 imperator,
3396 2723 3518 2763 cum
3553 2716 3715 2762 tanta:
3761 2706 3841 2761 sis

2230 2799 2581 2869 insipi'entic,
2614 2806 2817 2855 etcum
2850 2802 2923 2854 sis
2955 2808 3102 2855 tanta
3139 2800 3345 2855 faciens
3399 2801 3560 2867 mala,
3597 2799 3838 2872 digneris

2232 2906 2411 2949 tamen
2446 2894 2669 2949 dicere:
2729 2886 2789 2949 Si
2820 2910 2922 2948 non
2947 2894 3071 2948 bene
3122 2897 3369 2964 facerem,
3428 2908 3530 2947 non
3576 2892 3745 2946 adhuc
3785 2893 3840 2944 in

2230 2996 2390 3059 regno
2414 2998 2597 3054 essent;
2623 2991 2738 3060 jam
2766 2992 2845 3041 me
2875 2989 3010 3041 Heus
3033 2988 3385 3041 exstinxisset.
3418 2976 3538 3040 Non
3566 2987 3844 3054 conspicis

513 3087 1373 3157 nassemlecisSeistud,quodtu
1389 3084 1867 3147 nuneleceris;si‘c
1890 3082 2128 3153 denique
2159 3104 2204 3167 ρ
2232 3081 2398 3134 istum
2442 3075 2748 3133 Manassem
2798 3081 2848 3134 in
2880 3080 3173 3150 saeriiegio
3224 3076 3279 3134 et
3314 3076 3698 3134 incredulitate
3742 3078 3842 3132 tibi

513 3192 678 3249 etttbi
697 3196 886 3259 parcet
903 3184 1164 3240 Dominus
1178 3181 1317 3234 viam
1335 3177 1546 3234 tenenti
1564 3177 1837 3237 Manass‘e,
1857 3175 2130 3244 quomodo

513 3284 595 3339 illi
618 3279 958 3353 pepercerit,
990 3284 1045 3330 et
1070 3286 1362 3343 quousque
1392 3266 1728 3338 pepercerit,
1766 3275 1825 3320 ut
1864 3266 2129 3335 scriptum

517 3381 591 3435 sit
635 3376 906 3433 dormisse
935 3371 1092 3427 illum
1134 3383 1257 3423 cum
1290 3365 1538 3436 patribus
1586 3362 1721 3427 suis,
1770 3371 1827 3416 et
1860 3361 2130 3431 sepultum

517 3476 572 3528 in
621 3466 984 3527 Hierusalem,
1046 3471 1102 3516 et
1151 3458 1466 3528 suscepisse
1528 3456 1649 3509 loco
1700 3450 1845 3507 illius
1908 3464 2132 3520 regnum

524 3568 696 3623 tilium
727 3563 867 3632 ejus.
925 3554 1195 3625 Numquid
1239 3552 1380 3623 regis
1404 3552 1457 3605 in
1492 3550 1638 3605 bello
1676 3546 1827 3602 illum
1856 3545 2136 3601 interiisse

528 3668 589 3714 ut
641 3657 819 3726 aliqua
852 3652 869 3690 ί
903 3648 1216 3705 valetudine
1244 3644 1691 3717 praegravatum?
1726 3643 1985 3704 minime;
2041 3639 2134 3694 sed

531 3750 665 3824 quid
715 3748 912 3811 sentis,
960 3741 1145 3810 credo,
1188 3755 1295 3810 pro
1342 3740 1441 3819 tua
1488 3738 1581 3791 illa
1638 3735 1947 3806 prudentia,
2003 3734 2140 3788 dicis

532 3850 751 3917 impune
779 3839 958 3898 omnia
986 3838 1063 3891 illi
1092 3836 1331 3890 cessisse
1360 3826 1609 3886 Manasse
1631 3830 1770 3898 regi.
1797 3827 1947 3883 Talis
1972 3839 2034 3880 es
2056 3834 2138 3890 tu,

529 3952 588 3996 ut
612 3941 684 3995 ita
731 3938 939 3993 sentias
964 3932 1036 3987 de
1063 3930 1329 3991 Manasse;
1354 3924 1500 3995 quod
1532 3922 1676 3977 enim
1708 3923 1832 3991 quia
1874 3922 2143 3990 quinqua-

532 4038 677 4108 ginta
706 4030 919 4101 septem
953 4026 1109 4080 annis
1142 4034 1379 4092 regnans
1408 4018 1524 4071 ﬁlio
1546 4014 1781 4107 tradidit
1820 4028 2067 4083 regnum,
2090 4010 2147 4066 et

533 4106 651 4200 ipse
674 4128 727 4180 in
760 4136 893 4193 pace
918 4116 1207 4180 defecerit,
1252 4111 1532 4182 potuerint
1554 4106 1795 4176 impune
1828 4106 1881 4159 ei
1906 4106 2145 4159 cessisse

536 4196 685 4277 tanta
734 4213 992 4270 admissa.
1024 4208 1145 4263 Noli
1174 4205 1275 4261 tibi
1323 4206 1444 4273 ipse
1478 4202 1723 4255 misereri
1766 4196 1832 4252 iit
1872 4206 2037 4252 temet
2080 4198 2145 4251 ad

537 4315 711 4372 Deum
744 4315 945 4370 vertas,
972 4301 1087 4357 noli
1131 4299 1413 4369 corrigere
1442 4293 1685 4349 nefarios
1729 4300 1882 4347 actus
1918 4300 2065 4357 tuos,
2096 4300 2150 4346 et

544 4406 792 4466 invenies
820 4404 879 4455 te
906 4396 1151 4466 torqueri
1185 4404 1307 4448 cum
1357 4389 1624 4452 Manasse,
1659 4398 1820 4456 quem
1849 4384 2148 4438 Manassem

2234 3175 2691 3244 comparandum,
2723 3175 2867 3243 Quod
2894 3172 3281 3243 quinquaginta
3313 3178 3521 3242 septem
3571 3172 3748 3232 anuis,
3779 3181 3838 3225 ut

2236 3282 2383 3335 saepe
2415 3266 2550 3333 dixi,
2590 3274 2820 3338 r‘c‘gnum
2864 3268 3109 3322 tenuerit
3136 3268 3193 3321 in
3242 3264 3474 3323 Judzca‘?
3516 3265 3604 3321 hic
3652 3266 3845 3336 bti'que

2238 3363 2329 3431 qui
2366 3361 2558 3415 fecerit
2589 3361 2909 3429 delinquere
2935 3360 2960 3396 ¹¹
2993 3361 3252 3431 populum
3280 3360 3513 3425 Domini,
3543 3370 3595 3415 et
3633 3361 3847 3415 servire

2241 3453 2422 3516 idolis;
2442 3453 2539 3506 hic
2566 3454 2749 3523 utique
2777 3454 2865 3523 qui
2890 3455 2941 3505 in
2974 3453 3178 3522 templo
3207 3453 3423 3507 Domini
3452 3452 3505 3509 et
3555 3453 3604 3507 in
3637 3453 3849 3507 adibus

2244 3547 2341 3602 Dei
2368 3547 2660 3601 Simulacra
2693 3547 3066 3615 collocave'ril,
3094 3548 3186 3616 qui
3212 3547 3431 3601 domum
3479 3546 3596 3611 Dei,
3628 3549 3716 3617 qui
3763 3562 3853 3601 sa-

2243 3643 2475 3698 crarium
2500 3642 2620 3712 ejus
2640 3641 2960 3711 tnajes'tati's,
2994 3640 3263 3697 idolorum
3307 3642 3497 3697 fecerit
3523 3642 3851 3696 sacrarium.

2243 3735 2333 3791 Sic
2363 3743 2419 3788 et
2444 3743 2495 3791 te
2530 3735 2731 3803 patitur
2778 3734 2941 3802 Deus,
2970 3736 3048 3789 sic
3077 3734 3309 3790 s‘us'tinet
3341 3732 3519 3804 quo'a’d
3540 3734 3719 3805 usque
3777 3735 3854 3789 fa-

2246 3825 2452 3879 miliam
2488 3825 2679 3895 probet
2706 3834 2880 3892 suam,
2926 3832 2979 3881 et
3007 3826 3200 3897 dignes
3237 3826 3487 3893 C‘Orone‘t,
3516 3836 3570 3881 et
3604 3826 3855 3896 indignos

2249 3930 2427 3975 tecum
2456 3920 2559 3973 nisi
2591 3922 2641 3975 te
2669 3920 2982 3976 correxeris
3012 3922 3078 3974 ad
3107 3918 3365 3976 tcte'rttat’n
3400 3918 3588 3991 puum
3612 3924 3853 3990 pmnam.

2247 4014 2519 4068 Cancrum
2548 4014 2711 4068 crede
2733 4013 2877 4084 quod
2910 4012 3082 4085 possit
3128 4015 3205 4069 sic
3235 4008 3774 4071 e‘t't't‘tuc'lilanaSsem
3806 4023 3858 4069 ct

2252 4120 2397 4161 nunc
2449 4107 2585 4161 tein
2650 4116 2762 4162 uno
2828 4109 3011 4163 atomo
3063 4109 3075 4146 ί
3137 4104 3486 4180 esst'i'tthere
3530 4110 3856 4166 oculorum:

2250 4200 2348 4255 sed
2378 4202 2573 4270 parcit,
2606 4212 2711 4255 neu
2742 4202 2867 4271 quia
2893 4205 2999 4256 no'n
3045 4202 3237 4273 possit,
3263 4203 3357 4257 scd
3381 4203 3506 4274 quia
3538 4194 3757 4274 dignum
3793 4203 3865 4256 sit

2252 4304 2307 4348 et
2338 4293 2455 4363 ejus
2480 4294 2729 4349 coronari
2772 4294 3013 4350 cultores
3066 4304 3255 4351 contra
3287 4307 3520 4352 vesnum
3574 4302 3863 4351 manentes

2255 4387 2639 4442 crudelitatem
2674 4387 3004 4451 immobiles,
3038 4398 3093 4442 et
3135 4396 3234 4443 ves
3273 4389 3524 4444 inimicos
3580 4388 3697 4457 ejus
3747 4388 3865 4443 cle-

541 4503 596 4559 iu
623 4495 917 4556 eo’videris
943 4501 999 4545 tu
1047 4485 1401 4559 praveedere;
1444 4480 1589 4551 quod
1617 4480 1762 4534 enim
1806 4477 1901 4532 ille
1942 4484 2149 4530 tamam
2182 4498 2233 4561 ι)
2260 4481 2500 4545 mentito,
2536 4480 2599 4533 'sl
2646 4480 2791 4534 tales
2848 4487 2906 4534 ιη
2954 4480 3088 4535 estis
3127 4474 3327 4537 durare
3385 4483 3733 4545 censueriti.,
3796 4480 3865 4536 ad

542 4597 685 4651 intra
707 4588 975 4645 terminos
990 4580 1333 4637 Hierusalem
1354 4572 1676 4644 sanguinem
1706 4571 1977 4640 justorum
2004 4569 2157 4623 fude-

545 4689 637 4751 rit,
661 4697 715 4739 tu
744 4690 926 4738 autem
958 4680 1075 4731 toto
1104 4672 1288 4727 ludisti
1323 4684 1385 4722 ac
1413 4665 1593 4721 lundis
1612 4666 1664 4719 in
1682 4678 1862 4733 regno
1885 4662 2154 4718 Romano.

549 4779 679 4844 Sed,
716 4776 913 4844 inquis,
943 4771 1038 4824 ille
1080 4767 1221 4820 ﬁlios
1250 4777 1379 4818 suos
1424 4769 1553 4813 ante
1583 4758 1877 4813 simulacra
1926 4757 2155 4811 deorum

548 4885 772 4931 suorum
828 4858 1199 4920 concremavit
1257 4856 1339 4909 vel
1400 4850 1786 4906 consecravit:
1841 4856 1896 4903 et
1964 4850 2062 4904 tibi
2115 4850 2162 4903 si

549 4966 800 5025 fuissent,
847 4956 1074 5013 fecisses
1105 4952 1221 5004 sine
1258 4944 1673 5002 dttbio'eosde’m
1728 4941 1985 4997 Ariattattt
2045 4946 2164 4996 Sus-

547 5060 729 5130 cipere
776 5041 1196 5119 blasphemiam.
1251 5042 1333 5094 an
1382 5037 1623 5109 ignoras,
1674 5036 1798 5106 quia
1847 5036 1989 5090 sicut
2029 5042 2157 5091 tunc

547 5153 834 5228 placebant
856 5141 1081 5201 diabolo
1124 5138 1176 5193 bi
1218 5130 1315 5205 qui
1366 5133 1510 5187 illius
1544 5145 1688 5187 suos
1732 5130 2148 5195 co’mbmébant,

622 5301 646 5329 ε·
693 5288 763 5342 0s
786 5301 939 5354 super
963 5299 1037 5336 os.
1064 5279 1244 5336 Latin.
1268 5282 1531 5354 _et_recte.

618 5363 647 5401 b
691 5340 965 5425 Quod'pro
995 5368 1129 5421 qum,
1167 5360 1224 5405 et
1268 5345 1406 5402 infra
1445 5343 1627 5413 viginti
1672 5340 1803 5394 duos
1824 5350 1931 5409 pro
1976 5341 2152 5413 uiginti

553 5426 1080 5499 άιιοὶηυθιὸαὺῖῖιι,
1321 5490 1331 5499 .
1395 5466 1445 5499 .'..

626 5486 647 5545 ἆ
690 5502 747 5557 ld
778 5509 881 5563 est,
912 5498 998 5565 qui
1029 5495 1159 5547 alter
1186 5502 1257 5543 est
1288 5486 1474 5543 similis
1502 5487 1612 5540 tibi.

622 5574 648 5611 ιι
691 5571 849 5636 Quia.
882 5568 1057 5622 Latin.
1084 5574 1140 5617 et
1170 5569 1337 5636 recte.

621 5633 782 5695 ον’το
839 5637 981 5705 apud
1028 5650 1177 5704 quae,
1230 5633 1317 5687 vel

544 5710 724 5766 Latin.

1365 5632 1419 5684 in
1467 5628 1673 5698 quibus.
1725 5608 1829 5682 ΤΗ.
1885 5626 1947 5681 ln
2000 5634 2148 5697 quas.

2260 4586 2477 4642 poenam
2529 4572 2755 4628 damnet
2794 4575 3219 4647 sempiternam.
3254 4576 3331 4629 Tu
3371 4586 3427 4630 ut
3458 4576 3644 4631 dicas:
3680 4575 3741 4629 Si
3765 4588 3867 4629 nan

2261 4668 2387 4720 bene
2416 4674 2942 4737 agerem,'tmmquam
2981 4668 3153 4721 adhuc
3181 4670 3509 4740 imperarent,
3547 4668 3755 4722 faciunt
3790 4664 3868 4721 illi

2262 4761 2353 4831 qui
2380 4770 2431 4815 te
2457 4769 2730 4815 errantem
2781 4775 2886 4814 non
2913 4762 3091 4815 solum
3122 4762 3321 4831 corrigi
3357 4761 3568 4826 nolunt,
3600 4760 3695 4815 scd
3725 4770 3788 4813 ut
3817 4770 3873 4814 et

2258 4854 2460 4921 pereas
2507 4853 2811 4921 impellunt.
2860 4852 2976 4908 Non
3009 4854 3227 4921 mirum;
3260 4855 3525 4925 scriptum
3582 4863 3665 4909 est
3694 4855 3866 4923 enim,

2268 4956 2321 5000 et
2353 4954 2403 5001 te
2425 4957 2477 4999 et
2507 4945 2627 5000 illos
2653 4942 2792 5001 tales
2816 4945 3061 5002 futuros:
3090 4945 3360 5001 Laudatur
3387 4958 3625 5018 peccator
3653 4948 3705 5001 in
3734 4948 3875 5001 ἀρδί-

2268 5041 2426 5096 deriis
2472 5043 2659 5096 anima:
2714 5057 2841 5107 sine,
2870 5052 2915 5094 et
2956 5043 3045 5112 qui
3094 5043 3275 5113 iniqua
3320 5046 3453 5114 gerit
3503 5044 3875 5097 bett'rdicctttr:

2260 5134 2866 5189 exacerbavi'tbon‘timtm
2884 5140 3141 5203 peccator
3162 5135 3447 5189 secundum
3488 5135 3873 5189 multitudinem

2344 5271 2361 5309 ί
2396 5271 2507 5326 γει
2535 5273 2729 5341 aliqua.
2755 5273 2861 5327 'l'il.

2339 5353 2363 5390 ε
2399 5341 2934 5421 Sensuso’bscurus;
2981 5348 3211 5401 torrem
3261 5348 3428 5421 possis
3479 5352 3641 5417 usque
3681 5356 3872 5421 tenues

2262 5416 2524 5481 sauciare;
2552 5416 2661 5481 vel,
2712 5426 2766 5469 tn
2782 5432 3133 5487 vermea,pro
3177 5416 3362 5472 r‘er’mis
3408 5416 3647 5473 sauciare
3699 5419 3876 5473 Cirris-

2266 5489 2457 5551 tianos,
2482 5498 2536 5540 ut
2569 5504 2669 5541 non
2695 5489 2891 5557 possint
2917 5506 3023 5543 esse
3048 5490 3153 5543 veri
3177 5489 3479 5545 Christiani.

2337 5558 2363 5633 1f
2402 5557 2776 5633 Qerclinquere
2805 5561 3050 5629 papulum
3079 5559 3266 5615 Deum.
3301 5560 3479 5631 Vjat'ic.
3566 5620 3569 5633 η

2344 5628 2359 5665 ί
2401 5630 2459 5685 ld
2484 5640 2589 5696 est,
2614 5626 2667 5683 in
2691 5626 2959 5686 ictu’oc'uli
2988 5626 3459 5704 exstinguem'Tii.
3484 5626 3647 5692 cura
3677 5626 3871 5690 Cerdo.
