4148 6186
371 160 476 217 815

1456 142 1775 203 LUCIFERI
1818 137 2129 198 EPISCOPI
2167 134 2591 195 CALARITANI

3569 129 3672 187 816

366 287 522 343 quam
544 266 863 332 abortavita,
885 279 1087 337 semper
1108 262 1223 316 tulit
1247 266 1471 314 ventrem
1492 275 1683 324 suum;
1707 255 1982 327 ipsibvero
2009 267 2063 325 Α
2088 255 2221 309 viam
2241 254 2488 328 justititz.
2519 249 2875 305 Maledicatur
2925 262 3047 318 pars
3077 246 3289 302 illorunt
3314 241 3525 300 interris
3550 243 3681 312 Qua:

366 374 667 439 permanent
689 375 950 427 tamquam
974 374 1089 413 ores
1110 357 1163 409 in
1186 365 1457 427 perpetuo,
1482 364 1527 409 et
1549 355 1646 423 ﬁlii
1665 369 1863 415 eorum,
1887 368 1973 405 ac-

367 468 515 528 cepto
537 472 730 528 organo
755 464 801 518 ο,
824 453 1010 507 ludunt
1027 466 1143 503 cum
1165 448 1556 511 delectamento,
1581 456 1633 499 ut
1651 450 1803 499 vitam
1823 445 1975 517 dege-

362 562 478 605 rent
513 551 568 602 in
610 546 777 611 bonis,
813 559 933 597 cum
979 542 1118 596 dicat
1167 538 1461 604 Dominus;
1516 539 1758 594 Recedite
1796 554 1827 590 a
1867 552 1967 605 me,

362 644 551 711 iniqui,
577 642 686 695 vias
709 639 919 693 illorum
942 636 1064 691 nolo
1087 652 1238 691 nosse
1253 652 1272 689 :
1292 635 1537 702 quoniam
1560 634 1768 688 lucerna
1787 631 1972 702 impio-

362 753 481 791 rum
502 735 879 805 exstinguetur,
904 741 951 785 et
972 731 1160 802 gemitu
1184 728 1429 783 dolebant
1456 728 1509 781 in
1533 728 1635 779 vita
1662 743 1756 779 sua
1781 741 1799 779 :
1821 732 1973 779 erunt

362 837 624 895 tamquam
648 827 799 896 palea
818 840 934 893 qua:
958 840 990 876 a
1010 832 1157 877 vento
1183 822 1409 891 rapitur,
1441 829 1530 873 aut
1557 830 1819 888 tamquam
1846 816 1969 883 pul-

362 925 458 988 vis,
501 921 587 988 qui
634 937 666 973 a
707 928 1006 990 tempestate
1045 917 1296 981 volvitur;
1340 916 1547 968 videant
1576 910 1602 949 ἀ
1630 923 1805 965 autent
1835 909 1971 964 oculi

360 1019 804 1074 illorummortem
831 1012 957 1082 (Job
972 1029 1085 1077 XXI,
1102 1011 1183 1079 6).
1203 1008 1339 1064 Cum
1360 1007 1657 1063 hmcsciam
1677 1006 1967 1060 Dominum

358 1112 431 1169 de
461 1112 573 1166 illis
604 1111 835 1173 dixisse,
871 1106 1068 1163 Scitote
1092 1115 1115 1141 θ
1139 1106 1261 1173 quia
1286 1119 1431 1157 nemo
1458 1112 1682 1156 vestrum
1704 1109 1868 1171 potest
1888 1114 1970 1151 me

360 1219 687 1275 comitescere
704 1212 760 1255 ut
778 1210 996 1264 taceam,
1011 1214 1109 1254 cur
1121 1197 1237 1253 haec
1258 1196 1685 1267 gloriosissimus
1697 1193 1828 1248 dicit
1842 1191 1969 1247 Job?

362 1298 469 1352 nisi
491 1295 613 1366 quia
639 1296 977 1363 sciretquam
1002 1290 1270 1361 plurimos
1300 1288 1516 1357 quidem
1537 1286 1678 1340 male
1706 1299 1888 1355 agere,
1914 1290 1971 1338 et

356 1397 544 1444 tamen
566 1387 731 1443 certis
748 1384 767 1423 τ
786 1402 891 1441 non
908 1383 1088 1439 statim
1104 1382 1281 1448 reddi,
1302 1381 1395 1435 sed
1420 1380 1734 1435 servarieos
1753 1379 1818 1433 ad
1841 1378 1963 1443 hoc,

356 1490 598 1535 utautse
612 1478 995 1547 corrigantaut
1015 1484 1165 1531 certe
1192 1486 1309 1543 post
1334 1474 1543 1527 obitum
1568 1473 1807 1527 sentiant
1827 1470 1968 1525 dolio

356 1581 573 1628 ctorum
600 1586 827 1626 suorum
850 1585 1063 1640 pennas,
1088 1569 1329 1624 sentiant
1350 1566 1475 1638 quid
1500 1566 1662 1620 fuerit
1682 1581 1789 1619 non
1818 1579 1968 1634 qua:-

2087 348 2265 420 (Ibid.
2300 346 2399 418 18)
2430 346 2446 396 i
2482 357 2555 400 est
2582 343 2715 399 enim
2741 359 2855 413 spes
2881 342 3053 413 impiis
3084 339 3504 402 Irominibus,aut
3530 354 3680 406 quem

2077 443 2277 497 aditum
2318 449 2530 513 possunt
2572 438 2759 493 habere
2804 436 2946 507 apud
2976 432 3291 489 Domuum?
3350 431 3457 489 Sed
3500 430 3675 502 (Ibid.

2076 534 2363 605 xxvu,8).
2410 547 2456 587 et
2500 529 2524 567 ¹ί
2584 532 2628 585 si
2684 528 2702 566 ι
2755 528 3247 593 corroboraverint,
3299 524 3367 578 ad
3430 522 3681 593 egentium

2077 629 2298 690 venient,
2323 636 2370 680 et
2392 625 2480 695 qui
2502 622 2842 678 remanserint
2866 638 2932 676 ea:
2953 620 3082 686 illis,
3112 618 3251 672 mala
3276 626 3439 671 morte
3458 614 3679 668 morien-

2075 730 2180 784 tur,
2201 730 2249 773 et
2269 718 2435 772 viduis
2454 716 2667 771 illorum
2691 730 2837 768 nemo
2861 711 3202 773 miserebitur,
3226 719 3274 764 et
3294 709 3338 763 si
3358 708 3679 769 collea'erint,

2073 830 2259 868 aurum
2288 826 2377 866 aut
2405 822 2675 882 argentum
2708 820 2969 877 tamquam
3002 807 3188 872 lutum,
3220 804 3331 859 haec
3355 803 3529 858 omnia
3547 802 3682 875 justi

2072 909 2403 981 possidebunt
2419 905 2523 979 (Ib.
2547 905 2661 977 14).
2679 904 2758 960 Ne
2778 906 2958 975 itaque
2974 903 3085 973 jam
3104 900 3348 972 digneris
3362 898 3565 967 injuste
3585 895 3679 951 tibi

2074 1000 2333 1065 blandiri,
2350 1000 2672 1069 imperator.
2695 999 2818 1067 quia
2839 1011 2961 1052 cum
2982 994 3057 1050 sis
3076 994 3216 1060 talis,
3239 991 3456 1063 qualem
3473 1005 3682 1045 asseve-

2073 1096 2338 1162 ravimus,
2371 1103 2429 1150 et
2458 1094 2765 1158 arbitreris,
2805 1100 2857 1146 te
2898 1089 3223 1145 homicidam
3261 1101 3326 1142 ac
3357 1086 3678 1155 sacrilegum

2073 1196 2363 1258 propterea
2390 1184 2700 1240 diutissime
2725 1183 2928 1253 degere
2959 1184 3013 1236 in
3044 1180 3145 1234 hac
3173 1180 3284 1233 vita
3311 1218 3326 1243 ,
3357 1177 3502 1248 quod
3535 1177 3676 1231 enim

2074 1290 2164 1336 tua
2211 1296 2382 1352 opera
2428 1282 2537 1333 sint
2579 1278 2691 1333 Deo
2718 1286 2944 1345 accepta
2978 1293 2991 1329 :
3026 1273 3159 1329 talia
3195 1282 3319 1328 sunt
3357 1286 3525 1342 opera
3563 1280 3677 1337 tua,

2071 1376 2253 1446 qualia
2274 1385 2330 1430 et
2352 1356 2595 1438 illorum,
2620 1370 2674 1426 in
2697 1386 2836 1442 quos
2858 1370 3133 1425 invehitur
3149 1381 3245 1422 ore
3265 1366 3421 1421 Isaize
3444 1363 3679 1433 Spiritus

2071 1480 2294 1529 sanctus
2321 1471 2515 1526 dicens
2542 1485 2557 1521 :
2588 1466 2680 1523 Sic
2700 1467 2827 1521 dicit
2854 1464 3107 1519 Dominus
3127 1462 3217 1533 qui
3240 1461 3475 1516 liberavit
3496 1470 3543 1513 te
3562 1476 3680 1513 san-

2071 1578 2183 1621 ctus
2212 1564 2381 1620 Israel
2410 1580 2429 1618 :
2460 1562 2568 1634 Ego
2595 1577 2711 1617 sum
2752 1558 2914 1623 Deus,
2947 1558 3148 1613 ostendi
3188 1555 3279 1610 tibi
3316 1555 3455 1608 viam
3492 1554 3547 1608 in
3580 1569 3680 1623 qua

353 1666 550 1722 sivisse
580 1665 896 1729 Dominum,
924 1677 1032 1717 non
1057 1661 1106 1716 ei
1127 1661 1385 1725 servisse,
1410 1658 1538 1713 dum
1562 1657 1793 1712 facultas
1820 1664 1961 1722 erat,
1996 1670 2045 1730 B
2070 1660 2334 1723 ambules;
2367 1668 2413 1713 et
2438 1659 2482 1711 si
2514 1657 2748 1711 audisses
2770 1654 3017 1709 mandata
3043 1668 3177 1716 mea,
3201 1654 3343 1721 facta
3370 1650 3554 1720 fuisset
3583 1648 3681 1718 ﬂu-

351 1755 634 1812 cretlendo
662 1756 717 1810 in
746 1771 871 1810 eum
904 1755 1080 1808 solum
1100 1797 1113 1820 ,
1152 1751 1579 1821 tumulandoque
1606 1751 1655 1805 ei
1683 1766 1806 1805 eum
1839 1765 1964 1820 pro-

351 1852 578 1904 mereri.
606 1847 723 1902 .lam
755 1846 923 1902 crede
953 1856 976 1892 ε
1007 1846 1299 1900 convictus
1329 1844 1465 1898 tanti
1488 1844 1589 1897 viri
1620 1842 1959 1906 testimonio,

349 1942 572 1999 desinas
594 1943 783 1998 dicere
803 1952 854 1996 te
874 1940 1022 2010 jnste
1046 1938 1263 2001 fecisse,
1285 1937 1429 2006 quod
1452 1937 1728 1991 amoveris
1745 1935 1963 1990 Domini

351 2034 692 2096 sacerdmes,
723 2043 778 2087 et
805 2033 1151 2087 ordinaveris
1177 2033 1341 2086 etiam
1374 2031 1590 2085 Arianre
1621 2028 1746 2084 ﬁdei
1782 2028 1961 2082 homi-

294 2182 301 2185 Α
348 2141 475 2194 nes,
527 2136 581 2181 et
624 2126 856 2194 jusseris
902 2124 1062 2179 ﬁdem
1107 2123 1393 2194 praedicari
1443 2122 1630 2177 Ariani
1669 2120 1960 2193 dogmatis,

348 2218 498 2289 quod
531 2217 925 2288 proscripseris
955 2225 1011 2270 et
1041 2214 1454 2285 deportaveris,
1488 2224 1542 2269 et
1571 2224 1838 2270 tormenta
1868 2212 1965 2268 ad-

347 2316 594 2370 moveris
623 2323 784 2381 atque
817 2308 1166 2366 interfeceris
1195 2309 1487 2365 credentes
1518 2311 1570 2363 in
1612 2310 1829 2363 unicum
1865 2308 1964 2363 Dei

346 2406 579 2469 Filium;
624 2404 816 2459 desine
847 2402 1069 2467 inquam
1101 2401 1311 2465 dicere,
1348 2410 1638 2470 propterea
1672 2410 1723 2455 te
1749 2401 1958 2465 vivere,

353 2508 410 2555 et
437 2499 517 2552 sic
541 2496 595 2552 in
626 2509 795 2564 regno
824 2494 1019 2550 ﬂorere
1042 2494 1183 2563 quod
1218 2494 1307 2547 illa
1334 2493 1535 2564 egeris,
1559 2508 1623 2547 ac
1644 2493 1721 2546 sis
1740 2505 1962 2563 gerens,

345 2589 567 2662 quando
618 2586 810 2642 audias
852 2586 1124 2641 dicentem
1152 2584 1363 2655 justum
1416 2586 1594 2638 virum
1634 2582 1757 2647 Job,
1800 2598 1960 2653 quem

346 2683 495 2739 Deus
526 2684 644 2737 sine
670 2681 894 2753 querela
922 2680 1123 2735 dixerit
1153 2679 1259 2733 sibi
1291 2680 1550 2740 servisse.
1578 2693 1739 2747 quem
1769 2693 1960 2734 verum

345 2788 505 2830 suum
538 2773 806 2828 cultorem
838 2773 1118 2836 narravit,
1153 2769 1298 2841 quod
1328 2770 1473 2825 enim
1506 2786 1629 2823 cum
1658 2771 1766 2824 sint
1796 2770 1961 2840 impie

344 2882 509 2937 quam
536 2866 755 2936 plurimi
779 2873 1026 2936 agentes,
1050 2875 1229 2920 tamen
1255 2865 1306 2918 in
1332 2863 1433 2918 hac
1454 2864 1560 2919 vita
1590 2863 1775 2917 vivant
1795 2877 1959 2933 quam

342 2957 769 3031 jucundissime.
801 2956 995 3012 Adhuc
1021 2956 1253 3027 dignare
1283 2958 1533 3027 accipere
1558 2972 1678 3026 quae
1707 2957 1846 3011 intra
1873 2956 1958 3011 di-

2064 1756 2174 1809 vius
2219 1770 2321 1824 pas:
2364 1764 2470 1817 tua,
2512 1760 2559 1805 et
2594 1750 2806 1823 justitia
2842 1757 2897 1801 ut
2940 1748 3131 1816 ﬂuctus
3175 1744 3357 1808 maris,
3394 1752 3445 1797 et
3481 1745 3675 1812 factum

2068 1857 2194 1903 esset
2236 1848 2368 1899 sicut
2409 1859 2567 1897 arena
2603 1844 2759 1896 maris
2788 1855 2957 1895 semen
2990 1848 3139 1892 tuum
3168 1845 3213 1891 et
3244 1836 3365 1889 nati
3390 1834 3581 1888 ventris
3606 1834 3679 1886 tui

2070 1939 2173 2013 (Is.
2190 1952 2374 2000 xuvm,
2392 1937 2503 2005 l7).
2526 1933 2656 2000 Sed,
2679 1933 2879 2004 inquis,
2898 1931 3014 1985 haec
3034 1929 3099 1984 ad
3118 1927 3338 1984 .ludazos
3354 1926 3496 1981 dicta
3516 1934 3674 1989 sunt;

2068 2046 2265 2099 nempe
2289 2030 2356 2084 ad
2379 2042 2495 2094 eos,
2519 2042 2754 2097 quorum
2781 2035 2831 2079 te
2855 2022 3029 2079 fecisti
3053 2021 3385 2077 imitatorem
3404 2038 3418 2083 ;
3437 2028 3492 2075 et
3509 2032 3677 2086 nunc,

2067 2132 2127 2178 ut
2152 2130 2239 2179 est
2264 2121 2464 2177 crebro
2488 2118 2715 2179 dictum.
2739 2125 2888 2171 muta
2913 2114 3178 2183 malignas
3202 2113 3317 2168 vias
3344 2120 3488 2176 tuas,
3515 2110 3677 2166 crede

2068 2223 2129 2269 ut
2148 2213 2319 2269 credit
2344 2221 2530 2266 sancta
2553 2208 2823 2274 Ecclesia,
2856 2218 2908 2262 et
2934 2209 2986 2261 in
3010 2204 3269 2261 omnibus
3294 2203 3386 2258 tibi
3413 2202 3676 2273 propitia-

2065 2307 2235 2362 bitur.
2271 2305 2411 2360 Dicit
2442 2304 2587 2358 enim
2622 2304 2740 2372 ipse
2772 2320 2784 2356 :
2822 2299 3162 2356 Revertimini
3190 2306 3230 2335 ω
3265 2298 3335 2351 ad
3363 2314 3445 2351 me
3480 2314 3541 2351 ea:
3568 2305 3673 2350 toto

2068 2398 2222 2454 corde
2248 2407 2413 2451 vestro
2444 2396 2699 2463 simulque
2728 2404 2774 2448 et
2797 2393 3006 2467 jejunio
3035 2401 3083 2446 et
3115 2393 3241 2461 ﬂetu
3276 2399 3322 2444 et
3351 2390 3559 2461 planctu
3579 2429 3595 2455 ,
3628 2396 3674 2442 et

2065 2488 2347 2543 discindite
2369 2487 2531 2542 corda
2554 2496 2723 2540 vestra
2745 2495 2795 2539 et
2819 2502 2923 2540 non
2944 2484 3247 2539 vestimenta
3268 2482 3429 2554 (Joel.
3456 2524 3471 2548 ,
3495 2497 3536 2537 ιι
3560 2481 3670 2551 12).

2065 2585 2364 2641 Revertere
2407 2592 2521 2638 toto
2547 2582 2714 2637 corde
2751 2580 2816 2635 ad
2860 2581 3063 2644 Deum,
3097 2578 3383 2648 acquiesce
3413 2575 3499 2631 his
3524 2576 3671 2631 salu-

2065 2679 2257 2733 bribus
2277 2678 2538 2734 remediis
2552 2677 2617 2731 ad
2643 2674 2889 2731 criminis
2910 2675 2986 2729 tui
3014 2672 3427 2742 intelligentiam
3451 2669 3673 2739 conSpi-

2063 2774 2311 2829 ciendam
2340 2788 2355 2837 ;
2388 2772 2539 2841 aperi
2568 2769 2750 2825 cordis
2781 2768 3001 2833 oculos,
3036 2766 3338 2836 ingemisce
3365 2773 3479 2819 toto
3506 2762 3673 2819 corde

2065 2875 2174 2921 tam
2205 2876 2255 2921 te
2278 2867 2517 2936 graviter
2541 2864 2837 2933 deliquisse
2862 2863 3161 2932 colligens;
3187 2870 3317 2915 tunc
3341 2860 3417 2914 tui
3444 2859 3672 2915 misere-

2064 2957 2209 3013 bitur
2237 2958 2328 3012 ille
2365 2957 2455 3027 qui
2483 2955 2616 3011 dicit
2654 2973 2668 3008 :
2709 2955 2841 3009 cum
2866 2969 3142 3009 conversus
3167 2953 3482 3023 ingemueris
3502 2993 3519 3018 ,
3548 2961 3670 3005 tunc

344 3062 433 3110 cat
458 3054 528 3109 de
555 3052 711 3107 vobis
734 3051 937 3121 impiis,
971 3061 1026 3107 et
1050 3066 1323 3120 cognosce
1353 3052 1631 3122 quomodo
1659 3068 1780 3107 cum
1815 3052 1954 3107 male
1982 3047 2027 3111 C
2059 3052 2230 3105 salvus
2284 3050 2405 3114 eris,
2436 3058 2484 3104 et
2529 3048 2657 3104 scies
2682 3047 2768 3101 ubi
2806 3048 2970 3118 fueris
3005 3055 3063 3100 η.
3096 3044 3478 3101 Reminiscere
3500 3051 3525 3079 ο
3553 3042 3669 3099 Deo

345 3150 520 3219 agatis
553 3148 776 3203 interim
814 3146 968 3201 vobis
1005 3156 1282 3216 parcatur,
1321 3156 1375 3200 et
1410 3155 1579 3202 temet
1610 3146 1724 3201 Deo
1753 3162 1956 3217 reprac-

345 3250 500 3297 scnta
541 3256 641 3313 per
684 3239 1085 3311 pmnitentiam.
1122 3237 1425 3293 Nesciebam
1458 3236 1622 3310 (Ibid.
1656 3254 1823 3304 χχιιι,
1858 3240 1952 3310 17)

343 3335 591 3403 quoniam
616 3340 647 3381 ιι
697 3332 825 3387 tales
876 3333 1099 3387 tenebrae
1140 3343 1368 3387 ventura:
1405 3344 1581 3404 essent.
1609 3344 1729 3387 ante
1766 3333 1953 3403 faciem

346 3442 534 3481 meam.
568 3425 743 3493 Quare
763 3423 929 3496 (Ibid.
954 3441 1100 3490 ntv,
1124 3424 1177 3495 l)
1208 3424 1223 3462 ί
1246 3442 1390 3499 ergo,
1416 3422 1660 3490 Domine,
1686 3443 1784 3481 non
1808 3427 1955 3495 potui

343 3535 452 3572 una
480 3516 610 3572 Itora
632 3517 833 3572 latere?
868 3518 1017 3587 impii
1046 3528 1217 3571 autem
1244 3527 1506 3572 transeunt
1532 3521 1583 3571 in
1611 3520 1801 3588 ﬁnibus
1822 3520 1951 3573 alie-

344 3610 449 3675 nis,
486 3619 535 3664 et
562 3625 740 3682 greges
779 3610 953 3663 ovium
984 3625 1099 3662 cum
1129 3610 1421 3680 pastoribus
1449 3622 1755 3681 rapuerunt,
1786 3620 1834 3666 et
1864 3630 1950 3680 pe-

344 3721 467 3759 cora
494 3706 843 3776 orphanorum
876 3703 1203 3774 afﬂixerunt,
1234 3714 1281 3757 et
1307 3704 1481 3759 bovem
1510 3705 1676 3759 vidua:
1700 3706 1945 3779 pignera-

341 3808 544 3863 verunt,
582 3814 767 3871 agrum
796 3814 899 3853 non
931 3814 1082 3851 suum
1111 3807 1231 3852 ante
1251 3808 1452 3868 tempus
1480 3798 1698 3853 demessi
1727 3809 1867 3864 sunt,
1899 3807 1949 3854 et

343 3901 621 3962 coegerunt
646 3890 877 3945 homines
905 3890 958 3943 in
981 3890 1140 3944 vineis
1161 3893 1268 3945 suis
1298 3892 1457 3961 gratis
1489 3892 1715 3957 operari,
1740 3900 1787 3945 et
1810 3890 1951 3944 mul-

344 3994 423 4039 tos
450 3986 870 4052 despoliaverunt
893 4025 909 4050 ,
938 3993 984 4039 et
1011 3985 1347 4039 esurientibus
1377 4001 1561 4054 panem
1592 3986 1945 4049 abstulerunt,

345 4087 393 4130 et
423 4077 477 4130 in
506 4076 749 4146 faucibus
785 4076 966 4129 multis
995 4074 1323 4141 obsederunt,
1359 4084 1405 4129 et
1446 4092 1546 4129 non
1582 4076 1948 4130 intellexerunt

420 4268 447 4297 ι
593 4258 802 4332 Symm.
832 4258 933 4312 οὐκ
963 4257 1230 4333 ἐξέτρωσε,
1259 4269 1359 4327 pro
1388 4255 1625 4311 abortum
1660 4273 1763 4312 non
1793 4273 1945 4329 passa

425 4374 439 4387 .
521 4351 532 4386 Ι
568 4372 577 4385 .

345 4346 439 4391 εει.
473 4346 551 4387 ἸΙΙ
568 4372 577 4385 .

414 4404 443 4443 δ’
482 4405 617 4458 Cum
644 4402 907 4476 Septuag.
930 4402 1149 4476 Μᾷγουσι
1174 4398 1319 4476 δέλώς
1341 4400 1579 4476 πρόϐατα
1604 4402 1803 4476 aiebam.

420 4490 441 4513 ε
484 4475 745 4545 Septuag.
778 4473 1138 4533 ’Δναλαϐὀντες
1158 4472 1459 4547 ψριλτήριὸν.
1487 4474 1705 4539 Aquila,
1740 4489 1950 4543 ιιι-ωρο-

342 4548 449 4603 sito
488 4549 541 4602 in
588 4547 811 4619 Hexapl.
852 4547 1139 4619 asterisco,
1191 4545 1429 4619 ὀργάύου.
1480 4547 1688 4600 Cretera
1724 4547 1947 4601 omnino

343 4619 599 4673 Lucifero
629 4617 941 4685 peculiaria.

417 4687 441 4725 ι¹
485 4690 590 4743 Pro
620 4684 879 4741 ridebunt.
913 4684 1021 4740 Til.
1050 4696 1107 4738 ιιι
1132 4684 1184 4739 in
1221 4686 1374 4755 Vulg.

418 4769 443 4796 ο
489 4760 647 4812 Hisce
676 4755 893 4812 Lllleel'
916 4771 1135 4810 sensum
1160 4756 1262 4810 Job
1284 4758 1522 4825 explicat
1551 4758 1602 4812 in
1634 4758 1699 4812 iis
1724 4759 1940 4813 verbis:

341 4831 536 4956 {ludite
578 4845 680 4895 me,
724 4828 963 4899 quoniam
999 4828 1205 4881 dolores
1240 4829 1465 4882 vulneris
1506 4831 1606 4883 mei
1635 4840 1823 4901 cogunt
1864 4848 1944 4886 me

364 4919 505 4956 oaun

364 4919 505 4970 oqun

422 4974 440 5011 τ
485 4972 661 5028 Locus
696 4969 941 5026 mutilus.
967 4968 1131 5024 Forte
1155 4972 1304 5025 certis
1328 4972 1507 5039 panis.
1540 4970 1803 5028 Latinius.
1836 4973 1941 5029 Vc-

338 5060 459 5099 rum
503 5046 547 5098 si
591 5044 743 5097 certis
790 5058 886 5113 pro
927 5041 1185 5111 aliquibus
1222 5043 1575 5114 intelligatur,
1611 5060 1805 5100 sensus
1835 5047 1938 5100 erit

335 5117 567 5185 integer.

413 5197 439 5235 8
479 5187 666 5242 Credo.
694 5185 869 5241 Vatic.

409 5256 439 5295 ιι
482 5258 635 5313 Vers.
663 5260 789 5313 Ant.
819 5257 1222 5331 Supervenirent
1238 5257 1365 5311 mihi
1388 5256 1623 5325 tenebrae,
1649 5269 1695 5312 et
1716 5268 1834 5312 ante
1854 5262 1935 5328 fu-

338 5329 470 5401 ciem
482 5346 659 5401 gmeam
691 5340 875 5401 tegeret
902 5329 1089 5401 caligo.

414 5399 431 5436 ί
478 5399 634 5455 Vcrs.
669 5398 794 5455 Ant.
847 5398 1127 5455 Dominum
1158 5416 1260 5471 non
1294 5401 1551 5455 latuerunt
1580 5398 1754 5461 horse,
1788 5399 1935 5471 impii

334 5479 509 5524 autem
541 5473 834 5526 nescierunt
877 5473 986 5528 dtes
1026 5472 1178 5539 ejus?
1210 5470 1395 5525 Finem
1427 5472 1731 5541 transgressi
1761 5482 1880 5525 sunt
1910 5488 1930 5527 :

330 5557 541 5613 gregem
588 5559 703 5595 cum
748 5555 956 5611 pastore
999 5544 1259 5613 rapientes
1306 5556 1580 5612 paverunt.
1630 5541 1929 5597 Iumentum

330 5612 655 5685 pupillorum
674 5612 1072 5685 abegerunt.....
1099 5614 1490 5668 demessuerunt
1509 5632 1527 5669 :
1548 5614 1928 5685 inﬁrmivineas

321 5683 601 5755 impiorum
646 5683 833 5754 absque
869 5686 1105 5742 mercede
1148 5695 1197 5738 et
1248 5686 1362 5741 cibo
1400 5686 1690 5743 coluerunt.
1738 5683 1926 5741 Nudos

2057 3144 2298 3199 dicatum
2344 3141 2550 3198 dixisse
2599 3142 2969 3212 prophetam:
3016 3139 3161 3195 Nolo
3194 3150 3413 3195 mortem
3444 3139 3669 3193 morien-

2058 3239 2123 3293 tis
2156 3248 2205 3303 ι’,
2245 3237 2369 3291 dicit
2418 3235 2693 3301 Dominus,
2737 3244 2990 3306 quantum
3034 3246 3090 3288 ut
3132 3243 3419 3289 revertatur
3458 3242 3507 3289 et
3535 3233 3667 3288 vivat

2057 3329 2273 3403 (Ezech.
2327 3344 2530 3393 sunt.
2586 3327 2699 3401 Η).
2748 3328 2866 3383 Noli
2912 3328 3025 3398 jam
3076 3327 3303 3393 sentire,
3348 3326 3488 3397 quod
3541 3341 3661 3380 cum

2012 3450 2015 3451 ν
2057 3428 2197 3481 mala
2227 3426 2337 3481 sint
2365 3440 2532 3495 opera
2566 3432 2677 3490 tua,
2713 3432 2771 3478 ut
2797 3423 2936 3479 bene
2962 3431 3018 3478 te
3045 3436 3208 3493 agere
3233 3420 3532 3485 existimes,
3562 3435 3661 3474 cur

2056 3536 2165 3576 non
2214 3520 2397 3575 statim
2444 3534 2545 3589 pro
2602 3519 2759 3572 lactis
2803 3532 2991 3588 pmnas
3039 3516 3314 3586 receperis
3364 3516 3506 3581 tuis,
3559 3515 3655 3570 sed

2055 3611 2240 3681 aspice
2261 3612 2556 3680 scriptum,
2591 3610 2880 3665 Dominum
2912 3610 3207 3680 patientem
3241 3624 3366 3665 esse
3394 3618 3455 3665 ut
3480 3608 3655 3678 paeni-

2056 3705 2245 3760 tearis.
2272 3704 2355 3759 Ne
2378 3704 2573 3759 dixeris
2597 3720 2615 3758 :
2640 3702 2882 3767 Peccavi,
2907 3713 2954 3757 et
2978 3703 3101 3773 quid
3122 3703 3311 3757 accidit
3330 3703 3455 3757 mihi
3476 3702 3657 3757 triste?

2055 3810 2132 3857 est
2160 3804 2297 3855 enim
2321 3799 2615 3854 Altissimus
2637 3799 2836 3867 patiens
2856 3797 3091 3851 redditor
3111 3795 3301 3868 (Eccli.
3329 3813 3384 3865 v,
3407 3794 3486 3867 4).
3511 3795 3654 3852 Audi

2056 3897 2219 3951 etiam
2252 3894 2477 3950 Paulum
2513 3894 2731 3949 beatum
2760 3891 3076 3948 invitantem
3108 3900 3162 3947 te
3190 3890 3256 3946 ad
3284 3891 3478 3955 Deum,
3510 3891 3653 3945 circa

2055 3995 2109 4043 te
2135 3987 2459 4054 placandum
2489 3986 2826 4057 aperientem
2860 3984 2979 4050 tibi,
3007 3984 3149 4054 quod
3179 3984 3322 4040 enim
3353 3982 3556 4038 idcirco
3584 3981 3657 4038 sit

2056 4080 2309 4149 patiens,
2343 4087 2532 4135 etnon
2570 4078 2715 4135 illico
2751 4081 2861 4134 sint
2886 4085 3277 4149 reprzcsentata
3308 4077 3497 4133 merita
3527 4089 3656 4146 ope-

3299 4259 3355 4312 in
3397 4260 3653 4330 angustiis

2052 4259 2245 4314 multos
2287 4263 2637 4330 fecerunt.....
2692 4270 2739 4312 et
2788 4259 3238 4314 esurientium.....

1974 4331 2027 4392 D
2054 4332 2224 4403 inique
2245 4332 2478 4385 insidiati
2504 4339 2650 4403 sunt,
2672 4331 2806 4383 viam
2830 4340 3001 4383 autem
3015 4331 3240 4403 justitiw
3259 4332 3654 4401 ignoraverunt.

2132 4405 2145 4452 t'
2196 4402 2356 4458 Vers.
2392 4406 2536 4483 ᾼιιι..
2555 4402 2683 4483 Qua:
2705 4403 2838 4483 enim
2864 4418 2979 4483 spes
3007 4402 3083 4456 est
3103 4403 3285 4483 impio,
3315 4404 3437 4470 quia
3466 4418 3650 4473 exspe-

2052 4482 2175 4538 ctat,
2202 4484 2250 4527 et
2278 4474 2493 4541 conﬁdit
2519 4474 2573 4526 in
2608 4473 2834 4526 Domino
2856 4473 2900 4525 si
2931 4477 3065 4543 forte
3093 4474 3344 4527 solvatur.

2124 4548 2149 4581 κ
2196 4544 2347 4600 Vers.
2387 4546 2513 4599 Ant.
2559 4544 2621 4597 Si
2649 4556 2821 4598 autem
2856 4553 2905 4598 et
2929 4545 3145 4611 juvenes
3172 4544 3297 4611 facti
3328 4546 3642 4617 fuerint.....

2050 4624 2102 4670 et
2120 4617 2209 4685 qui
2236 4617 2372 4669 circa
2404 4631 2518 4670 eum
2544 4625 2682 4679 sunt,
2716 4624 2878 4667 morte
2902 4616 3333 4687 morientum"...
3361 4618 3501 4687 quod
3528 4618 3572 4670 si
3598 4626 3649 4672 ct

2049 4688 2315 4756 collegerit
2345 4698 2399 4741 ut
2431 4696 2622 4741 terram
2644 4695 2928 4755 argentum,
2963 4696 3009 4740 et
3036 4686 3173 4740 velut
3194 4686 3649 4759 lutum’paraverit

2047 4774 2255 4811 aurum.
2268 4798 2281 4810 .
2296 4798 2307 4811 .
2319 4796 2331 4810 ο
2344 4798 2356 4811 .
2385 4768 2775 4823 consequentur.

2080 4900 2091 4911 .
2125 4828 2141 4866 ι
2187 4830 2249 4883 Si
2280 4846 2332 4883 se
2354 4830 2737 4883 corrobaverint
2775 4828 2907 4900 legit
2937 4827 3121 4885 Sabat.
3152 4838 3208 4885 et
3238 4828 3380 4886 infra
3419 4831 3647 4903 college-

2080 4912 2147 4953 tnt
2174 4914 2274 4953 ιιι-ο
2305 4901 2626 4953 collexerint.

2132 4912 2147 4951 t
2174 4914 2274 4954 pro
2305 4904 2626 4954 collexerint.

2044 4903 2147 4953 rint
2174 4914 2274 4971 pro
2305 4903 2626 4955 collexerint.

2050 5042 2080 5053 η
2114 4981 2155 5053 tn
2202 4971 2355 5028 Vers.
2407 4971 2571 5053 Ant.“
2594 4972 3083 5053 Convertimini._._...
3120 4974 3174 5053 in
3197 4974 3428 5053 jejunio,
3477 4974 3546 5053 in.
3568 4975 3645 5027 ci-

2038 5042 2365 5169 lliciol..9...be:
2403 5043 2641 5109 scindite,
2685 5057 2795 5098 etc.
2830 5044 3068 5100 Scindite
3099 5042 3261 5100 etiam
3297 5047 3351 5100 in
3384 5045 3642 5102 Lucifero

2060 5129 2142 5169 em
2199 5149 2212 5163 ι
2240 5131 2264 5164 ει
2310 5131 2335 5166 tt
2372 5156 2383 5167 .

2060 5123 2171 5183 egit
2198 5123 2383 5169 Sabat.

2111 5194 2136 5221 η
2180 5184 2344 5261 Forte
2371 5200 2451 5261 es
2496 5200 2666 5261 sensu
2709 5187 3003 5243 verborum
3042 5186 3215 5261 Joelis
3253 5187 3371 5244 haec
3413 5190 3639 5261 repetit,

2035 5269 2159 5311 cum
2194 5257 2382 5311 nutlibi
2418 5259 2641 5312 licuerit
2673 5261 2818 5314 hunc
2846 5269 3060 5315 textum
3090 5260 3362 5315 invenire.

2111 5328 2132 5348 '
2173 5328 2408 5383 Sensum
2440 5329 2528 5383 hic
2566 5328 2802 5384 restituit
2837 5331 3019 5387 Latin.
3056 5332 3263 5386 inserto
3290 5331 3460 5387 verbo
3487 5332 3639 5385 audi.

2032 5398 2145 5475 Nos
2164 5400 2491 5475 euinVatic.
2515 5401 2743 5456 verbum
2768 5405 3099 5458 reminiscere
3120 5402 3464 5473 subjicimus,
3490 5404 3639 5475 quod

2032 5470 2085 5525 in
2113 5470 2245 5525 edit.
2277 5471 2486 5527 deerat.

2102 5552 2143 5617 p_
2170 5541 2326 5597 Vers.
2379 5544 2508 5599 Ant.
2536 5551 2851 5617 peccatoris.
2897 5543 3401 5617 Unus-Cyprianus
3433 5545 3489 5603 in
3532 5546 3636 5603 lib.

2032 5612 2099 5671 de
2120 5612 2285 5685 Laps.
2316 5612 2574 5674 convenit
2598 5633 2720 5673 cum
2751 5616 3030 5674 Lucifero.
