  <div class='ocr_page' id='page_1' title='image "/cluster/home/n/w/nwhite01/storage/ocr_20150623/13/hvd.32044096580428/414.png"; bbox 0 0 4148 6186; ppageno 0'>
   <div class='ocr_carea' id='block_1_1' title="bbox 464 462 568 519">
    <p class='ocr_par' dir='ltr' id='par_1_1' title="bbox 464 462 568 519">
     <span class='ocr_line' id='line_1_1' title="bbox 464 462 568 519; baseline -0.01 0"><span class='ocrx_word' id='word_1_1' title='bbox 464 462 568 519; x_wconf 80' lang='grc'><strong><em>817</em></strong></span> 
     </span>
    </p>
   </div>
   <div class='ocr_carea' id='block_1_2' title="bbox 1504 449 2714 513">
    <p class='ocr_par' dir='ltr' id='par_1_2' title="bbox 1504 449 2714 513">
     <span class='ocr_line' id='line_1_2' title="bbox 1504 449 2714 513; baseline -0.004 -2"><span class='ocrx_word' id='word_1_2' title='bbox 1504 453 1641 511; x_wconf 88' lang='lat' dir='ltr'><strong><em>PRO</em></strong></span> <span class='ocrx_word' id='word_1_3' title='bbox 1671 450 1942 513; x_wconf 83' lang='lat' dir='ltr'><strong><em>SANCTO</em></strong></span> <span class='ocrx_word' id='word_1_4' title='bbox 1982 449 2383 510; x_wconf 78' lang='lat' dir='ltr'><strong><em>ATHANASIO</em></strong></span> <span class='ocrx_word' id='word_1_5' title='bbox 2422 450 2632 508; x_wconf 79' lang='lat' dir='ltr'><strong>LIBER</strong></span> <span class='ocrx_word' id='word_1_6' title='bbox 2672 452 2714 507; x_wconf 88' lang='grc' dir='ltr'><strong><em>Ι.</em></strong></span> 
     </span>
    </p>
   </div>
   <div class='ocr_carea' id='block_1_3' title="bbox 3674 447 3781 507">
    <p class='ocr_par' dir='ltr' id='par_1_3' title="bbox 3674 447 3781 507">
     <span class='ocr_line' id='line_1_3' title="bbox 3674 447 3781 507; baseline 0.019 -2"><span class='ocrx_word' id='word_1_7' title='bbox 3674 447 3781 507; x_wconf 78' lang='grc'><strong><em>818</em></strong></span> 
     </span>
    </p>
   </div>
   <div class='ocr_carea' id='block_1_4' title="bbox 464 565 3776 650">
    <p class='ocr_par' dir='ltr' id='par_1_4' title="bbox 464 565 3776 650">
     <span class='ocr_line' id='line_1_4' title="bbox 464 565 3776 650; baseline -0.004 -14"><span class='ocrx_word' id='word_1_8' title='bbox 464 596 585 637; x_wconf 91' lang='lat' dir='ltr'><strong><em>rum</em></strong></span> <span class='ocrx_word' id='word_1_9' title='bbox 618 587 855 644; x_wconf 84' lang='lat' dir='ltr'><strong><em>tuorum,</em></strong></span> <span class='ocrx_word' id='word_1_10' title='bbox 889 576 1015 650; x_wconf 90' lang='lat' dir='ltr'><strong><em>quia</em></strong></span> <span class='ocrx_word' id='word_1_11' title='bbox 1046 575 1179 632; x_wconf 89' lang='lat' dir='ltr'><strong><em>velit</em></strong></span> <span class='ocrx_word' id='word_1_12' title='bbox 1208 583 1260 631; x_wconf 94' lang='lat' dir='ltr'><strong><em>te</em></strong></span> <span class='ocrx_word' id='word_1_13' title='bbox 1290 572 1505 630; x_wconf 92' lang='lat' dir='ltr'><strong><em>tandem</em></strong></span> <span class='ocrx_word' id='word_1_14' title='bbox 1533 588 1560 628; x_wconf 92' lang='lat' dir='ltr'><strong>a</strong></span> <span class='ocrx_word' id='word_1_15' title='bbox 1593 572 1754 627; x_wconf 90' lang='lat' dir='ltr'><strong><em>malis</em></strong></span> <span class='ocrx_word' id='word_1_16' title='bbox 1783 586 2067 644; x_wconf 89' lang='lat' dir='ltr'><strong><em>emergere</em></strong></span> <span class='ocrx_word' id='word_1_17' title='bbox 2094 586 2150 648; x_wconf 71' lang='grc' dir='ltr'><strong>Α</strong></span> <span class='ocrx_word' id='word_1_18' title='bbox 2175 571 2327 642; x_wconf 77' lang='lat' dir='ltr'><strong><em>faciet</em></strong></span> <span class='ocrx_word' id='word_1_19' title='bbox 2358 570 2450 623; x_wconf 90' lang='lat' dir='ltr'><strong><em>tibi</em></strong></span> <span class='ocrx_word' id='word_1_20' title='bbox 2471 569 2640 639; x_wconf 83' lang='lat' dir='ltr'><strong><em>pulvis</em></strong></span> <span class='ocrx_word' id='word_1_21' title='bbox 2668 568 2786 640; x_wconf 90' lang='lat' dir='ltr'><strong><em>(Ps.</em></strong></span> <span class='ocrx_word' id='word_1_22' title='bbox 2820 584 2969 635; x_wconf 74' lang='lat' dir='ltr'><strong><em>nix,</em></strong></span> <span class='ocrx_word' id='word_1_23' title='bbox 3008 567 3131 640; x_wconf 77' lang='lat'><strong><em>10)?</em></strong></span> <span class='ocrx_word' id='word_1_24' title='bbox 3159 568 3460 624; x_wconf 76' lang='lat' dir='ltr'><strong><em>Revertere</em></strong></span> <span class='ocrx_word' id='word_1_25' title='bbox 3490 565 3557 623; x_wconf 90' lang='lat' dir='ltr'><strong>ad</strong></span> <span class='ocrx_word' id='word_1_26' title='bbox 3580 567 3776 634; x_wconf 89' lang='lat' dir='ltr'><strong><em>Deum,</em></strong></span> 
     </span>
    </p>
   </div>
   <div class='ocr_carea' id='block_1_5' title="bbox 463 664 2069 745">
    <p class='ocr_par' dir='ltr' id='par_1_5' title="bbox 463 664 2069 745">
     <span class='ocr_line' id='line_1_5' title="bbox 463 664 2069 745; baseline -0.006 -17"><span class='ocrx_word' id='word_1_27' title='bbox 463 688 562 745; x_wconf 88' lang='lat' dir='ltr'><strong><em>per</em></strong></span> <span class='ocrx_word' id='word_1_28' title='bbox 594 669 998 742; x_wconf 65' lang='lat' dir='ltr'><strong><em>paenitentiam,</em></strong></span> <span class='ocrx_word' id='word_1_29' title='bbox 1041 685 1137 738; x_wconf 88' lang='lat' dir='ltr'><strong><em>per</em></strong></span> <span class='ocrx_word' id='word_1_30' title='bbox 1177 683 1361 723; x_wconf 84' lang='lat' dir='ltr'><strong><em>veram</em></strong></span> <span class='ocrx_word' id='word_1_31' title='bbox 1395 664 1847 721; x_wconf 68' lang='lat' dir='ltr'><strong><em>satisfactionem.</em></strong></span> <span class='ocrx_word' id='word_1_32' title='bbox 1898 664 2069 719; x_wconf 84' lang='lat' dir='ltr'><strong><em>Num-</em></strong></span> 
     </span>
    </p>
   </div>
   <div class='ocr_carea' id='block_1_6' title="bbox 460 758 2065 836">
    <p class='ocr_par' dir='ltr' id='par_1_6' title="bbox 460 758 2065 836">
     <span class='ocr_line' id='line_1_6' title="bbox 460 758 2065 836; baseline -0.005 -16"><span class='ocrx_word' id='word_1_33' title='bbox 460 766 587 836; x_wconf 89' lang='lat' dir='ltr'><strong><em>quid</em></strong></span> <span class='ocrx_word' id='word_1_34' title='bbox 626 766 655 795; x_wconf 76' lang='grc'><strong>⁸</strong></span> <span class='ocrx_word' id='word_1_35' title='bbox 691 762 1049 819; x_wconf 80' lang='lat' dir='ltr'><strong><em>sustinentium</em></strong></span> <span class='ocrx_word' id='word_1_36' title='bbox 1091 761 1334 815; x_wconf 87' lang='lat' dir='ltr'><strong><em>bonitatis</em></strong></span> <span class='ocrx_word' id='word_1_37' title='bbox 1368 763 1481 833; x_wconf 82' lang='lat' dir='ltr'><strong><em>ejus</em></strong></span> <span class='ocrx_word' id='word_1_38' title='bbox 1520 768 1567 814; x_wconf 88' lang='lat' dir='ltr'><strong><em>et</em></strong></span> <span class='ocrx_word' id='word_1_39' title='bbox 1606 758 1912 829; x_wconf 76' lang='lat' dir='ltr'><strong><em>patientiam</em></strong></span> <span class='ocrx_word' id='word_1_40' title='bbox 1943 774 2065 812; x_wconf 88' lang='lat' dir='ltr'><strong><em>con-</em></strong></span> 
     </span>
    </p>
   </div>
   <div class='ocr_carea' id='block_1_7' title="bbox 461 847 2062 926">
    <p class='ocr_par' dir='ltr' id='par_1_7' title="bbox 461 847 2062 926">
     <span class='ocr_line' id='line_1_7' title="bbox 461 847 2062 926; baseline -0.005 -16"><span class='ocrx_word' id='word_1_41' title='bbox 461 858 670 921; x_wconf 77' lang='lat' dir='ltr'><strong><em>temnis,</em></strong></span> <span class='ocrx_word' id='word_1_42' title='bbox 702 856 946 926; x_wconf 79' lang='lat' dir='ltr'><strong><em>ignorans</em></strong></span> <span class='ocrx_word' id='word_1_43' title='bbox 972 852 1217 922; x_wconf 87' lang='lat' dir='ltr'><strong><em>quoniam</em></strong></span> <span class='ocrx_word' id='word_1_44' title='bbox 1245 850 1445 905; x_wconf 83' lang='lat' dir='ltr'><strong><em>bonitas</em></strong></span> <span class='ocrx_word' id='word_1_45' title='bbox 1475 847 1575 904; x_wconf 78' lang='lat' dir='ltr'><strong><em>Dei</em></strong></span> <span class='ocrx_word' id='word_1_46' title='bbox 1612 851 1681 903; x_wconf 91' lang='lat' dir='ltr'><strong><em>ad</em></strong></span> <span class='ocrx_word' id='word_1_47' title='bbox 1714 850 2062 918; x_wconf 68' lang='lat' dir='ltr'><strong><em>paenitentiam</em></strong></span> 
     </span>
    </p>
   </div>
   <div class='ocr_carea' id='block_1_8' title="bbox 461 942 2064 1009">
    <p class='ocr_par' dir='ltr' id='par_1_8' title="bbox 461 942 2064 1009">
     <span class='ocr_line' id='line_1_8' title="bbox 461 942 2064 1009; baseline -0.005 -7"><span class='ocrx_word' id='word_1_48' title='bbox 461 959 509 1003; x_wconf 88' lang='lat' dir='ltr'><strong><em>te</em></strong></span> <span class='ocrx_word' id='word_1_49' title='bbox 533 946 792 1001; x_wconf 81' lang='lat' dir='ltr'><strong><em>adducit?</em></strong></span> <span class='ocrx_word' id='word_1_50' title='bbox 816 945 897 1000; x_wconf 85' lang='lat' dir='ltr'><strong><em>Tu</em></strong></span> <span class='ocrx_word' id='word_1_51' title='bbox 921 955 1094 999; x_wconf 88' lang='lat' dir='ltr'><strong><em>autem</em></strong></span> <span class='ocrx_word' id='word_1_52' title='bbox 1115 944 1395 999; x_wconf 87' lang='lat' dir='ltr'><strong><em>secundum</em></strong></span> <span class='ocrx_word' id='word_1_53' title='bbox 1423 942 1671 996; x_wconf 83' lang='lat' dir='ltr'><strong><em>duritiam</em></strong></span> <span class='ocrx_word' id='word_1_54' title='bbox 1704 955 1866 1009; x_wconf 86' lang='lat' dir='ltr'><strong><em>tuam,</em></strong></span> <span class='ocrx_word' id='word_1_55' title='bbox 1901 951 1947 995; x_wconf 93' lang='lat' dir='ltr'><strong><em>et</em></strong></span> <span class='ocrx_word' id='word_1_56' title='bbox 1974 957 2064 994; x_wconf 88' lang='lat' dir='ltr'><strong><em>cor</em></strong></span> 
     </span>
    </p>
   </div>
   <div class='ocr_carea' id='block_1_9' title="bbox 457 1032 2061 1107">
    <p class='ocr_par' dir='ltr' id='par_1_9' title="bbox 457 1032 2061 1107">
     <span class='ocr_line' id='line_1_9' title="bbox 457 1032 2061 1107; baseline -0.006 -13"><span class='ocrx_word' id='word_1_57' title='bbox 457 1038 780 1107; x_wconf 78' lang='lat' dir='ltr'><strong><em>impamitens</em></strong></span> <span class='ocrx_word' id='word_1_58' title='bbox 804 1038 1122 1092; x_wconf 75' lang='lat' dir='ltr'><strong><em>thesaurizas</em></strong></span> <span class='ocrx_word' id='word_1_59' title='bbox 1154 1035 1246 1090; x_wconf 85' lang='lat' dir='ltr'><strong><em>tibi</em></strong></span> <span class='ocrx_word' id='word_1_60' title='bbox 1276 1035 1408 1089; x_wconf 89' lang='lat' dir='ltr'><strong><em>iram</em></strong></span> <span class='ocrx_word' id='word_1_61' title='bbox 1437 1035 1489 1087; x_wconf 87' lang='lat' dir='ltr'><strong><em>in</em></strong></span> <span class='ocrx_word' id='word_1_62' title='bbox 1523 1034 1607 1088; x_wconf 89' lang='lat' dir='ltr'><strong><em>die</em></strong></span> <span class='ocrx_word' id='word_1_63' title='bbox 1631 1034 1747 1100; x_wconf 72' lang='lat' dir='ltr'><strong><em>ira’,</em></strong></span> <span class='ocrx_word' id='word_1_64' title='bbox 1781 1043 1825 1087; x_wconf 88' lang='lat' dir='ltr'><strong><em>et</em></strong></span> <span class='ocrx_word' id='word_1_65' title='bbox 1860 1032 2061 1087; x_wconf 83' lang='lat' dir='ltr'><strong><em>revela-</em></strong></span> 
     </span>
    </p>
   </div>
   <div class='ocr_carea' id='block_1_10' title="bbox 456 1126 2062 1207">
    <p class='ocr_par' dir='ltr' id='par_1_10' title="bbox 456 1126 2062 1207">
     <span class='ocr_line' id='line_1_10' title="bbox 456 1126 2062 1207; baseline -0.006 -19"><span class='ocrx_word' id='word_1_66' title='bbox 456 1135 611 1189; x_wconf 86' lang='lat' dir='ltr'><strong><em>tionis</em></strong></span> <span class='ocrx_word' id='word_1_67' title='bbox 633 1135 769 1204; x_wconf 85' lang='lat' dir='ltr'><strong><em>justi</em></strong></span> <span class='ocrx_word' id='word_1_68' title='bbox 784 1133 980 1207; x_wconf 89' lang='lat' dir='ltr'><strong><em>judicii</em></strong></span> <span class='ocrx_word' id='word_1_69' title='bbox 1002 1130 1121 1195; x_wconf 81' lang='lat' dir='ltr'><strong><em>Dei,</em></strong></span> <span class='ocrx_word' id='word_1_70' title='bbox 1149 1132 1237 1201; x_wconf 86' lang='lat' dir='ltr'><strong><em>qui</em></strong></span> <span class='ocrx_word' id='word_1_71' title='bbox 1265 1129 1448 1184; x_wconf 84' lang='lat' dir='ltr'><strong><em>reddet</em></strong></span> <span class='ocrx_word' id='word_1_72' title='bbox 1479 1129 1752 1198; x_wconf 82' lang='lat' dir='ltr'><strong><em>unicuique</em></strong></span> <span class='ocrx_word' id='word_1_73' title='bbox 1776 1126 2062 1181; x_wconf 90' lang='lat' dir='ltr'><strong><em>secundum</em></strong></span> 
     </span>
    </p>
   </div>
   <div class='ocr_carea' id='block_1_11' title="bbox 456 1220 2056 1299">
    <p class='ocr_par' dir='ltr' id='par_1_11' title="bbox 456 1220 2056 1299">
     <span class='ocr_line' id='line_1_11' title="bbox 456 1220 2056 1299; baseline -0.005 -19"><span class='ocrx_word' id='word_1_74' title='bbox 456 1242 669 1299; x_wconf 85' lang='lat' dir='ltr'><strong><em>cperam</em></strong></span> <span class='ocrx_word' id='word_1_75' title='bbox 690 1229 805 1299; x_wconf 87' lang='lat' dir='ltr'><strong><em>ejus</em></strong></span> <span class='ocrx_word' id='word_1_76' title='bbox 832 1224 1011 1296; x_wconf 83' lang='lat' dir='ltr'><strong><em>(Rom.</em></strong></span> <span class='ocrx_word' id='word_1_77' title='bbox 1041 1239 1101 1288; x_wconf 83' lang='lat' dir='ltr'><strong><em>tt,</em></strong></span> <span class='ocrx_word' id='word_1_78' title='bbox 1126 1224 1210 1295; x_wconf 73' lang='grc'><strong><em>4),</em></strong></span> <span class='ocrx_word' id='word_1_79' title='bbox 1232 1222 1391 1279; x_wconf 86' lang='lat' dir='ltr'><strong><em>Redi.</em></strong></span> <span class='ocrx_word' id='word_1_80' title='bbox 1419 1221 1723 1286; x_wconf 82' lang='lat' dir='ltr'><strong><em>Constanti,</em></strong></span> <span class='ocrx_word' id='word_1_81' title='bbox 1750 1220 1817 1275; x_wconf 88' lang='lat' dir='ltr'><strong><em>ad</em></strong></span> <span class='ocrx_word' id='word_1_82' title='bbox 1848 1221 2017 1275; x_wconf 88' lang='lat' dir='ltr'><strong><em>Deum</em></strong></span> <span class='ocrx_word' id='word_1_83' title='bbox 2044 1237 2056 1272; x_wconf 88' lang='lat'><strong>:</strong></span> 
     </span>
    </p>
   </div>
   <div class='ocr_carea' id='block_1_12' title="bbox 453 1316 2060 1384">
    <p class='ocr_par' dir='ltr' id='par_1_12' title="bbox 453 1316 2060 1384">
     <span class='ocr_line' id='line_1_12' title="bbox 453 1316 2060 1384; baseline -0.003 -9"><span class='ocrx_word' id='word_1_84' title='bbox 453 1329 643 1375; x_wconf 90' lang='lat' dir='ltr'><strong><em>contra</em></strong></span> <span class='ocrx_word' id='word_1_85' title='bbox 667 1319 865 1375; x_wconf 92' lang='lat' dir='ltr'><strong><em>interni</em></strong></span> <span class='ocrx_word' id='word_1_86' title='bbox 889 1319 962 1374; x_wconf 90' lang='lat' dir='ltr'><strong><em>tui</em></strong></span> <span class='ocrx_word' id='word_1_87' title='bbox 988 1318 1160 1373; x_wconf 90' lang='lat' dir='ltr'><strong><em>hostis</em></strong></span> <span class='ocrx_word' id='word_1_88' title='bbox 1182 1316 1524 1372; x_wconf 81' lang='lat' dir='ltr'><strong><em>latrocinium</em></strong></span> <span class='ocrx_word' id='word_1_89' title='bbox 1547 1332 1700 1370; x_wconf 90' lang='lat' dir='ltr'><strong><em>sume</em></strong></span> <span class='ocrx_word' id='word_1_90' title='bbox 1726 1316 2060 1384; x_wconf 64' lang='lat' dir='ltr'><strong><em>paenitentia:</em></strong></span> 
     </span>
    </p>
   </div>
   <div class='ocr_carea' id='block_1_13' title="bbox 364 1394 2058 1482">
    <p class='ocr_par' dir='ltr' id='par_1_13' title="bbox 364 1394 2058 1482">
     <span class='ocr_line' id='line_1_13' title="bbox 364 1394 2058 1482; baseline -0.003 -15"><span class='ocrx_word' id='word_1_91' title='bbox 364 1394 369 1401; x_wconf 52' lang='grc'><em>’</em></span> <span class='ocrx_word' id='word_1_92' title='bbox 458 1426 609 1467; x_wconf 86' lang='lat' dir='ltr'><strong><em>arma</em></strong></span> <span class='ocrx_word' id='word_1_93' title='bbox 637 1428 651 1477; x_wconf 90' lang='lat'><strong>;</strong></span> <span class='ocrx_word' id='word_1_94' title='bbox 685 1411 807 1482; x_wconf 80' lang='lat' dir='ltr'><strong><em>fuge</em></strong></span> <span class='ocrx_word' id='word_1_95' title='bbox 834 1410 1210 1477; x_wconf 88' lang='lat' dir='ltr'><strong><em>adulatorum,</em></strong></span> <span class='ocrx_word' id='word_1_96' title='bbox 1239 1408 1330 1480; x_wconf 91' lang='lat' dir='ltr'><strong><em>qui</em></strong></span> <span class='ocrx_word' id='word_1_97' title='bbox 1361 1408 1453 1463; x_wconf 89' lang='lat' dir='ltr'><strong><em>tibi</em></strong></span> <span class='ocrx_word' id='word_1_98' title='bbox 1487 1424 1594 1462; x_wconf 92' lang='lat' dir='ltr'><strong><em>non</em></strong></span> <span class='ocrx_word' id='word_1_99' title='bbox 1626 1406 1826 1462; x_wconf 80' lang='lat' dir='ltr'><strong><em>fuerint</em></strong></span> <span class='ocrx_word' id='word_1_100' title='bbox 1854 1408 2058 1477; x_wconf 77' lang='lat' dir='ltr'><strong><em>dignati</em></strong></span> 
     </span>
    </p>
   </div>
   <div class='ocr_carea' id='block_1_14' title="bbox 452 1502 2060 1576">
    <p class='ocr_par' dir='ltr' id='par_1_14' title="bbox 452 1502 2060 1576">
     <span class='ocr_line' id='line_1_14' title="bbox 452 1502 2060 1576; baseline -0.003 -15"><span class='ocrx_word' id='word_1_101' title='bbox 452 1521 573 1576; x_wconf 57' lang='lat' dir='ltr'><strong><em>quae</em></strong></span> <span class='ocrx_word' id='word_1_102' title='bbox 596 1520 655 1561; x_wconf 90' lang='lat' dir='ltr'><strong><em>se</em></strong></span> <span class='ocrx_word' id='word_1_103' title='bbox 670 1504 874 1561; x_wconf 87' lang='lat' dir='ltr'><strong><em>habent</em></strong></span> <span class='ocrx_word' id='word_1_104' title='bbox 893 1505 1096 1571; x_wconf 88' lang='lat' dir='ltr'><strong><em>dicere,</em></strong></span> <span class='ocrx_word' id='word_1_105' title='bbox 1122 1503 1487 1574; x_wconf 86' lang='lat' dir='ltr'><strong><em>perniciosam</em></strong></span> <span class='ocrx_word' id='word_1_106' title='bbox 1511 1502 1756 1568; x_wconf 91' lang='lat' dir='ltr'><strong><em>laudem;</em></strong></span> <span class='ocrx_word' id='word_1_107' title='bbox 1783 1511 2060 1557; x_wconf 91' lang='lat' dir='ltr'><strong><em>memento</em></strong></span> 
     </span>
    </p>
   </div>
   <div class='ocr_carea' id='block_1_15' title="bbox 451 1593 2057 1664">
    <p class='ocr_par' dir='ltr' id='par_1_15' title="bbox 451 1593 2057 1664">
     <span class='ocr_line' id='line_1_15' title="bbox 451 1593 2057 1664; baseline -0.003 -11"><span class='ocrx_word' id='word_1_108' title='bbox 451 1613 547 1654; x_wconf 91' lang='lat' dir='ltr'><strong><em>ore</em></strong></span> <span class='ocrx_word' id='word_1_109' title='bbox 576 1598 731 1653; x_wconf 66' lang='lat' dir='ltr'><strong><em>Isaiae</em></strong></span> <span class='ocrx_word' id='word_1_110' title='bbox 761 1597 969 1654; x_wconf 85' lang='lat' dir='ltr'><strong><em>dixisse</em></strong></span> <span class='ocrx_word' id='word_1_111' title='bbox 1000 1596 1288 1653; x_wconf 91' lang='lat' dir='ltr'><strong><em>Dominum</em></strong></span> <span class='ocrx_word' id='word_1_112' title='bbox 1319 1613 1332 1650; x_wconf 88' lang='lat'><strong>:</strong></span> <span class='ocrx_word' id='word_1_113' title='bbox 1361 1594 1389 1633; x_wconf 69' lang='grc' dir='ltr'>δ</span> <span class='ocrx_word' id='word_1_114' title='bbox 1417 1598 1519 1663; x_wconf 82' lang='lat' dir='ltr'><strong><em>Qui</em></strong></span> <span class='ocrx_word' id='word_1_115' title='bbox 1542 1610 1632 1650; x_wconf 74' lang='lat' dir='ltr'><strong><em>ros</em></strong></span> <span class='ocrx_word' id='word_1_116' title='bbox 1655 1593 1831 1664; x_wconf 76' lang='lat' dir='ltr'><strong><em>(elices</em></strong></span> <span class='ocrx_word' id='word_1_117' title='bbox 1853 1594 2057 1661; x_wconf 86' lang='lat' dir='ltr'><strong><em>dicunt,</em></strong></span> 
     </span>
    </p>
   </div>
   <div class='ocr_carea' id='block_1_16' title="bbox 448 1687 2057 1757">
    <p class='ocr_par' dir='ltr' id='par_1_16' title="bbox 448 1687 2057 1757">
     <span class='ocr_line' id='line_1_16' title="bbox 448 1687 2057 1757; baseline -0.003 -11"><span class='ocrx_word' id='word_1_118' title='bbox 448 1692 506 1746; x_wconf 88' lang='lat' dir='ltr'><strong><em>in</em></strong></span> <span class='ocrx_word' id='word_1_119' title='bbox 548 1707 775 1746; x_wconf 87' lang='lat' dir='ltr'><strong><em>errorem</em></strong></span> <span class='ocrx_word' id='word_1_120' title='bbox 804 1707 894 1746; x_wconf 85' lang='lat' dir='ltr'><strong><em>vos</em></strong></span> <span class='ocrx_word' id='word_1_121' title='bbox 930 1692 1162 1755; x_wconf 88' lang='lat' dir='ltr'><strong><em>mittunt,</em></strong></span> <span class='ocrx_word' id='word_1_122' title='bbox 1201 1698 1246 1743; x_wconf 91' lang='lat' dir='ltr'><strong><em>et</em></strong></span> <span class='ocrx_word' id='word_1_123' title='bbox 1284 1689 1515 1744; x_wconf 86' lang='lat' dir='ltr'><strong><em>semitam</em></strong></span> <span class='ocrx_word' id='word_1_124' title='bbox 1544 1687 1735 1757; x_wconf 78' lang='lat' dir='ltr'><strong><em>pedum</em></strong></span> <span class='ocrx_word' id='word_1_125' title='bbox 1770 1698 2057 1742; x_wconf 85' lang='lat' dir='ltr'><strong><em>vestrorum</em></strong></span> 
     </span>
    </p>
   </div>
   <div class='ocr_carea' id='block_1_17' title="bbox 450 1782 2053 1859">
    <p class='ocr_par' dir='ltr' id='par_1_17' title="bbox 450 1782 2053 1859">
     <span class='ocr_line' id='line_1_17' title="bbox 450 1782 2053 1859; baseline -0.002 -18"><span class='ocrx_word' id='word_1_126' title='bbox 450 1787 655 1842; x_wconf 88' lang='lat' dir='ltr'><strong><em>turbant</em></strong></span> <span class='ocrx_word' id='word_1_127' title='bbox 699 1785 801 1859; x_wconf 88' lang='lat' dir='ltr'><strong><em>(Is.</em></strong></span> <span class='ocrx_word' id='word_1_128' title='bbox 850 1802 930 1853; x_wconf 88' lang='grc' dir='ltr'>ιιι,</span> <span class='ocrx_word' id='word_1_129' title='bbox 976 1786 1091 1858; x_wconf 73' lang='grc'><strong><em>12).</em></strong></span> <span class='ocrx_word' id='word_1_130' title='bbox 1133 1782 1308 1840; x_wconf 81' lang='lat' dir='ltr'><strong><em>Crede</em></strong></span> <span class='ocrx_word' id='word_1_131' title='bbox 1348 1784 1401 1838; x_wconf 91' lang='lat' dir='ltr'><strong><em>in</em></strong></span> <span class='ocrx_word' id='word_1_132' title='bbox 1443 1783 1662 1838; x_wconf 90' lang='lat' dir='ltr'><strong><em>unicum</em></strong></span> <span class='ocrx_word' id='word_1_133' title='bbox 1701 1784 1793 1838; x_wconf 86' lang='lat' dir='ltr'><strong><em>Dei</em></strong></span> <span class='ocrx_word' id='word_1_134' title='bbox 1831 1782 2053 1850; x_wconf 86' lang='lat' dir='ltr'><strong><em>Filium,</em></strong></span> 
     </span>
    </p>
   </div>
   <div class='ocr_carea' id='block_1_18' title="bbox 456 1874 2055 1948">
    <p class='ocr_par' dir='ltr' id='par_1_18' title="bbox 456 1874 2055 1948">
     <span class='ocr_line' id='line_1_18' title="bbox 456 1874 2055 1948; baseline -0.002 -16"><span class='ocrx_word' id='word_1_135' title='bbox 456 1878 643 1948; x_wconf 88' lang='lat' dir='ltr'><strong><em>accipe</em></strong></span> <span class='ocrx_word' id='word_1_136' title='bbox 671 1878 885 1934; x_wconf 80' lang='lat' dir='ltr'><strong><em>veniam</em></strong></span> <span class='ocrx_word' id='word_1_137' title='bbox 919 1886 1135 1933; x_wconf 91' lang='lat' dir='ltr'><strong><em>tuorum</em></strong></span> <span class='ocrx_word' id='word_1_138' title='bbox 1167 1874 1459 1941; x_wconf 87' lang='lat' dir='ltr'><strong><em>scelerum,</em></strong></span> <span class='ocrx_word' id='word_1_139' title='bbox 1490 1884 1679 1944; x_wconf 85' lang='lat' dir='ltr'><strong><em>repete</em></strong></span> <span class='ocrx_word' id='word_1_140' title='bbox 1701 1874 1882 1929; x_wconf 80' lang='lat' dir='ltr'><strong><em>dicere</em></strong></span> <span class='ocrx_word' id='word_1_141' title='bbox 1909 1874 2055 1944; x_wconf 86' lang='lat' dir='ltr'><strong><em>psal-</em></strong></span> 
     </span>
    </p>
   </div>
   <div class='ocr_carea' id='block_1_19' title="bbox 2172 660 3781 734">
    <p class='ocr_par' dir='ltr' id='par_1_19' title="bbox 2172 660 3781 734">
     <span class='ocr_line' id='line_1_19' title="bbox 2172 660 3781 734; baseline -0.002 -15"><span class='ocrx_word' id='word_1_142' title='bbox 2172 666 2466 734; x_wconf 78' lang='lat' dir='ltr'><strong><em>ingemisce</em></strong></span> <span class='ocrx_word' id='word_1_143' title='bbox 2485 678 2583 733; x_wconf 89' lang='lat' dir='ltr'><strong><em>pro</em></strong></span> <span class='ocrx_word' id='word_1_144' title='bbox 2596 664 2918 719; x_wconf 90' lang='lat' dir='ltr'><strong><em>criminibus</em></strong></span> <span class='ocrx_word' id='word_1_145' title='bbox 2943 663 3069 726; x_wconf 83' lang='lat' dir='ltr'><strong><em>tuis,</em></strong></span> <span class='ocrx_word' id='word_1_146' title='bbox 3096 677 3194 731; x_wconf 89' lang='lat' dir='ltr'><strong><em>per</em></strong></span> <span class='ocrx_word' id='word_1_147' title='bbox 3210 662 3539 718; x_wconf 84' lang='lat' dir='ltr'><strong><em>Hieremiam</em></strong></span> <span class='ocrx_word' id='word_1_148' title='bbox 3561 660 3781 717; x_wconf 89' lang='lat' dir='ltr'><strong><em>Domini</em></strong></span> 
     </span>
    </p>
   </div>
   <div class='ocr_carea' id='block_1_20' title="bbox 2171 755 3780 828">
    <p class='ocr_par' dir='ltr' id='par_1_20' title="bbox 2171 755 3780 828">
     <span class='ocr_line' id='line_1_20' title="bbox 2171 755 3780 828; baseline -0.002 -15"><span class='ocrx_word' id='word_1_149' title='bbox 2171 760 2400 813; x_wconf 84' lang='lat' dir='ltr'><strong><em>dicentis</em></strong></span> <span class='ocrx_word' id='word_1_150' title='bbox 2423 758 2546 811; x_wconf 91' lang='lat' dir='ltr'><strong><em>audi</em></strong></span> <span class='ocrx_word' id='word_1_151' title='bbox 2574 772 2759 812; x_wconf 89' lang='lat' dir='ltr'><strong><em>vocem</em></strong></span> <span class='ocrx_word' id='word_1_152' title='bbox 2789 775 2801 811; x_wconf 89' lang='lat'><strong>:</strong></span> <span class='ocrx_word' id='word_1_153' title='bbox 2832 755 3100 826; x_wconf 83' lang='lat' dir='ltr'><strong><em>Numquid</em></strong></span> <span class='ocrx_word' id='word_1_154' title='bbox 3122 760 3211 826; x_wconf 86' lang='lat' dir='ltr'><strong><em>qui</em></strong></span> <span class='ocrx_word' id='word_1_155' title='bbox 3235 760 3373 811; x_wconf 87' lang='lat' dir='ltr'><strong><em>cadit</em></strong></span> <span class='ocrx_word' id='word_1_156' title='bbox 3396 775 3497 812; x_wconf 88' lang='lat' dir='ltr'><strong><em>non</em></strong></span> <span class='ocrx_word' id='word_1_157' title='bbox 3517 766 3780 828; x_wconf 75' lang='lat' dir='ltr'><strong><em>resurget,</em></strong></span> 
     </span>
    </p>
   </div>
   <div class='ocr_carea' id='block_1_21' title="bbox 2169 848 3787 922">
    <p class='ocr_par' dir='ltr' id='par_1_21' title="bbox 2169 848 3787 922">
     <span class='ocr_line' id='line_1_21' title="bbox 2169 848 3787 922; baseline -0.001 -18"><span class='ocrx_word' id='word_1_158' title='bbox 2169 862 2259 905; x_wconf 90' lang='lat' dir='ltr'><strong><em>aut</em></strong></span> <span class='ocrx_word' id='word_1_159' title='bbox 2288 856 2374 922; x_wconf 86' lang='lat' dir='ltr'><strong><em>qui</em></strong></span> <span class='ocrx_word' id='word_1_160' title='bbox 2402 851 2672 915; x_wconf 87' lang='lat' dir='ltr'><strong><em>avertitur,</em></strong></span> <span class='ocrx_word' id='word_1_161' title='bbox 2698 867 2801 904; x_wconf 89' lang='lat' dir='ltr'><strong><em>non</em></strong></span> <span class='ocrx_word' id='word_1_162' title='bbox 2831 860 3155 904; x_wconf 75' lang='lat' dir='ltr'><strong><em>convertatur</em></strong></span> <span class='ocrx_word' id='word_1_163' title='bbox 3182 849 3321 918; x_wconf 87' lang='lat' dir='ltr'><strong><em>(Jer.</em></strong></span> <span class='ocrx_word' id='word_1_164' title='bbox 3350 865 3465 915; x_wconf 86' lang='lat' dir='ltr'><strong><em>vm,</em></strong></span> <span class='ocrx_word' id='word_1_165' title='bbox 3496 849 3597 918; x_wconf 75' lang='lat'><strong><em>4)?</em></strong></span> <span class='ocrx_word' id='word_1_166' title='bbox 3628 848 3787 905; x_wconf 87' lang='lat' dir='ltr'><strong><em>Ceci-</em></strong></span> 
     </span>
    </p>
   </div>
   <div class='ocr_carea' id='block_1_22' title="bbox 2168 941 3783 1014">
    <p class='ocr_par' dir='ltr' id='par_1_22' title="bbox 2168 941 3783 1014">
     <span class='ocr_line' id='line_1_22' title="bbox 2168 941 3783 1014; baseline -0.002 -14"><span class='ocrx_word' id='word_1_167' title='bbox 2168 945 2295 1000; x_wconf 88' lang='lat' dir='ltr'><strong><em>disti</em></strong></span> <span class='ocrx_word' id='word_1_168' title='bbox 2329 944 2418 999; x_wconf 86' lang='lat' dir='ltr'><strong><em>die</em></strong></span> <span class='ocrx_word' id='word_1_169' title='bbox 2449 960 2550 1013; x_wconf 88' lang='lat' dir='ltr'><strong><em>qua</em></strong></span> <span class='ocrx_word' id='word_1_170' title='bbox 2583 944 2789 1014; x_wconf 84' lang='lat' dir='ltr'><strong><em>negasti</em></strong></span> <span class='ocrx_word' id='word_1_171' title='bbox 2834 943 2927 998; x_wconf 88' lang='lat' dir='ltr'><strong><em>Dei</em></strong></span> <span class='ocrx_word' id='word_1_172' title='bbox 2960 943 3191 1007; x_wconf 88' lang='lat' dir='ltr'><strong><em>Filium;</em></strong></span> <span class='ocrx_word' id='word_1_173' title='bbox 3222 957 3479 1012; x_wconf 76' lang='lat' dir='ltr'><strong><em>resurges</em></strong></span> <span class='ocrx_word' id='word_1_174' title='bbox 3507 941 3641 995; x_wconf 87' lang='lat' dir='ltr'><strong><em>hora</em></strong></span> <span class='ocrx_word' id='word_1_175' title='bbox 3672 955 3783 1012; x_wconf 89' lang='lat' dir='ltr'><strong>qua</strong></span> 
     </span>
    </p>
   </div>
   <div class='ocr_carea' id='block_1_23' title="bbox 2169 1038 3783 1109">
    <p class='ocr_par' dir='ltr' id='par_1_23' title="bbox 2169 1038 3783 1109">
     <span class='ocr_line' id='line_1_23' title="bbox 2169 1038 3783 1109; baseline 0 -15"><span class='ocrx_word' id='word_1_176' title='bbox 2169 1038 2334 1095; x_wconf 79' lang='lat' dir='ltr'><strong><em>fueris</em></strong></span> <span class='ocrx_word' id='word_1_177' title='bbox 2361 1041 2643 1094; x_wconf 82' lang='lat' dir='ltr'><strong><em>confessus</em></strong></span> <span class='ocrx_word' id='word_1_178' title='bbox 2674 1057 2686 1091; x_wconf 91' lang='lat'><strong>:</strong></span> <span class='ocrx_word' id='word_1_179' title='bbox 2714 1040 2840 1106; x_wconf 90' lang='lat' dir='ltr'><strong>quia</strong></span> <span class='ocrx_word' id='word_1_180' title='bbox 2869 1049 2920 1093; x_wconf 91' lang='lat' dir='ltr'><strong><em>te</em></strong></span> <span class='ocrx_word' id='word_1_181' title='bbox 2944 1041 3098 1109; x_wconf 87' lang='lat' dir='ltr'><strong><em>plaga</em></strong></span> <span class='ocrx_word' id='word_1_182' title='bbox 3125 1038 3341 1093; x_wconf 87' lang='lat' dir='ltr'><strong><em>hostilis</em></strong></span> <span class='ocrx_word' id='word_1_183' title='bbox 3375 1038 3598 1105; x_wconf 88' lang='lat' dir='ltr'><strong><em>insedit,</em></strong></span> <span class='ocrx_word' id='word_1_184' title='bbox 3624 1038 3783 1094; x_wconf 85' lang='lat' dir='ltr'><strong><em>trade</em></strong></span> 
     </span>
    </p>
   </div>
   <div class='ocr_carea' id='block_1_24' title="bbox 2168 1127 3777 1197">
    <p class='ocr_par' dir='ltr' id='par_1_24' title="bbox 2168 1127 3777 1197">
     <span class='ocr_line' id='line_1_24' title="bbox 2168 1127 3777 1197; baseline -0.002 -10"><span class='ocrx_word' id='word_1_185' title='bbox 2168 1142 2220 1187; x_wconf 92' lang='lat' dir='ltr'><strong><em>te</em></strong></span> <span class='ocrx_word' id='word_1_186' title='bbox 2262 1130 2561 1186; x_wconf 85' lang='lat' dir='ltr'><strong><em>curandum</em></strong></span> <span class='ocrx_word' id='word_1_187' title='bbox 2595 1129 2904 1197; x_wconf 74' lang='lat' dir='ltr'><strong><em>medicinae,</em></strong></span> <span class='ocrx_word' id='word_1_188' title='bbox 2959 1129 3076 1197; x_wconf 88' lang='lat' dir='ltr'><strong><em>ipse</em></strong></span> <span class='ocrx_word' id='word_1_189' title='bbox 3114 1129 3212 1197; x_wconf 83' lang='lat' dir='ltr'><strong><em>tibi</em></strong></span> <span class='ocrx_word' id='word_1_190' title='bbox 3256 1127 3453 1184; x_wconf 86' lang='lat' dir='ltr'><strong><em>adhibe</em></strong></span> <span class='ocrx_word' id='word_1_191' title='bbox 3489 1128 3777 1183; x_wconf 76' lang='lat' dir='ltr'><strong><em>medelam.</em></strong></span> 
     </span>
    </p>
   </div>
   <div class='ocr_carea' id='block_1_25' title="bbox 2168 1220 3778 1289">
    <p class='ocr_par' dir='ltr' id='par_1_25' title="bbox 2168 1220 3778 1289">
     <span class='ocr_line' id='line_1_25' title="bbox 2168 1220 3778 1289; baseline -0.002 -8"><span class='ocrx_word' id='word_1_192' title='bbox 2168 1225 2476 1281; x_wconf 83' lang='lat' dir='ltr'><strong><em>Vulnerasti</em></strong></span> <span class='ocrx_word' id='word_1_193' title='bbox 2510 1234 2675 1279; x_wconf 79' lang='lat' dir='ltr'><strong><em>temet</em></strong></span> <span class='ocrx_word' id='word_1_194' title='bbox 2714 1224 2906 1279; x_wconf 91' lang='lat' dir='ltr'><strong><em>dicens</em></strong></span> <span class='ocrx_word' id='word_1_195' title='bbox 2940 1241 2951 1277; x_wconf 92' lang='lat'>:</span> <span class='ocrx_word' id='word_1_196' title='bbox 2996 1222 3120 1278; x_wconf 85' lang='lat' dir='ltr'><strong><em>Non</em></strong></span> <span class='ocrx_word' id='word_1_197' title='bbox 3150 1233 3226 1277; x_wconf 87' lang='lat' dir='ltr'><strong><em>est</em></strong></span> <span class='ocrx_word' id='word_1_198' title='bbox 3264 1239 3415 1278; x_wconf 82' lang='lat' dir='ltr'><strong><em>uerus</em></strong></span> <span class='ocrx_word' id='word_1_199' title='bbox 3440 1221 3537 1277; x_wconf 85' lang='lat' dir='ltr'><strong><em>Dei</em></strong></span> <span class='ocrx_word' id='word_1_200' title='bbox 3580 1220 3778 1289; x_wconf 85' lang='lat' dir='ltr'><strong><em>Filius,</em></strong></span> 
     </span>
    </p>
   </div>
   <div class='ocr_carea' id='block_1_26' title="bbox 2162 1315 3783 1386">
    <p class='ocr_par' dir='ltr' id='par_1_26' title="bbox 2162 1315 3783 1386">
     <span class='ocr_line' id='line_1_26' title="bbox 2162 1315 3783 1386; baseline -0.003 -10"><span class='ocrx_word' id='word_1_201' title='bbox 2162 1321 2357 1376; x_wconf 90' lang='lat' dir='ltr'><strong><em>iterum</em></strong></span> <span class='ocrx_word' id='word_1_202' title='bbox 2408 1330 2569 1375; x_wconf 86' lang='lat' dir='ltr'><strong><em>temet</em></strong></span> <span class='ocrx_word' id='word_1_203' title='bbox 2609 1330 2920 1386; x_wconf 79' lang='lat' dir='ltr'><strong><em>sanaturus,</em></strong></span> <span class='ocrx_word' id='word_1_204' title='bbox 2960 1319 3005 1373; x_wconf 93' lang='lat' dir='ltr'><strong><em>si</em></strong></span> <span class='ocrx_word' id='word_1_205' title='bbox 3049 1317 3201 1372; x_wconf 90' lang='lat' dir='ltr'><strong><em>dicas</em></strong></span> <span class='ocrx_word' id='word_1_206' title='bbox 3232 1327 3288 1372; x_wconf 91' lang='lat' dir='ltr'><strong><em>ut</em></strong></span> <span class='ocrx_word' id='word_1_207' title='bbox 3331 1332 3430 1371; x_wconf 91' lang='lat' dir='ltr'><strong><em>nos</em></strong></span> <span class='ocrx_word' id='word_1_208' title='bbox 3464 1315 3696 1371; x_wconf 88' lang='lat' dir='ltr'><strong><em>dicimus</em></strong></span> <span class='ocrx_word' id='word_1_209' title='bbox 3723 1325 3783 1371; x_wconf 84' lang='lat' dir='ltr'><strong><em>et</em></strong></span> 
     </span>
    </p>
   </div>
   <div class='ocr_carea' id='block_1_27' title="bbox 2161 1407 3775 1473">
    <p class='ocr_par' dir='ltr' id='par_1_27' title="bbox 2161 1407 3775 1473">
     <span class='ocr_line' id='line_1_27' title="bbox 2161 1407 3775 1473; baseline -0.007 -4"><span class='ocrx_word' id='word_1_210' title='bbox 2161 1415 2437 1469; x_wconf 77' lang='lat' dir='ltr'><strong><em>credimus</em></strong></span> <span class='ocrx_word' id='word_1_211' title='bbox 2460 1428 2583 1468; x_wconf 88' lang='lat' dir='ltr'><strong><em>esse</em></strong></span> <span class='ocrx_word' id='word_1_212' title='bbox 2605 1412 2755 1466; x_wconf 90' lang='lat' dir='ltr'><strong><em>illum</em></strong></span> <span class='ocrx_word' id='word_1_213' title='bbox 2780 1426 2971 1465; x_wconf 85' lang='lat' dir='ltr'><strong><em>verum</em></strong></span> <span class='ocrx_word' id='word_1_214' title='bbox 2998 1411 3092 1465; x_wconf 89' lang='lat' dir='ltr'><strong><em>Dei</em></strong></span> <span class='ocrx_word' id='word_1_215' title='bbox 3117 1408 3336 1464; x_wconf 80' lang='lat' dir='ltr'><strong><em>Filium.</em></strong></span> <span class='ocrx_word' id='word_1_216' title='bbox 3365 1407 3704 1463; x_wconf 83' lang='lat' dir='ltr'><strong><em>Revertimini</em></strong></span> <span class='ocrx_word' id='word_1_217' title='bbox 3726 1416 3775 1473; x_wconf 65' lang='grc' dir='ltr'><strong><em>εδ,</em></strong></span> 
     </span>
    </p>
   </div>
   <div class='ocr_carea' id='block_1_28' title="bbox 2161 1500 3780 1575">
    <p class='ocr_par' dir='ltr' id='par_1_28' title="bbox 2161 1500 3780 1575">
     <span class='ocr_line' id='line_1_28' title="bbox 2161 1500 3780 1575; baseline -0.007 -11"><span class='ocrx_word' id='word_1_218' title='bbox 2161 1509 2292 1565; x_wconf 86' lang='lat' dir='ltr'><strong><em>dicit</em></strong></span> <span class='ocrx_word' id='word_1_219' title='bbox 2322 1506 2506 1575; x_wconf 85' lang='lat' dir='ltr'><strong><em>Johel,</em></strong></span> <span class='ocrx_word' id='word_1_220' title='bbox 2534 1505 2602 1559; x_wconf 88' lang='lat' dir='ltr'><strong><em>ad</em></strong></span> <span class='ocrx_word' id='word_1_221' title='bbox 2624 1504 2910 1559; x_wconf 89' lang='lat' dir='ltr'><strong><em>Dominum</em></strong></span> <span class='ocrx_word' id='word_1_222' title='bbox 2937 1502 3109 1558; x_wconf 87' lang='lat' dir='ltr'><strong><em>Deum</em></strong></span> <span class='ocrx_word' id='word_1_223' title='bbox 3130 1515 3380 1567; x_wconf 80' lang='lat' dir='ltr'><strong><em>vestrum,</em></strong></span> <span class='ocrx_word' id='word_1_224' title='bbox 3406 1502 3649 1565; x_wconf 89' lang='lat' dir='ltr'><strong><em>quoniam</em></strong></span> <span class='ocrx_word' id='word_1_225' title='bbox 3678 1500 3780 1553; x_wconf 83' lang='lat' dir='ltr'><strong><em>mi-</em></strong></span> 
     </span>
    </p>
   </div>
   <div class='ocr_carea' id='block_1_29' title="bbox 2161 1594 3779 1670">
    <p class='ocr_par' dir='ltr' id='par_1_29' title="bbox 2161 1594 3779 1670">
     <span class='ocr_line' id='line_1_29' title="bbox 2161 1594 3779 1670; baseline -0.007 -14"><span class='ocrx_word' id='word_1_226' title='bbox 2161 1602 2378 1656; x_wconf 87' lang='lat' dir='ltr'><strong><em>sericors</em></strong></span> <span class='ocrx_word' id='word_1_227' title='bbox 2407 1610 2453 1653; x_wconf 86' lang='lat' dir='ltr'><strong><em>et</em></strong></span> <span class='ocrx_word' id='word_1_228' title='bbox 2478 1600 2593 1669; x_wconf 88' lang='lat' dir='ltr'><strong><em>pius</em></strong></span> <span class='ocrx_word' id='word_1_229' title='bbox 2622 1608 2669 1651; x_wconf 90' lang='lat' dir='ltr'><strong><em>et</em></strong></span> <span class='ocrx_word' id='word_1_230' title='bbox 2692 1599 2916 1670; x_wconf 87' lang='lat' dir='ltr'><strong><em>patiens,</em></strong></span> <span class='ocrx_word' id='word_1_231' title='bbox 2952 1606 2998 1650; x_wconf 87' lang='lat' dir='ltr'><strong><em>et</em></strong></span> <span class='ocrx_word' id='word_1_232' title='bbox 3020 1596 3199 1649; x_wconf 77' lang='lat' dir='ltr'><strong><em>multa:</em></strong></span> <span class='ocrx_word' id='word_1_233' title='bbox 3218 1594 3589 1657; x_wconf 74' lang='lat' dir='ltr'><strong><em>miserationis,</em></strong></span> <span class='ocrx_word' id='word_1_234' title='bbox 3615 1602 3661 1647; x_wconf 88' lang='lat' dir='ltr'><strong><em>et</em></strong></span> <span class='ocrx_word' id='word_1_235' title='bbox 3688 1594 3779 1662; x_wconf 89' lang='lat' dir='ltr'><strong><em>qui</em></strong></span> 
     </span>
    </p>
   </div>
   <div class='ocr_carea' id='block_1_30' title="bbox 2159 1686 3772 1763">
    <p class='ocr_par' dir='ltr' id='par_1_30' title="bbox 2159 1686 3772 1763">
     <span class='ocr_line' id='line_1_30' title="bbox 2159 1686 3772 1763; baseline -0.006 -13"><span class='ocrx_word' id='word_1_236' title='bbox 2159 1695 2467 1750; x_wconf 87' lang='lat' dir='ltr'><strong><em>sententiam</em></strong></span> <span class='ocrx_word' id='word_1_237' title='bbox 2485 1695 2660 1763; x_wconf 85' lang='lat' dir='ltr'><strong><em>ﬂectat</em></strong></span> <span class='ocrx_word' id='word_1_238' title='bbox 2678 1691 2926 1745; x_wconf 88' lang='lat' dir='ltr'><strong><em>adversus</em></strong></span> <span class='ocrx_word' id='word_1_239' title='bbox 2944 1691 3195 1744; x_wconf 84' lang='lat' dir='ltr'><strong><em>malitiam</em></strong></span> <span class='ocrx_word' id='word_1_240' title='bbox 3213 1689 3501 1759; x_wconf 82' lang='lat' dir='ltr'><strong><em>irrogatam</em></strong></span> <span class='ocrx_word' id='word_1_241' title='bbox 3524 1686 3687 1759; x_wconf 82' lang='lat' dir='ltr'><strong><em>(Joel.</em></strong></span> <span class='ocrx_word' id='word_1_242' title='bbox 3710 1702 3772 1750; x_wconf 85' lang='lat' dir='ltr'><strong><em>tt,</em></strong></span> 
     </span>
    </p>
   </div>
   <div class='ocr_carea' id='block_1_31' title="bbox 2163 1780 3767 1858">
    <p class='ocr_par' dir='ltr' id='par_1_31' title="bbox 2163 1780 3767 1858">
     <span class='ocr_line' id='line_1_31' title="bbox 2163 1780 3767 1858; baseline -0.007 -13"><span class='ocrx_word' id='word_1_243' title='bbox 2163 1790 2279 1858; x_wconf 76' lang='grc'><strong><em>15).</em></strong></span> <span class='ocrx_word' id='word_1_244' title='bbox 2310 1789 2367 1845; x_wconf 89' lang='lat' dir='ltr'><strong><em>Si</em></strong></span> <span class='ocrx_word' id='word_1_245' title='bbox 2386 1789 2527 1843; x_wconf 91' lang='lat' dir='ltr'><strong><em>hanc</em></strong></span> <span class='ocrx_word' id='word_1_246' title='bbox 2550 1789 2643 1843; x_wconf 87' lang='lat' dir='ltr'><strong><em>tibi</em></strong></span> <span class='ocrx_word' id='word_1_247' title='bbox 2676 1788 3002 1857; x_wconf 88' lang='lat' dir='ltr'><strong><em>promissam</em></strong></span> <span class='ocrx_word' id='word_1_248' title='bbox 3037 1785 3431 1854; x_wconf 77' lang='lat' dir='ltr'><strong><em>indulgentiam</em></strong></span> <span class='ocrx_word' id='word_1_249' title='bbox 3458 1781 3710 1837; x_wconf 83' lang='lat' dir='ltr'><strong><em>funerum</em></strong></span> <span class='ocrx_word' id='word_1_250' title='bbox 3748 1780 3767 1817; x_wconf 74' lang='grc' dir='ltr'><strong>ί</strong></span> 
     </span>
    </p>
   </div>
   <div class='ocr_carea' id='block_1_32' title="bbox 2159 1873 3770 1951">
    <p class='ocr_par' dir='ltr' id='par_1_32' title="bbox 2159 1873 3770 1951">
     <span class='ocr_line' id='line_1_32' title="bbox 2159 1873 3770 1951; baseline -0.006 -15"><span class='ocrx_word' id='word_1_251' title='bbox 2159 1891 2374 1937; x_wconf 92' lang='lat' dir='ltr'><strong><em>tuorum</em></strong></span> <span class='ocrx_word' id='word_1_252' title='bbox 2424 1879 2823 1951; x_wconf 79' lang='lat' dir='ltr'><strong><em>repudiandum</em></strong></span> <span class='ocrx_word' id='word_1_253' title='bbox 2865 1877 3113 1942; x_wconf 79' lang='lat' dir='ltr'><strong><em>duxeris,</em></strong></span> <span class='ocrx_word' id='word_1_254' title='bbox 3173 1876 3282 1931; x_wconf 88' lang='lat' dir='ltr'><strong><em>illic</em></strong></span> <span class='ocrx_word' id='word_1_255' title='bbox 3326 1876 3463 1930; x_wconf 89' lang='lat' dir='ltr'><strong><em>hanc</em></strong></span> <span class='ocrx_word' id='word_1_256' title='bbox 3507 1873 3770 1943; x_wconf 87' lang='lat' dir='ltr'><strong><em>consequi</em></strong></span> 
     </span>
    </p>
   </div>
   <div class='ocr_carea' id='block_1_33' title="bbox 446 1967 3776 2042">
    <p class='ocr_par' dir='ltr' id='par_1_33' title="bbox 446 1967 3776 2042">
     <span class='ocr_line' id='line_1_33' title="bbox 446 1967 3776 2042; baseline -0.003 -11"><span class='ocrx_word' id='word_1_257' title='bbox 446 1970 806 2042; x_wconf 80' lang='lat' dir='ltr'><strong><em>mograpltum</em></strong></span> <span class='ocrx_word' id='word_1_258' title='bbox 840 1987 855 2037; x_wconf 90' lang='lat'><strong>;</strong></span> <span class='ocrx_word' id='word_1_259' title='bbox 908 1970 1059 2040; x_wconf 70' lang='lat' dir='ltr'><strong><em>Apud</em></strong></span> <span class='ocrx_word' id='word_1_260' title='bbox 1103 1970 1300 2042; x_wconf 74' lang='lat' dir='ltr'><strong><em>inferos</em></strong></span> <span class='ocrx_word' id='word_1_261' title='bbox 1350 1978 1373 2006; x_wconf 82' lang='lat'><strong>°</strong></span> <span class='ocrx_word' id='word_1_262' title='bbox 1431 1968 1544 2037; x_wconf 71' lang='lat' dir='ltr'><strong><em>quis</em></strong></span> <span class='ocrx_word' id='word_1_263' title='bbox 1596 1967 1925 2037; x_wconf 64' lang='lat' dir='ltr'><strong><em>conﬁtebitur</em></strong></span> <span class='ocrx_word' id='word_1_264' title='bbox 1966 1968 2056 2022; x_wconf 68' lang='lat' dir='ltr'><strong><em>tibi</em></strong></span> <span class='ocrx_word' id='word_1_265' title='bbox 2088 1979 2134 2040; x_wconf 84' lang='grc' dir='ltr'>Β</span> <span class='ocrx_word' id='word_1_266' title='bbox 2161 1973 2593 2039; x_wconf 87' lang='lat' dir='ltr'><strong><em>desideraturus,</em></strong></span> <span class='ocrx_word' id='word_1_267' title='bbox 2627 1971 2717 2026; x_wconf 88' lang='lat' dir='ltr'><strong><em>ubi</em></strong></span> <span class='ocrx_word' id='word_1_268' title='bbox 2741 1970 2879 2026; x_wconf 86' lang='lat' dir='ltr'><strong><em>nihil</em></strong></span> <span class='ocrx_word' id='word_1_269' title='bbox 2909 1970 3018 2026; x_wconf 90' lang='lat' dir='ltr'><strong><em>eris</em></strong></span> <span class='ocrx_word' id='word_1_270' title='bbox 3043 1979 3241 2040; x_wconf 69' lang='lat' dir='ltr'><strong><em>praeter</em></strong></span> <span class='ocrx_word' id='word_1_271' title='bbox 3260 1969 3627 2025; x_wconf 84' lang='lat' dir='ltr'><strong><em>cruciamenta</em></strong></span> <span class='ocrx_word' id='word_1_272' title='bbox 3650 1981 3776 2037; x_wconf 85' lang='lat' dir='ltr'><strong><em>per-</em></strong></span> 
     </span>
    </p>
   </div>
   <div class='ocr_carea' id='block_1_34' title="bbox 447 2059 2058 2134">
    <p class='ocr_par' dir='ltr' id='par_1_34' title="bbox 447 2059 2058 2134">
     <span class='ocr_line' id='line_1_34' title="bbox 447 2059 2058 2134; baseline 0.001 -18"><span class='ocrx_word' id='word_1_273' title='bbox 447 2062 564 2134; x_wconf 89' lang='lat' dir='ltr'><strong><em>(Ps.</em></strong></span> <span class='ocrx_word' id='word_1_274' title='bbox 609 2079 684 2131; x_wconf 78' lang='lat' dir='ltr'><strong><em>v1,</em></strong></span> <span class='ocrx_word' id='word_1_275' title='bbox 736 2063 831 2133; x_wconf 85' lang='lat'><strong><em>6)?</em></strong></span> <span class='ocrx_word' id='word_1_276' title='bbox 875 2071 931 2120; x_wconf 89' lang='lat' dir='ltr'><strong><em>et</em></strong></span> <span class='ocrx_word' id='word_1_277' title='bbox 973 2062 1170 2119; x_wconf 90' lang='lat' dir='ltr'><strong><em>iterum</em></strong></span> <span class='ocrx_word' id='word_1_278' title='bbox 1215 2080 1227 2116; x_wconf 89' lang='lat'><strong>:</strong></span> <span class='ocrx_word' id='word_1_279' title='bbox 1275 2060 1549 2133; x_wconf 86' lang='lat' dir='ltr'><strong><em>Numquid</em></strong></span> <span class='ocrx_word' id='word_1_280' title='bbox 1585 2059 1613 2098; x_wconf 78' lang='grc' dir='ltr'><strong>ἀ</strong></span> <span class='ocrx_word' id='word_1_281' title='bbox 1657 2062 2058 2133; x_wconf 76' lang='lat' dir='ltr'><strong><em>exomologesim</em></strong></span> 
     </span>
    </p>
   </div>
   <div class='ocr_carea' id='block_1_35' title="bbox 519 2219 2047 2292">
    <p class='ocr_par' dir='ltr' id='par_1_35' title="bbox 519 2219 2047 2292">
     <span class='ocr_line' id='line_1_35' title="bbox 519 2219 2047 2292; baseline -0.001 -16"><span class='ocrx_word' id='word_1_282' title='bbox 519 2232 544 2259; x_wconf 73' lang='grc' dir='ltr'>ει</span> <span class='ocrx_word' id='word_1_283' title='bbox 587 2221 746 2277; x_wconf 80' lang='lat' dir='ltr'><strong><em>V&#39;ers.</em></strong></span> <span class='ocrx_word' id='word_1_284' title='bbox 773 2223 901 2276; x_wconf 92' lang='lat' dir='ltr'><strong><em>Ant.</em></strong></span> <span class='ocrx_word' id='word_1_285' title='bbox 927 2220 1009 2274; x_wconf 81' lang='lat' dir='ltr'><strong><em>An</em></strong></span> <span class='ocrx_word' id='word_1_286' title='bbox 1030 2219 1238 2275; x_wconf 83' lang='lat' dir='ltr'><strong><em>divitias</em></strong></span> <span class='ocrx_word' id='word_1_287' title='bbox 1261 2219 1507 2274; x_wconf 88' lang='lat' dir='ltr'><strong><em>bonitatis</em></strong></span> <span class='ocrx_word' id='word_1_288' title='bbox 1528 2223 1665 2292; x_wconf 89' lang='lat' dir='ltr'><strong><em>ejus,</em></strong></span> <span class='ocrx_word' id='word_1_289' title='bbox 1688 2226 1739 2273; x_wconf 92' lang='lat' dir='ltr'><strong><em>et</em></strong></span> <span class='ocrx_word' id='word_1_290' title='bbox 1762 2220 2047 2292; x_wconf 74' lang='lat' dir='ltr'><strong><em>patientiae,</em></strong></span> 
     </span>
    </p>
   </div>
   <div class='ocr_carea' id='block_1_36' title="bbox 445 2290 2047 2365">
    <p class='ocr_par' dir='ltr' id='par_1_36' title="bbox 445 2290 2047 2365">
     <span class='ocr_line' id='line_1_36' title="bbox 445 2290 2047 2365; baseline -0.001 -17"><span class='ocrx_word' id='word_1_291' title='bbox 445 2303 493 2349; x_wconf 88' lang='lat' dir='ltr'><strong><em>et</em></strong></span> <span class='ocrx_word' id='word_1_292' title='bbox 534 2293 945 2365; x_wconf 86' lang='lat' dir='ltr'><strong><em>longanimitatis</em></strong></span> <span class='ocrx_word' id='word_1_293' title='bbox 982 2292 1265 2346; x_wconf 76' lang='lat' dir='ltr'><strong><em>contemnis</em></strong></span> <span class='ocrx_word' id='word_1_294' title='bbox 1292 2333 1305 2357; x_wconf 94' lang='lat'><strong><em>,</em></strong></span> <span class='ocrx_word' id='word_1_295' title='bbox 1347 2290 1595 2363; x_wconf 78' lang='lat' dir='ltr'><strong><em>ignorans</em></strong></span> <span class='ocrx_word' id='word_1_296' title='bbox 1625 2291 1870 2360; x_wconf 87' lang='lat' dir='ltr'><strong><em>quoniam</em></strong></span> <span class='ocrx_word' id='word_1_297' title='bbox 1900 2290 2047 2346; x_wconf 84' lang='lat' dir='ltr'><strong><em>beni-</em></strong></span> 
     </span>
    </p>
   </div>
   <div class='ocr_carea' id='block_1_37' title="bbox 444 2365 1252 2438">
    <p class='ocr_par' dir='ltr' id='par_1_37' title="bbox 444 2365 1252 2438">
     <span class='ocr_line' id='line_1_37' title="bbox 444 2365 1252 2438; baseline -0.005 -19"><span class='ocrx_word' id='word_1_298' title='bbox 444 2366 737 2438; x_wconf 57' lang='lat' dir='ltr'><strong><em>gnitas”...</em></strong></span> <span class='ocrx_word' id='word_1_299' title='bbox 764 2365 1051 2438; x_wconf 74' lang='lat' dir='ltr'><strong><em>secundum</em></strong></span> <span class='ocrx_word' id='word_1_300' title='bbox 1071 2380 1252 2438; x_wconf 81' lang='lat' dir='ltr'><strong><em>Opera.</em></strong></span> 
     </span>
    </p>
   </div>
   <div class='ocr_carea' id='block_1_38' title="bbox 518 2434 2041 2503">
    <p class='ocr_par' dir='ltr' id='par_1_38' title="bbox 518 2434 2041 2503">
     <span class='ocr_line' id='line_1_38' title="bbox 518 2434 2041 2503; baseline -0.003 -11"><span class='ocrx_word' id='word_1_301' title='bbox 518 2436 545 2474; x_wconf 73' lang='grc' dir='ltr'>δ</span> <span class='ocrx_word' id='word_1_302' title='bbox 586 2435 724 2492; x_wconf 82' lang='lat' dir='ltr'><strong><em>Vers</em></strong></span> <span class='ocrx_word' id='word_1_303' title='bbox 786 2441 913 2490; x_wconf 90' lang='lat' dir='ltr'><strong><em>Ant.</em></strong></span> <span class='ocrx_word' id='word_1_304' title='bbox 948 2435 1053 2501; x_wconf 85' lang='lat' dir='ltr'><strong><em>Qui</em></strong></span> <span class='ocrx_word' id='word_1_305' title='bbox 1080 2452 1167 2488; x_wconf 76' lang='lat' dir='ltr'><strong><em>vos</em></strong></span> <span class='ocrx_word' id='word_1_306' title='bbox 1199 2434 1375 2489; x_wconf 87' lang='lat' dir='ltr'><strong><em>beatos</em></strong></span> <span class='ocrx_word' id='word_1_307' title='bbox 1401 2434 1609 2499; x_wconf 86' lang='lat' dir='ltr'><strong><em>dicunt,</em></strong></span> <span class='ocrx_word' id='word_1_308' title='bbox 1644 2435 1903 2489; x_wconf 82' lang='lat' dir='ltr'><strong><em>seducunt</em></strong></span> <span class='ocrx_word' id='word_1_309' title='bbox 1931 2450 2041 2503; x_wconf 82' lang='lat' dir='ltr'><strong><em>vos,</em></strong></span> 
     </span>
    </p>
   </div>
   <div class='ocr_carea' id='block_1_39' title="bbox 444 2505 1507 2580">
    <p class='ocr_par' dir='ltr' id='par_1_39' title="bbox 444 2505 1507 2580">
     <span class='ocr_line' id='line_1_39' title="bbox 444 2505 1507 2580; baseline -0.002 -17"><span class='ocrx_word' id='word_1_310' title='bbox 444 2518 491 2563; x_wconf 87' lang='lat' dir='ltr'><strong><em>et</em></strong></span> <span class='ocrx_word' id='word_1_311' title='bbox 527 2512 634 2580; x_wconf 82' lang='lat' dir='ltr'><strong><em>vias</em></strong></span> <span class='ocrx_word' id='word_1_312' title='bbox 661 2508 852 2580; x_wconf 90' lang='lat' dir='ltr'><strong><em>pedum</em></strong></span> <span class='ocrx_word' id='word_1_313' title='bbox 876 2521 1163 2580; x_wconf 76' lang='lat' dir='ltr'><strong><em>vestrorum</em></strong></span> <span class='ocrx_word' id='word_1_314' title='bbox 1190 2505 1507 2580; x_wconf 68' lang='lat' dir='ltr'><strong><em>disturbant.</em></strong></span> 
     </span>
    </p>
   </div>
   <div class='ocr_carea' id='block_1_40' title="bbox 521 2576 1521 2647">
    <p class='ocr_par' dir='ltr' id='par_1_40' title="bbox 521 2576 1521 2647">
     <span class='ocr_line' id='line_1_40' title="bbox 521 2576 1521 2647; baseline -0.001 -17"><span class='ocrx_word' id='word_1_315' title='bbox 521 2592 542 2617; x_wconf 78' lang='grc' dir='ltr'><strong>ο</strong></span> <span class='ocrx_word' id='word_1_316' title='bbox 589 2576 739 2634; x_wconf 78' lang='lat' dir='ltr'><strong><em>Vers.</em></strong></span> <span class='ocrx_word' id='word_1_317' title='bbox 776 2584 901 2634; x_wconf 83' lang='lat' dir='ltr'><strong><em>Ant.</em></strong></span> <span class='ocrx_word' id='word_1_318' title='bbox 931 2587 986 2633; x_wconf 85' lang='lat' dir='ltr'><strong><em>et</em></strong></span> <span class='ocrx_word' id='word_1_319' title='bbox 1015 2577 1172 2647; x_wconf 85' lang='lat' dir='ltr'><strong><em>Vulg.</em></strong></span> <span class='ocrx_word' id='word_1_320' title='bbox 1208 2576 1521 2646; x_wconf 70' lang='lat' dir='ltr'><strong><em>[uin/eruo.</em></strong></span> 
     </span>
    </p>
   </div>
   <div class='ocr_carea' id='block_1_41' title="bbox 515 2648 2042 2723">
    <p class='ocr_par' dir='ltr' id='par_1_41' title="bbox 515 2648 2042 2723">
     <span class='ocr_line' id='line_1_41' title="bbox 515 2648 2042 2723; baseline -0.001 -17"><span class='ocrx_word' id='word_1_321' title='bbox 515 2648 541 2687; x_wconf 66' lang='grc' dir='ltr'><em>δ</em></span> <span class='ocrx_word' id='word_1_322' title='bbox 586 2649 671 2706; x_wconf 86' lang='lat' dir='ltr'><strong><em>Uti</em></strong></span> <span class='ocrx_word' id='word_1_323' title='bbox 694 2650 757 2723; x_wconf 12' lang='lat' dir='ltr'><strong><em>Vin</em></strong></span> <span class='ocrx_word' id='word_1_324' title='bbox 787 2650 1001 2723; x_wconf 55' lang='lat' dir='ltr'><strong><em>Graeco,</em></strong></span> <span class='ocrx_word' id='word_1_325' title='bbox 1032 2656 1101 2722; x_wconf 73' lang='grc' dir='ltr'><strong><em>μὴ</em></strong></span> <span class='ocrx_word' id='word_1_326' title='bbox 1127 2649 1546 2723; x_wconf 73' lang='grc' dir='ltr'><strong><em>ἐξομολογήσεταὶ</em></strong></span> <span class='ocrx_word' id='word_1_327' title='bbox 1574 2671 1654 2723; x_wconf 62' lang='lat' dir='ltr'><strong><em>eo;</em></strong></span> <span class='ocrx_word' id='word_1_328' title='bbox 1685 2658 1841 2723; x_wconf 83' lang='grc' dir='ltr'><strong><em>χοῦς.</em></strong></span> <span class='ocrx_word' id='word_1_329' title='bbox 1877 2651 1953 2705; x_wconf 86' lang='lat' dir='ltr'><strong><em>[ta</em></strong></span> <span class='ocrx_word' id='word_1_330' title='bbox 1986 2661 2042 2705; x_wconf 86' lang='lat' dir='ltr'><strong><em>et</em></strong></span> 
     </span>
    </p>
   </div>
   <div class='ocr_carea' id='block_1_42' title="bbox 444 2720 2038 2795">
    <p class='ocr_par' dir='ltr' id='par_1_42' title="bbox 444 2720 2038 2795">
     <span class='ocr_line' id='line_1_42' title="bbox 444 2720 2038 2795; baseline -0.001 -17"><span class='ocrx_word' id='word_1_331' title='bbox 444 2720 611 2795; x_wconf 88' lang='lat' dir='ltr'><strong><em>Cypr.</em></strong></span> <span class='ocrx_word' id='word_1_332' title='bbox 647 2722 744 2778; x_wconf 93' lang='lat' dir='ltr'><strong><em>lib.</em></strong></span> <span class='ocrx_word' id='word_1_333' title='bbox 786 2737 844 2777; x_wconf 85' lang='grc' dir='ltr'><strong><em>ιιι</em></strong></span> <span class='ocrx_word' id='word_1_334' title='bbox 872 2720 1105 2777; x_wconf 81' lang='lat' dir='ltr'><strong><em>Testiin.</em></strong></span> <span class='ocrx_word' id='word_1_335' title='bbox 1150 2720 1306 2776; x_wconf 75' lang='lat' dir='ltr'><strong><em>vers.</em></strong></span> <span class='ocrx_word' id='word_1_336' title='bbox 1340 2720 1478 2776; x_wconf 52' lang='lat' dir='ltr'><strong><em>&#39;Ant.</em></strong></span> <span class='ocrx_word' id='word_1_337' title='bbox 1523 2730 1579 2776; x_wconf 93' lang='lat' dir='ltr'><strong><em>et</em></strong></span> <span class='ocrx_word' id='word_1_338' title='bbox 1614 2720 1771 2793; x_wconf 68' lang='lat' dir='ltr'><strong><em>Vulg.</em></strong></span> <span class='ocrx_word' id='word_1_339' title='bbox 1817 2723 2038 2793; x_wconf 82' lang='lat' dir='ltr'><strong><em>conﬁte-</em></strong></span> 
     </span>
    </p>
   </div>
   <div class='ocr_carea' id='block_1_43' title="bbox 434 2880 801 2903">
    <p class='ocr_par' dir='ltr' id='par_1_43' title="bbox 434 2880 801 2903">
     <span class='ocr_line' id='line_1_43' title="bbox 434 2880 801 2903; baseline 0.003 -3"><span class='ocrx_word' id='word_1_340' title='bbox 434 2880 801 2903; x_wconf 50' lang='grc'><strong><em>*-</em></strong></span> 
     </span>
    </p>
   </div>
   <div class='ocr_carea' id='block_1_44' title="bbox 2166 2076 2762 2137">
    <p class='ocr_par' dir='ltr' id='par_1_44' title="bbox 2166 2076 2762 2137">
     <span class='ocr_line' id='line_1_44' title="bbox 2166 2076 2762 2137; baseline -0.007 -16"><span class='ocrx_word' id='word_1_341' title='bbox 2166 2076 2424 2137; x_wconf 89' lang='lat' dir='ltr'><strong><em>cepturus</em></strong></span> <span class='ocrx_word' id='word_1_342' title='bbox 2457 2079 2762 2137; x_wconf 62' lang='lat' dir='ltr'><strong><em>poenarum.</em></strong></span> 
     </span>
    </p>
   </div>
   <div class='ocr_carea' id='block_1_45' title="bbox 2154 2223 2314 2278">
    <p class='ocr_par' dir='ltr' id='par_1_45' title="bbox 2154 2223 2314 2278">
     <span class='ocr_line' id='line_1_45' title="bbox 2154 2223 2314 2278; baseline 0 -1"><span class='ocrx_word' id='word_1_343' title='bbox 2154 2223 2314 2278; x_wconf 88' lang='lat' dir='ltr'><strong><em>bitur.</em></strong></span> 
     </span>
    </p>
   </div>
   <div class='ocr_carea' id='block_1_46' title="bbox 2228 2291 3770 2360">
    <p class='ocr_par' dir='ltr' id='par_1_46' title="bbox 2228 2291 3770 2360">
     <span class='ocr_line' id='line_1_46' title="bbox 2228 2291 3770 2360; baseline -0.001 -11"><span class='ocrx_word' id='word_1_344' title='bbox 2228 2305 2250 2331; x_wconf 74' lang='grc' dir='ltr'>ε</span> <span class='ocrx_word' id='word_1_345' title='bbox 2296 2294 2453 2350; x_wconf 79' lang='lat' dir='ltr'><strong><em>Vers.</em></strong></span> <span class='ocrx_word' id='word_1_346' title='bbox 2497 2297 2630 2352; x_wconf 85' lang='lat' dir='ltr'><strong><em>Ant.</em></strong></span> <span class='ocrx_word' id='word_1_347' title='bbox 2674 2291 3172 2347; x_wconf 83' lang='lat' dir='ltr'><strong><em>Convertimini.....</em></strong></span> <span class='ocrx_word' id='word_1_348' title='bbox 3218 2292 3343 2360; x_wconf 89' lang='lat' dir='ltr'><strong><em>quia</em></strong></span> <span class='ocrx_word' id='word_1_349' title='bbox 3384 2292 3680 2347; x_wconf 87' lang='lat' dir='ltr'><strong><em>misericors</em></strong></span> <span class='ocrx_word' id='word_1_350' title='bbox 3720 2301 3770 2348; x_wconf 87' lang='lat' dir='ltr'><strong><em>et</em></strong></span> 
     </span>
    </p>
   </div>
   <div class='ocr_carea' id='block_1_47' title="bbox 2150 2364 3767 2438">
    <p class='ocr_par' dir='ltr' id='par_1_47' title="bbox 2150 2364 3767 2438">
     <span class='ocr_line' id='line_1_47' title="bbox 2150 2364 3767 2438; baseline -0.001 -19"><span class='ocrx_word' id='word_1_351' title='bbox 2150 2367 2429 2438; x_wconf 83' lang='lat' dir='ltr'><strong><em>miserator</em></strong></span> <span class='ocrx_word' id='word_1_352' title='bbox 2475 2381 2594 2431; x_wconf 81' lang='lat' dir='ltr'><strong><em>est,</em></strong></span> <span class='ocrx_word' id='word_1_353' title='bbox 2644 2366 2969 2438; x_wconf 46' lang='lat' dir='ltr'><strong><em>pttlt&#39;etts..;..</em></strong></span> <span class='ocrx_word' id='word_1_354' title='bbox 3022 2365 3481 2438; x_wconf 56' lang='lat' dir='ltr'><strong><em>pwuirenssuper</em></strong></span> <span class='ocrx_word' id='word_1_355' title='bbox 3526 2364 3767 2438; x_wconf 75' lang='lat' dir='ltr'><strong><em>malitiis.</em></strong></span> 
     </span>
    </p>
   </div>
   <div class='ocr_carea' id='block_1_48' title="bbox 2149 2434 3771 2509">
    <p class='ocr_par' dir='ltr' id='par_1_48' title="bbox 2149 2434 3771 2509">
     <span class='ocr_line' id='line_1_48' title="bbox 2149 2434 3771 2509; baseline 0.001 -21"><span class='ocrx_word' id='word_1_356' title='bbox 2149 2437 2314 2508; x_wconf 74' lang='lat' dir='ltr'><strong><em>()ypr.</em></strong></span> <span class='ocrx_word' id='word_1_357' title='bbox 2349 2454 2439 2509; x_wconf 90' lang='lat' dir='ltr'><strong><em>ep.</em></strong></span> <span class='ocrx_word' id='word_1_358' title='bbox 2473 2438 2564 2505; x_wconf 70' lang='lat'><strong><em>52,</em></strong></span> <span class='ocrx_word' id='word_1_359' title='bbox 2600 2434 2657 2493; x_wconf 84' lang='lat' dir='ltr'><strong><em>et</em></strong></span> <span class='ocrx_word' id='word_1_360' title='bbox 2689 2436 2850 2501; x_wconf 85' lang='lat' dir='ltr'><strong><em>Vict.,</em></strong></span> <span class='ocrx_word' id='word_1_361' title='bbox 2889 2434 3030 2491; x_wconf 64' lang='lat' dir='ltr'><strong><em>&#39;l‘unl</em></strong></span> <span class='ocrx_word' id='word_1_362' title='bbox 3076 2434 3416 2491; x_wconf 84' lang='lat' dir='ltr'><strong><em>conveniunt</em></strong></span> <span class='ocrx_word' id='word_1_363' title='bbox 3453 2449 3578 2490; x_wconf 88' lang='lat' dir='ltr'><strong><em>cum</em></strong></span> <span class='ocrx_word' id='word_1_364' title='bbox 3610 2434 3771 2489; x_wconf 85' lang='lat' dir='ltr'><strong><em>Luci-</em></strong></span> 
     </span>
    </p>
   </div>
   <div class='ocr_carea' id='block_1_49' title="bbox 2154 2509 3766 2651">
    <p class='ocr_par' dir='ltr' id='par_1_49' title="bbox 2154 2509 3766 2651">
     <span class='ocr_line' id='line_1_49' title="bbox 2154 2509 3766 2651; baseline -0.002 -17"><span class='ocrx_word' id='word_1_365' title='bbox 2154 2509 2342 2635; x_wconf 46' lang='grc' dir='ltr'>Ῐθΐίοὶιι</span> <span class='ocrx_word' id='word_1_366' title='bbox 2391 2590 2503 2646; x_wconf 89' lang='lat' dir='ltr'><strong><em>est,</em></strong></span> <span class='ocrx_word' id='word_1_367' title='bbox 2555 2580 2852 2649; x_wconf 80' lang='lat' dir='ltr'><strong><em>facinorum</em></strong></span> <span class='ocrx_word' id='word_1_368' title='bbox 2899 2595 3015 2651; x_wconf 77' lang='lat' dir='ltr'><strong><em>qua:</em></strong></span> <span class='ocrx_word' id='word_1_369' title='bbox 3062 2589 3209 2633; x_wconf 88' lang='lat' dir='ltr'><strong><em>tanta</em></strong></span> <span class='ocrx_word' id='word_1_370' title='bbox 3235 2582 3438 2651; x_wconf 83' lang='lat' dir='ltr'><strong><em>funera</em></strong></span> <span class='ocrx_word' id='word_1_371' title='bbox 3470 2578 3527 2632; x_wconf 88' lang='lat' dir='ltr'><strong><em>in</em></strong></span> <span class='ocrx_word' id='word_1_372' title='bbox 3571 2576 3766 2632; x_wconf 78' lang='lat' dir='ltr'><strong><em>Christi</em></strong></span> 
     </span>
    </p>
   </div>
   <div class='ocr_carea' id='block_1_50' title="bbox 2153 2648 3767 2721">
    <p class='ocr_par' dir='ltr' id='par_1_50' title="bbox 2153 2648 3767 2721">
     <span class='ocr_line' id='line_1_50' title="bbox 2153 2648 3767 2721; baseline -0.001 -15"><span class='ocrx_word' id='word_1_373' title='bbox 2153 2651 2440 2706; x_wconf 83' lang='lat' dir='ltr'><strong><em>Ecclesium</em></strong></span> <span class='ocrx_word' id='word_1_374' title='bbox 2462 2648 2749 2706; x_wconf 85' lang='lat' dir='ltr'><strong><em>intulerunt</em></strong></span> <span class='ocrx_word' id='word_1_375' title='bbox 2773 2669 2791 2718; x_wconf 87' lang='lat'><strong><em>;</em></strong></span> <span class='ocrx_word' id='word_1_376' title='bbox 2820 2653 2871 2705; x_wconf 91' lang='lat' dir='ltr'><strong><em>in</em></strong></span> <span class='ocrx_word' id='word_1_377' title='bbox 2901 2648 3011 2721; x_wconf 69' lang='lat' dir='ltr'><strong><em>uno</em></strong></span> <span class='ocrx_word' id='word_1_378' title='bbox 3039 2666 3205 2704; x_wconf 82' lang='lat' dir='ltr'><strong><em>sensu</em></strong></span> <span class='ocrx_word' id='word_1_379' title='bbox 3235 2648 3336 2707; x_wconf 87' lang='lat' dir='ltr'><strong><em>hac</em></strong></span> <span class='ocrx_word' id='word_1_380' title='bbox 3364 2664 3497 2705; x_wconf 93' lang='lat' dir='ltr'><strong><em>voce</em></strong></span> <span class='ocrx_word' id='word_1_381' title='bbox 3522 2663 3655 2705; x_wconf 87' lang='lat' dir='ltr'><strong><em>usus</em></strong></span> <span class='ocrx_word' id='word_1_382' title='bbox 3678 2658 3767 2705; x_wconf 89' lang='lat' dir='ltr'><strong><em>est</em></strong></span> 
     </span>
    </p>
   </div>
   <div class='ocr_carea' id='block_1_51' title="bbox 2146 2721 3297 2795">
    <p class='ocr_par' dir='ltr' id='par_1_51' title="bbox 2146 2721 3297 2795">
     <span class='ocr_line' id='line_1_51' title="bbox 2146 2721 3297 2795; baseline -0.003 -16"><span class='ocrx_word' id='word_1_383' title='bbox 2146 2722 2366 2779; x_wconf 77' lang='lat' dir='ltr'><strong><em>Lucifer</em></strong></span> <span class='ocrx_word' id='word_1_384' title='bbox 2394 2724 2562 2779; x_wconf 89' lang='lat' dir='ltr'><strong><em>etiam</em></strong></span> <span class='ocrx_word' id='word_1_385' title='bbox 2597 2739 2765 2794; x_wconf 89' lang='lat' dir='ltr'><strong><em>supra</em></strong></span> <span class='ocrx_word' id='word_1_386' title='bbox 2798 2738 2919 2795; x_wconf 89' lang='lat' dir='ltr'><strong><em>pag.</em></strong></span> <span class='ocrx_word' id='word_1_387' title='bbox 2949 2722 3043 2787; x_wconf 76' lang='grc'><strong><em>41,</em></strong></span> <span class='ocrx_word' id='word_1_388' title='bbox 3074 2721 3172 2777; x_wconf 90' lang='lat' dir='ltr'><strong><em>lin.</em></strong></span> <span class='ocrx_word' id='word_1_389' title='bbox 3205 2721 3297 2775; x_wconf 69' lang='grc'><strong><em>24.</em></strong></span> 
     </span>
    </p>
   </div>
   <div class='ocr_carea' id='block_1_52' title="bbox 1274 3023 2911 3146">
    <p class='ocr_par' dir='ltr' id='par_1_52' title="bbox 1274 3023 2911 3146">
     <span class='ocr_line' id='line_1_52' title="bbox 1274 3023 2911 3146; baseline 0 -6"><span class='ocrx_word' id='word_1_390' title='bbox 1274 3023 1422 3140; x_wconf 80' lang='lat' dir='ltr'><strong><em>S.</em></strong></span> <span class='ocrx_word' id='word_1_391' title='bbox 1503 3028 1681 3146; x_wconf 78' lang='grc' dir='ltr'><strong><em>Ρ.</em></strong></span> <span class='ocrx_word' id='word_1_392' title='bbox 1764 3028 1958 3139; x_wconf 80' lang='grc' dir='ltr'><strong><em>Ν.</em></strong></span> <span class='ocrx_word' id='word_1_393' title='bbox 2042 3024 2911 3142; x_wconf 73' lang='lat' dir='ltr'><strong><em>LUCIPERI</em></strong></span> 
     </span>
    </p>
   </div>
   <div class='ocr_carea' id='block_1_53' title="bbox 1644 3217 2538 3282">
    <p class='ocr_par' dir='ltr' id='par_1_53' title="bbox 1644 3217 2538 3282">
     <span class='ocr_line' id='line_1_53' title="bbox 1644 3217 2538 3282; baseline -0.002 -2"><span class='ocrx_word' id='word_1_394' title='bbox 1644 3217 1999 3282; x_wconf 86' lang='lat' dir='ltr'><strong><em>EPISCOPI</em></strong></span> <span class='ocrx_word' id='word_1_395' title='bbox 2043 3217 2538 3282; x_wconf 79' lang='lat' dir='ltr'><strong><em>CALARITANI</em></strong></span> 
     </span>
    </p>
   </div>
   <div class='ocr_carea' id='block_1_54' title="bbox 800 3374 3385 3535">
    <p class='ocr_par' dir='ltr' id='par_1_54' title="bbox 800 3374 3385 3535">
     <span class='ocr_line' id='line_1_54' title="bbox 800 3374 3385 3535; baseline -0.001 -5"><span class='ocrx_word' id='word_1_396' title='bbox 800 3384 1212 3535; x_wconf 80' lang='lat' dir='ltr'><strong><em>PRO</em></strong></span> <span class='ocrx_word' id='word_1_397' title='bbox 1307 3383 2102 3534; x_wconf 84' lang='lat' dir='ltr'><strong><em>SANCTO</em></strong></span> <span class='ocrx_word' id='word_1_398' title='bbox 2200 3374 3385 3529; x_wconf 82' lang='lat' dir='ltr'><strong><em>ATHANASIO</em></strong></span> 
     </span>
    </p>
   </div>
   <div class='ocr_carea' id='block_1_55' title="bbox 1067 3622 3119 3713">
    <p class='ocr_par' dir='ltr' id='par_1_55' title="bbox 1067 3622 3119 3713">
     <span class='ocr_line' id='line_1_55' title="bbox 1067 3622 3119 3713; baseline -0.003 -1"><span class='ocrx_word' id='word_1_399' title='bbox 1067 3629 1227 3713; x_wconf 91' lang='lat' dir='ltr'><strong><em>AD</em></strong></span> <span class='ocrx_word' id='word_1_400' title='bbox 1304 3626 2157 3713; x_wconf 85' lang='lat' dir='ltr'><strong><em>CONSTANTIUM</em></strong></span> <span class='ocrx_word' id='word_1_401' title='bbox 2236 3622 3119 3711; x_wconf 83' lang='lat' dir='ltr'><strong><em>IMPERATOREM</em></strong></span> 
     </span>
    </p>
   </div>
   <div class='ocr_carea' id='block_1_56' title="bbox 1772 3805 2398 3881">
    <p class='ocr_par' dir='ltr' id='par_1_56' title="bbox 1772 3805 2398 3881">
     <span class='ocr_line' id='line_1_56' title="bbox 1772 3805 2398 3881; baseline -0.005 -3"><span class='ocrx_word' id='word_1_402' title='bbox 1772 3806 2069 3881; x_wconf 84' lang='lat' dir='ltr'><strong>LIBRI</strong></span> <span class='ocrx_word' id='word_1_403' title='bbox 2142 3805 2398 3879; x_wconf 87' lang='lat' dir='ltr'><strong><em>DUO.</em></strong></span> 
     </span>
    </p>
   </div>
   <div class='ocr_carea' id='block_1_57' title="bbox 1728 4082 2446 4147">
    <p class='ocr_par' dir='ltr' id='par_1_57' title="bbox 1728 4082 2446 4147">
     <span class='ocr_line' id='line_1_57' title="bbox 1728 4082 2446 4147; baseline -0.006 0"><span class='ocrx_word' id='word_1_404' title='bbox 1728 4085 2011 4147; x_wconf 80' lang='lat' dir='ltr'><strong>LIBER</strong></span> <span class='ocrx_word' id='word_1_405' title='bbox 2064 4082 2446 4147; x_wconf 84' lang='lat' dir='ltr'><strong><em>PRIMUS.</em></strong></span> 
     </span>
    </p>
   </div>
   <div class='ocr_carea' id='block_1_58' title="bbox 503 4365 3751 4445">
    <p class='ocr_par' dir='ltr' id='par_1_58' title="bbox 503 4365 3751 4445">
     <span class='ocr_line' id='line_1_58' title="bbox 503 4365 3751 4445; baseline 0 -23"><span class='ocrx_word' id='word_1_406' title='bbox 503 4365 663 4438; x_wconf 87' lang='lat' dir='ltr'><strong><em>Cogis</em></strong></span> <span class='ocrx_word' id='word_1_407' title='bbox 693 4381 791 4423; x_wconf 89' lang='lat' dir='ltr'><strong><em>nos</em></strong></span> <span class='ocrx_word' id='word_1_408' title='bbox 811 4408 825 4433; x_wconf 92' lang='lat'><strong><em>,</em></strong></span> <span class='ocrx_word' id='word_1_409' title='bbox 863 4367 1186 4439; x_wconf 80' lang='lat' dir='ltr'><strong><em>Constanti,</em></strong></span> <span class='ocrx_word' id='word_1_410' title='bbox 1220 4371 1501 4427; x_wconf 86' lang='lat' dir='ltr'><strong><em>absentem</em></strong></span> <span class='ocrx_word' id='word_1_411' title='bbox 1548 4371 1813 4429; x_wconf 89' lang='lat' dir='ltr'><strong><em>damnare</em></strong></span> <span class='ocrx_word' id='word_1_412' title='bbox 1841 4388 2040 4429; x_wconf 90' lang='lat' dir='ltr'><strong><em>consa-</em></strong></span> <span class='ocrx_word' id='word_1_413' title='bbox 2069 4384 2114 4445; x_wconf 71' lang='grc' dir='ltr'>ρ</span> <span class='ocrx_word' id='word_1_414' title='bbox 2146 4394 2244 4431; x_wconf 90' lang='lat' dir='ltr'><strong><em>me.</em></strong></span> <span class='ocrx_word' id='word_1_415' title='bbox 2283 4375 2348 4430; x_wconf 88' lang='lat' dir='ltr'><strong><em>Et</em></strong></span> <span class='ocrx_word' id='word_1_416' title='bbox 2376 4376 2507 4429; x_wconf 75' lang='lat' dir='ltr'><strong><em>dixit</em></strong></span> <span class='ocrx_word' id='word_1_417' title='bbox 2532 4374 2611 4428; x_wconf 88' lang='lat' dir='ltr'><strong><em>illi</em></strong></span> <span class='ocrx_word' id='word_1_418' title='bbox 2640 4372 2821 4427; x_wconf 88' lang='lat' dir='ltr'><strong><em>Deus:</em></strong></span> <span class='ocrx_word' id='word_1_419' title='bbox 2849 4372 2979 4440; x_wconf 83' lang='lat' dir='ltr'><strong><em>Quis</em></strong></span> <span class='ocrx_word' id='word_1_420' title='bbox 3006 4371 3095 4425; x_wconf 85' lang='lat' dir='ltr'><strong><em>tibi</em></strong></span> <span class='ocrx_word' id='word_1_421' title='bbox 3121 4370 3390 4435; x_wconf 86' lang='lat' dir='ltr'><strong><em>indicavit,</em></strong></span> <span class='ocrx_word' id='word_1_422' title='bbox 3424 4369 3547 4438; x_wconf 86' lang='lat' dir='ltr'><strong><em>quia</em></strong></span> <span class='ocrx_word' id='word_1_423' title='bbox 3575 4368 3751 4423; x_wconf 89' lang='lat' dir='ltr'><strong><em>nudus</em></strong></span> 
     </span>
    </p>
   </div>
   <div class='ocr_carea' id='block_1_59' title="bbox 420 4461 2037 4535">
    <p class='ocr_par' dir='ltr' id='par_1_59' title="bbox 420 4461 2037 4535">
     <span class='ocr_line' id='line_1_59' title="bbox 420 4461 2037 4535; baseline 0.002 -17"><span class='ocrx_word' id='word_1_424' title='bbox 420 4461 714 4518; x_wconf 73' lang='lat' dir='ltr'><strong><em>cerdotem</em></strong></span> <span class='ocrx_word' id='word_1_425' title='bbox 745 4473 992 4517; x_wconf 89' lang='lat' dir='ltr'><strong><em>nostrum</em></strong></span> <span class='ocrx_word' id='word_1_426' title='bbox 1026 4464 1347 4535; x_wconf 85' lang='lat' dir='ltr'><strong><em>religiosum</em></strong></span> <span class='ocrx_word' id='word_1_427' title='bbox 1378 4466 1742 4521; x_wconf 82' lang='lat' dir='ltr'><strong><em>Athanasium</em></strong></span> <span class='ocrx_word' id='word_1_428' title='bbox 1769 4483 1783 4521; x_wconf 88' lang='lat'><strong>:</strong></span> <span class='ocrx_word' id='word_1_429' title='bbox 1828 4468 1923 4521; x_wconf 89' lang='lat' dir='ltr'><strong><em>sed</em></strong></span> <span class='ocrx_word' id='word_1_430' title='bbox 1955 4468 2037 4522; x_wconf 88' lang='lat' dir='ltr'><strong><em>di-</em></strong></span> 
     </span>
    </p>
   </div>
   <div class='ocr_carea' id='block_1_60' title="bbox 436 4554 2037 4628">
    <p class='ocr_par' dir='ltr' id='par_1_60' title="bbox 436 4554 2037 4628">
     <span class='ocr_line' id='line_1_60' title="bbox 436 4554 2037 4628; baseline 0.003 -19"><span class='ocrx_word' id='word_1_431' title='bbox 436 4556 558 4610; x_wconf 85' lang='lat' dir='ltr'><strong><em>vina</em></strong></span> <span class='ocrx_word' id='word_1_432' title='bbox 593 4554 641 4609; x_wconf 91' lang='lat' dir='ltr'><strong><em>id</em></strong></span> <span class='ocrx_word' id='word_1_433' title='bbox 671 4554 852 4609; x_wconf 68' lang='lat' dir='ltr'><strong><em>facere</em></strong></span> <span class='ocrx_word' id='word_1_434' title='bbox 880 4554 1233 4623; x_wconf 86' lang='lat' dir='ltr'><strong><em>prohibemur</em></strong></span> <span class='ocrx_word' id='word_1_435' title='bbox 1262 4558 1415 4624; x_wconf 84' lang='lat' dir='ltr'><strong><em>lege;</em></strong></span> <span class='ocrx_word' id='word_1_436' title='bbox 1451 4558 1686 4628; x_wconf 87' lang='lat' dir='ltr'><strong><em>impellis</em></strong></span> <span class='ocrx_word' id='word_1_437' title='bbox 1709 4560 2037 4615; x_wconf 90' lang='lat' dir='ltr'><strong><em>auctoritate</em></strong></span> 
     </span>
    </p>
   </div>
   <div class='ocr_carea' id='block_1_61' title="bbox 434 4645 2036 4716">
    <p class='ocr_par' dir='ltr' id='par_1_61' title="bbox 434 4645 2036 4716">
     <span class='ocr_line' id='line_1_61' title="bbox 434 4645 2036 4716; baseline 0.002 -14"><span class='ocrx_word' id='word_1_438' title='bbox 434 4646 596 4702; x_wconf 87' lang='lat' dir='ltr'><strong><em>latius</em></strong></span> <span class='ocrx_word' id='word_1_439' title='bbox 651 4645 819 4716; x_wconf 83' lang='lat' dir='ltr'><strong><em>regali</em></strong></span> <span class='ocrx_word' id='word_1_440' title='bbox 878 4646 1100 4702; x_wconf 90' lang='lat' dir='ltr'><strong><em>Domini</em></strong></span> <span class='ocrx_word' id='word_1_441' title='bbox 1154 4648 1468 4704; x_wconf 79' lang='lat' dir='ltr'><strong><em>sacerdotes</em></strong></span> <span class='ocrx_word' id='word_1_442' title='bbox 1525 4650 1592 4704; x_wconf 90' lang='lat' dir='ltr'><strong><em>ad</em></strong></span> <span class='ocrx_word' id='word_1_443' title='bbox 1647 4649 2036 4706; x_wconf 69' lang='lat' dir='ltr'><strong><em>effundendum</em></strong></span> 
     </span>
    </p>
   </div>
   <div class='ocr_carea' id='block_1_62' title="bbox 432 4741 2039 4813">
    <p class='ocr_par' dir='ltr' id='par_1_62' title="bbox 432 4741 2039 4813">
     <span class='ocr_line' id='line_1_62' title="bbox 432 4741 2039 4813; baseline 0.002 -18"><span class='ocrx_word' id='word_1_444' title='bbox 432 4754 685 4796; x_wconf 87' lang='lat' dir='ltr'><strong><em>cruorem</em></strong></span> <span class='ocrx_word' id='word_1_445' title='bbox 708 4782 723 4808; x_wconf 95' lang='lat'><strong><em>,</em></strong></span> <span class='ocrx_word' id='word_1_446' title='bbox 752 4741 1012 4811; x_wconf 83' lang='lat' dir='ltr'><strong><em>ignorans</em></strong></span> <span class='ocrx_word' id='word_1_447' title='bbox 1039 4743 1162 4812; x_wconf 90' lang='lat' dir='ltr'><strong><em>jura</em></strong></span> <span class='ocrx_word' id='word_1_448' title='bbox 1187 4742 1417 4813; x_wconf 68' lang='lat' dir='ltr'><strong><em>justitiaa</em></strong></span> <span class='ocrx_word' id='word_1_449' title='bbox 1436 4788 1450 4811; x_wconf 90' lang='lat'><strong><em>,</em></strong></span> <span class='ocrx_word' id='word_1_450' title='bbox 1489 4745 1685 4799; x_wconf 86' lang='lat' dir='ltr'><strong><em>tradita</em></strong></span> <span class='ocrx_word' id='word_1_451' title='bbox 1717 4745 1874 4800; x_wconf 89' lang='lat' dir='ltr'><strong><em>nobis</em></strong></span> <span class='ocrx_word' id='word_1_452' title='bbox 1901 4745 2039 4799; x_wconf 90' lang='lat' dir='ltr'><strong><em>divi-</em></strong></span> 
     </span>
    </p>
   </div>
   <div class='ocr_carea' id='block_1_63' title="bbox 433 4832 2039 4895">
    <p class='ocr_par' dir='ltr' id='par_1_63' title="bbox 433 4832 2039 4895">
     <span class='ocr_line' id='line_1_63' title="bbox 433 4832 2039 4895; baseline 0.003 -9"><span class='ocrx_word' id='word_1_453' title='bbox 433 4832 610 4895; x_wconf 90' lang='lat' dir='ltr'><strong><em>nitus,</em></strong></span> <span class='ocrx_word' id='word_1_454' title='bbox 660 4842 711 4889; x_wconf 89' lang='lat' dir='ltr'><strong><em>te</em></strong></span> <span class='ocrx_word' id='word_1_455' title='bbox 740 4843 999 4890; x_wconf 89' lang='lat' dir='ltr'><strong><em>conatum</em></strong></span> <span class='ocrx_word' id='word_1_456' title='bbox 1030 4850 1097 4891; x_wconf 80' lang='lat' dir='ltr'><strong><em>ex</em></strong></span> <span class='ocrx_word' id='word_1_457' title='bbox 1133 4838 1339 4892; x_wconf 84' lang='lat' dir='ltr'><strong><em>nostris</em></strong></span> <span class='ocrx_word' id='word_1_458' title='bbox 1379 4838 1599 4893; x_wconf 83' lang='lat' dir='ltr'><strong><em>auferre</em></strong></span> <span class='ocrx_word' id='word_1_459' title='bbox 1627 4836 1921 4892; x_wconf 79' lang='lat' dir='ltr'><strong><em>mentibus.</em></strong></span> <span class='ocrx_word' id='word_1_460' title='bbox 1953 4836 2039 4892; x_wconf 88' lang='lat' dir='ltr'><strong><em>An</em></strong></span> 
     </span>
    </p>
   </div>
   <div class='ocr_carea' id='block_1_64' title="bbox 432 4926 2038 5001">
    <p class='ocr_par' dir='ltr' id='par_1_64' title="bbox 432 4926 2038 5001">
     <span class='ocr_line' id='line_1_64' title="bbox 432 4926 2038 5001; baseline 0.004 -20"><span class='ocrx_word' id='word_1_461' title='bbox 432 4926 693 4981; x_wconf 88' lang='lat' dir='ltr'><strong><em>divinitus</em></strong></span> <span class='ocrx_word' id='word_1_462' title='bbox 745 4931 953 4998; x_wconf 83' lang='lat' dir='ltr'><strong><em>poteris</em></strong></span> <span class='ocrx_word' id='word_1_463' title='bbox 996 4942 1244 4985; x_wconf 87' lang='lat' dir='ltr'><strong><em>asserere</em></strong></span> <span class='ocrx_word' id='word_1_464' title='bbox 1289 4932 1619 5001; x_wconf 89' lang='lat' dir='ltr'><strong><em>permissum</em></strong></span> <span class='ocrx_word' id='word_1_465' title='bbox 1649 4973 1664 4999; x_wconf 96' lang='lat'><strong><em>,</em></strong></span> <span class='ocrx_word' id='word_1_466' title='bbox 1709 4932 1993 4987; x_wconf 88' lang='lat' dir='ltr'><strong><em>absentem</em></strong></span> <span class='ocrx_word' id='word_1_467' title='bbox 2022 4974 2038 5000; x_wconf 90' lang='lat'><strong><em>,</em></strong></span> 
     </span>
    </p>
   </div>
   <div class='ocr_carea' id='block_1_65' title="bbox 434 5017 2038 5093">
    <p class='ocr_par' dir='ltr' id='par_1_65' title="bbox 434 5017 2038 5093">
     <span class='ocr_line' id='line_1_65' title="bbox 434 5017 2038 5093; baseline 0.006 -22"><span class='ocrx_word' id='word_1_468' title='bbox 434 5017 785 5085; x_wconf 82' lang='lat' dir='ltr'><strong><em>inauditum,</em></strong></span> <span class='ocrx_word' id='word_1_469' title='bbox 839 5030 895 5076; x_wconf 89' lang='lat' dir='ltr'><strong><em>et</em></strong></span> <span class='ocrx_word' id='word_1_470' title='bbox 951 5021 1095 5093; x_wconf 91' lang='lat' dir='ltr'><strong><em>quod</em></strong></span> <span class='ocrx_word' id='word_1_471' title='bbox 1148 5032 1234 5078; x_wconf 89' lang='lat' dir='ltr'><strong><em>est</em></strong></span> <span class='ocrx_word' id='word_1_472' title='bbox 1287 5027 1629 5091; x_wconf 80' lang='lat' dir='ltr'><strong><em>maximum,</em></strong></span> <span class='ocrx_word' id='word_1_473' title='bbox 1689 5023 2038 5080; x_wconf 89' lang='lat' dir='ltr'><strong><em>innocentem</em></strong></span> 
     </span>
    </p>
   </div>
   <div class='ocr_carea' id='block_1_66' title="bbox 429 5110 2038 5192">
    <p class='ocr_par' dir='ltr' id='par_1_66' title="bbox 429 5110 2038 5192">
     <span class='ocr_line' id='line_1_66' title="bbox 429 5110 2038 5192; baseline 0.007 -26"><span class='ocrx_word' id='word_1_474' title='bbox 429 5110 725 5169; x_wconf 88' lang='lat' dir='ltr'><strong><em>damnari?</em></strong></span> <span class='ocrx_word' id='word_1_475' title='bbox 752 5115 1039 5184; x_wconf 85' lang='lat' dir='ltr'><strong><em>Quomodo</em></strong></span> <span class='ocrx_word' id='word_1_476' title='bbox 1068 5119 1273 5174; x_wconf 89' lang='lat' dir='ltr'><strong><em>etenim</em></strong></span> <span class='ocrx_word' id='word_1_477' title='bbox 1304 5121 1593 5176; x_wconf 90' lang='lat' dir='ltr'><strong><em>arbitraris</em></strong></span> <span class='ocrx_word' id='word_1_478' title='bbox 1620 5120 1879 5176; x_wconf 88' lang='lat' dir='ltr'><strong><em>divinitus</em></strong></span> <span class='ocrx_word' id='word_1_479' title='bbox 1913 5136 2038 5192; x_wconf 88' lang='lat' dir='ltr'><strong><em>per-</em></strong></span> 
     </span>
    </p>
   </div>
   <div class='ocr_carea' id='block_1_67' title="bbox 433 5204 2042 5284">
    <p class='ocr_par' dir='ltr' id='par_1_67' title="bbox 433 5204 2042 5284">
     <span class='ocr_line' id='line_1_67' title="bbox 433 5204 2042 5284; baseline 0.007 -25"><span class='ocrx_word' id='word_1_480' title='bbox 433 5204 662 5261; x_wconf 91' lang='lat' dir='ltr'><strong><em>missum</em></strong></span> <span class='ocrx_word' id='word_1_481' title='bbox 686 5248 701 5274; x_wconf 92' lang='lat'><strong><em>,</em></strong></span> <span class='ocrx_word' id='word_1_482' title='bbox 748 5209 925 5277; x_wconf 91' lang='lat' dir='ltr'><strong><em>puniri</em></strong></span> <span class='ocrx_word' id='word_1_483' title='bbox 961 5210 1269 5278; x_wconf 87' lang='lat' dir='ltr'><strong><em>inauditos,</em></strong></span> <span class='ocrx_word' id='word_1_484' title='bbox 1302 5214 1523 5284; x_wconf 90' lang='lat' dir='ltr'><strong><em>quando</em></strong></span> <span class='ocrx_word' id='word_1_485' title='bbox 1556 5215 1743 5272; x_wconf 88' lang='lat' dir='ltr'><strong><em>videas</em></strong></span> <span class='ocrx_word' id='word_1_486' title='bbox 1779 5215 1952 5271; x_wconf 86' lang='lat' dir='ltr'><strong><em>Adam</em></strong></span> <span class='ocrx_word' id='word_1_487' title='bbox 1985 5227 2042 5271; x_wconf 90' lang='lat' dir='ltr'><strong><em>et</em></strong></span> 
     </span>
    </p>
   </div>
   <div class='ocr_carea' id='block_1_68' title="bbox 435 5299 2041 5377">
    <p class='ocr_par' dir='ltr' id='par_1_68' title="bbox 435 5299 2041 5377">
     <span class='ocr_line' id='line_1_68' title="bbox 435 5299 2041 5377; baseline 0.006 -21"><span class='ocrx_word' id='word_1_488' title='bbox 435 5299 607 5357; x_wconf 84' lang='lat' dir='ltr'><strong><em>Evam</em></strong></span> <span class='ocrx_word' id='word_1_489' title='bbox 661 5304 937 5373; x_wconf 89' lang='lat' dir='ltr'><strong><em>principes</em></strong></span> <span class='ocrx_word' id='word_1_490' title='bbox 992 5308 1164 5361; x_wconf 90' lang='lat' dir='ltr'><strong><em>nostri</em></strong></span> <span class='ocrx_word' id='word_1_491' title='bbox 1226 5310 1446 5377; x_wconf 83' lang='lat' dir='ltr'><strong><em>generis</em></strong></span> <span class='ocrx_word' id='word_1_492' title='bbox 1496 5309 1712 5366; x_wconf 90' lang='lat' dir='ltr'><strong><em>auditos</em></strong></span> <span class='ocrx_word' id='word_1_493' title='bbox 1765 5311 2041 5366; x_wconf 88' lang='lat' dir='ltr'><strong><em>sententia</em></strong></span> 
     </span>
    </p>
   </div>
   <div class='ocr_carea' id='block_1_69' title="bbox 430 5396 2042 5469">
    <p class='ocr_par' dir='ltr' id='par_1_69' title="bbox 430 5396 2042 5469">
     <span class='ocr_line' id='line_1_69' title="bbox 430 5396 2042 5469; baseline 0.004 -20"><span class='ocrx_word' id='word_1_494' title='bbox 430 5408 730 5465; x_wconf 88' lang='lat' dir='ltr'><strong><em>percussos</em></strong></span> <span class='ocrx_word' id='word_1_495' title='bbox 761 5396 901 5453; x_wconf 89' lang='lat' dir='ltr'><strong><em>Dei?</em></strong></span> <span class='ocrx_word' id='word_1_496' title='bbox 934 5397 1001 5454; x_wconf 82' lang='lat' dir='ltr'><strong><em>Et</em></strong></span> <span class='ocrx_word' id='word_1_497' title='bbox 1030 5401 1224 5455; x_wconf 83' lang='lat' dir='ltr'><strong><em>vocavit</em></strong></span> <span class='ocrx_word' id='word_1_498' title='bbox 1254 5410 1280 5437; x_wconf 69' lang='grc' dir='ltr'><strong>α</strong></span> <span class='ocrx_word' id='word_1_499' title='bbox 1309 5400 1452 5456; x_wconf 86' lang='lat' dir='ltr'><strong><em>Deus</em></strong></span> <span class='ocrx_word' id='word_1_500' title='bbox 1483 5402 1675 5469; x_wconf 84' lang='lat' dir='ltr'><strong><em>Adam,</em></strong></span> <span class='ocrx_word' id='word_1_501' title='bbox 1709 5414 1756 5457; x_wconf 87' lang='lat' dir='ltr'><strong><em>et</em></strong></span> <span class='ocrx_word' id='word_1_502' title='bbox 1786 5404 1920 5459; x_wconf 74' lang='lat' dir='ltr'><strong><em>dixit</em></strong></span> <span class='ocrx_word' id='word_1_503' title='bbox 1951 5405 1997 5456; x_wconf 91' lang='lat' dir='ltr'><strong><em>ei</em></strong></span> <span class='ocrx_word' id='word_1_504' title='bbox 2024 5419 2042 5457; x_wconf 88' lang='lat'><strong><em>:</em></strong></span> 
     </span>
    </p>
   </div>
   <div class='ocr_carea' id='block_1_70' title="bbox 429 5490 2040 5562">
    <p class='ocr_par' dir='ltr' id='par_1_70' title="bbox 429 5490 2040 5562">
     <span class='ocr_line' id='line_1_70' title="bbox 429 5490 2040 5562; baseline 0.004 -20"><span class='ocrx_word' id='word_1_505' title='bbox 429 5490 616 5555; x_wconf 84' lang='lat' dir='ltr'><strong><em>Adam,</em></strong></span> <span class='ocrx_word' id='word_1_506' title='bbox 652 5490 740 5545; x_wconf 87' lang='lat' dir='ltr'><strong><em>ubi</em></strong></span> <span class='ocrx_word' id='word_1_507' title='bbox 767 5492 860 5546; x_wconf 84' lang='lat' dir='ltr'><strong><em>es?</em></strong></span> <span class='ocrx_word' id='word_1_508' title='bbox 889 5490 957 5545; x_wconf 85' lang='lat' dir='ltr'><strong><em>Et</em></strong></span> <span class='ocrx_word' id='word_1_509' title='bbox 984 5492 1113 5547; x_wconf 78' lang='lat' dir='ltr'><strong><em>dixit</em></strong></span> <span class='ocrx_word' id='word_1_510' title='bbox 1137 5508 1155 5546; x_wconf 92' lang='lat'><strong><em>:</em></strong></span> <span class='ocrx_word' id='word_1_511' title='bbox 1188 5491 1373 5547; x_wconf 86' lang='lat' dir='ltr'><strong><em>Vocem</em></strong></span> <span class='ocrx_word' id='word_1_512' title='bbox 1400 5503 1543 5546; x_wconf 89' lang='lat' dir='ltr'><strong><em>tuam</em></strong></span> <span class='ocrx_word' id='word_1_513' title='bbox 1569 5496 1766 5561; x_wconf 82' lang='lat' dir='ltr'><strong><em>audivi,</em></strong></span> <span class='ocrx_word' id='word_1_514' title='bbox 1794 5494 2040 5562; x_wconf 87' lang='lat' dir='ltr'><strong><em>Domine,</em></strong></span> 
     </span>
    </p>
   </div>
   <div class='ocr_carea' id='block_1_71' title="bbox 2144 4463 3755 4540">
    <p class='ocr_par' dir='ltr' id='par_1_71' title="bbox 2144 4463 3755 4540">
     <span class='ocr_line' id='line_1_71' title="bbox 2144 4463 3755 4540; baseline -0.005 -15"><span class='ocrx_word' id='word_1_515' title='bbox 2144 4486 2219 4538; x_wconf 88' lang='lat' dir='ltr'><strong><em>es,</em></strong></span> <span class='ocrx_word' id='word_1_516' title='bbox 2244 4471 2346 4525; x_wconf 89' lang='lat' dir='ltr'><strong><em>nisi</em></strong></span> <span class='ocrx_word' id='word_1_517' title='bbox 2369 4470 2433 4524; x_wconf 89' lang='lat' dir='ltr'><strong><em>de</em></strong></span> <span class='ocrx_word' id='word_1_518' title='bbox 2453 4471 2596 4540; x_wconf 88' lang='lat' dir='ltr'><strong><em>ligno</em></strong></span> <span class='ocrx_word' id='word_1_519' title='bbox 2624 4470 2687 4523; x_wconf 88' lang='lat' dir='ltr'><strong><em>de</em></strong></span> <span class='ocrx_word' id='word_1_520' title='bbox 2707 4483 2808 4537; x_wconf 91' lang='lat' dir='ltr'><strong><em>quo</em></strong></span> <span class='ocrx_word' id='word_1_521' title='bbox 2831 4482 3176 4536; x_wconf 76' lang='lat' dir='ltr'><strong><em>prteceperam</em></strong></span> <span class='ocrx_word' id='word_1_522' title='bbox 3199 4465 3315 4526; x_wconf 89' lang='lat' dir='ltr'><strong><em>tibi,</em></strong></span> <span class='ocrx_word' id='word_1_523' title='bbox 3344 4470 3407 4517; x_wconf 88' lang='lat' dir='ltr'><strong><em>de</em></strong></span> <span class='ocrx_word' id='word_1_524' title='bbox 3428 4463 3525 4517; x_wconf 87' lang='lat' dir='ltr'><strong><em>hoc</em></strong></span> <span class='ocrx_word' id='word_1_525' title='bbox 3548 4463 3661 4517; x_wconf 92' lang='lat' dir='ltr'><strong><em>solo</em></strong></span> <span class='ocrx_word' id='word_1_526' title='bbox 3687 4479 3755 4517; x_wconf 80' lang='lat' dir='ltr'><strong><em>ne</em></strong></span> 
     </span>
    </p>
   </div>
   <div class='ocr_carea' id='block_1_72' title="bbox 2146 4552 3752 4625">
    <p class='ocr_par' dir='ltr' id='par_1_72' title="bbox 2146 4552 3752 4625">
     <span class='ocr_line' id='line_1_72' title="bbox 2146 4552 3752 4625; baseline -0.003 -8"><span class='ocrx_word' id='word_1_527' title='bbox 2146 4562 2509 4625; x_wconf 86' lang='lat' dir='ltr'><strong><em>manducares,</em></strong></span> <span class='ocrx_word' id='word_1_528' title='bbox 2528 4578 2591 4615; x_wconf 76' lang='lat' dir='ltr'><strong><em>ex</em></strong></span> <span class='ocrx_word' id='word_1_529' title='bbox 2612 4578 2669 4614; x_wconf 90' lang='lat' dir='ltr'><strong><em>eo</em></strong></span> <span class='ocrx_word' id='word_1_530' title='bbox 2690 4558 3016 4613; x_wconf 82' lang='lat' dir='ltr'><strong><em>manducain</em></strong></span> <span class='ocrx_word' id='word_1_531' title='bbox 3034 4558 3058 4610; x_wconf 88' lang='lat'><strong><em>?</em></strong></span> <span class='ocrx_word' id='word_1_532' title='bbox 3078 4555 3147 4610; x_wconf 87' lang='lat' dir='ltr'><strong><em>Et</em></strong></span> <span class='ocrx_word' id='word_1_533' title='bbox 3169 4555 3302 4610; x_wconf 78' lang='lat' dir='ltr'><strong><em>dixit</em></strong></span> <span class='ocrx_word' id='word_1_534' title='bbox 3326 4554 3527 4609; x_wconf 86' lang='lat' dir='ltr'><strong><em>Adam:</em></strong></span> <span class='ocrx_word' id='word_1_535' title='bbox 3550 4552 3752 4612; x_wconf 81' lang='lat' dir='ltr'><strong><em>Mulier</em></strong></span> 
     </span>
    </p>
   </div>
   <div class='ocr_carea' id='block_1_73' title="bbox 2147 4648 3745 4725">
    <p class='ocr_par' dir='ltr' id='par_1_73' title="bbox 2147 4648 3745 4725">
     <span class='ocr_line' id='line_1_73' title="bbox 2147 4648 3745 4725; baseline -0.004 -18"><span class='ocrx_word' id='word_1_536' title='bbox 2147 4672 2299 4723; x_wconf 91' lang='lat' dir='ltr'><strong><em>quam</em></strong></span> <span class='ocrx_word' id='word_1_537' title='bbox 2327 4654 2539 4720; x_wconf 86' lang='lat' dir='ltr'><strong><em>dedisti,</em></strong></span> <span class='ocrx_word' id='word_1_538' title='bbox 2568 4655 2682 4725; x_wconf 87' lang='lat' dir='ltr'><strong><em>ipsa</em></strong></span> <span class='ocrx_word' id='word_1_539' title='bbox 2710 4652 2836 4705; x_wconf 85' lang='lat' dir='ltr'><strong><em>mihi</em></strong></span> <span class='ocrx_word' id='word_1_540' title='bbox 2863 4650 3004 4704; x_wconf 87' lang='lat' dir='ltr'><strong><em>dedit</em></strong></span> <span class='ocrx_word' id='word_1_541' title='bbox 3035 4650 3099 4703; x_wconf 88' lang='lat' dir='ltr'><strong><em>de</em></strong></span> <span class='ocrx_word' id='word_1_542' title='bbox 3137 4649 3301 4721; x_wconf 86' lang='lat' dir='ltr'><strong><em>ligno,</em></strong></span> <span class='ocrx_word' id='word_1_543' title='bbox 3336 4656 3385 4701; x_wconf 88' lang='lat' dir='ltr'><strong><em>et</em></strong></span> <span class='ocrx_word' id='word_1_544' title='bbox 3410 4648 3745 4702; x_wconf 81' lang='lat' dir='ltr'><strong><em>manducavi.</em></strong></span> 
     </span>
    </p>
   </div>
   <div class='ocr_carea' id='block_1_74' title="bbox 2148 4739 3750 4809">
    <p class='ocr_par' dir='ltr' id='par_1_74' title="bbox 2148 4739 3750 4809">
     <span class='ocr_line' id='line_1_74' title="bbox 2148 4739 3750 4809; baseline -0.004 -8"><span class='ocrx_word' id='word_1_545' title='bbox 2148 4746 2218 4801; x_wconf 88' lang='lat' dir='ltr'><strong><em>Et</em></strong></span> <span class='ocrx_word' id='word_1_546' title='bbox 2267 4747 2398 4801; x_wconf 73' lang='lat' dir='ltr'><strong><em>dixit</em></strong></span> <span class='ocrx_word' id='word_1_547' title='bbox 2446 4745 2583 4801; x_wconf 89' lang='lat' dir='ltr'><strong><em>Deus</em></strong></span> <span class='ocrx_word' id='word_1_548' title='bbox 2625 4744 2832 4799; x_wconf 90' lang='lat' dir='ltr'><strong><em>mulieri</em></strong></span> <span class='ocrx_word' id='word_1_549' title='bbox 2875 4760 2893 4798; x_wconf 89' lang='lat'><strong><em>:</em></strong></span> <span class='ocrx_word' id='word_1_550' title='bbox 2935 4741 3075 4809; x_wconf 83' lang='lat' dir='ltr'><strong><em>Quid</em></strong></span> <span class='ocrx_word' id='word_1_551' title='bbox 3118 4741 3216 4797; x_wconf 87' lang='lat' dir='ltr'><strong><em>hoc</em></strong></span> <span class='ocrx_word' id='word_1_552' title='bbox 3258 4741 3468 4809; x_wconf 78' lang='lat' dir='ltr'><strong><em>fecisti?</em></strong></span> <span class='ocrx_word' id='word_1_553' title='bbox 3508 4739 3750 4797; x_wconf 68' lang='lat' dir='ltr'><strong><em>Etditcit</em></strong></span> 
     </span>
    </p>
   </div>
   <div class='ocr_carea' id='block_1_75' title="bbox 2146 4833 3745 4913">
    <p class='ocr_par' dir='ltr' id='par_1_75' title="bbox 2146 4833 3745 4913">
     <span class='ocr_line' id='line_1_75' title="bbox 2146 4833 3745 4913; baseline -0.004 -17"><span class='ocrx_word' id='word_1_554' title='bbox 2146 4842 2334 4896; x_wconf 87' lang='lat' dir='ltr'><strong><em>mulier</em></strong></span> <span class='ocrx_word' id='word_1_555' title='bbox 2352 4857 2370 4895; x_wconf 90' lang='lat'><strong><em>:</em></strong></span> <span class='ocrx_word' id='word_1_556' title='bbox 2386 4840 2610 4913; x_wconf 85' lang='lat' dir='ltr'><strong><em>Serpens</em></strong></span> <span class='ocrx_word' id='word_1_557' title='bbox 2628 4838 2887 4913; x_wconf 85' lang='lat' dir='ltr'><strong><em>persuasit</em></strong></span> <span class='ocrx_word' id='word_1_558' title='bbox 2910 4837 3057 4902; x_wconf 80' lang='lat' dir='ltr'><strong><em>mihi,</em></strong></span> <span class='ocrx_word' id='word_1_559' title='bbox 3082 4846 3130 4892; x_wconf 88' lang='lat' dir='ltr'><strong><em>et</em></strong></span> <span class='ocrx_word' id='word_1_560' title='bbox 3150 4836 3460 4891; x_wconf 80' lang='lat' dir='ltr'><strong><em>manducaui</em></strong></span> <span class='ocrx_word' id='word_1_561' title='bbox 3484 4833 3639 4909; x_wconf 84' lang='lat' dir='ltr'><strong><em>(Gen.</em></strong></span> <span class='ocrx_word' id='word_1_562' title='bbox 3662 4850 3745 4904; x_wconf 86' lang='grc' dir='ltr'>ιιι,</span> 
     </span>
    </p>
   </div>
   <div class='ocr_carea' id='block_1_76' title="bbox 2148 4930 3749 5007">
    <p class='ocr_par' dir='ltr' id='par_1_76' title="bbox 2148 4930 3749 5007">
     <span class='ocr_line' id='line_1_76' title="bbox 2148 4930 3749 5007; baseline -0.004 -15"><span class='ocrx_word' id='word_1_563' title='bbox 2148 4934 2235 5007; x_wconf 88' lang='grc'><strong><em>9).</em></strong></span> <span class='ocrx_word' id='word_1_564' title='bbox 2266 4934 2401 4990; x_wconf 89' lang='lat' dir='ltr'><strong><em>Cum</em></strong></span> <span class='ocrx_word' id='word_1_565' title='bbox 2431 4936 2599 5005; x_wconf 77' lang='lat' dir='ltr'><strong><em>igitur</em></strong></span> <span class='ocrx_word' id='word_1_566' title='bbox 2626 4934 2935 5004; x_wconf 89' lang='lat' dir='ltr'><strong><em>hujusmodi</em></strong></span> <span class='ocrx_word' id='word_1_567' title='bbox 2971 4930 3501 5002; x_wconf 80' lang='lat' dir='ltr'><strong><em>formamjudicandi</em></strong></span> <span class='ocrx_word' id='word_1_568' title='bbox 3528 4930 3749 4985; x_wconf 89' lang='lat' dir='ltr'><strong><em>dedisse</em></strong></span> 
     </span>
    </p>
   </div>
   <div class='ocr_carea' id='block_1_77' title="bbox 2150 5023 3749 5095">
    <p class='ocr_par' dir='ltr' id='par_1_77' title="bbox 2150 5023 3749 5095">
     <span class='ocr_line' id='line_1_77' title="bbox 2150 5023 3749 5095; baseline -0.006 -11"><span class='ocrx_word' id='word_1_569' title='bbox 2150 5029 2321 5084; x_wconf 88' lang='lat' dir='ltr'><strong><em>Deum</em></strong></span> <span class='ocrx_word' id='word_1_570' title='bbox 2346 5028 2625 5095; x_wconf 83' lang='lat' dir='ltr'><strong><em>advertas,</em></strong></span> <span class='ocrx_word' id='word_1_571' title='bbox 2650 5043 2773 5082; x_wconf 90' lang='lat' dir='ltr'><strong><em>cum</em></strong></span> <span class='ocrx_word' id='word_1_572' title='bbox 2802 5043 2831 5080; x_wconf 91' lang='lat' dir='ltr'><strong><em>a</em></strong></span> <span class='ocrx_word' id='word_1_573' title='bbox 2856 5026 3083 5082; x_wconf 88' lang='lat' dir='ltr'><strong><em>latebris</em></strong></span> <span class='ocrx_word' id='word_1_574' title='bbox 3106 5027 3348 5081; x_wconf 89' lang='lat' dir='ltr'><strong><em>evocatis</em></strong></span> <span class='ocrx_word' id='word_1_575' title='bbox 3370 5023 3749 5092; x_wconf 82' lang='lat' dir='ltr'><strong><em>confessisque</em></strong></span> 
     </span>
    </p>
   </div>
   <div class='ocr_carea' id='block_1_78' title="bbox 2144 5115 3748 5185">
    <p class='ocr_par' dir='ltr' id='par_1_78' title="bbox 2144 5115 3748 5185">
     <span class='ocr_line' id='line_1_78' title="bbox 2144 5115 3748 5185; baseline -0.004 -9"><span class='ocrx_word' id='word_1_576' title='bbox 2144 5121 2313 5176; x_wconf 86' lang='lat' dir='ltr'><strong><em>Deum</em></strong></span> <span class='ocrx_word' id='word_1_577' title='bbox 2362 5120 2689 5177; x_wconf 88' lang='lat' dir='ltr'><strong><em>sententiam</em></strong></span> <span class='ocrx_word' id='word_1_578' title='bbox 2736 5118 2957 5175; x_wconf 90' lang='lat' dir='ltr'><strong><em>dedisse</em></strong></span> <span class='ocrx_word' id='word_1_579' title='bbox 3002 5118 3071 5174; x_wconf 94' lang='lat' dir='ltr'><strong><em>de</em></strong></span> <span class='ocrx_word' id='word_1_580' title='bbox 3118 5117 3293 5173; x_wconf 87' lang='lat' dir='ltr'><strong><em>sacris</em></strong></span> <span class='ocrx_word' id='word_1_581' title='bbox 3338 5115 3748 5185; x_wconf 81' lang='lat' dir='ltr'><strong><em>Scripturarum</em></strong></span> 
     </span>
    </p>
   </div>
   <div class='ocr_carea' id='block_1_79' title="bbox 2141 5205 3747 5287">
    <p class='ocr_par' dir='ltr' id='par_1_79' title="bbox 2141 5205 3747 5287">
     <span class='ocr_line' id='line_1_79' title="bbox 2141 5205 3747 5287; baseline -0.006 -14"><span class='ocrx_word' id='word_1_582' title='bbox 2141 5216 2430 5287; x_wconf 87' lang='lat' dir='ltr'><strong><em>collegeris</em></strong></span> <span class='ocrx_word' id='word_1_583' title='bbox 2454 5213 2715 5279; x_wconf 76' lang='lat' dir='ltr'><strong><em>fontibus,</em></strong></span> <span class='ocrx_word' id='word_1_584' title='bbox 2746 5213 2902 5283; x_wconf 85' lang='lat' dir='ltr'><strong><em>cujus</em></strong></span> <span class='ocrx_word' id='word_1_585' title='bbox 2928 5211 3077 5268; x_wconf 83' lang='lat' dir='ltr'><strong><em>fuisti</em></strong></span> <span class='ocrx_word' id='word_1_586' title='bbox 3104 5222 3269 5281; x_wconf 87' lang='lat' dir='ltr'><strong><em>atque</em></strong></span> <span class='ocrx_word' id='word_1_587' title='bbox 3300 5223 3361 5263; x_wconf 90' lang='lat' dir='ltr'><strong><em>es</em></strong></span> <span class='ocrx_word' id='word_1_588' title='bbox 3392 5205 3747 5277; x_wconf 66' lang='lat' dir='ltr'><strong><em>impudentiae</em></strong></span> 
     </span>
    </p>
   </div>
   <div class='ocr_carea' id='block_1_80' title="bbox 2140 5302 3749 5379">
    <p class='ocr_par' dir='ltr' id='par_1_80' title="bbox 2140 5302 3749 5379">
     <span class='ocr_line' id='line_1_80' title="bbox 2140 5302 3749 5379; baseline -0.006 -15"><span class='ocrx_word' id='word_1_589' title='bbox 2140 5307 2425 5379; x_wconf 87' lang='lat' dir='ltr'><strong><em>judicandi</em></strong></span> <span class='ocrx_word' id='word_1_590' title='bbox 2460 5307 2561 5363; x_wconf 90' lang='lat' dir='ltr'><strong><em>Dei</em></strong></span> <span class='ocrx_word' id='word_1_591' title='bbox 2593 5322 2784 5363; x_wconf 88' lang='lat' dir='ltr'><strong><em>servos</em></strong></span> <span class='ocrx_word' id='word_1_592' title='bbox 2819 5304 2849 5343; x_wconf 66' lang='grc' dir='ltr'>ι)</span> <span class='ocrx_word' id='word_1_593' title='bbox 2878 5320 2997 5359; x_wconf 89' lang='lat' dir='ltr'><strong><em>eam</em></strong></span> <span class='ocrx_word' id='word_1_594' title='bbox 3025 5303 3158 5358; x_wconf 91' lang='lat' dir='ltr'><strong><em>dare</em></strong></span> <span class='ocrx_word' id='word_1_595' title='bbox 3186 5302 3447 5359; x_wconf 79' lang='lat' dir='ltr'><strong><em>formam.</em></strong></span> <span class='ocrx_word' id='word_1_596' title='bbox 3489 5313 3611 5368; x_wconf 86' lang='lat' dir='ltr'><strong><em>quae</em></strong></span> <span class='ocrx_word' id='word_1_597' title='bbox 3637 5313 3749 5354; x_wconf 90' lang='lat' dir='ltr'><strong><em>non</em></strong></span> 
     </span>
    </p>
   </div>
   <div class='ocr_carea' id='block_1_81' title="bbox 2144 5394 3746 5473">
    <p class='ocr_par' dir='ltr' id='par_1_81' title="bbox 2144 5394 3746 5473">
     <span class='ocr_line' id='line_1_81' title="bbox 2144 5394 3746 5473; baseline -0.004 -16"><span class='ocrx_word' id='word_1_598' title='bbox 2144 5404 2337 5459; x_wconf 79' lang='lat' dir='ltr'><strong><em>fuisset</em></strong></span> <span class='ocrx_word' id='word_1_599' title='bbox 2379 5403 2447 5458; x_wconf 93' lang='lat' dir='ltr'><strong><em>de</em></strong></span> <span class='ocrx_word' id='word_1_600' title='bbox 2491 5403 2612 5473; x_wconf 81' lang='lat' dir='ltr'><strong><em>lege</em></strong></span> <span class='ocrx_word' id='word_1_601' title='bbox 2655 5403 2887 5458; x_wconf 87' lang='lat' dir='ltr'><strong><em>veniens</em></strong></span> <span class='ocrx_word' id='word_1_602' title='bbox 2930 5396 3180 5453; x_wconf 81' lang='lat' dir='ltr'><strong><em>Domini?</em></strong></span> <span class='ocrx_word' id='word_1_603' title='bbox 3218 5395 3329 5451; x_wconf 89' lang='lat' dir='ltr'><strong><em>Nec</em></strong></span> <span class='ocrx_word' id='word_1_604' title='bbox 3372 5394 3634 5461; x_wconf 90' lang='lat' dir='ltr'><strong><em>timuisti,</em></strong></span> <span class='ocrx_word' id='word_1_605' title='bbox 3673 5409 3746 5450; x_wconf 90' lang='lat' dir='ltr'><strong><em>ne</em></strong></span> 
     </span>
    </p>
   </div>
   <div class='ocr_carea' id='block_1_82' title="bbox 2148 5486 3753 5560">
    <p class='ocr_par' dir='ltr' id='par_1_82' title="bbox 2148 5486 3753 5560">
     <span class='ocr_line' id='line_1_82' title="bbox 2148 5486 3753 5560; baseline -0.004 -9"><span class='ocrx_word' id='word_1_606' title='bbox 2148 5496 2343 5553; x_wconf 83' lang='lat' dir='ltr'><strong><em>fuisset</em></strong></span> <span class='ocrx_word' id='word_1_607' title='bbox 2364 5496 2573 5552; x_wconf 83' lang='lat' dir='ltr'><strong><em>dictum</em></strong></span> <span class='ocrx_word' id='word_1_608' title='bbox 2602 5496 2669 5549; x_wconf 93' lang='lat' dir='ltr'><strong>ad</strong></span> <span class='ocrx_word' id='word_1_609' title='bbox 2702 5498 2866 5549; x_wconf 90' lang='lat' dir='ltr'><strong><em>Deum</em></strong></span> <span class='ocrx_word' id='word_1_610' title='bbox 2890 5507 2921 5546; x_wconf 90' lang='lat' dir='ltr'><strong>a</strong></span> <span class='ocrx_word' id='word_1_611' title='bbox 2950 5491 3106 5546; x_wconf 90' lang='lat' dir='ltr'><strong><em>nobis</em></strong></span> <span class='ocrx_word' id='word_1_612' title='bbox 3135 5490 3203 5545; x_wconf 91' lang='lat' dir='ltr'><strong><em>de</em></strong></span> <span class='ocrx_word' id='word_1_613' title='bbox 3229 5499 3301 5553; x_wconf 84' lang='lat' dir='ltr'><strong><em>te,</em></strong></span> <span class='ocrx_word' id='word_1_614' title='bbox 3326 5487 3603 5560; x_wconf 89' lang='lat' dir='ltr'><strong><em>quomodo</em></strong></span> <span class='ocrx_word' id='word_1_615' title='bbox 3634 5486 3753 5544; x_wconf 81' lang='lat' dir='ltr'><strong><em>fue-</em></strong></span> 
     </span>
    </p>
   </div>
   <div class='ocr_carea' id='block_1_83' title="bbox 432 5582 3749 5659">
    <p class='ocr_par' dir='ltr' id='par_1_83' title="bbox 432 5582 3749 5659">
     <span class='ocr_line' id='line_1_83' title="bbox 432 5582 3749 5659; baseline -0 -22"><span class='ocrx_word' id='word_1_616' title='bbox 432 5583 487 5638; x_wconf 86' lang='lat' dir='ltr'><strong><em>in</em></strong></span> <span class='ocrx_word' id='word_1_617' title='bbox 513 5585 784 5654; x_wconf 89' lang='lat' dir='ltr'><strong><em>paradiso,</em></strong></span> <span class='ocrx_word' id='word_1_618' title='bbox 808 5595 855 5640; x_wconf 91' lang='lat' dir='ltr'><strong><em>et</em></strong></span> <span class='ocrx_word' id='word_1_619' title='bbox 877 5586 1050 5655; x_wconf 87' lang='lat' dir='ltr'><strong><em>timui,</em></strong></span> <span class='ocrx_word' id='word_1_620' title='bbox 1081 5588 1327 5657; x_wconf 88' lang='lat' dir='ltr'><strong><em>quoniam</em></strong></span> <span class='ocrx_word' id='word_1_621' title='bbox 1355 5587 1529 5642; x_wconf 88' lang='lat' dir='ltr'><strong><em>nudus</em></strong></span> <span class='ocrx_word' id='word_1_622' title='bbox 1552 5604 1688 5655; x_wconf 88' lang='lat' dir='ltr'><strong><em>sum,</em></strong></span> <span class='ocrx_word' id='word_1_623' title='bbox 1722 5598 1768 5642; x_wconf 92' lang='lat' dir='ltr'><strong><em>et</em></strong></span> <span class='ocrx_word' id='word_1_624' title='bbox 1794 5588 2041 5643; x_wconf 86' lang='lat' dir='ltr'><strong><em>abscondi</em></strong></span> <span class='ocrx_word' id='word_1_625' title='bbox 2066 5584 2122 5645; x_wconf 89' lang='lat' dir='ltr'><strong><em>D</em></strong></span> <span class='ocrx_word' id='word_1_626' title='bbox 2146 5602 2231 5646; x_wconf 87' lang='lat' dir='ltr'><strong><em>rat</em></strong></span> <span class='ocrx_word' id='word_1_627' title='bbox 2261 5590 2465 5646; x_wconf 89' lang='lat' dir='ltr'><strong><em>dictum</em></strong></span> <span class='ocrx_word' id='word_1_628' title='bbox 2495 5589 2564 5644; x_wconf 91' lang='lat' dir='ltr'><strong><em>de</em></strong></span> <span class='ocrx_word' id='word_1_629' title='bbox 2592 5585 2780 5659; x_wconf 85' lang='lat' dir='ltr'><strong><em>refuga</em></strong></span> <span class='ocrx_word' id='word_1_630' title='bbox 2808 5585 2907 5641; x_wconf 87' lang='lat' dir='ltr'><strong><em>illo</em></strong></span> <span class='ocrx_word' id='word_1_631' title='bbox 2934 5584 3129 5655; x_wconf 89' lang='lat' dir='ltr'><strong><em>angelo</em></strong></span> <span class='ocrx_word' id='word_1_632' title='bbox 3150 5598 3169 5639; x_wconf 90' lang='lat'><strong><em>:</em></strong></span> <span class='ocrx_word' id='word_1_633' title='bbox 3190 5582 3418 5652; x_wconf 87' lang='lat' dir='ltr'><strong><em>Serpens</em></strong></span> <span class='ocrx_word' id='word_1_634' title='bbox 3445 5582 3610 5637; x_wconf 89' lang='lat' dir='ltr'><strong><em>suasit</em></strong></span> <span class='ocrx_word' id='word_1_635' title='bbox 3630 5595 3749 5649; x_wconf 84' lang='lat' dir='ltr'><strong><em>me;</em></strong></span> 
     </span>
    </p>
   </div>
   <div class='ocr_carea' id='block_1_84' title="bbox 505 5740 2037 5798">
    <p class='ocr_par' dir='ltr' id='par_1_84' title="bbox 505 5740 2037 5798">
     <span class='ocr_line' id='line_1_84' title="bbox 505 5740 2037 5798; baseline 0.003 -5"><span class='ocrx_word' id='word_1_636' title='bbox 505 5752 531 5777; x_wconf 71' lang='grc' dir='ltr'><strong><em>ιι</em></strong></span> <span class='ocrx_word' id='word_1_637' title='bbox 574 5741 731 5795; x_wconf 82' lang='lat' dir='ltr'><strong><em>Vers.</em></strong></span> <span class='ocrx_word' id='word_1_638' title='bbox 765 5744 893 5798; x_wconf 84' lang='lat' dir='ltr'><strong><em>Ant.</em></strong></span> <span class='ocrx_word' id='word_1_639' title='bbox 926 5743 995 5797; x_wconf 87' lang='lat' dir='ltr'><strong><em>Et</em></strong></span> <span class='ocrx_word' id='word_1_640' title='bbox 1032 5745 1227 5798; x_wconf 87' lang='lat' dir='ltr'><strong><em>vocavit</em></strong></span> <span class='ocrx_word' id='word_1_641' title='bbox 1257 5741 1512 5797; x_wconf 85' lang='lat' dir='ltr'><strong><em>Dominus</em></strong></span> <span class='ocrx_word' id='word_1_642' title='bbox 1544 5740 1803 5797; x_wconf 84' lang='lat' dir='ltr'><strong><em>Deus.....</em></strong></span> <span class='ocrx_word' id='word_1_643' title='bbox 1834 5752 1880 5796; x_wconf 83' lang='lat' dir='ltr'><strong><em>et</em></strong></span> <span class='ocrx_word' id='word_1_644' title='bbox 1906 5744 2037 5798; x_wconf 79' lang='lat' dir='ltr'><strong><em>dixit</em></strong></span> 
     </span>
    </p>
   </div>
   <div class='ocr_carea' id='block_1_85' title="bbox 427 5811 2035 5870">
    <p class='ocr_par' dir='ltr' id='par_1_85' title="bbox 427 5811 2035 5870">
     <span class='ocr_line' id='line_1_85' title="bbox 427 5811 2035 5870; baseline 0.001 -3"><span class='ocrx_word' id='word_1_645' title='bbox 427 5814 509 5868; x_wconf 85' lang='lat' dir='ltr'><strong><em>illi</em></strong></span> <span class='ocrx_word' id='word_1_646' title='bbox 538 5829 556 5866; x_wconf 90' lang='lat'><strong><em>:</em></strong></span> <span class='ocrx_word' id='word_1_647' title='bbox 592 5811 690 5867; x_wconf 87' lang='lat' dir='ltr'><strong><em>Ubi</em></strong></span> <span class='ocrx_word' id='word_1_648' title='bbox 716 5831 766 5868; x_wconf 88' lang='lat' dir='ltr'><strong><em>es</em></strong></span> <span class='ocrx_word' id='word_1_649' title='bbox 790 5816 814 5869; x_wconf 76' lang='lat'><strong><em>7</em></strong></span> <span class='ocrx_word' id='word_1_650' title='bbox 840 5825 887 5868; x_wconf 88' lang='lat' dir='ltr'><strong><em>et</em></strong></span> <span class='ocrx_word' id='word_1_651' title='bbox 920 5815 1050 5869; x_wconf 74' lang='lat' dir='ltr'><strong><em>dixit</em></strong></span> <span class='ocrx_word' id='word_1_652' title='bbox 1078 5817 1124 5870; x_wconf 90' lang='lat' dir='ltr'><strong><em>ei</em></strong></span> <span class='ocrx_word' id='word_1_653' title='bbox 1150 5831 1169 5870; x_wconf 91' lang='lat'><strong><em>:</em></strong></span> <span class='ocrx_word' id='word_1_654' title='bbox 1203 5814 1393 5869; x_wconf 83' lang='lat' dir='ltr'><strong><em>Vocem</em></strong></span> <span class='ocrx_word' id='word_1_655' title='bbox 1419 5824 1559 5868; x_wconf 85' lang='lat' dir='ltr'><strong><em>tuom</em></strong></span> <span class='ocrx_word' id='word_1_656' title='bbox 1588 5815 1765 5868; x_wconf 78' lang='lat' dir='ltr'><strong><em>audiri</em></strong></span> <span class='ocrx_word' id='word_1_657' title='bbox 1787 5814 2035 5869; x_wconf 80' lang='lat' dir='ltr'><strong><em>deambu-</em></strong></span> 
     </span>
    </p>
   </div>
   <div class='ocr_carea' id='block_1_86' title="bbox 433 5885 2035 5957">
    <p class='ocr_par' dir='ltr' id='par_1_86' title="bbox 433 5885 2035 5957">
     <span class='ocr_line' id='line_1_86' title="bbox 433 5885 2035 5957; baseline 0.001 -19"><span class='ocrx_word' id='word_1_658' title='bbox 433 5885 710 5957; x_wconf 68' lang='lat' dir='ltr'><strong><em>lantis.....</em></strong></span> <span class='ocrx_word' id='word_1_659' title='bbox 739 5895 786 5937; x_wconf 87' lang='lat' dir='ltr'><strong><em>et</em></strong></span> <span class='ocrx_word' id='word_1_660' title='bbox 817 5886 963 5951; x_wconf 80' lang='lat' dir='ltr'><strong><em>timui</em></strong></span> <span class='ocrx_word' id='word_1_661' title='bbox 988 5888 1227 5957; x_wconf 90' lang='lat' dir='ltr'><strong><em>quia.....</em></strong></span> <span class='ocrx_word' id='word_1_662' title='bbox 1262 5895 1309 5942; x_wconf 86' lang='lat' dir='ltr'><strong><em>et</em></strong></span> <span class='ocrx_word' id='word_1_663' title='bbox 1348 5887 1480 5940; x_wconf 76' lang='lat' dir='ltr'><strong><em>dixit</em></strong></span> <span class='ocrx_word' id='word_1_664' title='bbox 1508 5887 1589 5942; x_wconf 87' lang='lat' dir='ltr'><strong><em>illi</em></strong></span> <span class='ocrx_word' id='word_1_665' title='bbox 1619 5902 1639 5940; x_wconf 87' lang='lat'><strong><em>:</em></strong></span> <span class='ocrx_word' id='word_1_666' title='bbox 1670 5887 1796 5951; x_wconf 84' lang='lat' dir='ltr'><strong><em>Quis</em></strong></span> <span class='ocrx_word' id='word_1_667' title='bbox 1828 5888 2035 5940; x_wconf 85' lang='lat' dir='ltr'><strong><em>nuntia-</em></strong></span> 
     </span>
    </p>
   </div>
   <div class='ocr_carea' id='block_1_87' title="bbox 434 5956 2035 6029">
    <p class='ocr_par' dir='ltr' id='par_1_87' title="bbox 434 5956 2035 6029">
     <span class='ocr_line' id='line_1_87' title="bbox 434 5956 2035 6029; baseline 0 -20"><span class='ocrx_word' id='word_1_668' title='bbox 434 5958 618 6010; x_wconf 55' lang='grc' dir='ltr'><strong><em>θείη...</em></strong></span> <span class='ocrx_word' id='word_1_669' title='bbox 659 5956 755 6011; x_wconf 78' lang='lat' dir='ltr'><strong><em>nisi</em></strong></span> <span class='ocrx_word' id='word_1_670' title='bbox 785 5974 815 6010; x_wconf 90' lang='lat' dir='ltr'><strong><em>a</em></strong></span> <span class='ocrx_word' id='word_1_671' title='bbox 842 5957 980 6026; x_wconf 83' lang='lat' dir='ltr'><strong><em>ligno</em></strong></span> <span class='ocrx_word' id='word_1_672' title='bbox 1004 5956 1149 6027; x_wconf 78' lang='lat' dir='ltr'><strong><em>quod</em></strong></span> <span class='ocrx_word' id='word_1_673' title='bbox 1172 5973 1515 6029; x_wconf 70' lang='lat' dir='ltr'><strong><em>prleceperatn</em></strong></span> <span class='ocrx_word' id='word_1_674' title='bbox 1536 5957 1627 6011; x_wconf 82' lang='lat' dir='ltr'><strong><em>tibi</em></strong></span> <span class='ocrx_word' id='word_1_675' title='bbox 1657 5968 1855 6011; x_wconf 84' lang='lat' dir='ltr'><strong><em>tantum</em></strong></span> <span class='ocrx_word' id='word_1_676' title='bbox 1885 5975 1945 6010; x_wconf 83' lang='lat' dir='ltr'><strong><em>ne</em></strong></span> <span class='ocrx_word' id='word_1_677' title='bbox 1974 5974 2035 6010; x_wconf 61' lang='grc' dir='ltr'><strong><em>ραι</em></strong></span> 
     </span>
    </p>
   </div>
   <div class='ocr_carea' id='block_1_88' title="bbox 2145 5714 3746 5809">
    <p class='ocr_par' dir='ltr' id='par_1_88' title="bbox 2145 5714 3746 5809">
     <span class='ocr_line' id='line_1_88' title="bbox 2145 5714 3746 5809; baseline -0.005 -10"><span class='ocrx_word' id='word_1_678' title='bbox 2145 5761 2203 5799; x_wconf 86' lang='lat' dir='ltr'><strong><em>eo</em></strong></span> <span class='ocrx_word' id='word_1_679' title='bbox 2232 5744 2591 5806; x_wconf 85' lang='lat' dir='ltr'><strong><em>manducares,</em></strong></span> <span class='ocrx_word' id='word_1_680' title='bbox 2630 5742 2692 5795; x_wconf 92' lang='lat' dir='ltr'><strong><em>ab</em></strong></span> <span class='ocrx_word' id='word_1_681' title='bbox 2724 5756 2781 5794; x_wconf 83' lang='lat' dir='ltr'><strong><em>eo</em></strong></span> <span class='ocrx_word' id='word_1_682' title='bbox 2810 5739 2960 5794; x_wconf 89' lang='lat' dir='ltr'><strong><em>edisti</em></strong></span> <span class='ocrx_word' id='word_1_683' title='bbox 2977 5740 3095 5793; x_wconf 84' lang='lat'><strong><em>?....</em></strong></span> <span class='ocrx_word' id='word_1_684' title='bbox 3124 5714 3277 5809; x_wconf 73' lang='lat' dir='ltr'><strong><em>quam</em></strong></span> <span class='ocrx_word' id='word_1_685' title='bbox 3306 5736 3493 5791; x_wconf 89' lang='lat' dir='ltr'><strong><em>dedisti</em></strong></span> <span class='ocrx_word' id='word_1_686' title='bbox 3522 5753 3746 5799; x_wconf 86' lang='lat' dir='ltr'><strong><em>mecum,</em></strong></span> 
     </span>
    </p>
   </div>
   <div class='ocr_carea' id='block_1_89' title="bbox 2141 5808 3747 5881">
    <p class='ocr_par' dir='ltr' id='par_1_89' title="bbox 2141 5808 3747 5881">
     <span class='ocr_line' id='line_1_89' title="bbox 2141 5808 3747 5881; baseline -0.004 -13"><span class='ocrx_word' id='word_1_687' title='bbox 2141 5816 2370 5870; x_wconf 54' lang='lat' dir='ltr'><strong><em>hate”...</em></strong></span> <span class='ocrx_word' id='word_1_688' title='bbox 2422 5824 2469 5869; x_wconf 88' lang='lat' dir='ltr'><strong><em>et</em></strong></span> <span class='ocrx_word' id='word_1_689' title='bbox 2510 5815 2610 5868; x_wconf 90' lang='lat' dir='ltr'><strong><em>edi.</em></strong></span> <span class='ocrx_word' id='word_1_690' title='bbox 2656 5811 2724 5867; x_wconf 86' lang='lat' dir='ltr'><strong><em>Et</em></strong></span> <span class='ocrx_word' id='word_1_691' title='bbox 2768 5812 2897 5867; x_wconf 67' lang='lat' dir='ltr'><strong><em>dixit</em></strong></span> <span class='ocrx_word' id='word_1_692' title='bbox 2942 5808 3196 5868; x_wconf 86' lang='lat' dir='ltr'><strong><em>Dominus</em></strong></span> <span class='ocrx_word' id='word_1_693' title='bbox 3236 5808 3496 5867; x_wconf 88' lang='lat' dir='ltr'><strong><em>Deus.....</em></strong></span> <span class='ocrx_word' id='word_1_694' title='bbox 3536 5824 3747 5881; x_wconf 84' lang='lat' dir='ltr'><strong><em>serpens</em></strong></span> 
     </span>
    </p>
   </div>
   <div class='ocr_carea' id='block_1_90' title="bbox 2141 5888 2594 5952">
    <p class='ocr_par' dir='ltr' id='par_1_90' title="bbox 2141 5888 2594 5952">
     <span class='ocr_line' id='line_1_90' title="bbox 2141 5888 2594 5952; baseline -0.007 -12"><span class='ocrx_word' id='word_1_695' title='bbox 2141 5888 2344 5941; x_wconf 74' lang='lat' dir='ltr'><strong><em>seduxit</em></strong></span> <span class='ocrx_word' id='word_1_696' title='bbox 2366 5902 2465 5949; x_wconf 88' lang='lat' dir='ltr'><strong><em>me,</em></strong></span> <span class='ocrx_word' id='word_1_697' title='bbox 2490 5895 2594 5952; x_wconf 78' lang='lat' dir='ltr'><strong><em>etc.</em></strong></span> 
     </span>
    </p>
   </div>
   <div class='ocr_carea' id='block_1_91' title="bbox 2219 5956 2700 6012">
    <p class='ocr_par' dir='ltr' id='par_1_91' title="bbox 2219 5956 2700 6012">
     <span class='ocr_line' id='line_1_91' title="bbox 2219 5956 2700 6012; baseline 0 -3"><span class='ocrx_word' id='word_1_698' title='bbox 2219 5957 2243 5993; x_wconf 50' lang='grc' dir='ltr'>ᾗ</span> <span class='ocrx_word' id='word_1_699' title='bbox 2291 5957 2483 6010; x_wconf 52' lang='lat' dir='ltr'><strong><em>Servis.</em></strong></span> <span class='ocrx_word' id='word_1_700' title='bbox 2526 5956 2700 6012; x_wconf 82' lang='lat' dir='ltr'><strong><em>Vatic.</em></strong></span> 
     </span>
    </p>
   </div>
  </div>
