4148 6186
186 5773 260 5822 Ἣ
305 5846 313 5853 .

373 405 478 462 819
1449 402 1780 474 LUCWERI
1818 403 2127 472 BPI$COPI
2167 407 2594 473 CALARH‘ANI
3580 414 3687 478 82-)

373 516 703 576 Constantius
729 519 1018 589 imperator
1044 517 1400 584 seduxituos;
1429 518 1743 580 credidimus
1763 520 1834 582 ai,
1857 535 1974 578 eum
2003 534 2054 603 Δ
2081 521 2313 582 tristalus
2345 533 2423 584 est
2469 523 2600 582 Cain
2641 527 2808 593 va'de,
2863 537 2911 587 ct
2949 527 3174 586 concidit
3217 527 3392 586 vultus
3437 531 3572 600 ejus.
3618 528 3686 584 Et

372 611 612 666 arbitrati
635 611 797 681 fuisse
818 612 1094 672 hominem.
1119 609 1312 666 Nonne
1328 621 1352 647 ει
1377 609 1561 666 videre
1583 610 1831 684 potuisti,
1851 611 1979 684 quia

373 704 556 774 possis
576 705 668 766 tali
693 706 903 774 percuti
932 705 1023 760 Dei
1051 704 1384 779 indignantis
1409 705 1704 771 sententia,
1729 721 1832 776 qua
1862 720 1983 773 pcr-

371 812 570 852 cussus
611 797 828 856 videtur
875 807 930 854 et
977 800 1246 868 serpens?
1285 798 1374 854 cui
1414 799 1616 856 dicitur
1651 815 1663 852 :
1699 797 1834 864 Quia
1866 797 1892 835 ι)
1927 808 1981 858 tu

374 891 544 960 fecisti
574 890 690 954 hoc,
725 890 1032 947 maledictus
1065 901 1120 946 tu
1149 892 1210 946 ab
1244 887 1479 950 omnibus
1509 890 1813 959 pecudibus,
1844 899 1890 943 et
1917 891 1980 945 ab

369 983 612 1038 omnibus
645 983 818 1038 bestiis
861 993 1044 1048 terraz,
1080 1001 1193 1061 qua:
1231 995 1350 1040 sunt
1379 1001 1535 1054 super
1566 996 1794 1040 terram:
1824 1001 1983 1052 super

373 1087 549 1149 pectus
580 1087 626 1132 et
662 1087 892 1138 uentrem
920 1088 1062 1136 tuum
1104 1094 1269 1152 repes,
1305 1087 1350 1132 et
1383 1088 1572 1132 terram
1601 1076 1719 1132 edes
1748 1076 1982 1134 omnibus

376 1170 558 1227 diebus
581 1171 697 1225 vim
719 1180 842 1228 tum.
878 1170 947 1226 Et
979 1171 1303 1226 inimicitiam
1335 1187 1526 1241 ponam
1554 1171 1684 1226 inter
1716 1179 1764 1225 tc
1793 1181 1840 1224 et
1870 1187 1984 1224 mu-

377 1263 578 1330 lierem,
618 1276 663 1318 et
679 1264 814 1319 inter
849 1281 1021 1322 semen
1049 1274 1194 1327 tuum
1209 1274 1253 1316 et
1278 1266 1413 1322 inter
1437 1279 1610 1320 semen
1641 1266 1757 1336 ejus
1783 1281 1794 1315 :
1823 1263 1933 1332 ipse
1958 1274 1978 1302 ο

377 1366 524 1412 tuum
558 1356 842 1420 observavit
872 1364 1060 1428 caput,
1088 1365 1134 1412 et
1153 1367 1207 1410 tu
1226 1359 1340 1434 ejus
1373 1355 1663 1412 observabis
1682 1356 1983 1410 calcaneum

380 1445 548 1518 (Ibid.
579 1445 688 1518 14).
725 1447 921 1506 Nonne
950 1445 974 1483 ἀ
1007 1451 1077 1508 ita
1109 1460 1164 1504 et
1191 1457 1246 1503 te
1273 1447 1372 1504 Dei
1403 1447 1666 1504 olieusani
1701 1451 1984 1508 incurrere

379 1541 646 1610 potuisse,
678 1551 735 1596 ut
766 1541 858 1598 ille
882 1543 1177 1598 incurrerit
1205 1542 1429 1614 angelus
1451 1585 1465 1608 ,
1497 1558 1564 1600 cx
1596 1543 1695 1598 bac
1729 1557 1833 1597 una
1860 1558 1984 1599 sen-

382 1635 556 1689 tentia
596 1632 814 1694 Domini
852 1635 1122 1692 debueras
1154 1635 1473 1694 reminisci?
1515 1639 1817 1708 prtcsertim
1858 1654 1982 1692 cum

381 1739 783 1796 cognosceres,
815 1736 963 1782 tuum
994 1729 1158 1784 etiam
1199 1742 1336 1799 opus
1370 1727 1541 1786 fuisse
1584 1731 1981 1799 scrpcntinum.

381 1822 464 1874 Au
495 1836 619 1884 cum
661 1821 752 1880 illc
780 1836 1012 1892 serpens
1043 1819 1206 1880 fuerit
1237 1822 1413 1878 factus
1444 1837 1509 1878 ex
1542 1823 1788 1892 angelis,
1835 1830 1892 1878 tu
1919 1840 1985 1879 cx

2083 615 2214 676 dixit
2241 615 2495 680 Dominus
2528 618 2671 674 Deus
2701 621 2769 680 ad
2805 620 2936 676 Cain
2969 637 2987 675 .'
3016 622 3189 688 Quare
3215 623 3374 687 tristis
3411 626 3582 692 [actus
3610 640 3686 690 es,

2083 719 2131 768 et
2160 726 2321 780 quare
2347 712 2571 772 concidit
2599 716 2767 774 cultus
2801 715 2962 772 tuus?
2995 695 3166 788 Quare
3197 715 3210 766 t'
3248 731 3351 774 non
3379 726 3516 774 recte
3541 715 3690 770 obtu-

2083 804 2225 859 listi?
2257 804 2510 874 Peccasti,
2553 810 2773 876 quiesce.
2811 809 2875 863 Et
2904 808 3041 866 infra
3072 829 3084 862 :
3118 809 3261 864 Dixit
3296 809 3426 866 Cain
3455 811 3524 864 ad
3555 809 3688 868 Abel

2084 902 2302 970 fratrem
2324 918 2474 958 suum
2501 918 2519 956 :
2543 901 2738 958 Eamus
2763 903 2817 958 in
2845 920 3109 974 campum.
3136 903 3200 958 Et
3229 906 3425 976 factum
3451 913 3547 971 est,
3574 919 3694 964 cum

2083 1003 2248 1048 essent
2268 994 2372 1062 ipsi
2395 995 2449 1048 in
2471 1011 2676 1066 campo,
2698 996 2983 1052 insurrein
2999 996 3130 1064 Cain
3151 1013 3308 1064 super
3328 995 3452 1058 Abel
3471 999 3689 1059 fratrem

2084 1101 2256 1149 suum,
2289 1095 2336 1138 et
2362 1086 2548 1148 occidit
2572 1103 2705 1140 eunt.
2743 1085 2810 1142 Et
2841 1087 2972 1144 dixit
3001 1085 3140 1150 Deus
3169 1088 3239 1144 ad
3274 1086 3449 1144 Cain:
3487 1087 3586 1146 Ubi
3614 1097 3691 1144 est

2084 1176 2246 1244 frater
2270 1179 2429 1233 tuus?
2462 1178 2525 1232 Et
2554 1179 2684 1234 dixit
2709 1199 2721 1232 :
2760 1178 2973 1234 Nescio.
3010 1179 3284 1251 Numquid
3308 1191 3481 1238 custos
3513 1181 3691 1252 fratris

2084 1271 2186 1323 mei
2212 1286 2328 1324 sum
2355 1272 2483 1344 ego?
2521 1273 2583 1326 Et
2618 1273 2751 1327 dixit
2791 1271 2932 1327 Deus
2960 1289 2980 1328 :
3025 1273 3164 1346 Quid
3207 1274 3372 1352 [eristi
3407 1273 3541 1328 boc?
3580 1272 3692 1330 Vox

2083 1363 2356 1435 sanguinis
2386 1365 2568 1435 [ratris
2595 1366 2669 1419 tui
2702 1366 2890 1419 clamat
2921 1365 2990 1418 ad
3018 1382 3098 1424 me
3139 1367 3202 1422 de
3231 1375 3370 1424 terra
3411 1363 3576 1440 (Ibid.
3606 1364 3689 1438 8).

2084 1454 2352 1526 Numquid
2391 1472 2496 1512 non
2531 1457 2766 1514 licuerat
2792 1459 2905 1518 Deo
2931 1501 2943 1524 ,
2981 1462 3296 1532 priusquam
3319 1459 3451 1520 Cain
3485 1473 3694 1520 convo-

2085 1559 2236 1604 caret
2275 1542 2438 1625 atque
2477 1551 2877 1622 interrogaret,
2911 1554 3146 1622 punire?
3189 1553 3286 1616 sed
3330 1554 3528 1619 noluit;
3559 1553 3694 1612 dans

2086 1640 2348 1716 formam,
2364 1660 2470 1711 quo
2486 1659 2692 1716 genere
2712 1647 3081 1717 inciperemus
3099 1649 3347 1717 judicare
3369 1649 3696 1706 commissos

2088 1735 2270 1800 nobis,
2296 1736 2455 1792 nobis
2477 1737 2696 1808 inquam
2720 1780 2734 1803 ,
2767 1739 2835 1796 de
2867 1739 3065 1812 quibus
3087 1755 3186 1808 per
3212 1740 3546 1796 Hieremiam
3572 1754 3696 1812 pro-

2091 1827 2306 1896 phetam
2339 1827 2473 1884 dicit
2514 1829 2581 1885 ad
2615 1832 2847 1906 populos
2881 1847 2996 1888 sua:
3030 1833 3302 1907 majestati
3333 1833 3545 1890 dicatos
3574 1850 3586 1887 :
3632 1831 3696 1890 Et

382 1916 699 1978 hominibus
727 1929 1050 1988 serpentem
1073 1930 1122 1973 te
1146 1920 1262 1976 lieri
1290 1918 1534 1990 potuisse
1561 1933 1620 1974 es
1649 1918 1985 1976 arbitratus?
2016 1927 2064 1988 Β
2091 1921 2224 1976 dabo
2249 1921 2387 1978 vobis
2411 1931 2640 1990 pastores
2662 1925 2944 1982 secundum
2971 1943 3060 1980 cor
3089 1942 3281 1991 meum,
3311 1937 3356 1980 et
3380 1936 3589 1998 poscent
3612 1941 3697 1982 vos

383 2010 611 2064 miniine
643 2027 655 2062 :
693 2011 785 2064 sed
818 2009 968 2066 dicas
1012 2012 1206 2076 velim,
1248 2013 1377 2082 quid
1410 2013 1626 2070 intersit
1664 2013 1805 2068 inter
1837 2024 1984 2070 tuum

380 2115 546 2174 atque
576 2104 735 2174 hujus
763 2105 938 2175 angeli
980 2106 1182 2176 refuga:
1211 2115 1474 2176 apostatze
1505 2107 1706 2162 factum
1750 2125 1762 2159 :
1807 2109 1852 2161 si
1898 2106 1988 2160 ille

384 2199 669 2252 mendacio
701 2199 919 2254 seduxit
952 2201 1116 2255 rudes
1146 2200 1431 2266 hoiriines,
1467 2211 1521 2254 et
1553 2209 1606 2254 tu
1631 2244 1643 2266 ,
1690 2208 1746 2254 et
1773 2199 1991 2269 quidem

382 2303 440 2347 tu
463 2307 569 2350 non
595 2296 786 2348 rudes:
809 2295 853 2348 si
879 2297 973 2351 ille
995 2295 1248 2350 utilitatis
1269 2298 1441 2366 gratia
1467 2295 1534 2350 ad
1557 2297 1770 2352 arboris
1795 2311 1986 2351 eorum

382 2384 564 2442 illexit
586 2397 795 2450 mentes
827 2386 1040 2444 fructus
1061 2387 1325 2456 edendos,
1351 2401 1404 2443 et
1432 2398 1488 2450 tu
1517 2389 1665 2460 pacis
1696 2399 1718 2426 ο
1749 2403 1910 2444 causa
1939 2399 1992 2445 te

384 2481 564 2534 facere
594 2495 716 2534 cum
750 2482 831 2535 eis
873 2483 1219 2546 astruxeris;
1268 2497 1503 2552 cumque
1545 2483 1786 2536 omnium
1827 2481 1988 2536 Chri-

383 2574 686 2627 stianorum
717 2573 860 2627 bono
894 2583 948 2628 te
977 2573 1082 2628 hoc
1107 2590 1248 2644 opus
1277 2575 1484 2630 dixeris
1513 2591 1855 2648 aggressum,
1885 2575 1990 2632 uti-

389 2681 498 2735 que
530 2668 778 2735 inspecta
818 2665 835 2704 ί
873 2684 1037 2745 opera
1075 2677 1196 2740 tua,
1232 2669 1392 2724 datur
1422 2669 1651 2744 intelligi
1680 2680 1992 2740 serpentem

392 2769 444 2812 te
477 2758 632 2812 illum
665 2777 788 2817 esse
831 2762 1100 2818 imitatum
1146 2781 1158 2817 :
1203 2763 1431 2833 cupiens
1475 2763 1568 2826 Dei
1611 2763 1990 2817 mandatorum

392 2851 511 2906 ﬁeri
539 2863 980 2923 transgressores
1003 2898 1018 2921 ,
1048 2855 1246 2910 dedisti
1280 2866 1550 2926 prmcepta
1571 2896 1584 2916 ,
1623 2854 1992 2908 datunandum

391 2946 854 3011 esseinauditum,
875 2952 1182 3009 absentem,
1206 2947 1619 3018 ncgandamque
1638 2945 1992 3014 audientiam,

395 3056 628 3110 purgare
660 3056 821 3111 posse
852 3057 910 3096 se
940 3042 1005 3094 dc
1029 3041 1261 3096 crimine
1283 3041 1500 3110 obiecto
1527 3042 1918 3110 proclamatum
1943 3049 1991 3094 8.

394 3135 530 3190 Abel
559 3134 886 3190 interﬁcitur
914 3136 1093 3203 justus
1113 3174 1126 3198 ,
1170 3143 1220 3187 et
1255 3133 1623 3202 interrogatus
1651 3132 1786 3185 Cain
1830 3132 1998 3185 sumit

394 3231 418 3266 ¹ι
445 3231 798 3291 sententiam;
833 3237 885 3283 et
909 3237 960 3280 tu
1023 3227 1232 3280 Domini
1265 3224 1561 3278 inauditum
1593 3226 1670 3277 vis
1699 3223 1877 3291 puniri
1905 3238 1994 3279 sa-

2087 2021 2352 2085 pascentes
2393 2030 2508 2068 cum
2553 2015 2858 2085 disciplina.
2913 2015 3190 2083 Damnata,
3239 2018 3416 2095 inquis
3447 2017 3512 2086 κ,
3556 2035 3694 2084 eum,

2089 2122 2238 2176 quem
2269 2107 2520 2178 ignoratis
2545 2107 2826 2178 deliquisse
2860 2109 3012 2180 (Jer.
3044 2126 3130 2172 Ill,
3166 2110 3288 2182 15).
3317 2111 3470 2165 Cur?
3502 2125 3698 2181 nempe

2090 2199 2160 2252 ad
2186 2198 2288 2253 hoc
2319 2209 2377 2252 ut
2401 2201 2516 2268 jam
2543 2216 2650 2255 non
2677 2202 2948 2272 episcopi,
2984 2204 3082 2258 sed
3115 2219 3458 2260 mererentur
3487 2219 3698 2258 nuncu-

2092 2292 2207 2359 pari
2239 2293 2426 2347 vesani
2457 2302 2621 2360 atque
2651 2295 2957 2350 carniﬁces.
2992 2297 3106 2351 Non
3143 2297 3346 2352 metuis
3372 2341 3384 2362 ,
3419 2313 3552 2361 oro,
3585 2297 3700 2354 lucc

2093 2384 2399 2452 mandans,
2459 2387 2673 2444 Domini
2723 2389 2791 2446 ad
2849 2388 2966 2445 Noe
3011 2390 3418 2446 sanctissimum
3464 2389 3700 2448 dicentis

2095 2494 2286 2534 vocem
2315 2481 2337 2532 ?
2370 2479 2519 2535 Sicut
2549 2481 2693 2535 olera
2721 2483 2828 2552 {eui
2873 2480 2889 2519 ι
2925 2483 3044 2538 dedi
3088 2484 3226 2538 robis
3255 2485 3434 2539 omnia
3461 2500 3480 2541 .'
3511 2493 3699 2552 prater

2095 2581 2130 2606 η’
2161 2587 2369 2625 carnent
2427 2584 2474 2626 et
2521 2575 2824 2644 sanguinem
2864 2576 3053 2628 anima:
3105 2592 3207 2629 non
3257 2578 3440 2632 edetis.
3495 2576 3699 2634 Etenim

2095 2674 2321 2718 vestrum
2349 2666 2652 2738 sanguinem
2686 2668 2983 2722 animarum
3023 2678 3307 2722 vestrarum
3335 2669 3602 2738 exquiram
3639 2670 3700 2730 de

2097 2758 2333 2811 manibus
2365 2761 2597 2812 omnium
2625 2760 2900 2813 bestiarum
2930 2777 2948 2812 :
2983 2769 3007 2795 η
3040 2762 3315 2824 exquiram
3350 2763 3575 2814 animum
3607 2762 3698 2815 Ito-

2096 2853 2270 2904 minis.
2306 2851 2406 2916 Qui
2436 2850 2679 2916 e/fndcrit
2714 2854 3019 2922 sanguinem
3055 2854 3301 2912 hominis,
3334 2869 3424 2919 pro
3449 2853 3701 2925 sanguine

2096 2947 2320 2999 hominis
2347 2945 2644 3011 e/Iundetur
2670 2959 2716 3010 υ,
2747 2947 2866 3014 quia
2892 2949 2956 2999 ad
2979 2948 3254 3016 imaginem
3287 2946 3380 3000 Dei
3410 2947 3507 3014 feci
3536 2949 3700 2999 Itami—

2099 3055 2213 3096 ncm
2238 3038 2391 3108 (Gen.
2427 3055 2502 3105 ts,
2537 3037 2615 3110 5).
2652 3039 2768 3094 Non
2793 3039 3026 3102 mutuis,
3064 3056 3195 3104 oro,
3228 3049 3498 3093 tantorum
3531 3050 3581 3094 tc
3610 3042 3698 3110 qui

2102 3133 2284 3185 videas
2302 3131 2707 3205 interfectorem
2728 3133 2818 3187 Dei
2837 3135 3112 3188 exstitisse
3130 3150 3434 3194 scrwrum,
3457 3145 3508 3187 ut
3526 3136 3701 3188 adhuc

2100 3234 2160 3278 et
2198 3225 2316 3294 ipse
2361 3226 2684 3280 innocentes
2727 3226 2975 3297 iugules,
3025 3238 3080 3281 et
3119 3245 3216 3281 nos
3253 3227 3546 3298 participes
3585 3229 3699 3282 lieri

397 3323 674 3378 cei-dotem
697 3322 719 3373 ‘i
744 3319 939 3378 Factus
970 3318 1235 3388 estiuquit
1261 3323 1278 3391 l
1302 3318 1466 3386 lbid.,
1504 3333 1583 3385 Iv,
1610 3316 1700 3388 2),
1734 3319 1855 3376 Abel
1877 3333 1996 3386 pas-
2022 3309 2066 3370 C
2105 3330 2320 3382 tuorum
2353 3334 2519 3388 cogas
2552 3319 2847 3374 funerum?
2891 3319 3024 3374 Cum
3065 3319 3268 3380 dicnnu
3309 3336 3338 3376 a
3379 3335 3575 3373 socero
3603 3333 3702 3374 suo

399 3434 479 3474 ιυι·
505 3421 693 3482 ovium,
728 3415 856 3476 Cain
874 3428 1044 3474 utilem
1059 3425 1168 3468 erat
1193 3410 1448 3484 apertiusi
1476 3425 1684 3466 terram.
1711 3411 1775 3464 Et
1801 3417 2000 3482 [tutum

397 3525 489 3576 cst,
524 3522 636 3580 post
668 3509 776 3562 dies
808 3508 987 3561 obtulit
1021 3505 1150 3559 Cain
1191 3509 1254 3558 de
1287 3509 1459 3576 [ructu
1506 3518 1654 3560 ιρι-ναν
1685 3505 1998 3574 sacriﬁcium

403 3607 644 3664 Domino.
663 3614 706 3656 et
728 3603 850 3656 Abel
869 3601 1051 3654 obtulit
1067 3610 1114 3656 et
1128 3592 1236 3676 ipse
1252 3601 1312 3656 de
1323 3600 1568 3671 primitiis
1582 3599 1748 3652 ouium
1763 3615 1996 3662 suarum,

398 3711 444 3755 ct
473 3699 692 3769 respexit
712 3696 847 3750 Deus
864 3712 1016 3764 super
1032 3693 1184 3758 Abel,
1220 3703 1267 3746 et
1289 3710 1442 3760 super
1457 3709 1664 3746 munera
1681 3694 1816 3762 ejus,
1846 3708 2000 3762 super

398 3795 526 3848 (.‘ain
555 3810 670 3848 vero
702 3800 749 3846 et
772 3807 926 3859 super
968 3787 1227 3856 sacriﬁcia
1253 3791 1366 3860 ejus
1391 3803 1491 3839 non
1514 3787 1737 3855 respexit
1763 3802 1780 3846 ;
1805 3797 1850 3842 et
1877 3801 2000 3848 aettur

478 3944 502 3969 ³
544 3931 688 3985 Non.
723 3931 800 3983 Id.

470 4003 498 4042 δ
543 4004 695 4057 Vors.
724 4004 850 4054 Ant.
879 3998 1016 4062 Quia
1037 3998 1202 4067 fecisti
1223 3999 1432 4050 ltoc.....
1463 3998 1524 4048 ab
1547 3995 1780 4048 omnibus
1802 3995 2002 4065 pecori-

403 4078 514 4136 bus,
545 4083 592 4126 et
617 4073 678 4124 ab
703 4071 935 4124 omnibus
961 4069 1151 4131 bestiis,
1185 4084 1366 4134 quw...
1399 4083 1554 4134 super
1583 4076 1756 4136 pectus
1779 4075 1996 4120 tuum...

404 4143 756 4198 ambulabis...
793 4155 965 4193 omnes
1004 4139 1182 4190 dies...
1224 4138 1288 4190 Et
1325 4138 1618 4190 inimicitias
1651 4152 1839 4205 ponam
1866 4137 1999 4190 inter

403 4228 449 4272 te
468 4226 514 4269 et
537 4216 668 4266 inter
689 4212 973 4275 mulierem,
999 4219 1043 4261 et
1073 4209 1202 4261 inter
1225 4226 1397 4261 semen
1427 4219 1568 4260 tuum
1592 4217 1635 4259 et
1661 4223 1828 4260 semen
1857 4211 1998 4276 ejus;

402 4291 516 4361 ipsa
548 4285 637 4346 tibi
665 4282 882 4336 servabit
905 4289 1106 4361 caput,
1130 4288 1178 4332 et
1207 4281 1508 4361 tu__s.ervttbis
1536 4283 1645 4350 ejus
1679 4280 1994 4333 calcanenm.

481 4371 504 4398 ο
546 4358 754 4410 Sensus
778 4363 860 4407 est
885 4354 955 4407 de
979 4350 1218 4408 Christo.
1250 4349 1351 4411 Til.

479 4430 504 4470 ἀ
547 4427 691 4484 Non.
731 4425 902 4486 Vatic.

482 4512 504 4538 ο
547 4501 775 4572 Propter
825 4499 1059 4572 edictum
1113 4495 1560 4572 pacilicatorium_
1591 4510 1618 4547 a
1675 4491 1996 4572 Constantio

371 4571 611 4627 'Ariano
656 4563 1070 4640 promulgatum
1113 4563 1382 4638 'pretextu
1446 4566 1594 4635 pacis
1651 4579 1772 4619 eum
1827 4563 1994 4620 fratre

2099 3412 2290 3468 Jethno
2315 3413 2501 3474 fuisset
2529 3413 2718 3486 Moysi,
2745 3428 2842 3467 cur
2867 3423 2976 3466 tota
2998 3415 3267 3468 detineret
3291 3413 3548 3482 populum
3575 3413 3698 3468 die:

2109 3505 2260 3562 Venit
2283 3507 2349 3560 ad
2370 3524 2466 3573 me,
2495 3508 2689 3575 inquit,
2715 3509 2940 3578 papulas
2961 3524 3195 3578 quatiens
3215 3509 3516 3580 Pjudicium
3539 3526 3567 3560 α
3593 3507 3700 3562 Deo

2101 3600 2311 3669 (Exod.
2344 3615 2502 3664 svnt,
2536 3602 2662 3673 lii).
2693 3601 2861 3674 Igitur
2895 3604 2938 3656 si
2967 3602 3228 3676 judicium
3265 3602 3362 3656 Dei
3397 3604 3698 3656 antistitum

2103 3702 2210 3746 tam
2244 3693 2404 3747 decet
2437 3708 2560 3747 esse
2583 3693 2826 3762 justum,
2859 3693 3002 3763 quod
3036 3694 3127 3747 Dei
3172 3709 3294 3748 esse
3322 3693 3531 3748 dicatur
3564 3693 3694 3760 iudi-

2100 3787 2189 3850 cio
2235 3786 2626 3851 terminatum,
2691 3786 2970 3857 quomodo
3021 3798 3073 3842 tu
3121 3787 3424 3842 inauditum
3468 3787 3700 3858 julubas

2177 3933 2201 3967 κ
2246 3921 2624 3996 Ρνοειαηιαηιὶ.
2655 3923 2827 3980 Vatic.
2857 3925 3007 3993 Quod
3038 3941 3135 3979 nos
3165 3925 3398 3980 dicimus
3429 3926 3702 3996 appellan-

2103 4006 2223 4049 tem.
2260 3994 2606 4066 l’articipium
2636 4005 2723 4050 est
2748 3995 2875 4049 alibi
2908 3997 2976 4051 ab
3001 4009 3228 4052 auctore
3263 3994 3576 4066 repetitum,
3608 4012 3699 4051 ve-

2105 4082 2223 4120 rtuu
2267 4064 2323 4120 in
2355 4067 2527 4138 activa
2564 4081 2726 4126 voce,
2760 4066 2845 4121 his
2875 4069 3058 4122 verbis
3089 4086 3100 4120 :
3136 4069 3198 4122 Si
3220 4064 3418 4138 justum
3449 4077 3520 4121 est
3557 4069 3696 4133 iudi-

2103 4139 2240 4190 cium
2278 4137 2449 4190 audiri
2489 4155 2543 4190 se
2583 4140 3008 4206 proclamantem,
3053 4140 3103 4193 id
3139 4137 3599 4208 estappellantcm
3627 4140 3696 4194 de

2100 4208 2298 4277 judicis
2329 4207 2511 4278 iniqua
2535 4211 2827 4275 sententia,
2859 4225 3018 4279 quam
3044 4211 3293 4264 videlicet
3323 4207 3578 4278 perverse
3605 4212 3700 4264 ad-

2108 4293 2296 4334 versus
2326 4280 2676 4334 Athanasium
2711 4281 2906 4334 tulerat
2932 4280 3306 4336 Constantius.
3343 4281 3442 4335 Til.

2173 4350 2201 4388 ιι
2241 4350 2466 4405 Sumere
2495 4352 2799 4404 sententiam
2823 4352 2979 4414 dicit,
3012 4370 3107 4421 pro
3131 4353 3492 4406 condemnari.
3524 4353 3702 4407 Sumit

2100 4437 2232 4495 ergo
2262 4424 2596 4495 sententiam,
2624 4421 2685 4495 id
2720 4431 2803 4495 cst
2833 4422 3206 4478 condemnatur
3238 4439 3266 4477 a
3302 4423 3533 4480 Domino
3555 4469 3568 4489 ,
3609 4434 3704 4494 qut

2098 4493 2316 4563 quidem
2370 4494 2461 4548 dat
2512 4493 2665 4546 nobis
2714 4494 2938 4548 formam
2984 4495 3303 4564 judicandi,
3352 4493 3703 4563 posteaquam

2098 4565 2489 4626 audiverimus,
2507 4564 2863 4633 etdiligenter
2885 4568 3186 4634 percontati
3211 4565 3490 4621 fuerimus.
3507 4566 3704 4634 Quem-

401 4635 704 4697 Coustante
727 4650 858 4710 natu
880 4635 1108 4708 minore,
1136 4635 1225 4710 qui
1245 4641 1706 4710 catholicuserat,
1727 4648 1780 4689 ut
1806 4648 1991 4706 postea
2023 4649 2075 4708 ι)
2101 4637 2392 4710 admodum
2435 4635 2581 4710 dixit
2611 4637 2893 4710 serpenti:
2921 4636 3058 4704 Quia
3091 4647 3145 4690 tu
3190 4637 3354 4705 {ecisti
3376 4636 3496 4710 h_oc,
3541 4638 3705 4710 male-

403 4713 699 4768 videbitur.
734 4709 836 4765 Til.
868 4712 972 4766 Sed
1015 4707 1120 4766 non
1153 4707 1240 4765 hic
1281 4709 1440 4776 hujus
1473 4707 1574 4762 loci
1605 4722 1818 4762 sensus.
1851 4710 1998 4766 Scri-

407 4782 748 4856 psitlittcjfer
771 4781 932 4837 hosce
954 4783 1122 4838 libros
1142 4791 1260 4856 post
1283 4779 1693 4856 MSdlDlﬂllcllse-
1707 4778 1994 4856 concilium

405 4849 533 4910 anni
555 4851 681 4919 355,
720 4853 773 4904 in
807 4869 1058 4924 quocum
1089 4849 1369 4924 Athanasii
1399 4849 1638 4924 absentis
1663 4850 1999 4924 damnationi

405 4925 753 4982 subscribere
796 4921 1096 4991 uoluisset,
1145 4924 1198 4994 in
1239 4923 1493 4994 exsilium
1521 4923 1706 4990 pulsus
1749 4921 1847 4975 fuit
1877 4935 1998 4975 eum

408 4999 532 5054 aliis
563 4997 835 5068 episcopis
866 4991 1172 5062 catholicis,
1205 4994 1342 5049 forte
1370 4995 1420 5046 in
1457 4991 1879 5068 Cappadociam,
1911 4995 2000 5068 qui
2043 5013 2046 5016 ·

408 5063 618 5140 primus
664 5063 862 5140 exsilii
896 5068 1076 5140 locus;
1125 5081 1267 5140 anno
1319 5079 1450 5140 vero
1491 5064 1627 5140 55o,
1678 5063 2003 5140 Athanasius

408 5135 790 5196 Alexandrime
824 5138 1086 5193 Ecclesiae
1117 5137 1398 5194 restitutus
1431 5135 1542 5204 jam
1576 5138 1749 5191 fuerat
1786 5151 1814 5188 ει
1855 5136 1996 5190 Con-

406 5215 631 5276 stantio,
665 5211 755 5278 qui
783 5209 1100 5264 Constantis
1133 5219 1280 5264 metu
1311 5211 1376 5260 ad
1411 5209 1460 5260 id
1492 5223 1552 5261 se
1579 5208 1776 5261 adduci
1808 5219 1998 5274 passus

406 5293 508 5337 est.
543 5287 674 5338 Cum
709 5284 867 5350 igitur
886 5284 965 5335 ait
995 5281 1231 5347 Lucifer,
1255 5279 1638 5334 Constantium
1665 5278 1999 5350 pocisicausa

407 5354 461 5418 id
486 5369 606 5409 esse
638 5349 884 5410 molitum
911 5395 926 5421 ,
959 5366 1017 5410 nt
1044 5350 1772 5421 Athanasiusdamnaretur
1791 5349 1859 5407 ab
1885 5350 1998 5421 epi-

408 5427 587 5494 SCOpiS
619 5419 982 5480 catholicisin
1014 5423 1247 5480 concilio
1280 5419 1695 5486 Mediolanensi,
1726 5420 1777 5476 id
1803 5419 1999 5494 intelli-

405 5491 520 5564 git,
573 5495 857 5550 Athanasii
913 5495 1356 5555 damnationem,
1415 5501 1685 5560 tamquam
1742 5491 1997 5564 pacanda:

406 5562 670 5690 fEcclesia:
723 5576 1096 5634 praetextum,
1153 5567 1220 5620 ab
1273 5566 1609 5634 Imperatori:
1641 5562 2000 5633 .propnsilam

430 5649 594 5690 uisse.

430 5649 594 5690 ιιιεεθ.

490 5704 508 5744 ί
554 5706 832 5760 Ablativus
860 5715 944 5762 est
968 5709 1254 5766 absolutus
1281 5724 1434 5765 more
1459 5708 1772 5765 Grzecorum
1790 5747 1805 5772 ,
1838 5721 2002 5775 quem

415 5783 641 5842 usurpat
665 5789 760 5852 pro
785 5777 1276 5852 plurali,_inspectis
1304 5781 1546 5851 aperibus
1573 5782 1673 5832 tuis
1688 5796 1706 5845 ;
1729 5795 1838 5850 quo
1860 5792 2004 5847 saepe

412 5849 982 5921 ιιιιιῐιιττοιιιιιιιΓ-ιιιιιι
1016 5849 1068 5900 in
1103 5849 1476 5916 nominativo,
1508 5867 1666 5921 quam
1695 5854 1751 5908 in
1781 5865 2005 5907 accusa-

413 5913 529 5970 tivo
561 5915 796 5968 casibus.
834 5911 932 5967 Tit.

2103 4711 2271 4837 téictgs
2314 4709 2376 4764 ab
2419 4705 2654 4764 omnibus
2697 4708 2978 4778 pecudibus
3023 4719 3206 4773 terrm,
3239 4719 3344 4766 etc.
3385 4708 3487 4764 Til.
3539 4720 3593 4768 et
3630 4709 3705 4770 La

2151 4797 2209 4837 cr
2252 4797 2302 4834 ιι.

2151 4784 2302 4838 crde.

2187 4850 2199 4887 ί
2251 4851 2405 4906 Vers.
2446 4853 2571 4904 Alit.
2611 4850 2954 4924 Operabatur.

2185 4924 2197 4972 i
2251 4924 2545 4977 Peculiaris
2588 4922 2813 4977 omnino
2857 4931 2945 4976 est
2985 4922 3127 4988 apud
3169 4923 3346 4978 solum
3391 4923 3704 4979 Luciferum

2111 4994 2270 5062 hujus
2297 4996 2550 5050 versiculi
2578 4997 2779 5059 versio,
2802 4994 2956 5064 cujus
2980 4998 3125 5049 nulla
3149 4996 3199 5047 in
3224 4995 3450 5062 Graecis,
3477 4995 3707 5050 Latinis-

2112 5082 2216 5137 que
2249 5065 2436 5120 Bihliis
2462 5066 2690 5132 indicia,
2722 5081 2898 5133 neque
2920 5082 2988 5122 ex
3013 5067 3287 5131 Patrihus,
3311 5079 3402 5124 aut
3433 5071 3707 5137 Interpre—

2111 5135 2253 5191 tibus
2280 5140 2429 5192 licuit
2469 5138 2732 5205 reperire.
2771 5137 2926 5191 Vers.
2960 5141 3084 5192 Ant.
3119 5137 3306 5192 Nonne
3335 5141 3378 5192 sl
3409 5148 3541 5192 recte
3571 5135 3705 5203 οπε.

2108 5225 2210 5268 ras,
2241 5220 2373 5262 recte
2395 5218 2566 5262 autent
2589 5224 2690 5261 non
2710 5208 2933 5276 dividas,
2970 5210 3229 5278 peccasti?
3253 5210 3492 5274 Quiesce,
3522 5220 3630 5264 etc.

2179 5279 2204 5318 ¹ί
2249 5279 2412 5334 Dicis.
2455 5280 2623 5334 Vatia.

2184 5349 2200 5388 1
2252 5350 2402 5404 Vers.
2437 5350 2565 5404 Alit.
2600 5350 2797 5419 pabuli.

2177 5432 2214 5458 ηδ
2264 5420 2454 5476 Verum
2479 5438 2683 5475 carnem
2717 5423 2772 5494 in
2805 5424 3058 5494 sanguine
3096 5425 3282 5478 anima:
3308 5441 3432 5480 sum.
3473 5424 3702 5480 Eadem.

2102 5492 2279 5549 Grmc.
2308 5503 2454 5548 caret
2485 5509 2614 5558 sum,
2640 5495 2715 5548 uti
2747 5492 2924 5549 Lucii.
3293 5500 3297 5504 '

2178 5575 2206 5602 ιι
2252 5565 2402 5620 Vers.
2448 5566 2578 5622 Aut.
2631 5566 2693 5619 Et
2733 5565 2798 5620 de
2842 5582 3002 5621 manu
3037 5567 3262 5622 hominis
3305 5567 3483 5638 fratris
3521 5569 3706 5637 exqui-

2109 5651 2239 5701 ram,
2273 5646 2380 5692 etc.

2182 5719 2206 5742 υ
2239 5707 2392 5782 Veis.
2421 5709 2546 5782 Am.
2573 5707 2887 5774 Elfuudetar
2905 5714 3081 5770 anima
3101 5713 3236 5782 ejus.
3254 5710 3423 5772 Abest
3441 5725 3474 5768 α
3490 5709 3706 5778 ϐταιοο,

2110 5781 2192 5855 uti
2217 5781 2466 5855 ιι-ζιιιθιῐ.Δ
2484 5783 2657 5855 animo
2682 5785 2816 5855 ejus.

2183 5854 2210 5894 ν
2254 5851 2410 5908 Vers.
2444 5852 2571 5910 Ant.
2601 5851 2890 5926 Inquirere.
