4148 6186
521 296 631 354 82.5

1619 296 1942 355 LUCIFERI
1982 295 2291 357 EPISCOPI
2327 296 2750 354 CALARITANI

3721 295 3820 354 824

515 414 659 472 Deus
700 425 883 471 vester.
924 414 1114 487 Legem
1151 430 1319 469 meam
1364 412 1617 469 custodite
1646 410 1813 486 (Ibid.
1845 412 1958 485 12).
1998 413 2124 469 lltec
2152 414 2201 475 Α
2231 423 2388 469 runt:
2423 413 2645 487 PrOpter
2671 414 2811 485 quod
2834 413 2963 468 odiit
2985 428 3078 469 nos
3100 412 3363 469 Dominus
3383 454 3397 478 ,
3428 412 3613 468 eduxit
3642 430 3731 467 nos
3759 414 3819 471 de

523 523 649 564 cum
680 509 887 578 scripta
918 508 1259 573 memineris,
1282 506 1566 561 existimas
1586 515 1969 575 arceptatores
2000 520 2126 575 per-

520 615 673 657 sonae
702 614 802 655 nos
835 609 943 654 tute
971 598 1219 653 futuros?
1267 596 1347 652 Ad
1378 607 1404 633 ει
1441 595 1757 652 innocentis
1794 597 1997 666 rogasti
2029 610 2129 651 ne-
2172 600 2175 605 “

521 708 643 750 cem
668 734 683 757 ,
723 701 923 748 etcum
959 702 1011 747 te
1032 700 1405 760 contemptum
1439 690 1771 746 advertisses
1798 730 1813 753 ,
1851 688 2130 746 tetendisti

520 795 692 843 temet
726 785 792 839 ad
832 800 1035 855 genera
1078 784 1267 839 omnia
1302 784 1604 854 ingerenda
1640 798 1947 853 poenarum.
1991 782 2129 837 Dicit

524 882 703 938 Deus:
741 880 783 934 Α
816 881 951 951 facie
970 879 999 918 δ
1031 880 1207 934 divitis
1234 896 1297 934 ne
1326 879 1527 941 timeas,
1553 889 1599 933 et
1630 877 1910 933 ltonorabis
1942 878 2131 951 faciem

523 974 807 1046 presbyteri
839 984 886 1027 et
911 974 1114 1028 timebis
1152 971 1439 1027 Dominum
1468 971 1636 1026 Deum
1674 982 1837 1025 tuum.
1879 971 1991 1042 Ego
2016 988 2132 1026 sum

521 1064 785 1119 Dominus
816 1064 1120 1119 Deustuus
1162 1063 1330 1137 (Ibid.
1385 1064 1502 1134 32).
1538 1062 1606 1118 Et
1637 1074 1695 1118 ltt
1739 1064 1918 1118 timeri
1952 1072 2003 1117 te
2029 1076 2130 1133 po.

523 1159 696 1213 tuisse
738 1173 798 1213 es
848 1158 1145 1213 arbitratus
1177 1200 1192 1223 ,
1239 1167 1292 1212 ct
1337 1157 1674 1212 exhonorari
1719 1157 2082 1212 Athanasium
2115 1198 2130 1223 ,

524 1270 689 1324 quem
735 1255 880 1310 Deus
927 1254 1252 1324 praeceperit
1293 1252 1722 1308 honorandum?
1767 1252 1881 1308 Non
1919 1254 2132 1323 legeras

526 1349 734 1404 dixisse
782 1349 987 1403 Deum:
1036 1346 1161 1402 Non
1203 1329 1650 1421 facietis'injuste
1698 1348 1755 1401 in
1794 1348 2041 1421 judicio,
2079 1348 2133 1400 in

526 1460 771 1498 mensura
792 1483 807 1508 ,
832 1453 883 1496 et
908 1444 961 1497 in
988 1458 1168 1511 penso,
1202 1452 1248 1496 et
1270 1443 1325 1495 in
1351 1442 1559 1496 stateris
1581 1457 1601 1495 :
1623 1450 1818 1495 statera
1837 1444 1985 1514 justa
2009 1456 2135 1510 pen-

521 1534 704 1590 sabitis
743 1532 909 1606 (Ibid.
961 1533 1053 1605 55)
1078 1576 1092 1601 ,
1132 1543 1189 1590 et
1229 1549 1484 1590 mensura
1520 1534 1663 1603 jusla
1701 1544 1786 1590 est
1821 1542 1875 1589 ut
1911 1533 2136 1588 statuis-

525 1644 617 1685 ses
650 1628 819 1684 fuisse
863 1644 961 1698 per
1001 1645 1099 1683 nos
1136 1630 1438 1684 necandum
1470 1629 1798 1685 absentem?
1828 1628 1882 1685 Si
1922 1627 2132 1698 justum

526 1733 612 1779 est
645 1722 915 1792 judicium
961 1724 1141 1779 audiri
1176 1736 1197 1762 ο
1231 1738 1291 1778 se
1326 1723 1756 1794 proclamantem
1791 1764 1803 1788 ,
1848 1721 2134 1777 absentem

2234 514 2375 561 terra
2414 505 2638 579 Egypti
2664 546 2679 570 ,
2714 505 2915 559 tradere
2944 520 3039 558 nos
3069 504 3123 557 in
3155 521 3342 559 manus
3370 502 3783 559 Amorrlueorum
3807 548 3822 572 ,

2235 608 2281 652 et
2303 598 2598 670 disperdere
2625 615 2715 652 nos
2752 596 2918 670 (Ibid.
2946 595 3041 666 27)
3075 615 3094 663 ;
3123 597 3217 652 sed
3246 611 3447 652 sumus
3473 611 3541 651 ex
3571 597 3675 650 illis
3700 640 3713 660 ,
3743 600 3827 669 qui

2234 690 2519 755 dixerunt,
2545 706 2610 746 ac
2633 691 2823 745 dicunt
2841 698 2908 745 ad
2932 689 3136 745 Deum:
3175 688 3405 759 Propter
3428 699 3477 745 te
3506 698 3530 737 ιι
3560 690 3830 747 occidimur

2238 793 2343 838 tota
2368 783 2449 836 die
2468 824 2482 848 ,
2512 784 2753 838 wstimati
2783 799 2981 848 sumus,
3005 792 3061 836 ut
3081 798 3196 836 ores
3228 782 3537 849 occisionis,
3565 782 3655 837 sed
3682 783 3731 834 in
3757 783 3827 836 Itis

2238 880 2472 933 onmibus
2502 894 2806 947 superamus
2826 888 3035 947 propter
3076 894 3192 932 eum
3218 876 3307 944 qui
3337 876 3522 930 dilexit
3547 892 3638 930 uos
3660 875 3827 947 (Rom.

2241 986 2359 1038 vut,
2393 971 2509 1044 '56).
2541 969 2659 1026 Non
2693 972 2993 1034 timuimus,
3024 984 3200 1039 neque
3235 970 3499 1022 timemus
3524 967 3697 1022 minas
3722 976 3833 1023 tuas

2239 1081 2338 1120 nos
2362 1107 2377 1132 ,
2418 1064 2513 1135 qui
2545 1067 2794 1119 novimus
2840 1062 2972 1118 nihil
3016 1076 3179 1133 posse
3209 1061 3324 1116 Deo
3358 1059 3654 1123 resistere,
3688 1075 3752 1116 ne
3782 1069 3834 1116 ut

2239 1161 2317 1217 illi
2359 1175 2654 1231 pereamus
2682 1202 2698 1227 ,
2744 1160 2836 1229 qui
2877 1158 3106 1213 audiunt
3132 1173 3160 1212 a
3190 1157 3418 1229 Moyse:
3448 1151 3668 1209 Fratres
3694 1157 3833 1210 vestri

2239 1266 2538 1310 averterunt
2568 1270 2657 1310 cor
2688 1264 2908 1308 vestrum
2953 1252 3215 1306 dicentes:
3246 1249 3391 1305 Gens
3429 1265 3621 1321 magna
3647 1258 3716 1303 est
3742 1258 3782 1303 et
3806 1246 3831 1286 ¹ι

2239 1349 2375 1405 dura
2400 1349 2566 1403 multa
2603 1357 2648 1401 et
2679 1346 2941 1419 potentior
2965 1345 3108 1399 vobis
3131 1385 3145 1409 ,
3182 1354 3229 1397 et
3262 1343 3505 1396 civitates
3533 1356 3730 1414 magna:
3753 1383 3766 1405 ,
3790 1349 3834 1396 et

2240 1452 2457 1497 muratw
2485 1457 2645 1510 usque
2666 1442 2733 1493 ad
2758 1442 2962 1504 caalum,
2979 1438 3068 1493 sed
3095 1448 3143 1493 et
3173 1436 3309 1507 ﬁlios
3332 1437 3608 1507 gigantum
3626 1434 3831 1491 vidimus

2238 1535 2349 1589 illic
2395 1533 2586 1606 (Deut.
2636 1550 2652 1587 ι
2689 1576 2703 1598 ,
2747 1532 2878 1602 98).
2928 1530 3045 1586 Non
3099 1532 3361 1586 timemus
3408 1529 3649 1600 gladium
3695 1536 3829 1583 tuum

2238 1624 2578 1693 Christiani,
2611 1626 2703 1696 qui
2742 1638 3140 1695 prazsumamus
3173 1623 3471 1692 prostratis
3511 1621 3666 1677 vobis
3688 1662 3702 1687 ,
3745 1619 3830 1676 Dei

2240 1721 2527 1791 religionis
2561 1719 2799 1775 inimicis
2822 1761 2835 1784 ,
2876 1728 3135 1773 ventttros
3181 1730 3279 1771 nos
3320 1715 3390 1770 ad
3418 1714 3721 1770 convivium
3752 1728 3835 1783 pa-

528 1818 732 1889 puniri,
767 1828 874 1873 tuae
902 1828 1066 1874 erunt
1088 1818 1314 1888 justitize
1345 1813 1372 1853 ἀ
1402 1818 1765 1888 allegationes
1794 1816 1935 1886 apud
1960 1816 2129 1870 Deum
2163 1837 2212 1898 Β
2242 1813 2604 1870 triarcharnm
2633 1855 2648 1880 ,
2683 1812 3077 1882 prophetarum
3100 1851 3114 1876 ,
3146 1809 3534 1879 apostolorum
3563 1820 3626 1862 ac
3652 1818 3832 1879 marty-

528 1919 717 1966 contra
736 1924 861 1975 nos,
877 1912 969 1981 qui
987 1920 1093 1965 tute
1110 1910 1431 1965 temeritatis
1449 1920 1721 1980 praecepta
1740 1908 2131 1980 respuerintus.

529 2000 588 2057 In
631 2002 1052 2059 Deuteronomio
1079 2004 1355 2074 reperitur
1386 2002 1658 2073 gloriosus
1684 2002 1897 2075 Moyses
1923 2002 2134 2057 dixisse

531 2094 600 2151 ad
626 2096 863 2165 jndices,
892 2111 1030 2168 quos
1062 2098 1261 2168 populo
1283 2096 1541 2152 dederat:
1572 2095 1761 2151 Audite
1786 2097 1922 2150 inter
1946 2096 2135 2166 fratres

525 2199 721 2244 vestros
750 2231 764 2255 ,
794 2199 842 2243 et
870 2189 1113 2261 judicate
1136 2190 1276 2258 juste
1312 2190 1447 2242 inter
1475 2189 1706 2244 medium
1752 2187 1850 2242 viri
1875 2230 1889 2249 ,
1919 2198 1969 2241 et
2000 2187 2136 2241 inter

525 2279 756 2335 medium
783 2280 961 2350 fratris
986 2320 1001 2344 ,
1033 2290 1080 2333 et
1109 2281 1165 2333 in
1194 2279 1366 2334 medio
1395 2280 1646 2350 proselyti
1672 2282 1805 2352 ejus.
1843 2278 1968 2333 Non
1998 2279 2137 2333 acci-

532 2373 686 2443 pietis
726 2387 1006 2442 personam
1045 2373 1099 2426 in
1131 2372 1341 2444 judicio
1365 2412 1382 2440 ,
1421 2373 1668 2426 adversus
1707 2373 1964 2425 minorem
1991 2412 2006 2436 ,
2045 2380 2137 2424 aut

527 2467 778 2522 adversus
803 2469 1060 2538 majorem
1096 2465 1436 2538 judicabitis:
1468 2482 1572 2521 non
1600 2482 1777 2519 sumas
1806 2474 1829 2502 θ
1861 2479 2137 2536 personam

527 2558 787 2624 hominis,
821 2558 1071 2628 quoniam
1110 2557 1376 2628 judicium
1404 2568 1480 2612 est
1515 2556 1608 2615 Dei
1633 2557 1820 2629 (Deut.
1846 2573 1894 2623 ι,
1920 2556 2035 2627 16).
2070 2557 2136 2611 Et

526 2652 631 2718 vis,
663 2649 975 2719 Constanti,
1000 2651 1189 2715 credo,
1219 2650 1347 2721 quia
1378 2653 1454 2707 sis
1485 2651 1538 2705 in
1560 2650 1901 2706 sublimitate
1930 2649 2137 2721 degens

528 2746 740 2817 regali,
772 2746 952 2816 accipi
985 2754 1133 2801 tuam
1176 2759 1507 2816 personam:
1551 2761 1613 2801 es
1653 2759 1990 2816 magnopere
2036 2758 2135 2799 cu-

533 2837 691 2909 piens
712 2852 835 2892 eum
856 2878 871 2904 ,
898 2836 1054 2908 cujus
1085 2837 1161 2893 sis
1182 2837 1506 2907 sanguinem
1533 2836 1749 2903 sitiens,
1784 2837 2011 2893 mactari
2040 2851 2137 2907 per

534 2947 638 2987 nos
666 2931 884 2987 Domini
915 2930 1250 2986 sacerdotes.
1294 2930 1433 2987 Hinc
1457 2930 1642 3001 itaque
1669 2930 1810 3002 apud
1843 2940 1898 2987 te
1922 2944 2023 2985 nos
2042 2930 2139 2986 de-

533 3026 839 3091 testabiles,
859 3024 1114 3096 quoniam
1138 3023 1403 3095 judicium
1431 3024 1498 3079 ad
1535 3025 1631 3080 Dei
1658 3039 1850 3080 sumus
1879 3024 2135 3079 volunta-

531 3128 640 3175 tem
675 3125 1013 3189 promentes.
1049 3116 1186 3171 Hinc
1215 3116 1282 3171 ad
1308 3117 1549 3186 gladium
1573 3116 1773 3186 putasti
1806 3115 2134 3171 tendendam

2240 1923 2381 1965 rum.
2432 1906 2550 1962 Non
2599 1905 2895 1962 metuimus
2945 1904 3203 1959 virtutem
3261 1900 3465 1957 caduci
3525 1900 3673 1971 regni
3719 1901 3828 1967 tui,

2238 2004 2438 2059 milites
2480 2000 2672 2055 divini.
2725 1998 2846 2055 Non
2877 2012 3066 2053 sumus
3091 2013 3157 2052 ex
3192 1996 3301 2050 illis
3332 1993 3650 2050 difﬁdentite
3678 1992 3788 2049 ﬁliis
3809 2036 3821 2057 ,

2236 2095 2327 2166 qui
2362 2094 2481 2164 plus
2512 2091 2765 2147 inimicos
2790 2104 2941 2156 suos,
2960 2102 3121 2159 quam
3152 2087 3327 2142 Deum
3356 2084 3578 2140 fuerant
3605 2083 3824 2138 arbitrati

2238 2190 2481 2262 potuisse
2510 2231 2526 2256 ,
2564 2198 2620 2243 ut
2649 2197 2795 2242 tuam
2826 2183 3073 2256 fragilem
3102 2198 3399 2239 vereamur
3435 2181 3755 2253 potentiam:
3785 2178 3824 2234 si

2240 2283 2382 2339 enim
2409 2297 2517 2336 non
2546 2282 2617 2336 ita
2647 2278 2821 2336 Judaei
2841 2276 3208 2333 credidissent
3228 2318 3242 2340 ,
3269 2274 3425 2339 quod
3449 2273 3697 2331 videlicet
3718 2271 3822 2340 plus

2238 2387 2458 2451 possent
2487 2375 2807 2439 Chananmi,
2837 2372 3098 2436 Jebusmi,
3129 2380 3185 2428 et
3213 2368 3552 2435 Amorrhzei,
3584 2377 3637 2423 et
3660 2364 3822 2421 czeteri

2238 2476 2443 2532 inimici
2472 2488 2634 2545 quam
2680 2472 2825 2527 Deus
2851 2510 2864 2535 ,
2898 2483 3196 2539 numquam
3233 2464 3491 2537 profecto
3519 2462 3710 2534 Moysis
3735 2474 3819 2514 vo-

2237 2583 2355 2625 cem
2387 2566 2401 2603 ί
2437 2565 2925 2635 superhabuissent
2947 2560 3214 2617 dicentis:
3242 2557 3329 2614 Ne
3360 2556 3661 2629 loquamini,
3684 2567 3821 2619 neque

2243 2659 2540 2732 formidetis
2565 2657 2628 2712 ab
2659 2658 2753 2712 eis.
2786 2654 3043 2711 Dominus
3072 2652 3215 2709 Deus
3236 2663 3411 2708 vester
3432 2693 3448 2718 ,
3472 2653 3560 2721 qui
3585 2646 3813 2704 antecedit

2239 2765 2361 2810 ante
2387 2755 2573 2827 facient
2600 2761 2820 2807 vestram
2844 2793 2858 2819 ,
2884 2751 2997 2819 ipse
3026 2749 3185 2803 simul
3211 2747 3538 2819 expugnabit
3563 2761 3646 2801 eos
3670 2740 3816 2797 vobis-

2241 2866 2391 2915 cum,
2423 2847 2707 2903 secundunt
2732 2845 2909 2900 omnia
2944 2858 3278 2914 qutccumque
3310 2841 3441 2913 fecit
3466 2839 3602 2894 vobis
3626 2837 3676 2890 in
3699 2848 3814 2889 terra

2240 2942 2464 3015 ﬁggpti
2487 2984 2501 3007 ,
2531 2952 2577 2997 et
2596 2942 2649 2995 in
2675 2941 2877 2994 deserto
2904 2937 3001 2992 Itoc
3026 2936 3165 3007 quod
3204 2935 3396 2989 videtis
3437 2930 3686 3004 quomodo
3711 2925 3817 2999 fovit

2244 3045 2291 3091 te
2320 3035 2576 3089 Dominus
2608 3033 2748 3087 Deus
2786 3039 2904 3085 tuus
2928 3073 2941 3097 ,
2982 3030 3115 3084 sicut
3141 3029 3256 3099 quis
3289 3032 3464 3098 foveat
3503 3026 3648 3080 homo
3671 3022 3815 3091 filium

2241 3144 2415 3194 suum,
2446 3128 2502 3180 in
2533 3142 2734 3179 omnem
2759 3124 2892 3178 viam
2923 3139 3078 3194 quam
3106 3120 3394 3175 ambulatis
3426 3120 3439 3169 i
3469 3160 3482 3184 ,
3514 3114 3815 3189 quoadusque

523 3211 842 3268 carnificem
879 3211 1160 3267 dexteram
1203 3221 1381 3275 tuam,
1429 3219 1701 3279 tamquam
1747 3211 1924 3280 possis
1950 3211 2134 3281 gladio

2242 3221 2450 3276 venistis
2489 3220 2557 3273 ad
2590 3219 2725 3273 [tunc
2752 3218 2924 3273 locant
2948 3257 2964 3283 ,
2995 3215 3256 3271 deducens
3283 3230 3379 3269 vos
3405 3214 3461 3267 in
3500 3211 3605 3283 igni
3646 3214 3807 3269 nocte,

526 3305 919 3375 vincere,quos
941 3304 1160 3359 videres
1182 3312 1406 3373 propter
1429 3302 1524 3358 Dei
1550 3300 1745 3357 Filium
1775 3317 1876 3359 nec
1894 3317 2140 3373 prasen-

532 3407 641 3453 tem
668 3397 922 3452 dubitare
942 3397 1197 3451 amittere
1215 3398 1511 3465 vitam,nec
1537 3394 1965 3466 perhorrescere
1988 3411 2138 3451 mor-

534 3500 668 3549 tem.
702 3490 786 3546 Ad
825 3490 968 3545 ﬁlios
993 3490 1163 3546 Israel
1205 3501 1391 3546 narrat
1421 3490 1801 3546 sanctissimus
1832 3490 2045 3562 Moyses
2071 3506 2139 3547 ex

535 3593 811 3655 prtecepto
854 3584 952 3639 Dei
977 3603 989 3638 :
1032 3582 1212 3638 Videte
1238 3625 1254 3650 ,
1294 3583 1512 3637 tradidit
1543 3582 1684 3638 vobis
1712 3582 1973 3638 Dominus
1998 3583 2140 3639 Deus

533 3687 697 3733 vester
731 3687 852 3732 ante
877 3678 1067 3747 faciem
1096 3686 1318 3732 vestram
1353 3687 1546 3733 terram
1566 3696 1585 3735 :
1612 3680 1948 3734 ascendentes
1976 3680 2143 3749 possi-

536 3774 653 3830 dete
678 3815 693 3841 ,
735 3772 1169 3843 quemadmodum
1213 3772 1345 3827 dixit
1385 3773 1643 3829 Dominus
1684 3773 1827 3829 Deus
1867 3771 1886 3812 τ
1934 3782 2139 3846 patrum

540 3876 839 3921 nostrorum
870 3865 1058 3921 nobis:
1083 3865 1241 3920 nolite
1285 3865 1464 3921 timere
1484 3883 1645 3933 neque
1667 3868 1953 3936 formidetis
1975 3864 2141 3936 (Ibid.

516 3944 657 4027 Δ21).
689 3958 745 4013 Si
771 3958 879 4012 illis
904 3961 1175 4012 neminem
1206 3966 1406 4026 praeter
1448 3957 1620 4013 Deum
1658 3958 1951 4012 timendum
1983 3972 2141 4011 mau-

536 4050 725 4105 datum
755 4060 861 4116 est,
894 4051 1002 4105 illis
1024 4050 1315 4118 imaginem
1346 4059 1549 4104 nostra:
1581 4052 1889 4105 vocationis
1913 4062 2143 4120 portan-

538 4144 707 4211 tibus,
737 4151 942 4213 quanto
967 4143 1137 4212 magis
1170 4151 1368 4212 praeter
1397 4144 1564 4197 Deum
1590 4136 1864 4198 neminem
1895 4154 2142 4200 metuere

532 4236 797 4293 condecet
822 4276 838 4301 ,
882 4234 975 4304 qui
1003 4248 1110 4289 non
1140 4243 1315 4289 terras
1340 4234 1779 4290 Chananaeorum
1807 4276 1822 4303 ,
1853 4235 2142 4293 Jebusazo-

534 4345 654 4387 rum
678 4371 694 4396 ,
729 4338 786 4386 et
813 4328 1225 4399 Gergeseorum
1243 4369 1259 4395 ,
1288 4338 1451 4398 atque
1480 4328 1927 4385 Amorrhaeorum
1970 4330 2144 4386 simus

534 4423 914 4481 desiderantes
942 4422 1205 4492 consequi
1231 4462 1246 4487 ,
1279 4421 1375 4477 sed
1404 4424 1648 4479 caelestia
1678 4438 1844 4494 regna
1871 4466 1887 4490 ,
1921 4423 2017 4480 sed
2048 4423 2145 4479 Dei

538 4525 861 4589 perpetuum
891 4517 1174 4573 amorem?
1201 4514 1488 4583 Quomodo
1529 4517 1735 4572 etenim
1764 4516 1920 4587 vigor
1965 4516 2143 4571 inanis

2240 3312 2515 3368 ostendens
2544 3312 2684 3365 vobis
2710 3311 2810 3364 iter
2835 3351 2849 3375 ,
2882 3319 2938 3363 ut
2976 3307 3315 3362 ambularetis
3341 3308 3400 3360 in
3434 3323 3493 3362 ea
3519 3348 3534 3371 ,
3564 3312 3609 3358 et
3633 3303 3681 3355 in
3704 3299 3816 3353 nube

2241 3407 2345 3460 diei
2372 3405 2535 3467 (Ibid.
2576 3403 2690 3475 29).
2725 3403 2784 3460 Si
2832 3418 2940 3458 non
2972 3411 3099 3474 post
3142 3404 3265 3457 haec
3303 3400 3569 3456 salutaria
3598 3393 3815 3456 monita,

2245 3499 2368 3568 plus
2396 3497 2640 3567 potuisse
2669 3510 2804 3567 quos
2836 3505 3028 3551 contra
3074 3509 3307 3565 pugnam
3341 3494 3649 3565 gerebant,
3682 3500 3819 3556 quam

2248 3589 2441 3655 Deum,
2474 3588 2567 3642 lilii
2596 3586 2761 3642 Israel
2789 3586 3019 3641 fuissent
3045 3585 3361 3652 credentes,
3391 3596 3688 3654 numquam
3710 3592 3820 3649 pro-

2245 3683 2386 3737 fecto
2428 3680 2497 3736 ad
2542 3695 2759 3736 omnem
2808 3679 3166 3735 devertissent
3212 3678 3524 3733 interitum.
3571 3675 3819 3730 Potentent

2246 3773 2410 3845 igitur
2437 3788 2560 3829 esse
2598 3774 2848 3828 novimus
2874 3772 3045 3827 Deum
3075 3770 3143 3826 ad
3172 3769 3495 3839 eripiendos
3516 3782 3613 3824 nos
3635 3765 3697 3822 de
3720 3774 3819 3818 ma-

2245 3868 2404 3923 nibus
2426 3868 2643 3935 tuis,ad
2673 3867 2897 3922 caeleste
2929 3865 3086 3922 nobis
3113 3880 3337 3935 regnum
3369 3864 3694 3934 promissum
3722 3868 3819 3911 ten-

2246 3962 2438 4017 dentes
2470 3979 2483 4014 :
2525 3962 2720 4015 timere
2760 3969 2906 4014 tuam
2948 3958 3329 4014 crudelitatem
3363 3974 3481 4013 non
3517 3952 3816 4028 poterimus,

2249 4056 2485 4110 maxime
2530 4053 2622 4123 qui
2654 4052 2986 4123 elegerimus
3014 4068 3042 4106 a
3071 4062 3124 4106 te
3149 4094 3164 4117 ,
3198 4067 3304 4108 nott
3336 4066 3365 4105 a
3390 4050 3513 4108 Deo
3535 4045 3719 4121 puniri.
3744 4040 3817 4097 Di-

2248 4147 2394 4203 xisti:
2416 4145 2673 4200 Damnate
2690 4144 3056 4200 Athanasium.
3081 4144 3253 4214 Quem
3276 4160 3523 4208 eramus,
3542 4134 3813 4198 Constanti.

2247 4240 2597 4297 damnaturi?
2629 4240 2778 4295 illum
2808 4256 2875 4294 ne
2898 4255 3058 4310 quem
3088 4239 3336 4294 videmus
3364 4238 3465 4294 Dei
3497 4236 3677 4292 Filium
3702 4244 3814 4285 con-

2251 4333 2413 4396 fiteri,
2447 4345 2504 4387 ut
2535 4344 2662 4389 sunt
2683 4332 2921 4389 confessi
2966 4333 3293 4402 patriarchae
3319 4376 3334 4398 ,
3368 4331 3662 4403 prophetae,
3704 4337 3817 4393 προσ

2249 4427 2374 4481 stoli
2398 4469 2413 4493 ,
2447 4442 2510 4482 ac
2538 4425 2845 4497 martyres?
2864 4441 2932 4480 an
2955 4434 3031 4493 te,
3055 4426 3152 4496 qui
3178 4426 3254 4481 sis
3277 4440 3487 4495 negans
3507 4465 3521 4488 ,
3546 4432 3602 4478 ut
3629 4412 3815 4488 negavit

2250 4520 2510 4589 magister
2538 4530 2660 4574 tuus
2689 4519 2882 4587 Arius,
2914 4528 2974 4574 ut
3004 4528 3347 4591 negaverunt
3373 4516 3624 4576 Scarioth
3649 4512 3810 4573 Jutlas.

535 4609 819 4681 dignitatis
846 4618 952 4663 tute
982 4622 1085 4664 nos
1111 4608 1180 4662 ab
1202 4607 1309 4663 hoc
1338 4609 1516 4679 potuit
1536 4616 1629 4662 aut
1651 4616 1836 4677 potest
1858 4610 2143 4678 proposito
2169 4615 2224 4676 D
2249 4620 2304 4667 et
2329 4613 2510 4667 cuncti
2548 4611 2757 4668 Judzei?
2790 4612 2926 4667 Dicit
2955 4613 3100 4669 Deus
3135 4613 3202 4668 ad
3238 4613 3520 4683 Moysem:
3554 4609 3667 4665 Non
3688 4608 3813 4661 erunt

535 4700 758 4757 ﬂectere
777 4741 791 4765 ,
827 4715 948 4755 cum
976 4710 1177 4771 praeter
1202 4700 1374 4756 Deum
1404 4703 1761 4756 statuerimus
1787 4702 2137 4758 metuendum

538 4793 852 4851 neminem?
900 4792 1018 4848 Non
1060 4808 1249 4849 sumus
1274 4792 1574 4850 Christiani
1599 4809 1667 4850 ex
1694 4795 1801 4851 illis
1822 4836 1838 4860 ,
1870 4796 1965 4867 qui
1992 4796 2147 4853 dixe-

540 4974 807 5049 arguendo
834 4988 1045 5047 argues.

607 5058 634 5084 ιι
662 5045 799 5102 Vide
838 5047 905 5101 ab
948 5044 1289 5114 lmperatore
1324 5040 1527 5098 deferri
1562 5041 1848 5112 Episcopis
1874 5043 2141 5113 judicium

540 5116 1059 5247 auitguinolentum,
1092 5122 1149 5170 et
1180 5114 1341 5187 hujus
1372 5116 1432 5168 tit
1458 5117 1668 5171 mentio
1700 5125 1815 5171 toto
1847 5115 1950 5170 hoc
1975 5115 2139 5171 libro.

589 5207 604 5245 ι
635 5230 648 5243 .

604 5261 634 5299 ι)
665 5260 821 5315 Vers.
858 5262 984 5314 Ant.
1022 5258 1063 5329 Α
1090 5258 1222 5329 facie
1252 5257 1470 5311 senioris
1495 5272 1760 5329 exsurges,
1791 5264 1841 5329 e_t
1864 5255 2144 5329 Itonorabis

538 5348 837 5402 personam,
861 5341 970 5387 etc.
1005 5326 1181 5405 Grato.
1202 5331 1494 5405 ﬁpbamnov
1515 5342 1638 5405 cum
1656 5326 1843 5405 Lucii.
1878 5326 2144 5395 Suspicor

537 5399 717 5460 tamen
753 5407 936 5471 priora
981 5401 1145 5455 verba
1174 5442 1188 5464 ,
1222 5399 1255 5453 a'
1283 5402 1413 5471 facie
1442 5399 1616 5452 divitis
1644 5415 1705 5452 ne
1730 5399 1908 5452 timeas
1938 5439 1954 5464 ,
1982 5414 2143 5468 repe-

538 5476 635 5529 tita
680 5489 826 5534 esse.
856 5472 1004 5545 quod
1029 5472 1095 5525 ad
1128 5472 1457 5545 sententiam
1478 5480 1700 5545 spectat
1730 5511 1743 5532 ,
1768 5486 1841 5524 ex
1873 5486 2014 5523 vers.
2049 5472 2138 5545 i5.

536 5545 783 5615 ejusdem
797 5541 917 5614 cap.
942 5559 1101 5615 neque
1116 5544 1333 5597 miratus
1353 5542 1512 5613 fueris
1525 5541 1593 5595 ad
1606 5557 1882 5612 personam
1895 5543 2137 5613 potentis.

621 5627 641 5651 α
670 5615 794 5669 Non
824 5613 1020 5669 audiri.
1050 5613 1229 5671 Latin.
1264 5624 1319 5669 et
1350 5622 1522 5671 recte.

616 5685 642 5723 ά
667 5685 851 5742 Justw.
878 5684 984 5739 Til.

615 5766 639 5794 ο
664 5755 861 5823 Sumo;
893 5754 1091 5809 omittit
1112 5756 1241 5819 Sub.
1271 5809 1274 5813 .
1972 5816 1973 5819 η

607 5825 625 5865 ι
654 5816 795 5880 Deus
816 5816 1089 5879 omittitur
1114 5839 1142 5878 a
1170 5818 1356 5883 Sabat.
1390 5835 1441 5883 et
1464 5826 1661 5895 legitur
1694 5828 1747 5885 in
1778 5816 1994 5885 (ἑτέρω.

2250 4705 2341 4759 tibi
2364 4706 2439 4758 dii
2463 4704 2554 4759 alii
2581 4714 2768 4772 prwter
2798 4722 2879 4758 me
2908 4721 2927 4759 :
2951 4722 3054 4760 non
3093 4705 3251 4775 facies
3279 4707 3369 4763 tibi
3399 4701 3651 4775 sculptile.
3677 4707 3813 4766 neque

2252 4813 2454 4853 omnem
2504 4801 2525 4835 ¹ι
2569 4798 2964 4853 similitudinem
3005 4814 3187 4854 eorum
3212 4841 3227 4865 ,
3260 4812 3590 4870 quacumque
3625 4797 3731 4849 sunt
3767 4786 3811 4841 in

2325 4984 2349 5021 ες
2380 4971 2538 5027 Vers.
2571 4973 2698 5027 Ant.
2727 4982 2889 5026 morte
2915 4973 3201 5042 afficimur.

2321 5044 2352 5085 ιι
2381 5043 2485 5099 Pro
2515 5043 2732 5097 multum
2760 5044 2892 5097 dura
2912 5040 2959 5097 et
2978 5040 3173 5115 aspera
3196 5086 3211 5110 ,
3239 5059 3338 5101 suo
3364 5061 3514 5102 more
3541 5052 3594 5099 et
3619 5040 3811 5115 Graeco-

2253 5129 2392 5179 rum,
2421 5118 2511 5185 qui
2536 5115 2839 5181 saepissime
2862 5112 3089 5169 utuntur
3111 5114 3422 5183 huiusmodi
3444 5112 3710 5185 adjeCtivis
3727 5117 3810 5178 pro

2248 5180 2550 5240 adverbiis:
2581 5180 2666 5239 vel
2689 5185 3013 5257 apponenda
3036 5180 3239 5257 virgula
3264 5198 3389 5242 ante
3412 5180 3589 5257 multa.
3616 5193 3667 5257 ut
3687 5180 3811 5257 lega-

2250 5267 2337 5327 tur
2362 5273 2483 5325 gens
2504 5273 2692 5326 magna
2723 5249 2774 5309 et
2782 5256 2948 5327 dura,
2981 5249 3148 5311 multd
3174 5269 3221 5313 et
3249 5263 3521 5327 potentior.
3549 5255 3649 5310 Til.
3672 5260 3720 5306 et
3749 5249 3806 5327 La

2250 5318 2451 5418 Ce‘r‘ﬂa,
2477 5336 2532 5381 et
2554 5318 2731 5392 recte;
2763 5318 2991 5383 Graecus
3011 5330 3158 5384 enim
3192 5318 3355 5387 habet
3374 5375 3388 5397 ,
3423 5330 3554 5391 ἔθνος
3573 5329 3714 5400 μέγαν
3741 5318 3807 5374 καί

2251 5399 2429 5524 ποξυιὶι
2449 5410 2581 5535 (ἐξ,
2612 5486 2892 5541 numquam
2923 5470 3130 5542 Moyses
3158 5474 3266 5528 Itwc
3295 5474 3443 5528 verba
3471 5472 3574 5525 illis
3599 5458 3806 5542 addidit:

2245 5551 2360 5667 ἥξει,
2404 5558 2685 5613 numquam
2726 5536 2987 5599 sermones
3015 5536 3095 5597 ἀα
3129 5544 3251 5599 illos
3296 5554 3591 5615 prosa—ams
3629 5536 3802 5609 μάκει,

2297 5632 2307 5666 l
2339 5654 2351 5665 .
3244 5626 3247 5631 ⁴

2251 5632 2280 5766 .1
2297 5632 2351 5735 "3.
2378 5684 2571 5741 Sabai-
2631 5684 2760 5756 ιθῧίι
2802 5686 3109 5743 ambulastis
3141 5729 3156 5754 ,
3209 5696 3265 5744 ct
3313 5688 3453 5745 infra
3500 5678 3800 5739 ambularem

2243 5772 2297 5810 sn
2329 5772 2408 5811 ρο.

2317 5826 2341 5864 ιι
2372 5816 2555 5884 Sabat.
2592 5825 2723 5900 legit
2752 5830 3003 5887 omnium.
3038 5829 3216 5888 Graec.
3241 5840 3325 5891 est
3352 5830 3557 5891 πὸώτὸἒ·
