4148 6186
376 352 483 410 825

1460 351 1594 409 PRO
1634 350 1906 410 SANCTO
1945 352 2342 412 ATHANASIO
2380 356 2512 415 LIB.
2557 356 2597 414 I.

3572 359 3683 416 89.6

376 469 505 525 coelo
533 486 739 525 sursum
778 479 825 528 et
853 472 1171 539 eorumque:
1199 478 1323 525 sunt
1366 469 1418 523 in
1447 478 1583 523 terra
1610 467 1892 534 deorsum,
1925 478 1970 524 et
1997 472 2053 534 Α
2074 470 2234 543 plebis
2269 480 2530 541 postremo
2559 486 2578 526 :
2624 479 2674 526 et
2720 470 2870 529 tolles
2930 471 3221 545 malignum
3266 488 3331 527 ea:
3373 473 3517 530 vobis
3554 474 3689 545 ipsis

374 580 707 638 quaecumque
731 577 851 621 sunt
880 566 936 620 in
972 566 1121 635 aquis
1152 566 1329 621 subtus
1351 575 1575 620 terram:
1602 582 1703 620 non
1730 564 1979 621 adorabis

380 658 503 722 illa,
530 674 690 728 neque
711 659 897 713 servies
924 659 1272 728 eis,quoniam
1301 675 1392 731 ego
1414 675 1529 714 sum
1558 658 1813 714 Dominus
1840 658 1978 713 Deus

382 758 501 805 tuus
522 793 536 815 ,
564 748 705 805 Deus
730 749 928 813 zelans,
957 749 1180 806 reddens
1203 763 1416 823 peccatu
1445 762 1654 818 patrum
1674 752 1728 805 in
1755 751 1901 819 filiis,
1926 752 1978 806 in

381 843 590 897 tertiam
621 852 669 896 et
694 854 931 913 quartam
958 846 1259 915 progeniem
1283 887 1297 909 ,
1322 846 1395 899 eis
1422 846 1507 914 qui
1534 845 1753 899 oderunt
1780 860 1860 900 me
1883 887 1896 910 ,
1931 856 1979 902 et

375 933 578 1003 faciens
614 935 1021 989 misericordiam
1058 936 1110 988 in
1134 936 1361 990 millibus
1383 936 1466 990 his
1490 937 1580 1007 qui
1606 935 1830 1007 diligunt
1862 952 1940 991 me
1960 978 1975 1003 ,

376 1037 424 1081 et
465 1025 547 1080 Itis
581 1026 669 1097 qui
705 1027 1004 1081 custodiunt
1044 1036 1303 1098 praecepta
1354 1043 1467 1081 mea
1499 1024 1665 1099 (Ibid.
1702 1043 1732 1082 v
1760 1068 1774 1092 ,
1798 1026 1879 1097 7).
1912 1028 1978 1083 Et

376 1116 495 1172 haec
512 1117 651 1173 dicis
671 1118 852 1175 divina
872 1120 1125 1175 mandata
1146 1120 1402 1177 calcanda
1420 1139 1432 1174 :
1449 1120 1725 1190 Suscipite
1747 1121 1977 1176 idolola-

372 1210 532 1266 triam
554 1225 751 1280 meam,
775 1213 1134 1284 derelinqnite
1154 1213 1349 1278 Deum,
1374 1213 1665 1270 interficite
1696 1214 1973 1269 inimicum

369 1316 553 1367 meum
576 1345 590 1368 ,
623 1319 729 1357 non
764 1304 897 1371 Dei,
942 1305 1321 1373 Athanasium,
1354 1320 1460 1376 quo
1491 1306 1713 1376 possitis
1734 1306 1974 1361 inveniri

370 1395 516 1450 inter
540 1410 636 1450 eos
663 1440 677 1463 ,
720 1397 809 1465 qui
834 1396 1072 1453 oderunt
1101 1398 1307 1465 Deum,
1337 1400 1537 1469 quibus
1576 1399 1884 1468 promiserit
1914 1413 1974 1454 se

367 1490 420 1545 in
458 1491 672 1546 tertiam
704 1502 758 1546 et
788 1502 1035 1563 quartam
1078 1493 1393 1564 progeniem
1437 1492 1818 1559 redditurum;
1846 1492 1972 1548 date

367 1600 618 1657 operam,
653 1600 720 1641 ne
752 1601 873 1641 cum
898 1587 1005 1642 illis
1031 1587 1328 1658 diligamini
1361 1605 1390 1641 a
1417 1586 1555 1653 Deo,
1585 1596 1809 1657 propter
1835 1601 1971 1655 quos

365 1678 528 1735 dicit:
563 1677 783 1734 Faciens
808 1680 1218 1734 misericordiam
1248 1681 1301 1734 in
1340 1689 1364 1716 η
1397 1680 1562 1734 millia
1599 1680 1681 1734 his
1725 1680 1812 1751 qui
1838 1679 1968 1733 dili-

363 1780 495 1845 gunt
518 1790 626 1838 me,
657 1782 704 1827 et
731 1774 809 1827 his
824 1774 1503 1847 quicustodiuntprtccepta
1517 1791 1630 1828 mea
1652 1772 1820 1845 (Ibid.
1849 1771 1961 1842 l0).

2086 560 2250 634 (Ibid.
2284 561 2362 634 5).
2397 562 2450 619 Si
2479 577 2588 617 non
2619 577 2710 630 es,
2743 562 3065 629 Constanti,
3092 579 3322 620 currens
3353 580 3474 621 cum
3514 566 3686 623 male-

2084 657 2245 713 dictis
2267 700 2281 723 ,
2320 673 2421 714 cur
2463 673 2568 712 non
2611 658 2880 714 mandatis
2908 659 2999 715 Dei
3026 659 3170 715 servi
3194 660 3423 731 paruisti
3444 660 3691 732 Moysis?

2083 747 2193 804 Cur
2216 766 2338 804 cum
2368 750 2463 804 ille
2503 750 2689 818 dicat,
2722 750 2934 807 duobus
2967 752 3209 809 tribusve
3246 754 3477 809 testibus
3519 753 3686 811 etiam

2084 842 2425 897 idololatram
2470 845 2651 914 perire
2676 886 2692 911 ,
2736 852 2796 899 tu
2839 860 2942 900 nec
2973 845 3196 915 quidem
3227 848 3560 904 audientiam
3589 864 3685 905 νου

2080 934 2245 989 lueris
2272 935 2505 1004 praeberi
2537 936 2659 990 viro
2690 936 2805 991 Deo
2832 937 3017 992 dicato
3040 980 3054 1005 ,
3081 938 3240 1009 eique
3271 955 3473 1012 negare
3499 939 3675 998 fecisti

2081 1028 2409 1084 audientiam
2431 1069 2445 1093 ,
2475 1029 2560 1083 cui
2594 1030 2669 1084 sis
2701 1029 2932 1085 traditus
2963 1047 2992 1084 a
3014 1031 3170 1087 Deo?
3201 1032 3250 1087 ei
3270 1073 3286 1099 ,
3321 1033 3568 1104 inquam,
3595 1039 3681 1091 cui

2080 1122 2123 1176 si
2146 1121 2293 1192 justa
2320 1120 2633 1177 defendenti
2664 1122 2969 1188 restiteris,
3002 1132 3177 1179 morte
3200 1125 3339 1179 mori
3366 1125 3553 1195 jussus
3577 1140 3675 1183 ore

2078 1214 2247 1271 fueris
2289 1215 2523 1287 Moysis?
2556 1215 2625 1272 Ut
2668 1216 2811 1272 enim
2847 1216 3055 1287 judicia
3097 1218 3399 1275 sacerdotis
3429 1232 3683 1277 maneant

2080 1309 2337 1365 inviolata
2364 1350 2380 1377 ,
2428 1309 2562 1365 dicit
2613 1310 2734 1364 sie:
2783 1309 3088 1382 Exsurgens
3128 1310 3375 1367 ascendes
3416 1312 3469 1366 in
3512 1313 3681 1367 locum

2076 1420 2440 1475 quemcumque
2465 1402 2491 1439 ιι
2520 1404 2728 1474 elegerit
2751 1402 3006 1457 Dominus
3030 1402 3170 1459 Deus
3202 1416 3321 1459 tuus
3341 1405 3571 1459 invocari
3591 1422 3685 1461 no-

2077 1512 2190 1550 men
2225 1499 2337 1568 ejus
2367 1494 2473 1549 ibi:
2505 1505 2550 1548 et
2583 1496 2789 1565 loquere
2823 1504 2845 1530 θ
2874 1494 2942 1547 ad
2972 1494 3264 1550 sacerdotes
3288 1540 3303 1563 ,
3340 1496 3521 1551 levitas
3544 1538 3559 1563 ,
3592 1509 3683 1552 aut

2075 1587 2144 1641 ad
2156 1587 2395 1659 judicent
2414 1627 2428 1653 ,
2453 1586 2764 1656 quicumque
2795 1590 2963 1656 factus
2994 1586 3151 1657 fuerit
3177 1588 3229 1641 in
3263 1587 3443 1643 diebus
3472 1589 3610 1644 illis:
3634 1600 3681 1644 et

2074 1680 2392 1750 requirentes
2420 1680 2727 1734 nuntiabunt
2760 1679 2852 1734 tibi
2877 1678 3189 1753 judicium,
3232 1691 3279 1735 et
3304 1683 3465 1753 facies
3495 1700 3681 1739 secun-

2074 1774 2197 1827 dum
2226 1789 2373 1828 onme
2396 1782 2708 1845 praeceptum
2746 1772 3103 1845 quodcumque
3136 1774 3487 1829 nuntiaverint
3524 1775 3617 1830 tibi
3652 1818 3667 1843 ,

364 1861 677 1935 Conspicis,
712 1866 1138 1935 prudentissime
1163 1869 1481 1937 imperator,
1513 1867 1615 1922 hoc
1642 1867 1735 1922 tibi
1766 1866 1965 1922 bonum
1998 1872 2045 1933 B
2073 1868 2159 1937 qui
2186 1876 2305 1919 sunt
2333 1867 2383 1919 in
2414 1866 2527 1921 loco
2560 1868 2652 1921 illo
2672 1908 2686 1927 .
2718 1866 2770 1919 in
2797 1882 2896 1933 quo
2918 1865 3070 1936 elegit
3101 1863 3358 1922 Dominus
3382 1866 3520 1923 Deus
3554 1878 3677 1923 tuus

362 1957 567 2023 videri,
600 1960 745 2029 quod
768 1961 839 2014 sit
868 1960 1093 2028 malum,
1119 1970 1174 2017 et
1203 1962 1308 2018 lioe
1333 1962 1533 2017 malum
1566 1961 1710 2032 quod
1742 1962 1965 2017 bonum.

363 2052 474 2106 Aut
504 2052 726 2121 negabis
759 2052 960 2108 bonum
988 2094 1002 2117 ,
1039 2064 1132 2109 aut
1160 2055 1384 2126 negabis
1417 2056 1559 2111 bona
1587 2066 1638 2111 te
1670 2056 1812 2111 mala
1845 2070 1969 2112 esse

366 2145 713 2214 intelligere?
738 2156 793 2202 et
819 2147 959 2203 mala
984 2149 1122 2204 bona
1150 2150 1194 2204 si
1222 2164 1408 2221 negas,
1437 2150 1730 2221 responde.
1758 2149 1967 2205 Bonum

364 2248 452 2294 est
472 2237 735 2295 damnare
762 2240 1136 2309 innocentem,
1162 2257 1230 2297 an
1264 2242 1501 2298 rnatum?
1528 2243 1732 2298 bonum
1763 2253 1847 2298 est
1872 2242 1971 2299 de—

362 2331 675 2403 relinquere
706 2333 970 2400 Deum,el
991 2334 1071 2389 ire
1093 2345 1219 2405 post
1236 2334 1623 2402 idololatriam,
1641 2352 1707 2391 an
1729 2336 1968 2392 malum?

360 2423 418 2479 Si
447 2424 657 2480 dixeris
690 2427 890 2481 malum
915 2471 929 2495 ,
964 2426 1179 2482 dicetur
1217 2428 1313 2483 tibi
1345 2444 1375 2482 a
1404 2428 1594 2483 nobis:
1628 2428 1735 2483 Cur
1760 2429 1874 2484 lnec
1907 2437 1963 2483 tu

361 2516 542 2588 geris?
559 2517 758 2573 lterum
776 2519 1040 2575 clamatin
1061 2520 1487 2590 Denteronomio
1508 2521 1961 2593 Moyses,dieens:

360 2608 634 2667 Custodire
657 2608 685 2649 ι’
712 2613 955 2667 mandata
979 2613 1188 2668 Domini
1221 2613 1319 2669 Dei
1347 2616 1423 2669 tui
1449 2657 1462 2681 ,
1498 2626 1545 2670 et
1569 2618 1885 2685 testimonia,
1918 2629 1966 2673 et

349 2706 755 2777 justi/ictttiones
775 2724 1120 2779 quascumque
1145 2709 1408 2764 mandavit
1431 2711 1555 2765 tibi:
1578 2721 1625 2765 et
1646 2712 1803 2779 facies
1824 2715 1965 2781 quod

362 2800 614 2869 placitum
651 2812 767 2869 est,
808 2812 857 2857 et
899 2806 1040 2875 quod
1087 2803 1279 2859 bonum
1321 2816 1440 2860 ante
1475 2804 1758 2861 Dominum
1799 2807 1963 2862 Deum

363 2905 531 2962 tuum,
556 2906 607 2950 ut
633 2897 853 2968 bene/iul
881 2898 1008 2953 tibi:
1036 2908 1084 2952 et
1111 2900 1325 2954 intrabis
1349 2942 1362 2964 ,
1396 2910 1441 2955 et
1469 2900 1771 2956 hwreditate
1794 2903 1964 2972 possi-

364 2987 505 3042 debis
547 2998 736 3043 terram
766 2992 952 3045 bonam
978 3032 991 3055 ,
1022 3008 1179 3061 quam
1209 2992 1408 3061 juravit
1439 2992 1694 3049 Dominus
1726 2995 1962 3063 patribus

360 3081 543 3134 restris
592 3079 701 3154 (Ib.
735 3097 787 3136 v1
813 3121 829 3146 ,
871 3082 984 3154 I7).
1017 3082 1086 3137 Et
1114 3092 1170 3137 lu
1210 3084 1323 3139 luce
1360 3100 1485 3141 esse
1524 3085 1663 3141 bena
1700 3086 1914 3157 elegisti
1942 3128 1959 3153 ,

362 3172 481 3228 haec
510 3173 621 3228 Deo
654 3175 849 3245 placita
878 3218 892 3240 ,
927 3177 1059 3232 utin
1090 3179 1478 3233 contumeliam
1508 3179 1627 3249 ejus
1659 3180 1962 3250 majestatis

2074 1960 2302 2013 im'ocari
2344 1976 2529 2014 nomen
2568 1961 2711 2015 illius
2754 1962 2862 2027 ibi,
2907 1972 2956 2016 et
2982 1962 3188 2017 observa
3220 1972 3269 2018 te
3296 1964 3486 2018 nimis:
3516 1965 3680 2034 facies

2073 2052 2358 2107 secundum
2398 2054 2572 2108 omnia
2598 2070 2931 2125 quaecumque
2958 2056 3339 2109 constituerunt
3372 2055 3390 2094 ί
3428 2056 3555 2122 tibi;
3591 2074 3677 2111 se-

2071 2146 2300 2201 cundum
2340 2147 2543 2217 legem,
2585 2157 2632 2201 et
2666 2150 2947 2202 secundum
2978 2149 3281 2221 judicium,
3322 2148 3678 2220 quodcumque

2072 2241 2295 2294 dixerint
2323 2282 2336 2306 ,
2367 2241 2529 2312 facies
2553 2258 2572 2295 .·
2600 2257 2702 2295 non
2729 2241 3012 2296 declinabis
3038 2258 3071 2295 a
3098 2244 3250 2296 verbo
3275 2283 3290 2307 ,
3319 2243 3678 2315 quodcumque

2072 2335 2415 2388 nuntiaverint
2438 2336 2529 2389 tibi
2552 2378 2566 2402 ,
2602 2336 2759 2405 facies
2788 2336 3145 2407 quodcumque
3170 2336 3515 2393 indicaverint
3543 2338 3633 2405 tibi
3657 2379 3673 2406 ,

2070 2442 2173 2480 non
2204 2427 2487 2481 declinabis
2514 2428 2696 2483 dextra
2724 2440 2815 2483 aut
2843 2430 3089 2483 sinistra:
3116 2440 3161 2484 et
3192 2429 3344 2485 homo
3370 2432 3676 2503 quicumque

2070 2522 2247 2592 fecerit
2270 2522 2320 2576 in
2344 2522 2586 2592 superbia
2609 2564 2623 2588 ,
2654 2540 2718 2578 ne
2746 2524 2927 2578 audiat
2972 2524 3266 2579 sacerdotes
3294 2535 3524 2581 astantes
3552 2526 3675 2597 ofﬁ-

2069 2616 2147 2669 cia
2176 2614 2412 2668 exhibere
2438 2615 2491 2668 in
2520 2616 2727 2669 nomine
2758 2615 2971 2669 Domini
2998 2613 3117 2679 Dei,
3145 2626 3233 2670 aut
3252 2616 3491 2690 judicent
3517 2659 3532 2682 ,
3560 2619 3647 2688 qui
3658 2646 3674 2659 -

2067 2725 2283 2778 cumque
2324 2710 2479 2779 fuerit
2522 2711 2578 2764 in
2617 2711 2796 2764 diebus
2823 2712 2931 2765 illis
2954 2750 2970 2777 ,
3002 2711 3253 2765 morietur
3282 2712 3433 2766 homo
3463 2712 3555 2765 ille
3579 2752 3593 2777 ,
3625 2722 3673 2768 et

2068 2802 2216 2855 tolles
2240 2802 2437 2856 malum
2464 2801 2528 2854 de
2554 2802 2742 2863 Israel,
2772 2813 2817 2856 et
2841 2804 3009 2857 cumis
3036 2803 3264 2871 populus
3285 2804 3500 2857 audiens
3524 2805 3673 2858 time-

2067 2892 2138 2947 bit
2171 2934 2186 2958 ,
2218 2904 2392 2947 etnon
2422 2893 2580 2963 impie
2609 2903 2726 2966 aget
2759 2895 2895 2947 ultra
2924 2892 3089 2965 (Ibid.
3124 2893 3201 2965 8).
3234 2894 3340 2950 Sed
3370 2895 3541 2961 dit-is;
3570 2896 3675 2951 isto
3707 2946 3711 2951 .

2065 2988 2119 3043 in
2153 2988 2271 3043 loco
2299 2988 2410 3045 Deo
2437 2988 2824 3044 devotissimus
2858 2990 3074 3059 Moyses
3104 2989 3382 3060 quomodo
3408 2990 3668 3046 sacerdoo

2066 3088 2177 3135 tum
2202 3080 2331 3136 fecit
2361 3081 2693 3137 mentionem
2727 3124 2742 3149 ,
2783 3081 2865 3137 sic
2894 3090 2947 3136 et
2970 3080 3192 3151 judicis.
3222 3080 3395 3136 Proba
3427 3090 3480 3137 te
3508 3096 3673 3151 super

2064 3188 2166 3229 nos
2211 3172 2415 3229 factum
2454 3174 2692 3245 judicem
2723 3214 2740 3241 ,
2778 3173 2949 3245 proba
2991 3174 3057 3228 ad
3099 3173 3202 3228 boc
3234 3181 3286 3227 te
3314 3174 3668 3228 constitutum

361 3264 671 3322 idololatria
698 3269 948 3323 tinuetur
984 3284 1083 3338 per
1107 3270 1179 3324 tui
1212 3271 1362 3342 regni
1390 3270 1644 3325 virtutem
1672 3312 1685 3333 .
1718 3281 1770 3325 et
1794 3275 1953 3342 jugu-
1985 3276 2031 3341 α
2061 3268 2469 3338 imperatorem,
2488 3278 2550 3323 ut
2575 3284 2672 3323 nos
2694 3269 2981 3324 armistuis
3000 3267 3065 3322 ad
3091 3282 3308 3321 omnem
3331 3266 3664 3337 implendam

360 3359 546 3415 lentur
569 3359 646 3427 bi,
681 3361 776 3428 qui
800 3377 861 3417 se
884 3362 1002 3432 ejus
1034 3363 1236 3419 fuerint
1259 3366 1495 3419 confessi
1529 3365 1788 3421 cultores.
1823 3364 1962 3420 Ecce

358 3468 474 3525 ego,
501 3452 634 3508 dicit
655 3453 886 3525 Moyses,
914 3456 1035 3510 dedi
1065 3466 1183 3511 ante
1207 3467 1538 3528 conspectum
1561 3469 1785 3513 vestrum
1804 3458 1959 3514 hodie

359 3547 767 3603 benedictionem
813 3560 860 3605 et
910 3551 1363 3609 maledictionem:
1406 3554 1811 3609 benedictionem
1850 3596 1865 3622 ,
1914 3558 1959 3609 si

356 3641 627 3697 audieritis
644 3643 889 3697 mandata
916 3643 1130 3698 Domini
1160 3644 1259 3699 Dei
1284 3648 1436 3701 vestri
1460 3688 1474 3712 ,
1507 3662 1839 3718 quaecumque
1866 3663 1958 3718 ego

357 3735 547 3789 mando
570 3738 709 3790 vobis
740 3737 893 3792 hodie
918 3736 1024 3808 (Ib.
1057 3753 1109 3793 XI
1131 3777 1147 3804 ,
1176 3738 1294 3809 26).
1331 3739 1467 3794 Cum
1498 3739 1683 3810 itaque
1720 3739 1798 3794 illi
1846 3739 1958 3795 sint

357 3826 634 3883 benedicti
678 3828 770 3899 qui
815 3830 1165 3885 innocentem
1210 3845 1318 3885 non
1357 3831 1464 3886 sint
1506 3832 1798 3900 punienles
1824 3873 1837 3897 ,
1871 3829 1955 3887 illi

360 3919 574 3975 Domini
603 3932 885 3978 servantes
918 3924 1168 3979 mandata
1196 3966 1211 3993 ,
1250 3925 1341 3996 qui
1361 3925 1660 3982 inauditum
1693 3927 1954 3983 damnare

355 4015 636 4072 noluerint
669 4059 683 4083 ,
726 4030 786 4073 tu
827 4020 1101 4088 quomodo
1143 4030 1195 4076 te
1224 4020 1566 4077 benedictum
1603 4030 1759 4093 putas
1783 4063 1799 4090 ,
1827 4037 1952 4078 eum

354 4124 453 4181 per
489 4126 626 4180 opus
654 4121 801 4167 tuum
836 4122 887 4168 te
928 4117 1127 4181 probes
1153 4113 1298 4170 inter
1327 4114 1650 4171 maledictos
1678 4116 1947 4170 constitu-

358 4202 515 4257 tum?
551 4212 648 4258 aut
690 4206 735 4259 si
768 4219 875 4260 non
911 4206 1050 4261 inter
1086 4207 1406 4263 maledictos
1445 4223 1505 4265 es
1531 4250 1546 4275 ,
1584 4224 1682 4264 cur
1709 4208 1949 4279 Moysem

352 4298 568 4367 Spernis
607 4298 927 4356 dicentem?
968 4300 1028 4355 Si
1069 4312 1241 4356 autem
1281 4302 1574 4355 inveniatur
1603 4304 1657 4355 in
1686 4302 1812 4356 tein
1846 4318 1950 4354 una

351 4390 615 4444 civitatum
640 4401 879 4458 tuarum,
914 4410 1041 4464 quas
1071 4391 1323 4447 Dominus
1347 4392 1489 4447 Deus
1519 4403 1637 4447 tuus
1664 4394 1805 4447 dabit
1834 4394 1947 4459 tibi,

351 4483 431 4536 tvir
468 4491 557 4535 aut
600 4483 785 4538 mulier
823 4484 911 4553 qui
956 4485 1131 4554 fecerit
1174 4485 1462 4557 malignum
1500 4496 1623 4539 ante
1671 4485 1948 4538 Dominunt

353 4572 521 4628 Deum
548 4585 711 4640 tuum,
730 4578 952 4631 transire
978 4578 1031 4631 in
1072 4588 1092 4614 θ
1126 4588 1483 4633 testamentum
1510 4580 1646 4646 ejus,
1677 4590 1723 4633 et
1745 4582 1951 4634 venien-

2065 3363 2401 3417 voluntatem
2438 3362 2601 3418 amici
2644 3365 2717 3417 tui
2758 3363 2960 3417 diaboli
2989 3363 3353 3433 perduceres;
3383 3377 3504 3417 cum
3538 3377 3666 3430 pro-

2063 3456 2192 3511 bare
2222 3472 2329 3511 non
2365 3456 2540 3526 possis
2563 3456 2685 3526 quia
2717 3465 3044 3524 praeceptum
3077 3457 3148 3509 sit
3180 3455 3305 3523 tibi,
3343 3470 3451 3511 non
3484 3457 3661 3511 solum

2063 3563 2169 3602 non
2210 3548 2480 3603 dominari
2523 3548 2799 3617 episcopis
2823 3588 2839 3613 ,
2878 3547 2975 3603 sed
3018 3557 3074 3603 et
3109 3547 3182 3601 ita
3214 3562 3403 3602 eorum
3439 3545 3669 3603 obedire

2059 3643 2277 3699 statutis
2297 3684 2313 3711 ,
2345 3651 2409 3698 ut
2434 3644 2479 3699 si
2519 3643 2843 3699 subvertere
2873 3658 3065 3698 eorum
3096 3643 3317 3699 decreta
3347 3643 3666 3711 tentaveris,

2059 3735 2105 3791 si
2130 3734 2302 3791 fueris
2331 3736 2385 3791 in
2415 3736 2669 3806 superbia
2694 3735 3147 3807 comprehensus,
3178 3746 3354 3791 morte
3380 3735 3520 3791 mori
3539 3735 3657 3805 jus-

2057 3844 2150 3886 sus
2191 3831 2290 3886 sis.
2314 3830 2602 3897 Quomodo
2631 3829 2815 3885 dicere
2850 3829 3055 3899 poteris
3082 3869 3098 3895 ,
3128 3828 3381 3898 judicare
3419 3837 3471 3882 te
3498 3840 3665 3907 posse

2056 3926 2125 3982 de
2149 3925 2423 3997 episcopis
2448 3965 2464 3990 ,
2502 3925 2699 3995 quibus
2729 3924 2831 3978 nisi
2863 3912 3136 3979 obedieris
3162 3963 3179 3986 ,
3209 3920 3322 3992 jam
3350 3962 3365 3986 ,
3398 3928 3660 3990 quantum

2056 4018 2199 4088 apud
2232 4018 2632 4083 Deum,mortis
2659 4032 2817 4087 paena
2848 4016 3020 4071 fueris
3050 4014 3357 4070 multatus?
3384 4015 3519 4069 Cum
3548 4013 3665 4069 haec

2056 4112 2128 4167 ita
2162 4112 2311 4177 sint,
2366 4122 2420 4165 tu
2464 4112 2556 4181 qui
2600 4125 2661 4166 es
2703 4109 2966 4180 profanus
2992 4151 3007 4174 ,
3045 4109 3113 4163 ad
3150 4108 3247 4164 Dei
3276 4108 3615 4164 domesticos
3644 4148 3660 4175 ,

2053 4220 2225 4276 quare
2255 4206 2414 4287 istam
2446 4207 2617 4261 sumis
2639 4206 2691 4259 in
2728 4203 2823 4259 Dei
2855 4202 3197 4259 sacerdotem
3232 4201 3667 4258 auctoritatem?

2054 4314 2176 4354 cum
2205 4301 2368 4355 etiam
2394 4304 2542 4369 ipsos
2566 4300 2783 4369 judiees
2805 4297 3047 4363 Iudaeos,
3070 4307 3199 4352 tunc
3221 4297 3438 4365 quando
3460 4297 3514 4350 in
3540 4296 3659 4365 lege

2056 4391 2350 4447 manebant
2379 4392 2499 4455 Dei,
2536 4406 2603 4445 ex
2632 4405 2833 4461 genere
2864 4391 3071 4444 habere
3102 4389 3418 4459 permiserit
3446 4403 3569 4442 suo.
3600 4386 3663 4440 Si

2053 4484 2211 4549 enim,
2245 4482 2418 4548 inquit
2448 4483 2688 4553 Moyses,
2716 4482 2935 4542 dixeris,
2972 4481 3210 4535 Statuam
3233 4497 3393 4551 supra
3415 4496 3494 4532 me
3514 4480 3661 4545 prin-

2053 4578 2219 4647 cipem
2250 4587 2276 4624 ὅ
2305 4617 2320 4641 ,
2348 4576 2604 4645 quontodo
2637 4584 2683 4629 et
2710 4575 2925 4642 reliquie
2950 4584 3122 4645 gentes
3149 4615 3164 4640 ,
3193 4588 3308 4644 qua:
3348 4574 3401 4627 in
3440 4572 3661 4626 circuitu

352 4676 425 4721 tes
457 4669 725 4723 servierint
751 4671 851 4724 diis
879 4670 1065 4725 alienis
1086 4712 1101 4737 ,
1133 4682 1179 4725 et
1210 4670 1541 4726 adoraverint
1570 4689 1678 4738 eos,
1710 4684 1797 4727 aut
1828 4676 1945 4741 soli,
1979 4667 2027 4727 D
2055 4686 2165 4723 meo
2186 4686 2204 4724 :
2227 4672 2543 4724 constituens
2568 4669 2843 4723 constitues
2864 4684 3019 4738 super
3046 4678 3095 4721 te
3128 4668 3299 4738 ipsum
3329 4666 3615 4740 principem
3642 4709 3656 4732 ,

348 4769 442 4815 aut
469 4762 604 4816 lunae
628 4805 644 4829 ,
674 4776 763 4818 aut
791 4766 930 4819 omni
960 4806 975 4830 ,
1025 4765 1113 4836 qui
1138 4776 1254 4819 sunt
1284 4767 1337 4820 in
1366 4767 1561 4822 mundo
1592 4768 1655 4822 de
1687 4769 1813 4823 coelo
1841 4766 1946 4839 (Ib.

350 4869 465 4909 xvn
485 4896 499 4919 ,
523 4854 606 4923 Ξ).
643 4855 709 4911 Et
740 4856 910 4912 infra:
948 4857 1215 4913 Produces
1245 4860 1407 4914 uirum
1433 4860 1618 4926 illum,
1648 4872 1738 4914 aut
1766 4862 1950 4915 mulie-

350 4963 458 5001 rem
481 4949 650 5015 illaut,
670 4957 717 5003 et
733 4949 1037 5023 lapidabitis
1060 4967 1144 5005 eos
1164 4951 1217 5005 in
1248 4951 1513 5021 lapidibus
1528 4995 1542 5019 ,
1565 4962 1610 5007 et
1636 4954 1950 5009 morientur:

346 5041 402 5096 in
432 5042 639 5115 duobus
681 5044 896 5099 testibus
921 5087 935 5111 ,
970 5054 1059 5098 aut
1091 5045 1143 5099 in
1173 5045 1333 5099 tribus
1372 5047 1643 5101 morietur.
1678 5045 1909 5100 Moriens
1933 5090 1949 5111 ,

349 5149 450 5188 non
480 5138 732 5191 morietur
750 5138 806 5192 in
832 5154 934 5192 uno
957 5147 1117 5205 teste;
1146 5147 1193 5192 et
1222 5155 1407 5193 manus
1436 5140 1645 5196 testium
1669 5140 1765 5194 erit
1790 5156 1951 5210 super

347 5242 463 5283 eum
488 5227 542 5283 in
581 5230 767 5301 primis
788 5230 858 5284 ad
889 5231 1225 5285 occidendum
1254 5232 1446 5301 illum,
1487 5243 1535 5287 et
1570 5249 1751 5289 manus
1793 5233 1949 5288 totius

421 5399 447 5426 ιι
479 5389 644 5444 Paulo
682 5404 934 5462 superuis
962 5388 1097 5445 dixit
1126 5390 1179 5443 in
1211 5389 1474 5454 millibus;
1505 5390 1591 5446 hic
1621 5390 1687 5447 ad
1719 5391 1896 5447 Graec.
1927 5432 1942 5457 ,

373 5462 420 5516 ἔς
448 5460 711 5516 γιλιάδας.

348 5481 420 5521 εις
448 5481 711 5522 γιΛιαοας.

424 5483 852 5597 bxil’ifgocaitgitodi;
876 5532 1176 5589 infinitivus
1204 5549 1302 5604 pro
1333 5532 1676 5604 imperativo.
1715 5531 1948 5604 Til._Sa-

349 5602 461 5657 bat.
497 5605 944 5678 legitcustodite;
976 5605 1156 5678 Graec.
1187 5602 1272 5660 est
1297 5605 1519 5678 politis);
1564 5603 1658 5659 sed
1689 5602 1944 5659 mendum

348 5690 473 5730 esse
502 5664 759 5731 eiislimo
780 5676 833 5731 in
862 5664 1160 5732 Parisiensi
1186 5664 1373 5730 nost'ra
1404 5664 1538 5729 edit.

423 5756 446 5784 ο
480 5745 731 5802 Transire
758 5757 1140 5819 testamentum.
1168 5748 1346 5806 Latin.
1394 5748 1618 5819 prepius
1654 5746 1722 5802 ad
1765 5746 1941 5804 Grato.

346 5819 611 5929 παςελθεῖῖυ
629 5824 720 5879 τήν
732 5876 735 5879 _
747 5818 1001 5880 διαθήκην.

473 5890 540 5929 gn
550 5894 559 5929 I
569 5899 633 5929 ml
689 5903 1001 5929 nlrnrslnunm

473 5890 657 5949 Subiit.
688 5903 1020 5963 quocumque.

2054 4779 2422 4831 quemcumque
2459 4762 2668 4833 elegerit
2709 4759 2968 4815 Dominus
3007 4761 3147 4816 Deus
3188 4770 3305 4815 tuus
3329 4802 3345 4828 ,
3386 4761 3557 4831 ipsum
3597 4761 3663 4815 de

2053 4859 2304 4929 fratribus
2320 4858 2501 4912 vestris
2518 4857 2823 4911 constitues:
2842 4873 2943 4911 non
2966 4857 3155 4929 poteris
3177 4857 3484 4911 constituere
3505 4871 3661 4927 super

2052 4960 2101 5006 te
2118 4950 2377 5005 hominem
2399 4951 2742 5023 alienigenam
2764 4992 2778 5016 ,
2809 4951 3054 5021 quoniam
3082 4967 3181 5006 non
3211 4959 3282 5005 est
3310 4951 3473 5021 frater
3496 4958 3661 5004 vester

2054 5041 2220 5116 (Ibid.
2254 5041 2365 5114 14).
2401 5042 2468 5097 Et
2493 5042 2870 5113 subsequitur,
2899 5058 2997 5098 cur
3024 5042 3262 5098 noluerit
3291 5041 3657 5109 alienigenam

2056 5137 2175 5194 fieri
2202 5137 2527 5209 principem,
2554 5153 2624 5192 ne
2651 5137 2868 5193 scilicet
2897 5136 2964 5192 ad
2991 5146 3198 5193 sectam
3230 5150 3385 5189 suam
3419 5134 3661 5188 traheret

2054 5233 2215 5289 alios.
2250 5232 2551 5304 Propterea
2574 5230 2707 5288 dicit
2739 5250 2752 5287 :
2786 5229 2868 5286 Ne
2893 5228 2922 5268 λι
2950 5239 3146 5285 revocet
3168 5244 3261 5283 nos
3282 5227 3333 5282 in
3363 5224 3659 5298 sEgyptum

2128 5399 2151 5426 θ
2176 5389 2378 5459 Venies.
2406 5390 2562 5444 Latin
2593 5404 2661 5447 ex
2690 5388 2883 5459 Grmco
2902 5389 3104 5459 ἔλεύσῃ.

2130 5458 2149 5497 τ
2179 5458 2548 5516 Constitueriut
2576 5460 2743 5515 habet
2770 5458 2957 5514 Sabat.

2126 5540 2151 5578 κ
2187 5531 2343 5603 Vers.
2370 5540 2493 5586 Ant.
2524 5530 2783 5603 principes
2804 5544 2926 5583 cuin
2949 5527 3143 5603 Grtcco
3167 5541 3270 5603 ms.
3302 5524 3465 5603 Alex.
3491 5524 3650 5603 Luci—

2055 5602 2136 5660 fer
2163 5618 2284 5657 Clllll
2316 5602 2491 5659 Graec.
2524 5595 2625 5655 ius.
2661 5601 2837 5655 Oxon.
2872 5608 2928 5653 et
2952 5600 3080 5653 edit.
3121 5595 3244 5653 Ald.
3279 5612 3342 5652 ac
3373 5596 3648 5666 Complut.

2053 5670 2885 5754 dpxovra.(lu-teriturqumdam
2908 5670 3013 5725 alia
3038 5674 3249 5754 variant
3273 5671 3325 5750 in
3355 5668 3459 5754 hoc
3473 5678 3651 5754 textu.

2127 5698 2599 5782 ἔοντα.υ;ι·ικιύιιι
2630 5698 2881 5741 ιιυίιςυῑιιη
2908 5698 3013 5725 ἱΙΙΙὶΙ
3042 5698 3249 5725 ῒὶΙΙΊίΙΙΙι
3274 5698 3325 5723 ΙΙΙ
3356 5698 3459 5723 ιιυυ
3482 5698 3650 5723 ιῦιιυ.

2170 5746 2451 5801 Umittitur
2478 5745 2580 5798 hoc
2608 5742 2982 5799 teStimonium
3012 5758 3040 5795 a
3066 5742 3276 5806 Sabat.;
3304 5741 3445 5796 inest
3472 5749 3650 5797 tamen

2054 5817 2230 5874 Graec.
2250 5818 2532 5890 δίθριιῃεηξἼ
2552 5812 2693 5890 «mod
2716 5829 2904 5890 parum
2919 5812 3095 5868 dill‘ert
3122 5828 3152 5869 a
3171 5813 3422 5871 versione
3448 5810 3650 5880 Lucif.,

2053 5896 2124 5962 μὴ
2151 5884 2454 5962 ἀποᾱτρἑψῃ
2483 5888 2569 5945 τὸν
2595 5886 2715 5944 λαὸν
2740 5888 2811 5949 εἰς
2847 5884 3108 5962 biremes;
