  <div class='ocr_page' id='page_1' title='image "/cluster/home/n/w/nwhite01/storage/ocr_20150623/13/hvd.32044096580428/419.png"; bbox 0 0 4148 6186; ppageno 0'>
   <div class='ocr_carea' id='block_1_1' title="bbox 475 284 580 340">
    <p class='ocr_par' dir='ltr' id='par_1_1' title="bbox 475 284 580 340">
     <span class='ocr_line' id='line_1_1' title="bbox 475 284 580 340; baseline 0 0"><span class='ocrx_word' id='word_1_1' title='bbox 475 284 580 340; x_wconf 67' lang='lat'><strong>89.7</strong></span> 
     </span>
    </p>
   </div>
   <div class='ocr_carea' id='block_1_2' title="bbox 1557 272 2701 348">
    <p class='ocr_par' dir='ltr' id='par_1_2' title="bbox 1557 272 2701 348">
     <span class='ocr_line' id='line_1_2' title="bbox 1557 272 2701 348; baseline 0 -16"><span class='ocrx_word' id='word_1_2' title='bbox 1557 274 1881 334; x_wconf 79' lang='lat' dir='ltr'><strong>LUCIFERI</strong></span> <span class='ocrx_word' id='word_1_3' title='bbox 1922 273 2232 342; x_wconf 80' lang='lat' dir='ltr'><strong>EPISGOPI</strong></span> <span class='ocrx_word' id='word_1_4' title='bbox 2276 272 2701 348; x_wconf 54' lang='lat' dir='ltr'><strong>animum</strong></span> 
     </span>
    </p>
   </div>
   <div class='ocr_carea' id='block_1_3' title="bbox 3678 273 3788 332">
    <p class='ocr_par' dir='ltr' id='par_1_3' title="bbox 3678 273 3788 332">
     <span class='ocr_line' id='line_1_3' title="bbox 3678 273 3788 332; baseline -0.009 0"><span class='ocrx_word' id='word_1_5' title='bbox 3678 273 3788 332; x_wconf 72' lang='lat'><strong>828</strong></span> 
     </span>
    </p>
   </div>
   <div class='ocr_carea' id='block_1_4' title="bbox 479 394 3789 478">
    <p class='ocr_par' dir='ltr' id='par_1_4' title="bbox 479 394 3789 478">
     <span class='ocr_line' id='line_1_4' title="bbox 479 394 3789 478; baseline 0.001 -24"><span class='ocrx_word' id='word_1_6' title='bbox 479 400 640 472; x_wconf 84' lang='lat' dir='ltr'><strong>(Ibid.</strong></span> <span class='ocrx_word' id='word_1_7' title='bbox 679 399 788 469; x_wconf 63' lang='lat'><strong>16),</strong></span> <span class='ocrx_word' id='word_1_8' title='bbox 821 397 927 462; x_wconf 76' lang='lat' dir='ltr'><strong>hoc</strong></span> <span class='ocrx_word' id='word_1_9' title='bbox 963 405 1043 460; x_wconf 86' lang='lat' dir='ltr'><strong>cst</strong></span> <span class='ocrx_word' id='word_1_10' title='bbox 1075 439 1088 462; x_wconf 94' lang='lat'><strong>,</strong></span> <span class='ocrx_word' id='word_1_11' title='bbox 1119 396 1185 460; x_wconf 79' lang='lat' dir='ltr'><strong>ad</strong></span> <span class='ocrx_word' id='word_1_12' title='bbox 1223 395 1491 462; x_wconf 78' lang='lat' dir='ltr'><strong>idolorum</strong></span> <span class='ocrx_word' id='word_1_13' title='bbox 1526 395 1728 459; x_wconf 89' lang='lat' dir='ltr'><strong>cultum</strong></span> <span class='ocrx_word' id='word_1_14' title='bbox 1754 413 1766 466; x_wconf 82' lang='grc'>;</span> <span class='ocrx_word' id='word_1_15' title='bbox 1802 396 1956 468; x_wconf 88' lang='lat' dir='ltr'><strong>quasi</strong></span> <span class='ocrx_word' id='word_1_16' title='bbox 1985 394 2072 460; x_wconf 77' lang='lat' dir='ltr'><strong>di-</strong></span> <span class='ocrx_word' id='word_1_17' title='bbox 2104 399 2153 478; x_wconf 55' lang='grc' dir='ltr'><strong>Α</strong></span> <span class='ocrx_word' id='word_1_18' title='bbox 2180 404 2279 448; x_wconf 87' lang='lat' dir='ltr'><strong>met</strong></span> <span class='ocrx_word' id='word_1_19' title='bbox 2299 411 2498 460; x_wconf 88' lang='lat' dir='ltr'><strong>sensus,</strong></span> <span class='ocrx_word' id='word_1_20' title='bbox 2528 394 2916 466; x_wconf 79' lang='lat' dir='ltr'><strong>ultrojugulate</strong></span> <span class='ocrx_word' id='word_1_21' title='bbox 2947 403 3142 460; x_wconf 80' lang='lat' dir='ltr'><strong>vestras</strong></span> <span class='ocrx_word' id='word_1_22' title='bbox 3165 397 3388 465; x_wconf 89' lang='lat' dir='ltr'><strong>animas,</strong></span> <span class='ocrx_word' id='word_1_23' title='bbox 3413 397 3530 461; x_wconf 76' lang='lat' dir='ltr'><strong>licet</strong></span> <span class='ocrx_word' id='word_1_24' title='bbox 3561 395 3789 478; x_wconf 59' lang='lat' dir='ltr'><strong>videtttfs</strong></span> 
     </span>
    </p>
   </div>
   <div class='ocr_carea' id='block_1_5' title="bbox 473 488 2076 562">
    <p class='ocr_par' dir='ltr' id='par_1_5' title="bbox 473 488 2076 562">
     <span class='ocr_line' id='line_1_5' title="bbox 473 488 2076 562; baseline -0.005 -12"><span class='ocrx_word' id='word_1_25' title='bbox 473 507 593 550; x_wconf 78' lang='lat' dir='ltr'><strong>cat:</strong></span> <span class='ocrx_word' id='word_1_26' title='bbox 629 494 759 559; x_wconf 78' lang='lat' dir='ltr'><strong>Quis</strong></span> <span class='ocrx_word' id='word_1_27' title='bbox 800 506 859 545; x_wconf 86' lang='lat' dir='ltr'><strong>es</strong></span> <span class='ocrx_word' id='word_1_28' title='bbox 892 498 985 556; x_wconf 89' lang='lat' dir='ltr'><strong>tu,</strong></span> <span class='ocrx_word' id='word_1_29' title='bbox 1021 491 1240 559; x_wconf 86' lang='lat' dir='ltr'><strong>inquam</strong></span> <span class='ocrx_word' id='word_1_30' title='bbox 1271 531 1284 555; x_wconf 92' lang='lat'><strong>,</strong></span> <span class='ocrx_word' id='word_1_31' title='bbox 1336 491 1426 562; x_wconf 90' lang='lat' dir='ltr'><strong>qui</strong></span> <span class='ocrx_word' id='word_1_32' title='bbox 1473 491 1566 543; x_wconf 85' lang='lat' dir='ltr'><strong>tibi</strong></span> <span class='ocrx_word' id='word_1_33' title='bbox 1618 488 1892 560; x_wconf 86' lang='lat' dir='ltr'><strong>usurpasti</strong></span> <span class='ocrx_word' id='word_1_34' title='bbox 1939 488 2076 543; x_wconf 86' lang='lat' dir='ltr'><strong>hanc</strong></span> 
     </span>
    </p>
   </div>
   <div class='ocr_carea' id='block_1_6' title="bbox 473 581 2082 653">
    <p class='ocr_par' dir='ltr' id='par_1_6' title="bbox 473 581 2082 653">
     <span class='ocr_line' id='line_1_6' title="bbox 473 581 2082 653; baseline -0.001 -15"><span class='ocrx_word' id='word_1_35' title='bbox 473 585 851 649; x_wconf 83' lang='lat' dir='ltr'><strong>auctoritatem</strong></span> <span class='ocrx_word' id='word_1_36' title='bbox 892 624 906 652; x_wconf 90' lang='lat'><strong>,</strong></span> <span class='ocrx_word' id='word_1_37' title='bbox 966 598 1126 653; x_wconf 89' lang='lat' dir='ltr'><strong>quam</strong></span> <span class='ocrx_word' id='word_1_38' title='bbox 1179 583 1270 637; x_wconf 89' lang='lat' dir='ltr'><strong>tibi</strong></span> <span class='ocrx_word' id='word_1_39' title='bbox 1337 583 1479 637; x_wconf 90' lang='lat' dir='ltr'><strong>Deus</strong></span> <span class='ocrx_word' id='word_1_40' title='bbox 1531 597 1636 636; x_wconf 89' lang='lat' dir='ltr'><strong>non</strong></span> <span class='ocrx_word' id='word_1_41' title='bbox 1690 581 1966 650; x_wconf 85' lang='lat' dir='ltr'><strong>tradidit,</strong></span> <span class='ocrx_word' id='word_1_42' title='bbox 2025 589 2082 638; x_wconf 85' lang='lat' dir='ltr'><strong>et</strong></span> 
     </span>
    </p>
   </div>
   <div class='ocr_carea' id='block_1_7' title="bbox 475 673 2080 746">
    <p class='ocr_par' dir='ltr' id='par_1_7' title="bbox 475 673 2080 746">
     <span class='ocr_line' id='line_1_7' title="bbox 475 673 2080 746; baseline -0.004 -11"><span class='ocrx_word' id='word_1_43' title='bbox 475 681 518 735; x_wconf 91' lang='lat' dir='ltr'><strong>si</strong></span> <span class='ocrx_word' id='word_1_44' title='bbox 555 678 792 736; x_wconf 80' lang='lat' dir='ltr'><strong>traderet</strong></span> <span class='ocrx_word' id='word_1_45' title='bbox 820 719 833 744; x_wconf 92' lang='lat'><strong>,</strong></span> <span class='ocrx_word' id='word_1_46' title='bbox 866 686 919 730; x_wconf 86' lang='lat' dir='ltr'><strong>et</strong></span> <span class='ocrx_word' id='word_1_47' title='bbox 951 676 1090 730; x_wconf 85' lang='lat' dir='ltr'><strong>inter</strong></span> <span class='ocrx_word' id='word_1_48' title='bbox 1124 685 1148 712; x_wconf 73' lang='grc' dir='ltr'><strong><em>ο</em></strong></span> <span class='ocrx_word' id='word_1_49' title='bbox 1177 686 1230 731; x_wconf 89' lang='lat' dir='ltr'><strong>te</strong></span> <span class='ocrx_word' id='word_1_50' title='bbox 1260 690 1380 732; x_wconf 89' lang='lat' dir='ltr'><strong>csse</strong></span> <span class='ocrx_word' id='word_1_51' title='bbox 1412 676 1787 746; x_wconf 83' lang='lat' dir='ltr'><strong>permitteret,</strong></span> <span class='ocrx_word' id='word_1_52' title='bbox 1822 675 1998 745; x_wconf 89' lang='lat' dir='ltr'><strong>primo</strong></span> <span class='ocrx_word' id='word_1_53' title='bbox 2027 673 2080 728; x_wconf 90' lang='lat' dir='ltr'><strong>in</strong></span> 
     </span>
    </p>
   </div>
   <div class='ocr_carea' id='block_1_8' title="bbox 479 771 2085 842">
    <p class='ocr_par' dir='ltr' id='par_1_8' title="bbox 479 771 2085 842">
     <span class='ocr_line' id='line_1_8' title="bbox 479 771 2085 842; baseline -0.002 -14"><span class='ocrx_word' id='word_1_54' title='bbox 479 773 599 828; x_wconf 83' lang='lat' dir='ltr'><strong>loco</strong></span> <span class='ocrx_word' id='word_1_55' title='bbox 647 771 1023 827; x_wconf 84' lang='lat' dir='ltr'><strong>Christianum</strong></span> <span class='ocrx_word' id='word_1_56' title='bbox 1080 779 1132 826; x_wconf 88' lang='lat' dir='ltr'><strong>te</strong></span> <span class='ocrx_word' id='word_1_57' title='bbox 1186 787 1310 826; x_wconf 67' lang='lat' dir='ltr'><strong>esse</strong></span> <span class='ocrx_word' id='word_1_58' title='bbox 1351 781 1713 842; x_wconf 90' lang='lat' dir='ltr'><strong>oportuerat,</strong></span> <span class='ocrx_word' id='word_1_59' title='bbox 1744 771 1865 841; x_wconf 87' lang='lat' dir='ltr'><strong>quia</strong></span> <span class='ocrx_word' id='word_1_60' title='bbox 1900 771 2085 826; x_wconf 79' lang='lat' dir='ltr'><strong>SCl&#39;lUS</strong></span> 
     </span>
    </p>
   </div>
   <div class='ocr_carea' id='block_1_9' title="bbox 478 863 2082 936">
    <p class='ocr_par' dir='ltr' id='par_1_9' title="bbox 478 863 2082 936">
     <span class='ocr_line' id='line_1_9' title="bbox 478 863 2082 936; baseline -0.001 -16"><span class='ocrx_word' id='word_1_61' title='bbox 478 875 626 920; x_wconf 70' lang='lat' dir='ltr'><strong>eSsct</strong></span> <span class='ocrx_word' id='word_1_62' title='bbox 655 865 1020 936; x_wconf 78' lang='lat' dir='ltr'><strong>alienigenam</strong></span> <span class='ocrx_word' id='word_1_63' title='bbox 1046 864 1142 918; x_wconf 89' lang='lat' dir='ltr'><strong>Dei</strong></span> <span class='ocrx_word' id='word_1_64' title='bbox 1176 880 1366 920; x_wconf 78' lang='lat' dir='ltr'><strong>servos</strong></span> <span class='ocrx_word' id='word_1_65' title='bbox 1394 863 1965 931; x_wconf 84' lang='lat' dir='ltr'><strong>judicarc,inimicum</strong></span> <span class='ocrx_word' id='word_1_66' title='bbox 1995 879 2082 919; x_wconf 58' lang='lat' dir='ltr'><strong>re-</strong></span> 
     </span>
    </p>
   </div>
   <div class='ocr_carea' id='block_1_10' title="bbox 481 958 2086 1034">
    <p class='ocr_par' dir='ltr' id='par_1_10' title="bbox 481 958 2086 1034">
     <span class='ocr_line' id='line_1_10' title="bbox 481 958 2086 1034; baseline -0.002 -18"><span class='ocrx_word' id='word_1_67' title='bbox 481 961 701 1034; x_wconf 80' lang='lat' dir='ltr'><strong>liginnis</strong></span> <span class='ocrx_word' id='word_1_68' title='bbox 730 960 1068 1028; x_wconf 83' lang='lat' dir='ltr'><strong>domesticos</strong></span> <span class='ocrx_word' id='word_1_69' title='bbox 1102 959 1220 1020; x_wconf 88' lang='lat' dir='ltr'><strong>Dei.</strong></span> <span class='ocrx_word' id='word_1_70' title='bbox 1272 959 1481 1018; x_wconf 81' lang='lat' dir='ltr'><strong>Deinde</strong></span> <span class='ocrx_word' id='word_1_71' title='bbox 1513 963 1556 1014; x_wconf 92' lang='lat' dir='ltr'><strong>si</strong></span> <span class='ocrx_word' id='word_1_72' title='bbox 1590 960 1786 1016; x_wconf 82' lang='lat' dir='ltr'><strong>fuisses</strong></span> <span class='ocrx_word' id='word_1_73' title='bbox 1823 958 2086 1020; x_wconf 51' lang='lat' dir='ltr'><strong>Christia-</strong></span> 
     </span>
    </p>
   </div>
   <div class='ocr_carea' id='block_1_11' title="bbox 484 1052 2088 1125">
    <p class='ocr_par' dir='ltr' id='par_1_11' title="bbox 484 1052 2088 1125">
     <span class='ocr_line' id='line_1_11' title="bbox 484 1052 2088 1125; baseline -0.002 -13"><span class='ocrx_word' id='word_1_74' title='bbox 484 1072 586 1112; x_wconf 91' lang='lat' dir='ltr'><strong>nus</strong></span> <span class='ocrx_word' id='word_1_75' title='bbox 612 1098 626 1121; x_wconf 94' lang='lat'><strong>,</strong></span> <span class='ocrx_word' id='word_1_76' title='bbox 661 1065 714 1110; x_wconf 91' lang='lat' dir='ltr'><strong>et</strong></span> <span class='ocrx_word' id='word_1_77' title='bbox 744 1065 794 1111; x_wconf 89' lang='lat' dir='ltr'><strong>te</strong></span> <span class='ocrx_word' id='word_1_78' title='bbox 837 1055 1154 1125; x_wconf 80' lang='lat' dir='ltr'><strong>participem</strong></span> <span class='ocrx_word' id='word_1_79' title='bbox 1189 1054 1495 1116; x_wconf 82' lang='lat' dir='ltr'><strong>censuisset</strong></span> <span class='ocrx_word' id='word_1_80' title='bbox 1529 1055 1666 1110; x_wconf 88' lang='lat' dir='ltr'><strong>Deus</strong></span> <span class='ocrx_word' id='word_1_81' title='bbox 1703 1052 2088 1114; x_wconf 77' lang='lat' dir='ltr'><strong>sacerdotibus</strong></span> 
     </span>
    </p>
   </div>
   <div class='ocr_carea' id='block_1_12' title="bbox 486 1146 2088 1222">
    <p class='ocr_par' dir='ltr' id='par_1_12' title="bbox 486 1146 2088 1222">
     <span class='ocr_line' id='line_1_12' title="bbox 486 1146 2088 1222; baseline -0.003 -17"><span class='ocrx_word' id='word_1_82' title='bbox 486 1150 603 1205; x_wconf 79' lang='lat' dir='ltr'><strong>ficri</strong></span> <span class='ocrx_word' id='word_1_83' title='bbox 635 1149 702 1203; x_wconf 87' lang='lat' dir='ltr'><strong>ad</strong></span> <span class='ocrx_word' id='word_1_84' title='bbox 733 1148 1034 1218; x_wconf 81' lang='lat' dir='ltr'><strong>gerendum</strong></span> <span class='ocrx_word' id='word_1_85' title='bbox 1064 1146 1091 1185; x_wconf 69' lang='grc' dir='ltr'><strong>ι’</strong></span> <span class='ocrx_word' id='word_1_86' title='bbox 1126 1147 1385 1218; x_wconf 84' lang='lat' dir='ltr'><strong>p0pulutn</strong></span> <span class='ocrx_word' id='word_1_87' title='bbox 1417 1147 1556 1218; x_wconf 87' lang='lat' dir='ltr'><strong>ejus,</strong></span> <span class='ocrx_word' id='word_1_88' title='bbox 1589 1149 1773 1220; x_wconf 79' lang='lat' dir='ltr'><strong>accipe</strong></span> <span class='ocrx_word' id='word_1_89' title='bbox 1797 1147 2014 1222; x_wconf 85' lang='lat' dir='ltr'><strong>qualem</strong></span> <span class='ocrx_word' id='word_1_90' title='bbox 2035 1155 2088 1206; x_wconf 82' lang='lat' dir='ltr'><strong>te</strong></span> 
     </span>
    </p>
   </div>
   <div class='ocr_carea' id='block_1_13' title="bbox 488 1225 2090 1312">
    <p class='ocr_par' dir='ltr' id='par_1_13' title="bbox 488 1225 2090 1312">
     <span class='ocr_line' id='line_1_13' title="bbox 488 1225 2090 1312; baseline -0.005 -13"><span class='ocrx_word' id='word_1_91' title='bbox 488 1260 614 1299; x_wconf 82' lang='lat' dir='ltr'><strong>esse</strong></span> <span class='ocrx_word' id='word_1_92' title='bbox 643 1241 960 1312; x_wconf 61' lang='lat' dir='ltr'><strong>praeceperit</strong></span> <span class='ocrx_word' id='word_1_93' title='bbox 992 1243 1043 1296; x_wconf 92' lang='lat' dir='ltr'><strong>in</strong></span> <span class='ocrx_word' id='word_1_94' title='bbox 1075 1241 1518 1296; x_wconf 88' lang='lat' dir='ltr'><strong>Deutcrouomio.</strong></span> <span class='ocrx_word' id='word_1_95' title='bbox 1551 1239 1616 1293; x_wconf 82' lang='lat' dir='ltr'><strong>Et</strong></span> <span class='ocrx_word' id='word_1_96' title='bbox 1640 1225 1734 1294; x_wconf 87' lang='lat' dir='ltr'><strong>erit</strong></span> <span class='ocrx_word' id='word_1_97' title='bbox 1762 1257 1879 1294; x_wconf 90' lang='lat' dir='ltr'><strong>cum</strong></span> <span class='ocrx_word' id='word_1_98' title='bbox 1901 1239 2090 1295; x_wconf 79' lang='lat' dir='ltr'><strong>sederit</strong></span> 
     </span>
    </p>
   </div>
   <div class='ocr_carea' id='block_1_14' title="bbox 489 1331 2089 1406">
    <p class='ocr_par' dir='ltr' id='par_1_14' title="bbox 489 1331 2089 1406">
     <span class='ocr_line' id='line_1_14' title="bbox 489 1331 2089 1406; baseline -0.001 -16"><span class='ocrx_word' id='word_1_99' title='bbox 489 1338 541 1392; x_wconf 84' lang='lat' dir='ltr'><strong>in</strong></span> <span class='ocrx_word' id='word_1_100' title='bbox 575 1337 870 1406; x_wconf 84' lang='lat' dir='ltr'><strong>principatu</strong></span> <span class='ocrx_word' id='word_1_101' title='bbox 900 1351 990 1388; x_wconf 88' lang='lat' dir='ltr'><strong>suo</strong></span> <span class='ocrx_word' id='word_1_102' title='bbox 1009 1375 1023 1404; x_wconf 82' lang='lat'><strong>,</strong></span> <span class='ocrx_word' id='word_1_103' title='bbox 1051 1333 1218 1390; x_wconf 79' lang='lat' dir='ltr'><strong>scribe</strong></span> <span class='ocrx_word' id='word_1_104' title='bbox 1243 1344 1264 1370; x_wconf 75' lang='grc' dir='ltr'><strong>ο</strong></span> <span class='ocrx_word' id='word_1_105' title='bbox 1296 1331 1393 1390; x_wconf 87' lang='lat' dir='ltr'><strong>hoc</strong></span> <span class='ocrx_word' id='word_1_106' title='bbox 1415 1335 1466 1386; x_wconf 88' lang='lat' dir='ltr'><strong>in</strong></span> <span class='ocrx_word' id='word_1_107' title='bbox 1489 1333 1622 1388; x_wconf 88' lang='lat' dir='ltr'><strong>libro</strong></span> <span class='ocrx_word' id='word_1_108' title='bbox 1649 1343 1768 1386; x_wconf 91' lang='lat' dir='ltr'><strong>ante</strong></span> <span class='ocrx_word' id='word_1_109' title='bbox 1797 1333 2089 1388; x_wconf 80' lang='lat' dir='ltr'><strong>sacerdotes</strong></span> 
     </span>
    </p>
   </div>
   <div class='ocr_carea' id='block_1_15' title="bbox 490 1425 2094 1497">
    <p class='ocr_par' dir='ltr' id='par_1_15' title="bbox 490 1425 2094 1497">
     <span class='ocr_line' id='line_1_15' title="bbox 490 1425 2094 1497; baseline -0.001 -13"><span class='ocrx_word' id='word_1_110' title='bbox 490 1439 535 1484; x_wconf 90' lang='lat' dir='ltr'><strong>et</strong></span> <span class='ocrx_word' id='word_1_111' title='bbox 557 1431 754 1497; x_wconf 83' lang='lat' dir='ltr'><strong>levitas,</strong></span> <span class='ocrx_word' id='word_1_112' title='bbox 784 1437 829 1482; x_wconf 93' lang='lat' dir='ltr'><strong>et</strong></span> <span class='ocrx_word' id='word_1_113' title='bbox 859 1427 952 1480; x_wconf 70' lang='lat' dir='ltr'><strong>eri.&quot;</strong></span> <span class='ocrx_word' id='word_1_114' title='bbox 974 1443 1088 1480; x_wconf 91' lang='lat' dir='ltr'><strong>cum</strong></span> <span class='ocrx_word' id='word_1_115' title='bbox 1110 1426 1246 1496; x_wconf 87' lang='lat' dir='ltr'><strong>ipso,</strong></span> <span class='ocrx_word' id='word_1_116' title='bbox 1267 1435 1313 1479; x_wconf 84' lang='lat' dir='ltr'><strong>et</strong></span> <span class='ocrx_word' id='word_1_117' title='bbox 1336 1425 1510 1495; x_wconf 77' lang='lat' dir='ltr'><strong>legetis</strong></span> <span class='ocrx_word' id='word_1_118' title='bbox 1541 1426 1611 1479; x_wconf 86' lang='lat' dir='ltr'><strong>eis</strong></span> <span class='ocrx_word' id='word_1_119' title='bbox 1640 1441 1813 1480; x_wconf 86' lang='lat' dir='ltr'><strong>omnes</strong></span> <span class='ocrx_word' id='word_1_120' title='bbox 1840 1425 1948 1478; x_wconf 88' lang='lat' dir='ltr'><strong>dies</strong></span> <span class='ocrx_word' id='word_1_121' title='bbox 1976 1425 2094 1482; x_wconf 65' lang='lat' dir='ltr'><strong>vita:</strong></span> 
     </span>
    </p>
   </div>
   <div class='ocr_carea' id='block_1_16' title="bbox 490 1515 2090 1595">
    <p class='ocr_par' dir='ltr' id='par_1_16' title="bbox 490 1515 2090 1595">
     <span class='ocr_line' id='line_1_16' title="bbox 490 1515 2090 1595; baseline -0.003 -19"><span class='ocrx_word' id='word_1_122' title='bbox 490 1525 602 1595; x_wconf 85' lang='lat' dir='ltr'><strong>ejus</strong></span> <span class='ocrx_word' id='word_1_123' title='bbox 628 1564 642 1588; x_wconf 86' lang='lat'><strong>,</strong></span> <span class='ocrx_word' id='word_1_124' title='bbox 681 1533 733 1576; x_wconf 89' lang='lat' dir='ltr'><strong>ut</strong></span> <span class='ocrx_word' id='word_1_125' title='bbox 765 1521 966 1574; x_wconf 76' lang='lat' dir='ltr'><strong>discant</strong></span> <span class='ocrx_word' id='word_1_126' title='bbox 997 1520 1175 1574; x_wconf 87' lang='lat' dir='ltr'><strong>timere</strong></span> <span class='ocrx_word' id='word_1_127' title='bbox 1206 1517 1484 1574; x_wconf 87' lang='lat' dir='ltr'><strong>Dominum</strong></span> <span class='ocrx_word' id='word_1_128' title='bbox 1515 1515 1679 1572; x_wconf 84' lang='lat' dir='ltr'><strong>Deum</strong></span> <span class='ocrx_word' id='word_1_129' title='bbox 1712 1527 1879 1583; x_wconf 85' lang='lat' dir='ltr'><strong>tuum,</strong></span> <span class='ocrx_word' id='word_1_130' title='bbox 1914 1527 2090 1572; x_wconf 83' lang='lat' dir='ltr'><strong>custo-</strong></span> 
     </span>
    </p>
   </div>
   <div class='ocr_carea' id='block_1_17' title="bbox 492 1612 2090 1686">
    <p class='ocr_par' dir='ltr' id='par_1_17' title="bbox 492 1612 2090 1686">
     <span class='ocr_line' id='line_1_17' title="bbox 492 1612 2090 1686; baseline -0.004 -18"><span class='ocrx_word' id='word_1_131' title='bbox 492 1616 604 1670; x_wconf 89' lang='lat' dir='ltr'><strong>dire</strong></span> <span class='ocrx_word' id='word_1_132' title='bbox 633 1615 804 1680; x_wconf 80' lang='lat' dir='ltr'><strong>omnia</strong></span> <span class='ocrx_word' id='word_1_133' title='bbox 837 1613 1079 1670; x_wconf 87' lang='lat' dir='ltr'><strong>mandata</strong></span> <span class='ocrx_word' id='word_1_134' title='bbox 1115 1613 1246 1680; x_wconf 76' lang='lat' dir='ltr'><strong>haec,</strong></span> <span class='ocrx_word' id='word_1_135' title='bbox 1275 1623 1324 1665; x_wconf 90' lang='lat' dir='ltr'><strong>et</strong></span> <span class='ocrx_word' id='word_1_136' title='bbox 1347 1612 1753 1686; x_wconf 81' lang='lat' dir='ltr'><strong>justiﬁcationes</strong></span> <span class='ocrx_word' id='word_1_137' title='bbox 1778 1612 1868 1664; x_wconf 85' lang='lat' dir='ltr'><strong>has</strong></span> <span class='ocrx_word' id='word_1_138' title='bbox 1900 1613 2090 1678; x_wconf 83' lang='lat' dir='ltr'><strong>facere,</strong></span> 
     </span>
    </p>
   </div>
   <div class='ocr_carea' id='block_1_18' title="bbox 492 1693 2093 1778">
    <p class='ocr_par' dir='ltr' id='par_1_18' title="bbox 492 1693 2093 1778">
     <span class='ocr_line' id='line_1_18' title="bbox 492 1693 2093 1778; baseline -0.002 -16"><span class='ocrx_word' id='word_1_139' title='bbox 492 1718 546 1762; x_wconf 91' lang='lat' dir='ltr'><strong>ut</strong></span> <span class='ocrx_word' id='word_1_140' title='bbox 573 1726 674 1764; x_wconf 89' lang='lat' dir='ltr'><strong>non</strong></span> <span class='ocrx_word' id='word_1_141' title='bbox 693 1707 972 1764; x_wconf 74' lang='lat' dir='ltr'><strong>extollatur</strong></span> <span class='ocrx_word' id='word_1_142' title='bbox 999 1723 1089 1768; x_wconf 86' lang='lat' dir='ltr'><strong>cor</strong></span> <span class='ocrx_word' id='word_1_143' title='bbox 1113 1707 1221 1772; x_wconf 79' lang='lat' dir='ltr'><strong>eius</strong></span> <span class='ocrx_word' id='word_1_144' title='bbox 1251 1722 1280 1758; x_wconf 89' lang='lat' dir='ltr'><strong>a</strong></span> <span class='ocrx_word' id='word_1_145' title='bbox 1309 1693 1557 1776; x_wconf 76' lang='lat' dir='ltr'><strong>fratribus</strong></span> <span class='ocrx_word' id='word_1_146' title='bbox 1577 1708 1708 1778; x_wconf 87' lang='lat' dir='ltr'><strong>ejus,</strong></span> <span class='ocrx_word' id='word_1_147' title='bbox 1732 1713 1777 1758; x_wconf 89' lang='lat' dir='ltr'><strong>et</strong></span> <span class='ocrx_word' id='word_1_148' title='bbox 1799 1721 1898 1758; x_wconf 91' lang='lat' dir='ltr'><strong>non</strong></span> <span class='ocrx_word' id='word_1_149' title='bbox 1923 1714 2093 1758; x_wconf 88' lang='lat' dir='ltr'><strong>trans-</strong></span> 
     </span>
    </p>
   </div>
   <div class='ocr_carea' id='block_1_19' title="bbox 491 1795 2095 1872">
    <p class='ocr_par' dir='ltr' id='par_1_19' title="bbox 491 1795 2095 1872">
     <span class='ocr_line' id='line_1_19' title="bbox 491 1795 2095 1872; baseline -0.001 -20"><span class='ocrx_word' id='word_1_150' title='bbox 491 1801 770 1872; x_wconf 86' lang='lat' dir='ltr'><strong>grediatur</strong></span> <span class='ocrx_word' id='word_1_151' title='bbox 793 1817 824 1852; x_wconf 91' lang='lat' dir='ltr'><strong>a</strong></span> <span class='ocrx_word' id='word_1_152' title='bbox 847 1797 1105 1858; x_wconf 78' lang='lat' dir='ltr'><strong>mandatis</strong></span> <span class='ocrx_word' id='word_1_153' title='bbox 1128 1799 1310 1852; x_wconf 63' lang='lat' dir='ltr'><strong>dextra</strong></span> <span class='ocrx_word' id='word_1_154' title='bbox 1342 1807 1429 1850; x_wconf 88' lang='lat' dir='ltr'><strong>aut</strong></span> <span class='ocrx_word' id='word_1_155' title='bbox 1458 1798 1700 1862; x_wconf 86' lang='lat' dir='ltr'><strong>sinistra,</strong></span> <span class='ocrx_word' id='word_1_156' title='bbox 1731 1806 1784 1849; x_wconf 88' lang='lat' dir='ltr'><strong>ut</strong></span> <span class='ocrx_word' id='word_1_157' title='bbox 1811 1795 2095 1866; x_wconf 82' lang='lat' dir='ltr'><strong>tougiturni</strong></span> 
     </span>
    </p>
   </div>
   <div class='ocr_carea' id='block_1_20' title="bbox 491 1889 2092 1964">
    <p class='ocr_par' dir='ltr' id='par_1_20' title="bbox 491 1889 2092 1964">
     <span class='ocr_line' id='line_1_20' title="bbox 491 1889 2092 1964; baseline -0.004 -16"><span class='ocrx_word' id='word_1_158' title='bbox 491 1893 734 1959; x_wconf 83' lang='lat' dir='ltr'><strong>tentporis</strong></span> <span class='ocrx_word' id='word_1_159' title='bbox 763 1893 828 1945; x_wconf 89' lang='lat' dir='ltr'><strong>sit</strong></span> <span class='ocrx_word' id='word_1_160' title='bbox 860 1893 910 1944; x_wconf 88' lang='lat' dir='ltr'><strong>in</strong></span> <span class='ocrx_word' id='word_1_161' title='bbox 935 1891 1232 1964; x_wconf 83' lang='lat' dir='ltr'><strong>principatu</strong></span> <span class='ocrx_word' id='word_1_162' title='bbox 1261 1905 1355 1943; x_wconf 90' lang='lat' dir='ltr'><strong>suo</strong></span> <span class='ocrx_word' id='word_1_163' title='bbox 1371 1890 1479 1957; x_wconf 89' lang='lat' dir='ltr'><strong>ipse</strong></span> <span class='ocrx_word' id='word_1_164' title='bbox 1509 1899 1556 1942; x_wconf 92' lang='lat' dir='ltr'><strong>et</strong></span> <span class='ocrx_word' id='word_1_165' title='bbox 1582 1889 1680 1958; x_wconf 83' lang='lat' dir='ltr'><strong>filii</strong></span> <span class='ocrx_word' id='word_1_166' title='bbox 1703 1890 1813 1960; x_wconf 85' lang='lat' dir='ltr'><strong>ejus</strong></span> <span class='ocrx_word' id='word_1_167' title='bbox 1843 1905 1957 1941; x_wconf 87' lang='lat' dir='ltr'><strong>cum</strong></span> <span class='ocrx_word' id='word_1_168' title='bbox 1981 1889 2092 1954; x_wconf 89' lang='lat' dir='ltr'><strong>ipso</strong></span> 
     </span>
    </p>
   </div>
   <div class='ocr_carea' id='block_1_21' title="bbox 489 1980 2084 2058">
    <p class='ocr_par' dir='ltr' id='par_1_21' title="bbox 489 1980 2084 2058">
     <span class='ocr_line' id='line_1_21' title="bbox 489 1980 2084 2058; baseline -0.003 -19"><span class='ocrx_word' id='word_1_169' title='bbox 489 1985 543 2039; x_wconf 88' lang='lat' dir='ltr'><strong>in</strong></span> <span class='ocrx_word' id='word_1_170' title='bbox 574 1987 696 2054; x_wconf 81' lang='lat' dir='ltr'><strong>[iliis</strong></span> <span class='ocrx_word' id='word_1_171' title='bbox 728 1984 892 2040; x_wconf 86' lang='lat' dir='ltr'><strong>Israel</strong></span> <span class='ocrx_word' id='word_1_172' title='bbox 921 1983 1086 2058; x_wconf 83' lang='lat' dir='ltr'><strong>(Ibid.</strong></span> <span class='ocrx_word' id='word_1_173' title='bbox 1126 1983 1234 2055; x_wconf 75' lang='lat' dir='ltr'><strong>i8).</strong></span> <span class='ocrx_word' id='word_1_174' title='bbox 1263 1981 1399 2052; x_wconf 78' lang='lat' dir='ltr'><strong>Quid</strong></span> <span class='ocrx_word' id='word_1_175' title='bbox 1435 1992 1488 2038; x_wconf 89' lang='lat' dir='ltr'><strong>tu</strong></span> <span class='ocrx_word' id='word_1_176' title='bbox 1524 1981 1836 2051; x_wconf 88' lang='lat' dir='ltr'><strong>hujnsmodi</strong></span> <span class='ocrx_word' id='word_1_177' title='bbox 1870 1980 2038 2035; x_wconf 88' lang='lat' dir='ltr'><strong>habes</strong></span> <span class='ocrx_word' id='word_1_178' title='bbox 2069 2021 2084 2046; x_wconf 87' lang='lat'><strong>,</strong></span> 
     </span>
    </p>
   </div>
   <div class='ocr_carea' id='block_1_22' title="bbox 492 2077 2092 2158">
    <p class='ocr_par' dir='ltr' id='par_1_22' title="bbox 492 2077 2092 2158">
     <span class='ocr_line' id='line_1_22' title="bbox 492 2077 2092 2158; baseline -0.001 -25"><span class='ocrx_word' id='word_1_179' title='bbox 492 2081 592 2133; x_wconf 71' lang='lat' dir='ltr'><strong>nisi</strong></span> <span class='ocrx_word' id='word_1_180' title='bbox 616 2080 794 2133; x_wconf 81' lang='lat' dir='ltr'><strong>munia</strong></span> <span class='ocrx_word' id='word_1_181' title='bbox 829 2081 1124 2146; x_wconf 85' lang='lat' dir='ltr'><strong>contraria,</strong></span> <span class='ocrx_word' id='word_1_182' title='bbox 1153 2079 1252 2132; x_wconf 78' lang='lat' dir='ltr'><strong>nisi</strong></span> <span class='ocrx_word' id='word_1_183' title='bbox 1277 2089 1492 2140; x_wconf 87' lang='lat' dir='ltr'><strong>cuncta,</strong></span> <span class='ocrx_word' id='word_1_184' title='bbox 1515 2092 1637 2147; x_wconf 72' lang='lat' dir='ltr'><strong>qua:</strong></span> <span class='ocrx_word' id='word_1_185' title='bbox 1661 2077 1752 2131; x_wconf 92' lang='lat' dir='ltr'><strong>Dei</strong></span> <span class='ocrx_word' id='word_1_186' title='bbox 1775 2077 2092 2158; x_wconf 70' lang='lat' dir='ltr'><strong>impugnent</strong></span> 
     </span>
    </p>
   </div>
   <div class='ocr_carea' id='block_1_23' title="bbox 489 2169 2092 2242">
    <p class='ocr_par' dir='ltr' id='par_1_23' title="bbox 489 2169 2092 2242">
     <span class='ocr_line' id='line_1_23' title="bbox 489 2169 2092 2242; baseline -0.003 -14"><span class='ocrx_word' id='word_1_187' title='bbox 489 2172 753 2228; x_wconf 79' lang='lat' dir='ltr'><strong>tlouuun?</strong></span> <span class='ocrx_word' id='word_1_188' title='bbox 779 2172 964 2226; x_wconf 80' lang='lat' dir='ltr'><strong>Primo</strong></span> <span class='ocrx_word' id='word_1_189' title='bbox 996 2188 1055 2227; x_wconf 88' lang='lat' dir='ltr'><strong>es</strong></span> <span class='ocrx_word' id='word_1_190' title='bbox 1083 2172 1395 2239; x_wconf 79' lang='lat' dir='ltr'><strong>haereticus,</strong></span> <span class='ocrx_word' id='word_1_191' title='bbox 1423 2171 1620 2228; x_wconf 86' lang='lat' dir='ltr'><strong>deinde</strong></span> <span class='ocrx_word' id='word_1_192' title='bbox 1650 2179 1965 2242; x_wconf 82' lang='lat' dir='ltr'><strong>persecutor</strong></span> <span class='ocrx_word' id='word_1_193' title='bbox 1998 2169 2092 2225; x_wconf 87' lang='lat' dir='ltr'><strong>Dei</strong></span> 
     </span>
    </p>
   </div>
   <div class='ocr_carea' id='block_1_24' title="bbox 489 2262 2091 2332">
    <p class='ocr_par' dir='ltr' id='par_1_24' title="bbox 489 2262 2091 2332">
     <span class='ocr_line' id='line_1_24' title="bbox 489 2262 2091 2332; baseline -0.001 -13"><span class='ocrx_word' id='word_1_194' title='bbox 489 2265 942 2332; x_wconf 89' lang='lat' dir='ltr'><strong>domesticorum;</strong></span> <span class='ocrx_word' id='word_1_195' title='bbox 975 2275 1203 2320; x_wconf 86' lang='lat' dir='ltr'><strong>conatus</strong></span> <span class='ocrx_word' id='word_1_196' title='bbox 1229 2280 1288 2319; x_wconf 88' lang='lat' dir='ltr'><strong>es</strong></span> <span class='ocrx_word' id='word_1_197' title='bbox 1314 2280 1376 2318; x_wconf 90' lang='lat' dir='ltr'><strong>ac</strong></span> <span class='ocrx_word' id='word_1_198' title='bbox 1404 2264 1621 2318; x_wconf 81' lang='lat' dir='ltr'><strong>conaris</strong></span> <span class='ocrx_word' id='word_1_199' title='bbox 1649 2262 1715 2316; x_wconf 90' lang='lat' dir='ltr'><strong>ad</strong></span> <span class='ocrx_word' id='word_1_200' title='bbox 1738 2262 2091 2318; x_wconf 81' lang='lat' dir='ltr'><strong>Athanasium</strong></span> 
     </span>
    </p>
   </div>
   <div class='ocr_carea' id='block_1_25' title="bbox 487 2359 2094 2436">
    <p class='ocr_par' dir='ltr' id='par_1_25' title="bbox 487 2359 2094 2436">
     <span class='ocr_line' id='line_1_25' title="bbox 487 2359 2094 2436; baseline 0.001 -24"><span class='ocrx_word' id='word_1_201' title='bbox 487 2359 844 2436; x_wconf 85' lang='lat' dir='ltr'><strong>jugulaudum</strong></span> <span class='ocrx_word' id='word_1_202' title='bbox 868 2403 880 2424; x_wconf 87' lang='lat'><strong>,</strong></span> <span class='ocrx_word' id='word_1_203' title='bbox 919 2369 1191 2432; x_wconf 84' lang='lat' dir='ltr'><strong>tamquam</strong></span> <span class='ocrx_word' id='word_1_204' title='bbox 1217 2360 1260 2414; x_wconf 88' lang='lat' dir='ltr'><strong>is</strong></span> <span class='ocrx_word' id='word_1_205' title='bbox 1294 2359 1487 2424; x_wconf 85' lang='lat' dir='ltr'><strong>homo,</strong></span> <span class='ocrx_word' id='word_1_206' title='bbox 1513 2359 1604 2430; x_wconf 90' lang='lat' dir='ltr'><strong>qui</strong></span> <span class='ocrx_word' id='word_1_207' title='bbox 1639 2374 1745 2414; x_wconf 90' lang='lat' dir='ltr'><strong>non</strong></span> <span class='ocrx_word' id='word_1_208' title='bbox 1777 2359 2094 2416; x_wconf 84' lang='lat' dir='ltr'><strong>memineris</strong></span> 
     </span>
    </p>
   </div>
   <div class='ocr_carea' id='block_1_26' title="bbox 488 2452 2095 2526">
    <p class='ocr_par' dir='ltr' id='par_1_26' title="bbox 488 2452 2095 2526">
     <span class='ocr_line' id='line_1_26' title="bbox 488 2452 2095 2526; baseline 0.002 -21"><span class='ocrx_word' id='word_1_209' title='bbox 488 2452 788 2521; x_wconf 80' lang='lat' dir='ltr'><strong>scriptum:</strong></span> <span class='ocrx_word' id='word_1_210' title='bbox 821 2452 882 2508; x_wconf 91' lang='lat' dir='ltr'><strong>Si</strong></span> <span class='ocrx_word' id='word_1_211' title='bbox 904 2454 1062 2526; x_wconf 85' lang='lat' dir='ltr'><strong>fuerit</strong></span> <span class='ocrx_word' id='word_1_212' title='bbox 1095 2454 1246 2506; x_wconf 89' lang='lat' dir='ltr'><strong>homo</strong></span> <span class='ocrx_word' id='word_1_213' title='bbox 1271 2453 1453 2506; x_wconf 86' lang='lat' dir='ltr'><strong>odiens</strong></span> <span class='ocrx_word' id='word_1_214' title='bbox 1485 2452 1776 2522; x_wconf 69' lang='lat' dir='ltr'><strong>proximum</strong></span> <span class='ocrx_word' id='word_1_215' title='bbox 1804 2460 1850 2504; x_wconf 90' lang='lat' dir='ltr'><strong>et</strong></span> <span class='ocrx_word' id='word_1_216' title='bbox 1878 2452 2095 2514; x_wconf 84' lang='lat' dir='ltr'><strong>insidia-</strong></span> 
     </span>
    </p>
   </div>
   <div class='ocr_carea' id='block_1_27' title="bbox 495 2531 2094 2612">
    <p class='ocr_par' dir='ltr' id='par_1_27' title="bbox 495 2531 2094 2612">
     <span class='ocr_line' id='line_1_27' title="bbox 495 2531 2094 2612; baseline 0.001 -16"><span class='ocrx_word' id='word_1_217' title='bbox 495 2555 580 2596; x_wconf 86' lang='lat' dir='ltr'><strong>tur</strong></span> <span class='ocrx_word' id='word_1_218' title='bbox 606 2561 719 2598; x_wconf 89' lang='lat' dir='ltr'><strong>eum</strong></span> <span class='ocrx_word' id='word_1_219' title='bbox 743 2541 769 2579; x_wconf 76' lang='grc' dir='ltr'>ά</span> <span class='ocrx_word' id='word_1_220' title='bbox 801 2585 816 2612; x_wconf 84' lang='grc'><strong><em>,</em></strong></span> <span class='ocrx_word' id='word_1_221' title='bbox 855 2531 914 2600; x_wconf 79' lang='lat' dir='ltr'><strong>et</strong></span> <span class='ocrx_word' id='word_1_222' title='bbox 942 2545 1225 2599; x_wconf 76' lang='lat' dir='ltr'><strong>surrexerit</strong></span> <span class='ocrx_word' id='word_1_223' title='bbox 1261 2546 1311 2598; x_wconf 88' lang='lat' dir='ltr'><strong>in</strong></span> <span class='ocrx_word' id='word_1_224' title='bbox 1341 2560 1455 2598; x_wconf 89' lang='lat' dir='ltr'><strong>eum</strong></span> <span class='ocrx_word' id='word_1_225' title='bbox 1483 2585 1496 2610; x_wconf 97' lang='lat'><strong>,</strong></span> <span class='ocrx_word' id='word_1_226' title='bbox 1547 2554 1592 2598; x_wconf 90' lang='lat' dir='ltr'><strong>et</strong></span> <span class='ocrx_word' id='word_1_227' title='bbox 1636 2543 1941 2612; x_wconf 84' lang='lat' dir='ltr'><strong>percusserit</strong></span> <span class='ocrx_word' id='word_1_228' title='bbox 1981 2559 2094 2598; x_wconf 90' lang='lat' dir='ltr'><strong>eum</strong></span> 
     </span>
    </p>
   </div>
   <div class='ocr_carea' id='block_1_28' title="bbox 490 2635 2093 2708">
    <p class='ocr_par' dir='ltr' id='par_1_28' title="bbox 490 2635 2093 2708">
     <span class='ocr_line' id='line_1_28' title="bbox 490 2635 2093 2708; baseline -0.002 -16"><span class='ocrx_word' id='word_1_229' title='bbox 490 2639 684 2706; x_wconf 89' lang='lat' dir='ltr'><strong>animo,</strong></span> <span class='ocrx_word' id='word_1_230' title='bbox 720 2649 766 2690; x_wconf 91' lang='lat' dir='ltr'><strong>et</strong></span> <span class='ocrx_word' id='word_1_231' title='bbox 794 2648 1026 2692; x_wconf 87' lang='lat' dir='ltr'><strong>mortuus</strong></span> <span class='ocrx_word' id='word_1_232' title='bbox 1058 2637 1235 2708; x_wconf 87' lang='lat' dir='ltr'><strong>fuerit,</strong></span> <span class='ocrx_word' id='word_1_233' title='bbox 1265 2647 1311 2692; x_wconf 92' lang='lat' dir='ltr'><strong>et</strong></span> <span class='ocrx_word' id='word_1_234' title='bbox 1342 2636 1533 2707; x_wconf 85' lang='lat' dir='ltr'><strong>fugerit</strong></span> <span class='ocrx_word' id='word_1_235' title='bbox 1563 2635 1616 2688; x_wconf 91' lang='lat' dir='ltr'><strong>in</strong></span> <span class='ocrx_word' id='word_1_236' title='bbox 1649 2652 1801 2689; x_wconf 87' lang='lat' dir='ltr'><strong>unam</strong></span> <span class='ocrx_word' id='word_1_237' title='bbox 1831 2635 2093 2688; x_wconf 81' lang='lat' dir='ltr'><strong>civitatum</strong></span> 
     </span>
    </p>
   </div>
   <div class='ocr_carea' id='block_1_29' title="bbox 489 2727 2093 2798">
    <p class='ocr_par' dir='ltr' id='par_1_29' title="bbox 489 2727 2093 2798">
     <span class='ocr_line' id='line_1_29' title="bbox 489 2727 2093 2798; baseline -0.003 -13"><span class='ocrx_word' id='word_1_238' title='bbox 489 2731 697 2798; x_wconf 88' lang='lat' dir='ltr'><strong>harum,</strong></span> <span class='ocrx_word' id='word_1_239' title='bbox 733 2732 932 2785; x_wconf 84' lang='lat' dir='ltr'><strong>mittent</strong></span> <span class='ocrx_word' id='word_1_240' title='bbox 955 2731 1177 2785; x_wconf 89' lang='lat' dir='ltr'><strong>seniores</strong></span> <span class='ocrx_word' id='word_1_241' title='bbox 1196 2731 1418 2785; x_wconf 82' lang='lat' dir='ltr'><strong>civitatis</strong></span> <span class='ocrx_word' id='word_1_242' title='bbox 1447 2730 1613 2795; x_wconf 88' lang='lat' dir='ltr'><strong>illius,</strong></span> <span class='ocrx_word' id='word_1_243' title='bbox 1642 2738 1688 2783; x_wconf 92' lang='lat' dir='ltr'><strong>et</strong></span> <span class='ocrx_word' id='word_1_244' title='bbox 1709 2727 1957 2797; x_wconf 84' lang='lat' dir='ltr'><strong>accipient</strong></span> <span class='ocrx_word' id='word_1_245' title='bbox 1981 2743 2093 2782; x_wconf 87' lang='lat' dir='ltr'><strong>eum</strong></span> 
     </span>
    </p>
   </div>
   <div class='ocr_carea' id='block_1_30' title="bbox 488 2819 2093 2907">
    <p class='ocr_par' dir='ltr' id='par_1_30' title="bbox 488 2819 2093 2907">
     <span class='ocr_line' id='line_1_30' title="bbox 488 2819 2093 2907; baseline -0.002 -30"><span class='ocrx_word' id='word_1_246' title='bbox 488 2824 623 2887; x_wconf 85' lang='lat' dir='ltr'><strong>inde,</strong></span> <span class='ocrx_word' id='word_1_247' title='bbox 646 2836 696 2880; x_wconf 92' lang='lat' dir='ltr'><strong>et</strong></span> <span class='ocrx_word' id='word_1_248' title='bbox 727 2825 931 2880; x_wconf 90' lang='lat' dir='ltr'><strong>tradent</strong></span> <span class='ocrx_word' id='word_1_249' title='bbox 953 2842 1072 2880; x_wconf 89' lang='lat' dir='ltr'><strong>eum</strong></span> <span class='ocrx_word' id='word_1_250' title='bbox 1096 2826 1148 2880; x_wconf 92' lang='lat' dir='ltr'><strong>in</strong></span> <span class='ocrx_word' id='word_1_251' title='bbox 1168 2842 1350 2879; x_wconf 87' lang='lat' dir='ltr'><strong>manus</strong></span> <span class='ocrx_word' id='word_1_252' title='bbox 1372 2825 1744 2906; x_wconf 69' lang='lat' dir='ltr'><strong>exquirendum</strong></span> <span class='ocrx_word' id='word_1_253' title='bbox 1767 2819 2093 2907; x_wconf 64' lang='lat' dir='ltr'><strong>sanguinentz</strong></span> 
     </span>
    </p>
   </div>
   <div class='ocr_carea' id='block_1_31' title="bbox 489 2920 2095 2991">
    <p class='ocr_par' dir='ltr' id='par_1_31' title="bbox 489 2920 2095 2991">
     <span class='ocr_line' id='line_1_31' title="bbox 489 2920 2095 2991; baseline 0 -17"><span class='ocrx_word' id='word_1_254' title='bbox 489 2929 537 2974; x_wconf 91' lang='lat' dir='ltr'><strong>et</strong></span> <span class='ocrx_word' id='word_1_255' title='bbox 568 2921 855 2985; x_wconf 89' lang='lat' dir='ltr'><strong>morietur;</strong></span> <span class='ocrx_word' id='word_1_256' title='bbox 885 2937 987 2974; x_wconf 90' lang='lat' dir='ltr'><strong>non</strong></span> <span class='ocrx_word' id='word_1_257' title='bbox 1016 2936 1196 2990; x_wconf 85' lang='lat' dir='ltr'><strong>parces</strong></span> <span class='ocrx_word' id='word_1_258' title='bbox 1223 2920 1370 2976; x_wconf 86' lang='lat' dir='ltr'><strong>oculo</strong></span> <span class='ocrx_word' id='word_1_259' title='bbox 1405 2934 1492 2973; x_wconf 89' lang='lat' dir='ltr'><strong>tuo</strong></span> <span class='ocrx_word' id='word_1_260' title='bbox 1525 2935 1677 2991; x_wconf 82' lang='lat' dir='ltr'><strong>super</strong></span> <span class='ocrx_word' id='word_1_261' title='bbox 1707 2936 1846 2988; x_wconf 87' lang='lat' dir='ltr'><strong>eum,</strong></span> <span class='ocrx_word' id='word_1_262' title='bbox 1871 2928 1922 2974; x_wconf 88' lang='lat' dir='ltr'><strong>et</strong></span> <span class='ocrx_word' id='word_1_263' title='bbox 1945 2935 2095 2974; x_wconf 83' lang='lat' dir='ltr'><strong>mun-</strong></span> 
     </span>
    </p>
   </div>
   <div class='ocr_carea' id='block_1_32' title="bbox 490 3013 2096 3086">
    <p class='ocr_par' dir='ltr' id='par_1_32' title="bbox 490 3013 2096 3086">
     <span class='ocr_line' id='line_1_32' title="bbox 490 3013 2096 3086; baseline -0.001 -18"><span class='ocrx_word' id='word_1_264' title='bbox 490 3016 637 3070; x_wconf 85' lang='lat' dir='ltr'><strong>dabis</strong></span> <span class='ocrx_word' id='word_1_265' title='bbox 668 3017 970 3086; x_wconf 89' lang='lat' dir='ltr'><strong>sanguinem</strong></span> <span class='ocrx_word' id='word_1_266' title='bbox 1000 3016 1287 3076; x_wconf 86' lang='lat' dir='ltr'><strong>innocentis</strong></span> <span class='ocrx_word' id='word_1_267' title='bbox 1337 3031 1401 3076; x_wconf 80' lang='lat' dir='ltr'><strong>ea:</strong></span> <span class='ocrx_word' id='word_1_268' title='bbox 1439 3016 1544 3069; x_wconf 80' lang='lat' dir='ltr'><strong>illis</strong></span> <span class='ocrx_word' id='word_1_269' title='bbox 1570 3057 1584 3082; x_wconf 96' lang='lat'><strong>,</strong></span> <span class='ocrx_word' id='word_1_270' title='bbox 1626 3026 1671 3069; x_wconf 90' lang='lat' dir='ltr'><strong>et</strong></span> <span class='ocrx_word' id='word_1_271' title='bbox 1715 3014 1840 3068; x_wconf 87' lang='lat' dir='ltr'><strong>bene</strong></span> <span class='ocrx_word' id='word_1_272' title='bbox 1876 3013 1966 3068; x_wconf 88' lang='lat' dir='ltr'><strong>tibi</strong></span> <span class='ocrx_word' id='word_1_273' title='bbox 1996 3013 2096 3072; x_wconf 87' lang='lat' dir='ltr'><strong>erit</strong></span> 
     </span>
    </p>
   </div>
   <div class='ocr_carea' id='block_1_33' title="bbox 490 3108 2092 3185">
    <p class='ocr_par' dir='ltr' id='par_1_33' title="bbox 490 3108 2092 3185">
     <span class='ocr_line' id='line_1_33' title="bbox 490 3108 2092 3185; baseline 0.001 -22"><span class='ocrx_word' id='word_1_274' title='bbox 490 3108 599 3185; x_wconf 93' lang='lat' dir='ltr'><strong>(Ib.</strong></span> <span class='ocrx_word' id='word_1_275' title='bbox 634 3127 745 3177; x_wconf 78' lang='lat' dir='ltr'><strong>nx,</strong></span> <span class='ocrx_word' id='word_1_276' title='bbox 783 3111 896 3178; x_wconf 82' lang='lat' dir='ltr'><strong>H).</strong></span> <span class='ocrx_word' id='word_1_277' title='bbox 940 3111 1003 3164; x_wconf 88' lang='lat' dir='ltr'><strong>Et</strong></span> <span class='ocrx_word' id='word_1_278' title='bbox 1048 3111 1283 3164; x_wconf 90' lang='lat' dir='ltr'><strong>iterum:</strong></span> <span class='ocrx_word' id='word_1_279' title='bbox 1321 3109 1443 3163; x_wconf 82' lang='lat' dir='ltr'><strong>Non</strong></span> <span class='ocrx_word' id='word_1_280' title='bbox 1473 3110 1692 3166; x_wconf 90' lang='lat' dir='ltr'><strong>manebit</strong></span> <span class='ocrx_word' id='word_1_281' title='bbox 1727 3110 1868 3162; x_wconf 89' lang='lat' dir='ltr'><strong>testis</strong></span> <span class='ocrx_word' id='word_1_282' title='bbox 1901 3118 1924 3143; x_wconf 71' lang='grc' dir='ltr'><strong>θ</strong></span> <span class='ocrx_word' id='word_1_283' title='bbox 1954 3124 2092 3165; x_wconf 81' lang='lat' dir='ltr'><strong>unus</strong></span> 
     </span>
    </p>
   </div>
   <div class='ocr_carea' id='block_1_34' title="bbox 2182 492 3791 564">
    <p class='ocr_par' dir='ltr' id='par_1_34' title="bbox 2182 492 3791 564">
     <span class='ocr_line' id='line_1_34' title="bbox 2182 492 3791 564; baseline 0.001 -19"><span class='ocrx_word' id='word_1_284' title='bbox 2182 493 2303 560; x_wconf 86' lang='lat' dir='ltr'><strong>quia</strong></span> <span class='ocrx_word' id='word_1_285' title='bbox 2323 495 2469 564; x_wconf 89' lang='lat' dir='ltr'><strong>fovea</strong></span> <span class='ocrx_word' id='word_1_286' title='bbox 2496 493 2600 556; x_wconf 80' lang='lat' dir='ltr'><strong>sit‘,</strong></span> <span class='ocrx_word' id='word_1_287' title='bbox 2631 492 2814 564; x_wconf 74' lang='lat' dir='ltr'><strong>fingite</strong></span> <span class='ocrx_word' id='word_1_288' title='bbox 2837 508 2924 546; x_wconf 87' lang='lat' dir='ltr'><strong>vos</strong></span> <span class='ocrx_word' id='word_1_289' title='bbox 2946 507 3112 545; x_wconf 78' lang='lat' dir='ltr'><strong>ca&#39;cos</strong></span> <span class='ocrx_word' id='word_1_290' title='bbox 3137 533 3151 558; x_wconf 94' lang='lat'><strong>,</strong></span> <span class='ocrx_word' id='word_1_291' title='bbox 3178 493 3571 564; x_wconf 62' lang='lat' dir='ltr'><strong>praecipitesque</strong></span> <span class='ocrx_word' id='word_1_292' title='bbox 3597 500 3791 546; x_wconf 82' lang='lat' dir='ltr'><strong>vosmet</strong></span> 
     </span>
    </p>
   </div>
   <div class='ocr_carea' id='block_1_35' title="bbox 2183 583 3792 656">
    <p class='ocr_par' dir='ltr' id='par_1_35' title="bbox 2183 583 3792 656">
     <span class='ocr_line' id='line_1_35' title="bbox 2183 583 3792 656; baseline 0 -20"><span class='ocrx_word' id='word_1_293' title='bbox 2183 584 2302 637; x_wconf 89' lang='lat' dir='ltr'><strong>date</strong></span> <span class='ocrx_word' id='word_1_294' title='bbox 2325 585 2377 636; x_wconf 87' lang='lat' dir='ltr'><strong>in</strong></span> <span class='ocrx_word' id='word_1_295' title='bbox 2407 594 2652 638; x_wconf 63' lang='lat' dir='ltr'><strong>cateruam</strong></span> <span class='ocrx_word' id='word_1_296' title='bbox 2681 584 3000 656; x_wconf 81' lang='lat' dir='ltr'><strong>voraginem,</strong></span> <span class='ocrx_word' id='word_1_297' title='bbox 3032 585 3245 654; x_wconf 82' lang='lat' dir='ltr'><strong>mergite</strong></span> <span class='ocrx_word' id='word_1_298' title='bbox 3275 583 3326 636; x_wconf 90' lang='lat' dir='ltr'><strong>in</strong></span> <span class='ocrx_word' id='word_1_299' title='bbox 3360 601 3469 636; x_wconf 85' lang='lat' dir='ltr'><strong>eam</strong></span> <span class='ocrx_word' id='word_1_300' title='bbox 3499 584 3723 655; x_wconf 86' lang='lat' dir='ltr'><strong>foveam,</strong></span> <span class='ocrx_word' id='word_1_301' title='bbox 3757 599 3792 636; x_wconf 80' lang='grc' dir='ltr'><em>α</em></span> 
     </span>
    </p>
   </div>
   <div class='ocr_carea' id='block_1_36' title="bbox 2183 678 3793 750">
    <p class='ocr_par' dir='ltr' id='par_1_36' title="bbox 2183 678 3793 750">
     <span class='ocr_line' id='line_1_36' title="bbox 2183 678 3793 750; baseline -0.002 -18"><span class='ocrx_word' id='word_1_302' title='bbox 2183 696 2284 748; x_wconf 89' lang='lat' dir='ltr'><strong>qua</strong></span> <span class='ocrx_word' id='word_1_303' title='bbox 2316 695 2417 734; x_wconf 91' lang='lat' dir='ltr'><strong>non</strong></span> <span class='ocrx_word' id='word_1_304' title='bbox 2445 695 2532 733; x_wconf 91' lang='lat' dir='ltr'><strong>vos</strong></span> <span class='ocrx_word' id='word_1_305' title='bbox 2562 679 2696 749; x_wconf 85' lang='lat' dir='ltr'><strong>eripi</strong></span> <span class='ocrx_word' id='word_1_306' title='bbox 2733 695 2882 747; x_wconf 89' lang='lat' dir='ltr'><strong>posse</strong></span> <span class='ocrx_word' id='word_1_307' title='bbox 2909 678 3118 732; x_wconf 86' lang='lat' dir='ltr'><strong>cernitis</strong></span> <span class='ocrx_word' id='word_1_308' title='bbox 3145 719 3158 744; x_wconf 93' lang='lat'><strong>,</strong></span> <span class='ocrx_word' id='word_1_309' title='bbox 3193 679 3334 732; x_wconf 87' lang='lat' dir='ltr'><strong>vobis</strong></span> <span class='ocrx_word' id='word_1_310' title='bbox 3356 678 3483 750; x_wconf 84' lang='lat' dir='ltr'><strong>ipsis</strong></span> <span class='ocrx_word' id='word_1_311' title='bbox 3512 679 3665 731; x_wconf 78' lang='lat' dir='ltr'><strong>vitam</strong></span> <span class='ocrx_word' id='word_1_312' title='bbox 3694 695 3793 730; x_wconf 89' lang='lat' dir='ltr'><strong>au-</strong></span> 
     </span>
    </p>
   </div>
   <div class='ocr_carea' id='block_1_37' title="bbox 2185 771 3794 846">
    <p class='ocr_par' dir='ltr' id='par_1_37' title="bbox 2185 771 3794 846">
     <span class='ocr_line' id='line_1_37' title="bbox 2185 771 3794 846; baseline 0.001 -20"><span class='ocrx_word' id='word_1_313' title='bbox 2185 776 2335 846; x_wconf 76' lang='lat' dir='ltr'><strong>ferte,</strong></span> <span class='ocrx_word' id='word_1_314' title='bbox 2354 774 2542 826; x_wconf 83' lang='lat' dir='ltr'><strong>sumite</strong></span> <span class='ocrx_word' id='word_1_315' title='bbox 2560 782 2856 844; x_wconf 87' lang='lat' dir='ltr'><strong>perpetuam</strong></span> <span class='ocrx_word' id='word_1_316' title='bbox 2884 782 3098 826; x_wconf 91' lang='lat' dir='ltr'><strong>mortem</strong></span> <span class='ocrx_word' id='word_1_317' title='bbox 3114 772 3136 825; x_wconf 86' lang='lat'><strong><em>?</em></strong></span> <span class='ocrx_word' id='word_1_318' title='bbox 3151 771 3288 840; x_wconf 87' lang='lat' dir='ltr'><strong>Quid</strong></span> <span class='ocrx_word' id='word_1_319' title='bbox 3309 783 3390 836; x_wconf 84' lang='lat' dir='ltr'><strong>est</strong></span> <span class='ocrx_word' id='word_1_320' title='bbox 3415 771 3563 830; x_wconf 88' lang='lat' dir='ltr'><strong>aliud</strong></span> <span class='ocrx_word' id='word_1_321' title='bbox 3582 771 3794 840; x_wconf 85' lang='lat' dir='ltr'><strong>dicere,</strong></span> 
     </span>
    </p>
   </div>
   <div class='ocr_carea' id='block_1_38' title="bbox 2187 849 3794 937">
    <p class='ocr_par' dir='ltr' id='par_1_38' title="bbox 2187 849 3794 937">
     <span class='ocr_line' id='line_1_38' title="bbox 2187 849 3794 937; baseline 0.001 -19"><span class='ocrx_word' id='word_1_322' title='bbox 2187 864 2299 918; x_wconf 85' lang='lat' dir='ltr'><strong>Fac</strong></span> <span class='ocrx_word' id='word_1_323' title='bbox 2325 865 2462 936; x_wconf 88' lang='lat' dir='ltr'><strong>quod</strong></span> <span class='ocrx_word' id='word_1_324' title='bbox 2496 865 2631 920; x_wconf 89' lang='lat' dir='ltr'><strong>Deus</strong></span> <span class='ocrx_word' id='word_1_325' title='bbox 2650 866 2764 937; x_wconf 84' lang='lat' dir='ltr'><strong>fieri</strong></span> <span class='ocrx_word' id='word_1_326' title='bbox 2792 864 3076 937; x_wconf 82' lang='lat' dir='ltr'><strong>prohibuit,</strong></span> <span class='ocrx_word' id='word_1_327' title='bbox 3105 864 3231 928; x_wconf 86' lang='lat' dir='ltr'><strong>nisi.</strong></span> <span class='ocrx_word' id='word_1_328' title='bbox 3255 875 3411 926; x_wconf 84' lang='lat' dir='ltr'><strong>estote</strong></span> <span class='ocrx_word' id='word_1_329' title='bbox 3437 866 3633 920; x_wconf 88' lang='lat' dir='ltr'><strong>inimici</strong></span> <span class='ocrx_word' id='word_1_330' title='bbox 3655 849 3794 934; x_wconf 67' lang='lat' dir='ltr'><strong>Deo,</strong></span> 
     </span>
    </p>
   </div>
   <div class='ocr_carea' id='block_1_39' title="bbox 2188 958 3796 1030">
    <p class='ocr_par' dir='ltr' id='par_1_39' title="bbox 2188 958 3796 1030">
     <span class='ocr_line' id='line_1_39' title="bbox 2188 958 3796 1030; baseline -0.002 -16"><span class='ocrx_word' id='word_1_331' title='bbox 2188 960 2440 1030; x_wconf 80' lang='lat' dir='ltr'><strong>acquirite</strong></span> <span class='ocrx_word' id='word_1_332' title='bbox 2469 959 2608 1014; x_wconf 89' lang='lat' dir='ltr'><strong>vobis</strong></span> <span class='ocrx_word' id='word_1_333' title='bbox 2632 958 2900 1018; x_wconf 86' lang='lat' dir='ltr'><strong>diabolum</strong></span> <span class='ocrx_word' id='word_1_334' title='bbox 2926 959 3174 1022; x_wconf 84' lang='lat' dir='ltr'><strong>amicum,</strong></span> <span class='ocrx_word' id='word_1_335' title='bbox 3206 959 3324 1013; x_wconf 89' lang='lat' dir='ltr'><strong>date</strong></span> <span class='ocrx_word' id='word_1_336' title='bbox 3343 975 3554 1030; x_wconf 79' lang='lat' dir='ltr'><strong>Operam</strong></span> <span class='ocrx_word' id='word_1_337' title='bbox 3585 975 3648 1018; x_wconf 85' lang='lat' dir='ltr'><strong>ne</strong></span> <span class='ocrx_word' id='word_1_338' title='bbox 3667 975 3796 1014; x_wconf 56' lang='lat' dir='ltr'><strong>con-</strong></span> 
     </span>
    </p>
   </div>
   <div class='ocr_carea' id='block_1_40' title="bbox 2186 1051 3800 1126">
    <p class='ocr_par' dir='ltr' id='par_1_40' title="bbox 2186 1051 3800 1126">
     <span class='ocr_line' id='line_1_40' title="bbox 2186 1051 3800 1126; baseline 0.003 -21"><span class='ocrx_word' id='word_1_339' title='bbox 2186 1052 2475 1122; x_wconf 82' lang='lat' dir='ltr'><strong>sequamini</strong></span> <span class='ocrx_word' id='word_1_340' title='bbox 2523 1052 2861 1122; x_wconf 86' lang='lat' dir='ltr'><strong>paradisum,</strong></span> <span class='ocrx_word' id='word_1_341' title='bbox 2916 1068 2979 1106; x_wconf 86' lang='lat' dir='ltr'><strong>ne</strong></span> <span class='ocrx_word' id='word_1_342' title='bbox 3029 1051 3249 1121; x_wconf 81' lang='lat' dir='ltr'><strong>denique</strong></span> <span class='ocrx_word' id='word_1_343' title='bbox 3290 1067 3504 1126; x_wconf 85' lang='lat' dir='ltr'><strong>regnum</strong></span> <span class='ocrx_word' id='word_1_344' title='bbox 3550 1053 3800 1110; x_wconf 70' lang='lat' dir='ltr'><strong>(telorum</strong></span> 
     </span>
    </p>
   </div>
   <div class='ocr_carea' id='block_1_41' title="bbox 2189 1145 3799 1220">
    <p class='ocr_par' dir='ltr' id='par_1_41' title="bbox 2189 1145 3799 1220">
     <span class='ocr_line' id='line_1_41' title="bbox 2189 1145 3799 1220; baseline 0.002 -20"><span class='ocrx_word' id='word_1_345' title='bbox 2189 1147 2327 1218; x_wconf 88' lang='lat' dir='ltr'><strong>quod</strong></span> <span class='ocrx_word' id='word_1_346' title='bbox 2353 1147 2494 1202; x_wconf 88' lang='lat' dir='ltr'><strong>vobis</strong></span> <span class='ocrx_word' id='word_1_347' title='bbox 2519 1148 2752 1220; x_wconf 87' lang='lat' dir='ltr'><strong>promisit</strong></span> <span class='ocrx_word' id='word_1_348' title='bbox 2779 1147 2823 1200; x_wconf 89' lang='lat' dir='ltr'><strong>si</strong></span> <span class='ocrx_word' id='word_1_349' title='bbox 2848 1145 3095 1202; x_wconf 87' lang='lat' dir='ltr'><strong>mandata</strong></span> <span class='ocrx_word' id='word_1_350' title='bbox 3122 1149 3232 1219; x_wconf 84' lang='lat' dir='ltr'><strong>ejus</strong></span> <span class='ocrx_word' id='word_1_351' title='bbox 3254 1147 3594 1211; x_wconf 71' lang='lat' dir='ltr'><strong>sert&#39;avcritis,</strong></span> <span class='ocrx_word' id='word_1_352' title='bbox 3621 1146 3799 1204; x_wconf 81' lang='lat' dir='ltr'><strong>Deus:</strong></span> 
     </span>
    </p>
   </div>
   <div class='ocr_carea' id='block_1_42' title="bbox 2190 1223 3798 1326">
    <p class='ocr_par' dir='ltr' id='par_1_42' title="bbox 2190 1223 3798 1326">
     <span class='ocr_line' id='line_1_42' title="bbox 2190 1223 3798 1326; baseline 0.001 -32"><span class='ocrx_word' id='word_1_353' title='bbox 2190 1250 2362 1295; x_wconf 88' lang='lat' dir='ltr'><strong>amate</strong></span> <span class='ocrx_word' id='word_1_354' title='bbox 2399 1241 2628 1326; x_wconf 82' lang='lat' dir='ltr'><strong>inferna,</strong></span> <span class='ocrx_word' id='word_1_355' title='bbox 2662 1240 2864 1320; x_wconf 72' lang='lat' dir='ltr'><strong>diligite</strong></span> <span class='ocrx_word' id='word_1_356' title='bbox 2900 1251 3144 1314; x_wconf 85' lang='lat' dir='ltr'><strong>stagnant</strong></span> <span class='ocrx_word' id='word_1_357' title='bbox 3187 1240 3474 1305; x_wconf 85' lang='lat' dir='ltr'><strong>ardentem,</strong></span> <span class='ocrx_word' id='word_1_358' title='bbox 3504 1223 3798 1320; x_wconf 77' lang='lat' dir='ltr'><strong>desiderate</strong></span> 
     </span>
    </p>
   </div>
   <div class='ocr_carea' id='block_1_43' title="bbox 2193 1334 3796 1406">
    <p class='ocr_par' dir='ltr' id='par_1_43' title="bbox 2193 1334 3796 1406">
     <span class='ocr_line' id='line_1_43' title="bbox 2193 1334 3796 1406; baseline -0.002 -17"><span class='ocrx_word' id='word_1_359' title='bbox 2193 1351 2304 1390; x_wconf 86' lang='lat' dir='ltr'><strong>esse</strong></span> <span class='ocrx_word' id='word_1_360' title='bbox 2334 1351 2449 1388; x_wconf 89' lang='lat' dir='ltr'><strong>cum</strong></span> <span class='ocrx_word' id='word_1_361' title='bbox 2502 1335 2762 1398; x_wconf 85' lang='lat' dir='ltr'><strong>omnibus,</strong></span> <span class='ocrx_word' id='word_1_362' title='bbox 2805 1335 2891 1406; x_wconf 86' lang='lat' dir='ltr'><strong>qui</strong></span> <span class='ocrx_word' id='word_1_363' title='bbox 2933 1342 3053 1388; x_wconf 87' lang='lat' dir='ltr'><strong>sunt</strong></span> <span class='ocrx_word' id='word_1_364' title='bbox 3091 1349 3296 1404; x_wconf 87' lang='lat' dir='ltr'><strong>semper</strong></span> <span class='ocrx_word' id='word_1_365' title='bbox 3341 1334 3523 1386; x_wconf 86' lang='lat' dir='ltr'><strong>dantes</strong></span> <span class='ocrx_word' id='word_1_366' title='bbox 3577 1350 3751 1404; x_wconf 74' lang='lat' dir='ltr'><strong>ptenas</strong></span> <span class='ocrx_word' id='word_1_367' title='bbox 3780 1375 3796 1400; x_wconf 87' lang='lat'><strong>,</strong></span> 
     </span>
    </p>
   </div>
   <div class='ocr_carea' id='block_1_44' title="bbox 2195 1409 3800 1495">
    <p class='ocr_par' dir='ltr' id='par_1_44' title="bbox 2195 1409 3800 1495">
     <span class='ocr_line' id='line_1_44' title="bbox 2195 1409 3800 1495; baseline -0.001 -14"><span class='ocrx_word' id='word_1_368' title='bbox 2195 1426 2488 1483; x_wconf 81' lang='lat' dir='ltr'><strong>desiderate</strong></span> <span class='ocrx_word' id='word_1_369' title='bbox 2542 1426 2649 1482; x_wconf 86' lang='lat' dir='ltr'><strong>dici</strong></span> <span class='ocrx_word' id='word_1_370' title='bbox 2715 1409 2944 1480; x_wconf 77' lang='lat' dir='ltr'><strong>homines</strong></span> <span class='ocrx_word' id='word_1_371' title='bbox 2989 1425 3206 1479; x_wconf 89' lang='lat' dir='ltr'><strong>diaboli.</strong></span> <span class='ocrx_word' id='word_1_372' title='bbox 3275 1424 3404 1480; x_wconf 71' lang='lat' dir='ltr'><strong>Harc</strong></span> <span class='ocrx_word' id='word_1_373' title='bbox 3461 1433 3587 1480; x_wconf 87' lang='lat' dir='ltr'><strong>sunt</strong></span> <span class='ocrx_word' id='word_1_374' title='bbox 3656 1439 3800 1495; x_wconf 65' lang='lat' dir='ltr'><strong>pra:-</strong></span> 
     </span>
    </p>
   </div>
   <div class='ocr_carea' id='block_1_45' title="bbox 2199 1516 3800 1590">
    <p class='ocr_par' dir='ltr' id='par_1_45' title="bbox 2199 1516 3800 1590">
     <span class='ocr_line' id='line_1_45' title="bbox 2199 1516 3800 1590; baseline 0 -18"><span class='ocrx_word' id='word_1_375' title='bbox 2199 1518 2346 1585; x_wconf 87' lang='lat' dir='ltr'><strong>mia,</strong></span> <span class='ocrx_word' id='word_1_376' title='bbox 2401 1535 2523 1590; x_wconf 73' lang='lat' dir='ltr'><strong>qua:</strong></span> <span class='ocrx_word' id='word_1_377' title='bbox 2578 1528 2665 1572; x_wconf 89' lang='lat' dir='ltr'><strong>tua</strong></span> <span class='ocrx_word' id='word_1_378' title='bbox 2704 1518 2920 1590; x_wconf 74' lang='lat' dir='ltr'><strong>egregia</strong></span> <span class='ocrx_word' id='word_1_379' title='bbox 2977 1516 3311 1589; x_wconf 86' lang='lat' dir='ltr'><strong>conquirunt</strong></span> <span class='ocrx_word' id='word_1_380' title='bbox 3364 1517 3635 1586; x_wconf 83' lang='lat' dir='ltr'><strong>consilia,</strong></span> <span class='ocrx_word' id='word_1_381' title='bbox 3681 1518 3800 1576; x_wconf 66' lang='lat' dir='ltr'><strong>hinc</strong></span> 
     </span>
    </p>
   </div>
   <div class='ocr_carea' id='block_1_46' title="bbox 2197 1610 3801 1690">
    <p class='ocr_par' dir='ltr' id='par_1_46' title="bbox 2197 1610 3801 1690">
     <span class='ocr_line' id='line_1_46' title="bbox 2197 1610 3801 1690; baseline 0.001 -24"><span class='ocrx_word' id='word_1_382' title='bbox 2197 1612 2286 1667; x_wconf 90' lang='lat' dir='ltr'><strong>illa</strong></span> <span class='ocrx_word' id='word_1_383' title='bbox 2315 1613 2521 1681; x_wconf 88' lang='lat' dir='ltr'><strong>optima</strong></span> <span class='ocrx_word' id='word_1_384' title='bbox 2552 1627 2674 1684; x_wconf 62' lang='lat' dir='ltr'><strong>quas</strong></span> <span class='ocrx_word' id='word_1_385' title='bbox 2707 1624 2942 1668; x_wconf 84' lang='lat' dir='ltr'><strong>mortem</strong></span> <span class='ocrx_word' id='word_1_386' title='bbox 2973 1610 3190 1690; x_wconf 88' lang='lat' dir='ltr'><strong>pariunt</strong></span> <span class='ocrx_word' id='word_1_387' title='bbox 3217 1611 3607 1682; x_wconf 84' lang='lat' dir='ltr'><strong>sempiternam</strong></span> <span class='ocrx_word' id='word_1_388' title='bbox 3629 1655 3643 1678; x_wconf 92' lang='lat'><strong>,</strong></span> <span class='ocrx_word' id='word_1_389' title='bbox 3680 1610 3801 1670; x_wconf 67' lang='lat' dir='ltr'><strong>ltmc</strong></span> 
     </span>
    </p>
   </div>
   <div class='ocr_carea' id='block_1_47' title="bbox 2197 1704 3802 1780">
    <p class='ocr_par' dir='ltr' id='par_1_47' title="bbox 2197 1704 3802 1780">
     <span class='ocr_line' id='line_1_47' title="bbox 2197 1704 3802 1780; baseline 0.001 -19"><span class='ocrx_word' id='word_1_390' title='bbox 2197 1723 2319 1778; x_wconf 69' lang='lat' dir='ltr'><strong>quas</strong></span> <span class='ocrx_word' id='word_1_391' title='bbox 2360 1705 2683 1780; x_wconf 74' lang='lat' dir='ltr'><strong>demergunt</strong></span> <span class='ocrx_word' id='word_1_392' title='bbox 2711 1717 2733 1751; x_wconf 66' lang='grc' dir='ltr'>κ</span> <span class='ocrx_word' id='word_1_393' title='bbox 2767 1707 3044 1764; x_wconf 81' lang='lat' dir='ltr'><strong>hominem</strong></span> <span class='ocrx_word' id='word_1_394' title='bbox 3077 1704 3218 1762; x_wconf 72' lang='lat' dir='ltr'><strong>cmlo</strong></span> <span class='ocrx_word' id='word_1_395' title='bbox 3249 1705 3360 1776; x_wconf 87' lang='lat' dir='ltr'><strong>jam</strong></span> <span class='ocrx_word' id='word_1_396' title='bbox 3395 1704 3702 1776; x_wconf 80' lang='lat' dir='ltr'><strong>proximum</strong></span> <span class='ocrx_word' id='word_1_397' title='bbox 3731 1704 3802 1770; x_wconf 82' lang='lat' dir='ltr'><strong>ad</strong></span> 
     </span>
    </p>
   </div>
   <div class='ocr_carea' id='block_1_48' title="bbox 2131 1783 3806 1870">
    <p class='ocr_par' dir='ltr' id='par_1_48' title="bbox 2131 1783 3806 1870">
     <span class='ocr_line' id='line_1_48' title="bbox 2131 1783 3806 1870; baseline 0.002 -17"><span class='ocrx_word' id='word_1_398' title='bbox 2131 1783 2170 1840; x_wconf 74' lang='grc' dir='ltr'><strong>Β</strong></span> <span class='ocrx_word' id='word_1_399' title='bbox 2203 1799 2434 1857; x_wconf 85' lang='lat' dir='ltr'><strong>inferna.</strong></span> <span class='ocrx_word' id='word_1_400' title='bbox 2467 1800 2659 1856; x_wconf 85' lang='lat' dir='ltr'><strong>Adhuc</strong></span> <span class='ocrx_word' id='word_1_401' title='bbox 2693 1816 2800 1858; x_wconf 91' lang='lat' dir='ltr'><strong>non</strong></span> <span class='ocrx_word' id='word_1_402' title='bbox 2832 1799 3047 1862; x_wconf 83' lang='lat' dir='ltr'><strong>sciebas</strong></span> <span class='ocrx_word' id='word_1_403' title='bbox 3069 1799 3354 1870; x_wconf 88' lang='lat' dir='ltr'><strong>scriptum,</strong></span> <span class='ocrx_word' id='word_1_404' title='bbox 3385 1809 3444 1856; x_wconf 87' lang='lat' dir='ltr'><strong>ut</strong></span> <span class='ocrx_word' id='word_1_405' title='bbox 3465 1801 3532 1854; x_wconf 87' lang='lat' dir='ltr'><strong>ad</strong></span> <span class='ocrx_word' id='word_1_406' title='bbox 3562 1798 3677 1856; x_wconf 77' lang='lat' dir='ltr'><strong>hazc</strong></span> <span class='ocrx_word' id='word_1_407' title='bbox 3701 1813 3806 1856; x_wconf 77' lang='lat' dir='ltr'><strong>nos</strong></span> 
     </span>
    </p>
   </div>
   <div class='ocr_carea' id='block_1_49' title="bbox 2197 1875 3806 1966">
    <p class='ocr_par' dir='ltr' id='par_1_49' title="bbox 2197 1875 3806 1966">
     <span class='ocr_line' id='line_1_49' title="bbox 2197 1875 3806 1966; baseline 0 -19"><span class='ocrx_word' id='word_1_408' title='bbox 2197 1907 2418 1966; x_wconf 79' lang='lat' dir='ltr'><strong>rogares</strong></span> <span class='ocrx_word' id='word_1_409' title='bbox 2451 1895 2589 1949; x_wconf 90' lang='lat' dir='ltr'><strong>mala</strong></span> <span class='ocrx_word' id='word_1_410' title='bbox 2620 1893 2901 1964; x_wconf 79' lang='lat' dir='ltr'><strong>gerenda?</strong></span> <span class='ocrx_word' id='word_1_411' title='bbox 2944 1892 3066 1948; x_wconf 86' lang='lat' dir='ltr'><strong>Non</strong></span> <span class='ocrx_word' id='word_1_412' title='bbox 3101 1895 3195 1948; x_wconf 89' lang='lat' dir='ltr'><strong>erit</strong></span> <span class='ocrx_word' id='word_1_413' title='bbox 3227 1894 3279 1947; x_wconf 89' lang='lat' dir='ltr'><strong>in</strong></span> <span class='ocrx_word' id='word_1_414' title='bbox 3303 1910 3454 1947; x_wconf 87' lang='lat' dir='ltr'><strong>sacco</strong></span> <span class='ocrx_word' id='word_1_415' title='bbox 3484 1902 3573 1946; x_wconf 91' lang='lat' dir='ltr'><strong>tuo</strong></span> <span class='ocrx_word' id='word_1_416' title='bbox 3598 1875 3806 1965; x_wconf 48' lang='lat' dir='ltr'><strong>ponduq</strong></span> 
     </span>
    </p>
   </div>
   <div class='ocr_carea' id='block_1_50' title="bbox 2196 1989 3804 2060">
    <p class='ocr_par' dir='ltr' id='par_1_50' title="bbox 2196 1989 3804 2060">
     <span class='ocr_line' id='line_1_50' title="bbox 2196 1989 3804 2060; baseline 0.002 -19"><span class='ocrx_word' id='word_1_417' title='bbox 2196 1998 2243 2041; x_wconf 90' lang='lat' dir='ltr'><strong>et</strong></span> <span class='ocrx_word' id='word_1_418' title='bbox 2269 1990 2472 2058; x_wconf 87' lang='lat' dir='ltr'><strong>pondus</strong></span> <span class='ocrx_word' id='word_1_419' title='bbox 2517 2030 2530 2054; x_wconf 92' lang='lat'><strong>,</strong></span> <span class='ocrx_word' id='word_1_420' title='bbox 2567 1991 2737 2060; x_wconf 88' lang='lat' dir='ltr'><strong>majus</strong></span> <span class='ocrx_word' id='word_1_421' title='bbox 2765 1999 2854 2043; x_wconf 89' lang='lat' dir='ltr'><strong>aut</strong></span> <span class='ocrx_word' id='word_1_422' title='bbox 2882 1989 3094 2043; x_wconf 90' lang='lat' dir='ltr'><strong>minus:</strong></span> <span class='ocrx_word' id='word_1_423' title='bbox 3139 2005 3243 2044; x_wconf 89' lang='lat' dir='ltr'><strong>non</strong></span> <span class='ocrx_word' id='word_1_424' title='bbox 3282 1989 3378 2043; x_wconf 89' lang='lat' dir='ltr'><strong>erit</strong></span> <span class='ocrx_word' id='word_1_425' title='bbox 3421 1991 3474 2042; x_wconf 90' lang='lat' dir='ltr'><strong>in</strong></span> <span class='ocrx_word' id='word_1_426' title='bbox 3516 1989 3672 2042; x_wconf 86' lang='lat' dir='ltr'><strong>domo</strong></span> <span class='ocrx_word' id='word_1_427' title='bbox 3711 2000 3804 2054; x_wconf 72' lang='lat' dir='ltr'><strong>tua</strong></span> 
     </span>
    </p>
   </div>
   <div class='ocr_carea' id='block_1_51' title="bbox 2197 2081 3807 2156">
    <p class='ocr_par' dir='ltr' id='par_1_51' title="bbox 2197 2081 3807 2156">
     <span class='ocr_line' id='line_1_51' title="bbox 2197 2081 3807 2156; baseline 0.002 -22"><span class='ocrx_word' id='word_1_428' title='bbox 2197 2097 2440 2136; x_wconf 85' lang='lat' dir='ltr'><strong>mensura</strong></span> <span class='ocrx_word' id='word_1_429' title='bbox 2470 2091 2514 2136; x_wconf 92' lang='lat' dir='ltr'><strong>et</strong></span> <span class='ocrx_word' id='word_1_430' title='bbox 2543 2098 2783 2136; x_wconf 84' lang='lat' dir='ltr'><strong>mensura</strong></span> <span class='ocrx_word' id='word_1_431' title='bbox 2811 2083 2978 2154; x_wconf 86' lang='lat' dir='ltr'><strong>major</strong></span> <span class='ocrx_word' id='word_1_432' title='bbox 3008 2090 3052 2136; x_wconf 90' lang='lat' dir='ltr'><strong>et</strong></span> <span class='ocrx_word' id='word_1_433' title='bbox 3082 2081 3287 2136; x_wconf 89' lang='lat' dir='ltr'><strong>minor:</strong></span> <span class='ocrx_word' id='word_1_434' title='bbox 3316 2081 3522 2156; x_wconf 85' lang='lat' dir='ltr'><strong>pondus</strong></span> <span class='ocrx_word' id='word_1_435' title='bbox 3550 2098 3724 2148; x_wconf 81' lang='lat' dir='ltr'><strong>verum</strong></span> <span class='ocrx_word' id='word_1_436' title='bbox 3756 2093 3807 2144; x_wconf 83' lang='lat' dir='ltr'><strong>et</strong></span> 
     </span>
    </p>
   </div>
   <div class='ocr_carea' id='block_1_52' title="bbox 2185 2157 3806 2244">
    <p class='ocr_par' dir='ltr' id='par_1_52' title="bbox 2185 2157 3806 2244">
     <span class='ocr_line' id='line_1_52' title="bbox 2185 2157 3806 2244; baseline 0.005 -18"><span class='ocrx_word' id='word_1_437' title='bbox 2185 2175 2391 2244; x_wconf 84' lang='lat' dir='ltr'><strong>justum</strong></span> <span class='ocrx_word' id='word_1_438' title='bbox 2419 2176 2514 2228; x_wconf 92' lang='lat' dir='ltr'><strong>erit</strong></span> <span class='ocrx_word' id='word_1_439' title='bbox 2541 2175 2630 2228; x_wconf 88' lang='lat' dir='ltr'><strong>tibi</strong></span> <span class='ocrx_word' id='word_1_440' title='bbox 2655 2216 2670 2238; x_wconf 94' lang='lat'><strong>,</strong></span> <span class='ocrx_word' id='word_1_441' title='bbox 2703 2185 2748 2230; x_wconf 87' lang='lat' dir='ltr'><strong>ct</strong></span> <span class='ocrx_word' id='word_1_442' title='bbox 2776 2190 3020 2229; x_wconf 87' lang='lat' dir='ltr'><strong>mensura</strong></span> <span class='ocrx_word' id='word_1_443' title='bbox 3063 2189 3182 2228; x_wconf 89' lang='lat' dir='ltr'><strong>vera</strong></span> <span class='ocrx_word' id='word_1_444' title='bbox 3209 2183 3259 2230; x_wconf 88' lang='lat' dir='ltr'><strong>et</strong></span> <span class='ocrx_word' id='word_1_445' title='bbox 3285 2175 3423 2243; x_wconf 83' lang='lat' dir='ltr'><strong>iusta</strong></span> <span class='ocrx_word' id='word_1_446' title='bbox 3454 2175 3548 2228; x_wconf 90' lang='lat' dir='ltr'><strong>erit</strong></span> <span class='ocrx_word' id='word_1_447' title='bbox 3584 2174 3714 2240; x_wconf 87' lang='lat' dir='ltr'><strong>tibi,</strong></span> 
     </span>
    </p>
   </div>
   <div class='ocr_carea' id='block_1_53' title="bbox 2196 2264 3804 2336">
    <p class='ocr_par' dir='ltr' id='par_1_53' title="bbox 2196 2264 3804 2336">
     <span class='ocr_line' id='line_1_53' title="bbox 2196 2264 3804 2336; baseline 0 -18"><span class='ocrx_word' id='word_1_448' title='bbox 2196 2267 2478 2320; x_wconf 87' lang='lat' dir='ltr'><strong>ntultornm</strong></span> <span class='ocrx_word' id='word_1_449' title='bbox 2522 2267 2724 2320; x_wconf 87' lang='lat' dir='ltr'><strong>dierum</strong></span> <span class='ocrx_word' id='word_1_450' title='bbox 2772 2267 2841 2320; x_wconf 88' lang='lat' dir='ltr'><strong>sis</strong></span> <span class='ocrx_word' id='word_1_451' title='bbox 2871 2308 2885 2334; x_wconf 92' lang='lat'><strong>,</strong></span> <span class='ocrx_word' id='word_1_452' title='bbox 2921 2276 2966 2318; x_wconf 89' lang='lat' dir='ltr'><strong>et</strong></span> <span class='ocrx_word' id='word_1_453' title='bbox 2997 2264 3124 2321; x_wconf 87' lang='lat' dir='ltr'><strong>bene</strong></span> <span class='ocrx_word' id='word_1_454' title='bbox 3165 2265 3254 2319; x_wconf 87' lang='lat' dir='ltr'><strong>tibi</strong></span> <span class='ocrx_word' id='word_1_455' title='bbox 3283 2267 3348 2319; x_wconf 91' lang='lat' dir='ltr'><strong>sit</strong></span> <span class='ocrx_word' id='word_1_456' title='bbox 3388 2281 3540 2336; x_wconf 79' lang='lat' dir='ltr'><strong>super</strong></span> <span class='ocrx_word' id='word_1_457' title='bbox 3570 2275 3762 2331; x_wconf 71' lang='lat' dir='ltr'><strong>terrain</strong></span> <span class='ocrx_word' id='word_1_458' title='bbox 3785 2308 3804 2334; x_wconf 83' lang='lat'><strong>,</strong></span> 
     </span>
    </p>
   </div>
   <div class='ocr_carea' id='block_1_54' title="bbox 2194 2341 3807 2432">
    <p class='ocr_par' dir='ltr' id='par_1_54' title="bbox 2194 2341 3807 2432">
     <span class='ocr_line' id='line_1_54' title="bbox 2194 2341 3807 2432; baseline 0.002 -19"><span class='ocrx_word' id='word_1_459' title='bbox 2194 2378 2348 2432; x_wconf 88' lang='lat' dir='ltr'><strong>quam</strong></span> <span class='ocrx_word' id='word_1_460' title='bbox 2376 2361 2623 2415; x_wconf 84' lang='lat' dir='ltr'><strong>Dominus</strong></span> <span class='ocrx_word' id='word_1_461' title='bbox 2656 2360 2792 2414; x_wconf 84' lang='lat' dir='ltr'><strong>Deus</strong></span> <span class='ocrx_word' id='word_1_462' title='bbox 2823 2370 2940 2413; x_wconf 88' lang='lat' dir='ltr'><strong>tuus</strong></span> <span class='ocrx_word' id='word_1_463' title='bbox 2962 2357 3103 2413; x_wconf 87' lang='lat' dir='ltr'><strong>dabit</strong></span> <span class='ocrx_word' id='word_1_464' title='bbox 3134 2358 3227 2413; x_wconf 91' lang='lat' dir='ltr'><strong>tibi</strong></span> <span class='ocrx_word' id='word_1_465' title='bbox 3248 2359 3299 2413; x_wconf 90' lang='lat' dir='ltr'><strong>in</strong></span> <span class='ocrx_word' id='word_1_466' title='bbox 3327 2355 3354 2394; x_wconf 76' lang='grc'><strong>¹³</strong></span> <span class='ocrx_word' id='word_1_467' title='bbox 3376 2342 3530 2423; x_wconf 77' lang='lat' dir='ltr'><strong>sorte,</strong></span> <span class='ocrx_word' id='word_1_468' title='bbox 3555 2341 3807 2429; x_wconf 76' lang='lat' dir='ltr'><strong>quoniam</strong></span> 
     </span>
    </p>
   </div>
   <div class='ocr_carea' id='block_1_55' title="bbox 2197 2450 3806 2525">
    <p class='ocr_par' dir='ltr' id='par_1_55' title="bbox 2197 2450 3806 2525">
     <span class='ocr_line' id='line_1_55' title="bbox 2197 2450 3806 2525; baseline 0.002 -19"><span class='ocrx_word' id='word_1_469' title='bbox 2197 2454 2554 2510; x_wconf 85' lang='lat' dir='ltr'><strong>abominabilis</strong></span> <span class='ocrx_word' id='word_1_470' title='bbox 2588 2465 2660 2508; x_wconf 86' lang='lat' dir='ltr'><strong>est</strong></span> <span class='ocrx_word' id='word_1_471' title='bbox 2694 2450 2916 2507; x_wconf 81' lang='lat' dir='ltr'><strong>Domino</strong></span> <span class='ocrx_word' id='word_1_472' title='bbox 2950 2451 3057 2507; x_wconf 89' lang='lat' dir='ltr'><strong>Deo</strong></span> <span class='ocrx_word' id='word_1_473' title='bbox 3088 2461 3176 2508; x_wconf 90' lang='lat' dir='ltr'><strong>tuo</strong></span> <span class='ocrx_word' id='word_1_474' title='bbox 3205 2453 3372 2507; x_wconf 90' lang='lat' dir='ltr'><strong>omnis</strong></span> <span class='ocrx_word' id='word_1_475' title='bbox 3393 2454 3479 2522; x_wconf 92' lang='lat' dir='ltr'><strong>qui</strong></span> <span class='ocrx_word' id='word_1_476' title='bbox 3512 2455 3638 2525; x_wconf 89' lang='lat' dir='ltr'><strong>facit</strong></span> <span class='ocrx_word' id='word_1_477' title='bbox 3667 2453 3806 2522; x_wconf 76' lang='lat' dir='ltr'><strong>htrc,</strong></span> 
     </span>
    </p>
   </div>
   <div class='ocr_carea' id='block_1_56' title="bbox 2197 2547 3809 2630">
    <p class='ocr_par' dir='ltr' id='par_1_56' title="bbox 2197 2547 3809 2630">
     <span class='ocr_line' id='line_1_56' title="bbox 2197 2547 3809 2630; baseline 0.001 -28"><span class='ocrx_word' id='word_1_478' title='bbox 2197 2549 2365 2602; x_wconf 85' lang='lat' dir='ltr'><strong>omnis</strong></span> <span class='ocrx_word' id='word_1_479' title='bbox 2395 2548 2482 2618; x_wconf 89' lang='lat' dir='ltr'><strong>qui</strong></span> <span class='ocrx_word' id='word_1_480' title='bbox 2507 2549 2632 2620; x_wconf 83' lang='lat' dir='ltr'><strong>facit</strong></span> <span class='ocrx_word' id='word_1_481' title='bbox 2657 2549 2832 2630; x_wconf 87' lang='lat' dir='ltr'><strong>iniqua</strong></span> <span class='ocrx_word' id='word_1_482' title='bbox 2861 2547 3024 2620; x_wconf 85' lang='lat' dir='ltr'><strong>(Ibid.</strong></span> <span class='ocrx_word' id='word_1_483' title='bbox 3069 2564 3208 2616; x_wconf 78' lang='lat' dir='ltr'><strong>xxv,</strong></span> <span class='ocrx_word' id='word_1_484' title='bbox 3243 2549 3352 2620; x_wconf 67' lang='lat'><strong>13&#39;).</strong></span> <span class='ocrx_word' id='word_1_485' title='bbox 3382 2548 3630 2608; x_wconf 83' lang='lat' dir='ltr'><strong>Pondera</strong></span> <span class='ocrx_word' id='word_1_486' title='bbox 3662 2550 3809 2612; x_wconf 82' lang='lat' dir='ltr'><strong>inte-</strong></span> 
     </span>
    </p>
   </div>
   <div class='ocr_carea' id='block_1_57' title="bbox 2197 2642 3811 2716">
    <p class='ocr_par' dir='ltr' id='par_1_57' title="bbox 2197 2642 3811 2716">
     <span class='ocr_line' id='line_1_57' title="bbox 2197 2642 3811 2716; baseline 0.004 -22"><span class='ocrx_word' id='word_1_487' title='bbox 2197 2658 2289 2711; x_wconf 80' lang='lat' dir='ltr'><strong>gra</strong></span> <span class='ocrx_word' id='word_1_488' title='bbox 2317 2683 2333 2708; x_wconf 95' lang='lat'><strong>,</strong></span> <span class='ocrx_word' id='word_1_489' title='bbox 2367 2653 2419 2695; x_wconf 89' lang='lat' dir='ltr'><strong>et</strong></span> <span class='ocrx_word' id='word_1_490' title='bbox 2449 2657 2732 2700; x_wconf 76' lang='lat' dir='ltr'><strong>mensuras</strong></span> <span class='ocrx_word' id='word_1_491' title='bbox 2757 2642 2934 2711; x_wconf 84' lang='lat' dir='ltr'><strong>justas</strong></span> <span class='ocrx_word' id='word_1_492' title='bbox 2964 2645 3052 2716; x_wconf 90' lang='lat' dir='ltr'><strong>qui</strong></span> <span class='ocrx_word' id='word_1_493' title='bbox 3089 2659 3195 2698; x_wconf 89' lang='lat' dir='ltr'><strong>non</strong></span> <span class='ocrx_word' id='word_1_494' title='bbox 3222 2645 3562 2714; x_wconf 81' lang='lat' dir='ltr'><strong>servaverit,</strong></span> <span class='ocrx_word' id='word_1_495' title='bbox 3595 2644 3811 2704; x_wconf 78' lang='lat' dir='ltr'><strong>abomi-</strong></span> 
     </span>
    </p>
   </div>
   <div class='ocr_carea' id='block_1_58' title="bbox 2198 2731 3810 2804">
    <p class='ocr_par' dir='ltr' id='par_1_58' title="bbox 2198 2731 3810 2804">
     <span class='ocr_line' id='line_1_58' title="bbox 2198 2731 3810 2804; baseline 0.002 -16"><span class='ocrx_word' id='word_1_496' title='bbox 2198 2734 2432 2790; x_wconf 81' lang='lat' dir='ltr'><strong>nabiletn</strong></span> <span class='ocrx_word' id='word_1_497' title='bbox 2474 2731 2488 2770; x_wconf 82' lang='grc' dir='ltr'><strong>ί</strong></span> <span class='ocrx_word' id='word_1_498' title='bbox 2531 2749 2654 2788; x_wconf 86' lang='lat' dir='ltr'><strong>euut</strong></span> <span class='ocrx_word' id='word_1_499' title='bbox 2701 2748 2822 2790; x_wconf 87' lang='lat' dir='ltr'><strong>csse</strong></span> <span class='ocrx_word' id='word_1_500' title='bbox 2866 2749 2987 2788; x_wconf 89' lang='lat' dir='ltr'><strong>cum</strong></span> <span class='ocrx_word' id='word_1_501' title='bbox 3036 2735 3208 2790; x_wconf 86' lang='lat' dir='ltr'><strong>sacris</strong></span> <span class='ocrx_word' id='word_1_502' title='bbox 3249 2736 3522 2794; x_wconf 85' lang='lat' dir='ltr'><strong>referatur</strong></span> <span class='ocrx_word' id='word_1_503' title='bbox 3561 2736 3764 2794; x_wconf 82' lang='lat' dir='ltr'><strong>litteris</strong></span> <span class='ocrx_word' id='word_1_504' title='bbox 3790 2777 3810 2804; x_wconf 84' lang='lat'><strong>,</strong></span> 
     </span>
    </p>
   </div>
   <div class='ocr_carea' id='block_1_59' title="bbox 2197 2825 3810 2900">
    <p class='ocr_par' dir='ltr' id='par_1_59' title="bbox 2197 2825 3810 2900">
     <span class='ocr_line' id='line_1_59' title="bbox 2197 2825 3810 2900; baseline 0.003 -19"><span class='ocrx_word' id='word_1_505' title='bbox 2197 2825 2364 2881; x_wconf 67' lang='grc' dir='ltr'><strong>ειη-ἀι)</strong></span> <span class='ocrx_word' id='word_1_506' title='bbox 2396 2842 2490 2880; x_wconf 56' lang='grc' dir='ltr'><strong>ιιολ</strong></span> <span class='ocrx_word' id='word_1_507' title='bbox 2520 2827 2937 2897; x_wconf 82' lang='lat' dir='ltr'><strong>acccptissimos</strong></span> <span class='ocrx_word' id='word_1_508' title='bbox 2969 2838 3093 2882; x_wconf 90' lang='lat' dir='ltr'><strong>tunc</strong></span> <span class='ocrx_word' id='word_1_509' title='bbox 3123 2826 3243 2882; x_wconf 82' lang='lat' dir='ltr'><strong>fore</strong></span> <span class='ocrx_word' id='word_1_510' title='bbox 3275 2829 3497 2900; x_wconf 87' lang='lat' dir='ltr'><strong>putasti,</strong></span> <span class='ocrx_word' id='word_1_511' title='bbox 3527 2827 3575 2883; x_wconf 88' lang='lat' dir='ltr'><strong>si</strong></span> <span class='ocrx_word' id='word_1_512' title='bbox 3603 2829 3810 2898; x_wconf 83' lang='lat' dir='ltr'><strong>injuste</strong></span> 
     </span>
    </p>
   </div>
   <div class='ocr_carea' id='block_1_60' title="bbox 2198 2920 3808 3002">
    <p class='ocr_par' dir='ltr' id='par_1_60' title="bbox 2198 2920 3808 3002">
     <span class='ocr_line' id='line_1_60' title="bbox 2198 2920 3808 3002; baseline 0.001 -27"><span class='ocrx_word' id='word_1_513' title='bbox 2198 2921 2250 2975; x_wconf 92' lang='lat' dir='ltr'><strong>in</strong></span> <span class='ocrx_word' id='word_1_514' title='bbox 2275 2935 2397 2976; x_wconf 88' lang='lat' dir='ltr'><strong>eum</strong></span> <span class='ocrx_word' id='word_1_515' title='bbox 2432 2921 2852 2990; x_wconf 79' lang='lat' dir='ltr'><strong>protulissemus</strong></span> <span class='ocrx_word' id='word_1_516' title='bbox 2876 2920 3162 2993; x_wconf 86' lang='lat' dir='ltr'><strong>judicium.</strong></span> <span class='ocrx_word' id='word_1_517' title='bbox 3194 2923 3433 2996; x_wconf 76' lang='lat' dir='ltr'><strong>Moyses,</strong></span> <span class='ocrx_word' id='word_1_518' title='bbox 3468 2921 3808 3002; x_wconf 63' lang='lat' dir='ltr'><strong>Maledicta,</strong></span> 
     </span>
    </p>
   </div>
   <div class='ocr_carea' id='block_1_61' title="bbox 2198 3011 3810 3086">
    <p class='ocr_par' dir='ltr' id='par_1_61' title="bbox 2198 3011 3810 3086">
     <span class='ocr_line' id='line_1_61' title="bbox 2198 3011 3810 3086; baseline 0.005 -21"><span class='ocrx_word' id='word_1_519' title='bbox 2198 3011 2392 3084; x_wconf 89' lang='lat' dir='ltr'><strong>inquit,</strong></span> <span class='ocrx_word' id='word_1_520' title='bbox 2426 3013 2514 3082; x_wconf 86' lang='lat' dir='ltr'><strong>qui</strong></span> <span class='ocrx_word' id='word_1_521' title='bbox 2544 3017 2796 3085; x_wconf 85' lang='lat' dir='ltr'><strong>transfert</strong></span> <span class='ocrx_word' id='word_1_522' title='bbox 2821 3015 3069 3068; x_wconf 85' lang='lat' dir='ltr'><strong>terminos</strong></span> <span class='ocrx_word' id='word_1_523' title='bbox 3103 3015 3367 3083; x_wconf 79' lang='lat' dir='ltr'><strong>proximi:</strong></span> <span class='ocrx_word' id='word_1_524' title='bbox 3401 3013 3632 3086; x_wconf 80' lang='lat' dir='ltr'><strong>proximi</strong></span> <span class='ocrx_word' id='word_1_525' title='bbox 3660 3016 3810 3073; x_wconf 81' lang='lat' dir='ltr'><strong>evel-</strong></span> 
     </span>
    </p>
   </div>
   <div class='ocr_carea' id='block_1_62' title="bbox 2199 3104 3807 3176">
    <p class='ocr_par' dir='ltr' id='par_1_62' title="bbox 2199 3104 3807 3176">
     <span class='ocr_line' id='line_1_62' title="bbox 2199 3104 3807 3176; baseline 0.002 -18"><span class='ocrx_word' id='word_1_526' title='bbox 2199 3105 2311 3159; x_wconf 89' lang='lat' dir='ltr'><strong>lere</strong></span> <span class='ocrx_word' id='word_1_527' title='bbox 2335 3115 2388 3161; x_wconf 89' lang='lat' dir='ltr'><strong>et</strong></span> <span class='ocrx_word' id='word_1_528' title='bbox 2419 3105 2484 3158; x_wconf 89' lang='lat' dir='ltr'><strong>de</strong></span> <span class='ocrx_word' id='word_1_529' title='bbox 2518 3105 2638 3160; x_wconf 90' lang='lat' dir='ltr'><strong>loco</strong></span> <span class='ocrx_word' id='word_1_530' title='bbox 2671 3104 2968 3162; x_wconf 81' lang='lat' dir='ltr'><strong>transferre</strong></span> <span class='ocrx_word' id='word_1_531' title='bbox 2996 3107 3048 3160; x_wconf 89' lang='lat' dir='ltr'><strong>in</strong></span> <span class='ocrx_word' id='word_1_532' title='bbox 3086 3110 3261 3162; x_wconf 86' lang='lat' dir='ltr'><strong>locum</strong></span> <span class='ocrx_word' id='word_1_533' title='bbox 3298 3106 3656 3176; x_wconf 84' lang='lat' dir='ltr'><strong>prohibemur</strong></span> <span class='ocrx_word' id='word_1_534' title='bbox 3688 3115 3807 3162; x_wconf 81' lang='lat' dir='ltr'><strong>ter-</strong></span> 
     </span>
    </p>
   </div>
   <div class='ocr_carea' id='block_1_63' title="bbox 488 3173 3810 3274">
    <p class='ocr_par' dir='ltr' id='par_1_63' title="bbox 488 3173 3810 3274">
     <span class='ocr_line' id='line_1_63' title="bbox 488 3173 3810 3274; baseline -0.002 -18"><span class='ocrx_word' id='word_1_535' title='bbox 488 3203 542 3258; x_wconf 84' lang='lat' dir='ltr'><strong>in</strong></span> <span class='ocrx_word' id='word_1_536' title='bbox 581 3204 990 3274; x_wconf 82' lang='lat' dir='ltr'><strong>testiﬁcatiouem</strong></span> <span class='ocrx_word' id='word_1_537' title='bbox 1016 3203 1262 3259; x_wconf 87' lang='lat' dir='ltr'><strong>adversus</strong></span> <span class='ocrx_word' id='word_1_538' title='bbox 1291 3203 1549 3257; x_wconf 85' lang='lat' dir='ltr'><strong>hominem</strong></span> <span class='ocrx_word' id='word_1_539' title='bbox 1576 3202 1856 3258; x_wconf 83' lang='lat' dir='ltr'><strong>secundum</strong></span> <span class='ocrx_word' id='word_1_540' title='bbox 1889 3217 2090 3270; x_wconf 83' lang='lat' dir='ltr'><strong>omnem</strong></span> <span class='ocrx_word' id='word_1_541' title='bbox 2119 3173 2163 3236; x_wconf 82' lang='lat' dir='ltr'><strong>C</strong></span> <span class='ocrx_word' id='word_1_542' title='bbox 2199 3200 2409 3262; x_wconf 89' lang='lat' dir='ltr'><strong>minos;</strong></span> <span class='ocrx_word' id='word_1_543' title='bbox 2441 3205 2496 3251; x_wconf 90' lang='lat' dir='ltr'><strong>ct</strong></span> <span class='ocrx_word' id='word_1_544' title='bbox 2521 3206 2573 3250; x_wconf 92' lang='lat' dir='ltr'><strong>tu</strong></span> <span class='ocrx_word' id='word_1_545' title='bbox 2598 3238 2612 3262; x_wconf 95' lang='lat'><strong>,</strong></span> <span class='ocrx_word' id='word_1_546' title='bbox 2640 3195 2966 3269; x_wconf 83' lang='lat' dir='ltr'><strong>Egredimini</strong></span> <span class='ocrx_word' id='word_1_547' title='bbox 2983 3240 2997 3264; x_wconf 92' lang='lat'><strong>,</strong></span> <span class='ocrx_word' id='word_1_548' title='bbox 3033 3198 3193 3263; x_wconf 90' lang='lat' dir='ltr'><strong>dicis,</strong></span> <span class='ocrx_word' id='word_1_549' title='bbox 3224 3195 3325 3254; x_wconf 85' lang='lat' dir='ltr'><strong>Dei</strong></span> <span class='ocrx_word' id='word_1_550' title='bbox 3349 3197 3664 3264; x_wconf 86' lang='lat' dir='ltr'><strong>sacerdotes,</strong></span> <span class='ocrx_word' id='word_1_551' title='bbox 3702 3207 3810 3252; x_wconf 88' lang='lat' dir='ltr'><strong>ter-</strong></span> 
     </span>
    </p>
   </div>
   <div class='ocr_carea' id='block_1_64' title="bbox 488 3292 2093 3365">
    <p class='ocr_par' dir='ltr' id='par_1_64' title="bbox 488 3292 2093 3365">
     <span class='ocr_line' id='line_1_64' title="bbox 488 3292 2093 3365; baseline -0.001 -17"><span class='ocrx_word' id='word_1_552' title='bbox 488 3297 832 3365; x_wconf 86' lang='lat' dir='ltr'><strong>iniquitatem,</strong></span> <span class='ocrx_word' id='word_1_553' title='bbox 865 3306 915 3350; x_wconf 89' lang='lat' dir='ltr'><strong>et</strong></span> <span class='ocrx_word' id='word_1_554' title='bbox 941 3296 1224 3350; x_wconf 89' lang='lat' dir='ltr'><strong>secundum</strong></span> <span class='ocrx_word' id='word_1_555' title='bbox 1253 3313 1402 3350; x_wconf 89' lang='lat' dir='ltr'><strong>omne</strong></span> <span class='ocrx_word' id='word_1_556' title='bbox 1427 3292 2093 3365; x_wconf 84' lang='lat' dir='ltr'><strong>peccatum,quodcumque</strong></span> 
     </span>
    </p>
   </div>
   <div class='ocr_carea' id='block_1_65' title="bbox 491 3387 2094 3458">
    <p class='ocr_par' dir='ltr' id='par_1_65' title="bbox 491 3387 2094 3458">
     <span class='ocr_line' id='line_1_65' title="bbox 491 3387 2094 3458; baseline 0.001 -18"><span class='ocrx_word' id='word_1_557' title='bbox 491 3400 766 3458; x_wconf 84' lang='lat' dir='ltr'><strong>peccatur:</strong></span> <span class='ocrx_word' id='word_1_558' title='bbox 784 3391 838 3444; x_wconf 89' lang='lat' dir='ltr'><strong>in</strong></span> <span class='ocrx_word' id='word_1_559' title='bbox 865 3407 954 3445; x_wconf 91' lang='lat' dir='ltr'><strong>ore</strong></span> <span class='ocrx_word' id='word_1_560' title='bbox 981 3391 1422 3448; x_wconf 87' lang='lat' dir='ltr'><strong>duorumtestiunt</strong></span> <span class='ocrx_word' id='word_1_561' title='bbox 1449 3399 1537 3446; x_wconf 88' lang='lat' dir='ltr'><strong>aut</strong></span> <span class='ocrx_word' id='word_1_562' title='bbox 1567 3390 1722 3442; x_wconf 89' lang='lat' dir='ltr'><strong>trium</strong></span> <span class='ocrx_word' id='word_1_563' title='bbox 1749 3388 1906 3442; x_wconf 86' lang='lat' dir='ltr'><strong>stabit</strong></span> <span class='ocrx_word' id='word_1_564' title='bbox 1928 3387 2094 3442; x_wconf 89' lang='lat' dir='ltr'><strong>omnis</strong></span> 
     </span>
    </p>
   </div>
   <div class='ocr_carea' id='block_1_66' title="bbox 488 3481 2092 3554">
    <p class='ocr_par' dir='ltr' id='par_1_66' title="bbox 488 3481 2092 3554">
     <span class='ocr_line' id='line_1_66' title="bbox 488 3481 2092 3554; baseline -0.001 -19"><span class='ocrx_word' id='word_1_565' title='bbox 488 3499 672 3536; x_wconf 88' lang='lat' dir='ltr'><strong>sermo.</strong></span> <span class='ocrx_word' id='word_1_566' title='bbox 713 3484 773 3538; x_wconf 84' lang='lat' dir='ltr'><strong>Si</strong></span> <span class='ocrx_word' id='word_1_567' title='bbox 806 3493 976 3538; x_wconf 89' lang='lat' dir='ltr'><strong>autem</strong></span> <span class='ocrx_word' id='word_1_568' title='bbox 1003 3485 1198 3538; x_wconf 88' lang='lat' dir='ltr'><strong>steterit</strong></span> <span class='ocrx_word' id='word_1_569' title='bbox 1228 3486 1368 3540; x_wconf 89' lang='lat' dir='ltr'><strong>testis</strong></span> <span class='ocrx_word' id='word_1_570' title='bbox 1398 3485 1622 3554; x_wconf 88' lang='lat' dir='ltr'><strong>injustas</strong></span> <span class='ocrx_word' id='word_1_571' title='bbox 1649 3481 1896 3540; x_wconf 82' lang='lat' dir='ltr'><strong>adversus</strong></span> <span class='ocrx_word' id='word_1_572' title='bbox 1923 3481 2092 3535; x_wconf 83' lang='lat' dir='ltr'><strong>homi—</strong></span> 
     </span>
    </p>
   </div>
   <div class='ocr_carea' id='block_1_67' title="bbox 488 3575 2090 3654">
    <p class='ocr_par' dir='ltr' id='par_1_67' title="bbox 488 3575 2090 3654">
     <span class='ocr_line' id='line_1_67' title="bbox 488 3575 2090 3654; baseline 0 -27"><span class='ocrx_word' id='word_1_573' title='bbox 488 3591 600 3628; x_wconf 88' lang='lat' dir='ltr'><strong>nem</strong></span> <span class='ocrx_word' id='word_1_574' title='bbox 627 3618 640 3642; x_wconf 93' lang='lat'><strong>,</strong></span> <span class='ocrx_word' id='word_1_575' title='bbox 674 3575 948 3630; x_wconf 77' lang='lat' dir='ltr'><strong>detrahens</strong></span> <span class='ocrx_word' id='word_1_576' title='bbox 974 3577 1020 3631; x_wconf 87' lang='lat' dir='ltr'><strong>ei</strong></span> <span class='ocrx_word' id='word_1_577' title='bbox 1048 3577 1410 3654; x_wconf 70' lang='lat' dir='ltr'><strong>iniquitatem,</strong></span> <span class='ocrx_word' id='word_1_578' title='bbox 1441 3577 1646 3652; x_wconf 70' lang='lat' dir='ltr'><strong>stabunt</strong></span> <span class='ocrx_word' id='word_1_579' title='bbox 1676 3575 1780 3628; x_wconf 89' lang='lat' dir='ltr'><strong>duo</strong></span> <span class='ocrx_word' id='word_1_580' title='bbox 1817 3575 2048 3628; x_wconf 82' lang='lat' dir='ltr'><strong>homines</strong></span> <span class='ocrx_word' id='word_1_581' title='bbox 2074 3615 2090 3642; x_wconf 90' lang='lat'><strong>,</strong></span> 
     </span>
    </p>
   </div>
   <div class='ocr_carea' id='block_1_68' title="bbox 485 3668 2091 3739">
    <p class='ocr_par' dir='ltr' id='par_1_68' title="bbox 485 3668 2091 3739">
     <span class='ocr_line' id='line_1_68' title="bbox 485 3668 2091 3739; baseline 0.003 -20"><span class='ocrx_word' id='word_1_582' title='bbox 485 3668 670 3737; x_wconf 84' lang='lat' dir='ltr'><strong>quibus</strong></span> <span class='ocrx_word' id='word_1_583' title='bbox 707 3677 782 3724; x_wconf 88' lang='lat' dir='ltr'><strong>est</strong></span> <span class='ocrx_word' id='word_1_584' title='bbox 828 3670 954 3739; x_wconf 86' lang='lat' dir='ltr'><strong>ipsis</strong></span> <span class='ocrx_word' id='word_1_585' title='bbox 989 3669 1331 3724; x_wconf 80' lang='lat' dir='ltr'><strong>contradictio</strong></span> <span class='ocrx_word' id='word_1_586' title='bbox 1357 3709 1370 3732; x_wconf 87' lang='lat'><strong>.</strong></span> <span class='ocrx_word' id='word_1_587' title='bbox 1407 3680 1524 3726; x_wconf 89' lang='lat' dir='ltr'><strong>ante</strong></span> <span class='ocrx_word' id='word_1_588' title='bbox 1568 3669 1845 3722; x_wconf 87' lang='lat' dir='ltr'><strong>Dominmu</strong></span> <span class='ocrx_word' id='word_1_589' title='bbox 1887 3668 2091 3736; x_wconf 64' lang='lat' dir='ltr'><strong>etjante</strong></span> 
     </span>
    </p>
   </div>
   <div class='ocr_carea' id='block_1_69' title="bbox 485 3759 2091 3836">
    <p class='ocr_par' dir='ltr' id='par_1_69' title="bbox 485 3759 2091 3836">
     <span class='ocr_line' id='line_1_69' title="bbox 485 3759 2091 3836; baseline -0.003 -18"><span class='ocrx_word' id='word_1_590' title='bbox 485 3764 843 3828; x_wconf 89' lang='lat' dir='ltr'><strong>sacerdotem,</strong></span> <span class='ocrx_word' id='word_1_591' title='bbox 875 3772 924 3817; x_wconf 93' lang='lat' dir='ltr'><strong>et</strong></span> <span class='ocrx_word' id='word_1_592' title='bbox 954 3764 1007 3818; x_wconf 85' lang='lat' dir='ltr'><strong>in</strong></span> <span class='ocrx_word' id='word_1_593' title='bbox 1037 3775 1314 3834; x_wconf 84' lang='lat' dir='ltr'><strong>conspectu</strong></span> <span class='ocrx_word' id='word_1_594' title='bbox 1329 3763 1530 3830; x_wconf 86' lang='lat' dir='ltr'><strong>judicis</strong></span> <span class='ocrx_word' id='word_1_595' title='bbox 1554 3805 1568 3827; x_wconf 94' lang='lat'><strong>,</strong></span> <span class='ocrx_word' id='word_1_596' title='bbox 1595 3763 1902 3836; x_wconf 81' lang='lat' dir='ltr'><strong>quicumque</strong></span> <span class='ocrx_word' id='word_1_597' title='bbox 1931 3759 2091 3832; x_wconf 87' lang='lat' dir='ltr'><strong>fuerit</strong></span> 
     </span>
    </p>
   </div>
   <div class='ocr_carea' id='block_1_70' title="bbox 483 3854 2093 3928">
    <p class='ocr_par' dir='ltr' id='par_1_70' title="bbox 483 3854 2093 3928">
     <span class='ocr_line' id='line_1_70' title="bbox 483 3854 2093 3928; baseline -0.001 -19"><span class='ocrx_word' id='word_1_598' title='bbox 483 3858 538 3909; x_wconf 89' lang='lat' dir='ltr'><strong>in</strong></span> <span class='ocrx_word' id='word_1_599' title='bbox 568 3855 748 3911; x_wconf 89' lang='lat' dir='ltr'><strong>diebus</strong></span> <span class='ocrx_word' id='word_1_600' title='bbox 789 3857 931 3911; x_wconf 87' lang='lat' dir='ltr'><strong>illis:</strong></span> <span class='ocrx_word' id='word_1_601' title='bbox 963 3867 1011 3910; x_wconf 91' lang='lat' dir='ltr'><strong>et</strong></span> <span class='ocrx_word' id='word_1_602' title='bbox 1038 3855 1432 3928; x_wconf 83' lang='lat' dir='ltr'><strong>interrogabant</strong></span> <span class='ocrx_word' id='word_1_603' title='bbox 1459 3855 1734 3928; x_wconf 84' lang='lat' dir='ltr'><strong>diligenter</strong></span> <span class='ocrx_word' id='word_1_604' title='bbox 1759 3854 1966 3927; x_wconf 86' lang='lat' dir='ltr'><strong>judices</strong></span> <span class='ocrx_word' id='word_1_605' title='bbox 1999 3894 2012 3917; x_wconf 93' lang='lat'><strong>,</strong></span> <span class='ocrx_word' id='word_1_606' title='bbox 2043 3862 2093 3907; x_wconf 90' lang='lat' dir='ltr'><strong>et</strong></span> 
     </span>
    </p>
   </div>
   <div class='ocr_carea' id='block_1_71' title="bbox 484 3944 2090 4037">
    <p class='ocr_par' dir='ltr' id='par_1_71' title="bbox 484 3944 2090 4037">
     <span class='ocr_line' id='line_1_71' title="bbox 484 3944 2090 4037; baseline -0.003 -37"><span class='ocrx_word' id='word_1_607' title='bbox 484 3963 597 4001; x_wconf 87' lang='lat' dir='ltr'><strong>ecce</strong></span> <span class='ocrx_word' id='word_1_608' title='bbox 627 3949 768 4002; x_wconf 87' lang='lat' dir='ltr'><strong>testis</strong></span> <span class='ocrx_word' id='word_1_609' title='bbox 795 3949 1020 4020; x_wconf 87' lang='lat' dir='ltr'><strong>injustas</strong></span> <span class='ocrx_word' id='word_1_610' title='bbox 1052 3950 1355 4016; x_wconf 79' lang='lat' dir='ltr'><strong>testiﬁcatus</strong></span> <span class='ocrx_word' id='word_1_611' title='bbox 1384 3959 1455 4000; x_wconf 90' lang='lat' dir='ltr'><strong>est</strong></span> <span class='ocrx_word' id='word_1_612' title='bbox 1487 3949 1686 4037; x_wconf 70' lang='lat' dir='ltr'><strong>injqua,</strong></span> <span class='ocrx_word' id='word_1_613' title='bbox 1719 3947 1963 3999; x_wconf 88' lang='lat' dir='ltr'><strong>resistens</strong></span> <span class='ocrx_word' id='word_1_614' title='bbox 1995 3944 2090 3996; x_wconf 84' lang='lat' dir='ltr'><strong>ad-</strong></span> 
     </span>
    </p>
   </div>
   <div class='ocr_carea' id='block_1_72' title="bbox 484 4038 2090 4114">
    <p class='ocr_par' dir='ltr' id='par_1_72' title="bbox 484 4038 2090 4114">
     <span class='ocr_line' id='line_1_72' title="bbox 484 4038 2090 4114; baseline -0.002 -21"><span class='ocrx_word' id='word_1_615' title='bbox 484 4056 660 4094; x_wconf 85' lang='lat' dir='ltr'><strong>versus</strong></span> <span class='ocrx_word' id='word_1_616' title='bbox 686 4043 899 4112; x_wconf 87' lang='lat' dir='ltr'><strong>fratrent</strong></span> <span class='ocrx_word' id='word_1_617' title='bbox 935 4058 1087 4096; x_wconf 82' lang='lat' dir='ltr'><strong>suum</strong></span> <span class='ocrx_word' id='word_1_618' title='bbox 1107 4083 1122 4108; x_wconf 88' lang='lat'><strong>,</strong></span> <span class='ocrx_word' id='word_1_619' title='bbox 1157 4052 1205 4096; x_wconf 87' lang='lat' dir='ltr'><strong>et</strong></span> <span class='ocrx_word' id='word_1_620' title='bbox 1239 4042 1390 4114; x_wconf 83' lang='lat' dir='ltr'><strong>facite</strong></span> <span class='ocrx_word' id='word_1_621' title='bbox 1417 4042 1466 4094; x_wconf 90' lang='lat' dir='ltr'><strong>ei</strong></span> <span class='ocrx_word' id='word_1_622' title='bbox 1489 4080 1501 4102; x_wconf 92' lang='lat'><strong>,</strong></span> <span class='ocrx_word' id='word_1_623' title='bbox 1534 4038 1968 4108; x_wconf 85' lang='lat' dir='ltr'><strong>quemadmodum</strong></span> <span class='ocrx_word' id='word_1_624' title='bbox 1998 4053 2090 4090; x_wconf 89' lang='lat' dir='ltr'><strong>ne-</strong></span> 
     </span>
    </p>
   </div>
   <div class='ocr_carea' id='block_1_73' title="bbox 484 4131 2087 4210">
    <p class='ocr_par' dir='ltr' id='par_1_73' title="bbox 484 4131 2087 4210">
     <span class='ocr_line' id='line_1_73' title="bbox 484 4131 2087 4210; baseline -0.003 -19"><span class='ocrx_word' id='word_1_625' title='bbox 484 4140 657 4207; x_wconf 88' lang='lat' dir='ltr'><strong>quiter</strong></span> <span class='ocrx_word' id='word_1_626' title='bbox 683 4139 787 4210; x_wconf 88' lang='lat' dir='ltr'><strong>egit</strong></span> <span class='ocrx_word' id='word_1_627' title='bbox 815 4137 986 4208; x_wconf 88' lang='lat' dir='ltr'><strong>facere</strong></span> <span class='ocrx_word' id='word_1_628' title='bbox 1012 4139 1499 4208; x_wconf 61' lang='lat' dir='ltr'><strong>adversasﬁfratrem</strong></span> <span class='ocrx_word' id='word_1_629' title='bbox 1532 4151 1684 4189; x_wconf 88' lang='lat' dir='ltr'><strong>suum</strong></span> <span class='ocrx_word' id='word_1_630' title='bbox 1710 4176 1725 4202; x_wconf 92' lang='lat'><strong>,</strong></span> <span class='ocrx_word' id='word_1_631' title='bbox 1757 4144 1816 4200; x_wconf 89' lang='lat' dir='ltr'><strong>et_</strong></span> <span class='ocrx_word' id='word_1_632' title='bbox 1832 4132 2036 4204; x_wconf 87' lang='lat' dir='ltr'><strong>auferes</strong></span> <span class='ocrx_word' id='word_1_633' title='bbox 2068 4131 2087 4169; x_wconf 71' lang='grc' dir='ltr'>ί</span> 
     </span>
    </p>
   </div>
   <div class='ocr_carea' id='block_1_74' title="bbox 486 4224 2090 4303">
    <p class='ocr_par' dir='ltr' id='par_1_74' title="bbox 486 4224 2090 4303">
     <span class='ocr_line' id='line_1_74' title="bbox 486 4224 2090 4303; baseline -0.006 -18"><span class='ocrx_word' id='word_1_634' title='bbox 486 4233 718 4302; x_wconf 88' lang='lat' dir='ltr'><strong>iniquum</strong></span> <span class='ocrx_word' id='word_1_635' title='bbox 765 4247 828 4285; x_wconf 75' lang='lat' dir='ltr'><strong>ex</strong></span> <span class='ocrx_word' id='word_1_636' title='bbox 867 4230 1008 4286; x_wconf 87' lang='lat' dir='ltr'><strong>vobis</strong></span> <span class='ocrx_word' id='word_1_637' title='bbox 1051 4230 1217 4303; x_wconf 85' lang='lat' dir='ltr'><strong>ipsis;</strong></span> <span class='ocrx_word' id='word_1_638' title='bbox 1245 4240 1290 4283; x_wconf 92' lang='lat' dir='ltr'><strong>et</strong></span> <span class='ocrx_word' id='word_1_639' title='bbox 1321 4228 1492 4282; x_wconf 72' lang='lat' dir='ltr'><strong>ueteri</strong></span> <span class='ocrx_word' id='word_1_640' title='bbox 1524 4227 1791 4282; x_wconf 85' lang='lat' dir='ltr'><strong>audientes</strong></span> <span class='ocrx_word' id='word_1_641' title='bbox 1820 4224 2090 4294; x_wconf 82' lang='lat' dir='ltr'><strong>timebant,</strong></span> 
     </span>
    </p>
   </div>
   <div class='ocr_carea' id='block_1_75' title="bbox 484 4314 2092 4396">
    <p class='ocr_par' dir='ltr' id='par_1_75' title="bbox 484 4314 2092 4396">
     <span class='ocr_line' id='line_1_75' title="bbox 484 4314 2092 4396; baseline -0.008 -15"><span class='ocrx_word' id='word_1_642' title='bbox 484 4334 530 4381; x_wconf 89' lang='lat' dir='ltr'><strong>et</strong></span> <span class='ocrx_word' id='word_1_643' title='bbox 563 4340 666 4378; x_wconf 86' lang='lat' dir='ltr'><strong>non</strong></span> <span class='ocrx_word' id='word_1_644' title='bbox 697 4333 960 4396; x_wconf 86' lang='lat' dir='ltr'><strong>apponent</strong></span> <span class='ocrx_word' id='word_1_645' title='bbox 986 4323 1207 4396; x_wconf 85' lang='lat' dir='ltr'><strong>amplius</strong></span> <span class='ocrx_word' id='word_1_646' title='bbox 1240 4323 1414 4394; x_wconf 87' lang='lat' dir='ltr'><strong>facere</strong></span> <span class='ocrx_word' id='word_1_647' title='bbox 1440 4317 1645 4374; x_wconf 84' lang='lat' dir='ltr'><strong>verbum</strong></span> <span class='ocrx_word' id='word_1_648' title='bbox 1672 4316 1957 4388; x_wconf 89' lang='lat' dir='ltr'><strong>malignum</strong></span> <span class='ocrx_word' id='word_1_649' title='bbox 1998 4314 2092 4369; x_wconf 89' lang='lat' dir='ltr'><strong>hoc</strong></span> 
     </span>
    </p>
   </div>
   <div class='ocr_carea' id='block_1_76' title="bbox 483 4408 2093 4490">
    <p class='ocr_par' dir='ltr' id='par_1_76' title="bbox 483 4408 2093 4490">
     <span class='ocr_line' id='line_1_76' title="bbox 483 4408 2093 4490; baseline -0.007 -18"><span class='ocrx_word' id='word_1_650' title='bbox 483 4419 538 4473; x_wconf 88' lang='lat' dir='ltr'><strong>in</strong></span> <span class='ocrx_word' id='word_1_651' title='bbox 582 4418 740 4474; x_wconf 87' lang='lat' dir='ltr'><strong>vobis.</strong></span> <span class='ocrx_word' id='word_1_652' title='bbox 795 4417 916 4472; x_wconf 84' lang='lat' dir='ltr'><strong>Non</strong></span> <span class='ocrx_word' id='word_1_653' title='bbox 974 4433 1155 4490; x_wconf 79' lang='lat' dir='ltr'><strong>parces</strong></span> <span class='ocrx_word' id='word_1_654' title='bbox 1207 4414 1372 4470; x_wconf 89' lang='lat' dir='ltr'><strong>oculis</strong></span> <span class='ocrx_word' id='word_1_655' title='bbox 1420 4414 1522 4468; x_wconf 89' lang='lat' dir='ltr'><strong>tuis</strong></span> <span class='ocrx_word' id='word_1_656' title='bbox 1565 4428 1719 4483; x_wconf 84' lang='lat' dir='ltr'><strong>super</strong></span> <span class='ocrx_word' id='word_1_657' title='bbox 1764 4425 1880 4464; x_wconf 85' lang='lat' dir='ltr'><strong>eum</strong></span> <span class='ocrx_word' id='word_1_658' title='bbox 1909 4450 1925 4478; x_wconf 89' lang='lat'><strong>,</strong></span> <span class='ocrx_word' id='word_1_659' title='bbox 1975 4408 2093 4462; x_wconf 88' lang='lat' dir='ltr'><strong>aui—</strong></span> 
     </span>
    </p>
   </div>
   <div class='ocr_carea' id='block_1_77' title="bbox 484 4504 2090 4584">
    <p class='ocr_par' dir='ltr' id='par_1_77' title="bbox 484 4504 2090 4584">
     <span class='ocr_line' id='line_1_77' title="bbox 484 4504 2090 4584; baseline -0.006 -19"><span class='ocrx_word' id='word_1_660' title='bbox 484 4528 622 4566; x_wconf 88' lang='lat' dir='ltr'><strong>mam</strong></span> <span class='ocrx_word' id='word_1_661' title='bbox 687 4529 782 4584; x_wconf 91' lang='lat' dir='ltr'><strong>pro</strong></span> <span class='ocrx_word' id='word_1_662' title='bbox 837 4512 1064 4580; x_wconf 89' lang='lat' dir='ltr'><strong>anima,</strong></span> <span class='ocrx_word' id='word_1_663' title='bbox 1115 4509 1267 4564; x_wconf 88' lang='lat' dir='ltr'><strong>oculo</strong></span> <span class='ocrx_word' id='word_1_664' title='bbox 1328 4523 1422 4578; x_wconf 90' lang='lat' dir='ltr'><strong>pro</strong></span> <span class='ocrx_word' id='word_1_665' title='bbox 1466 4504 1617 4561; x_wconf 88' lang='lat' dir='ltr'><strong>oculo</strong></span> <span class='ocrx_word' id='word_1_666' title='bbox 1652 4547 1666 4572; x_wconf 94' lang='lat'><strong>,</strong></span> <span class='ocrx_word' id='word_1_667' title='bbox 1727 4504 1940 4558; x_wconf 87' lang='lat' dir='ltr'><strong>dentem</strong></span> <span class='ocrx_word' id='word_1_668' title='bbox 1995 4518 2090 4576; x_wconf 89' lang='lat' dir='ltr'><strong>pro</strong></span> 
     </span>
    </p>
   </div>
   <div class='ocr_carea' id='block_1_78' title="bbox 484 4595 2090 4673">
    <p class='ocr_par' dir='ltr' id='par_1_78' title="bbox 484 4595 2090 4673">
     <span class='ocr_line' id='line_1_78' title="bbox 484 4595 2090 4673; baseline -0.006 -15"><span class='ocrx_word' id='word_1_669' title='bbox 484 4606 633 4659; x_wconf 88' lang='lat' dir='ltr'><strong>dente</strong></span> <span class='ocrx_word' id='word_1_670' title='bbox 663 4645 680 4672; x_wconf 85' lang='lat'><strong>,</strong></span> <span class='ocrx_word' id='word_1_671' title='bbox 726 4622 939 4660; x_wconf 88' lang='lat' dir='ltr'><strong>manum</strong></span> <span class='ocrx_word' id='word_1_672' title='bbox 986 4621 1079 4673; x_wconf 90' lang='lat' dir='ltr'><strong>pro</strong></span> <span class='ocrx_word' id='word_1_673' title='bbox 1129 4621 1284 4660; x_wconf 90' lang='lat' dir='ltr'><strong>manu</strong></span> <span class='ocrx_word' id='word_1_674' title='bbox 1327 4645 1341 4668; x_wconf 94' lang='lat'><strong>,</strong></span> <span class='ocrx_word' id='word_1_675' title='bbox 1392 4601 1571 4672; x_wconf 83' lang='lat' dir='ltr'><strong>pedem</strong></span> <span class='ocrx_word' id='word_1_676' title='bbox 1618 4615 1712 4670; x_wconf 93' lang='lat' dir='ltr'><strong>pro</strong></span> <span class='ocrx_word' id='word_1_677' title='bbox 1753 4597 1880 4670; x_wconf 87' lang='lat' dir='ltr'><strong>pede</strong></span> <span class='ocrx_word' id='word_1_678' title='bbox 1923 4595 2090 4670; x_wconf 89' lang='lat' dir='ltr'><strong>(Ibid.</strong></span> 
     </span>
    </p>
   </div>
   <div class='ocr_carea' id='block_1_79' title="bbox 2195 3289 3811 3364">
    <p class='ocr_par' dir='ltr' id='par_1_79' title="bbox 2195 3289 3811 3364">
     <span class='ocr_line' id='line_1_79' title="bbox 2195 3289 3811 3364; baseline 0.005 -22"><span class='ocrx_word' id='word_1_679' title='bbox 2195 3292 2361 3346; x_wconf 89' lang='lat' dir='ltr'><strong>minos</strong></span> <span class='ocrx_word' id='word_1_680' title='bbox 2400 3292 2624 3362; x_wconf 77' lang='lat' dir='ltr'><strong>jastitiw</strong></span> <span class='ocrx_word' id='word_1_681' title='bbox 2676 3289 2784 3360; x_wconf 90' lang='lat' dir='ltr'><strong>(Ib.</strong></span> <span class='ocrx_word' id='word_1_682' title='bbox 2825 3307 2970 3347; x_wconf 76' lang='lat' dir='ltr'><strong>xxv&quot;</strong></span> <span class='ocrx_word' id='word_1_683' title='bbox 3001 3333 3016 3360; x_wconf 92' lang='lat'><strong>,</strong></span> <span class='ocrx_word' id='word_1_684' title='bbox 3066 3292 3178 3362; x_wconf 80' lang='grc'><strong>17).</strong></span> <span class='ocrx_word' id='word_1_685' title='bbox 3229 3291 3582 3358; x_wconf 78' lang='lat' dir='ltr'><strong>Maledictus,</strong></span> <span class='ocrx_word' id='word_1_686' title='bbox 3630 3293 3811 3364; x_wconf 82' lang='lat' dir='ltr'><strong>inquit</strong></span> 
     </span>
    </p>
   </div>
   <div class='ocr_carea' id='block_1_80' title="bbox 2202 3370 3808 3456">
    <p class='ocr_par' dir='ltr' id='par_1_80' title="bbox 2202 3370 3808 3456">
     <span class='ocr_line' id='line_1_80' title="bbox 2202 3370 3808 3456; baseline 0.001 -18"><span class='ocrx_word' id='word_1_687' title='bbox 2202 3382 2439 3454; x_wconf 80' lang='lat' dir='ltr'><strong>Spiritus</strong></span> <span class='ocrx_word' id='word_1_688' title='bbox 2483 3393 2706 3437; x_wconf 85' lang='lat' dir='ltr'><strong>sanctus</strong></span> <span class='ocrx_word' id='word_1_689' title='bbox 2749 3399 2843 3438; x_wconf 89' lang='lat' dir='ltr'><strong>ore</strong></span> <span class='ocrx_word' id='word_1_690' title='bbox 2884 3383 3052 3456; x_wconf 85' lang='lat' dir='ltr'><strong>Moysi</strong></span> <span class='ocrx_word' id='word_1_691' title='bbox 3083 3426 3096 3450; x_wconf 95' lang='lat'><strong>,</strong></span> <span class='ocrx_word' id='word_1_692' title='bbox 3132 3385 3441 3456; x_wconf 84' lang='lat' dir='ltr'><strong>quicumque</strong></span> <span class='ocrx_word' id='word_1_693' title='bbox 3470 3370 3808 3446; x_wconf 79' lang='lat' dir='ltr'><strong>declinaverit</strong></span> 
     </span>
    </p>
   </div>
   <div class='ocr_carea' id='block_1_81' title="bbox 2186 3476 3809 3548">
    <p class='ocr_par' dir='ltr' id='par_1_81' title="bbox 2186 3476 3809 3548">
     <span class='ocr_line' id='line_1_81' title="bbox 2186 3476 3809 3548; baseline 0.001 -18"><span class='ocrx_word' id='word_1_694' title='bbox 2186 3477 2444 3548; x_wconf 82' lang='lat' dir='ltr'><strong>judicium</strong></span> <span class='ocrx_word' id='word_1_695' title='bbox 2474 3476 2717 3544; x_wconf 76' lang='lat' dir='ltr'><strong>advenae,</strong></span> <span class='ocrx_word' id='word_1_696' title='bbox 2755 3477 2980 3548; x_wconf 90' lang='lat' dir='ltr'><strong>orphani</strong></span> <span class='ocrx_word' id='word_1_697' title='bbox 3007 3520 3020 3543; x_wconf 94' lang='lat'><strong>,</strong></span> <span class='ocrx_word' id='word_1_698' title='bbox 3058 3487 3103 3532; x_wconf 91' lang='lat' dir='ltr'><strong>et</strong></span> <span class='ocrx_word' id='word_1_699' title='bbox 3134 3479 3333 3544; x_wconf 69' lang='lat' dir='ltr'><strong>viduae;</strong></span> <span class='ocrx_word' id='word_1_700' title='bbox 3357 3487 3412 3532; x_wconf 87' lang='lat' dir='ltr'><strong>et</strong></span> <span class='ocrx_word' id='word_1_701' title='bbox 3435 3487 3489 3532; x_wconf 90' lang='lat' dir='ltr'><strong>tu</strong></span> <span class='ocrx_word' id='word_1_702' title='bbox 3515 3477 3672 3534; x_wconf 81' lang='lat' dir='ltr'><strong>ludos</strong></span> <span class='ocrx_word' id='word_1_703' title='bbox 3706 3478 3809 3542; x_wconf 79' lang='lat' dir='ltr'><strong>tihi</strong></span> 
     </span>
    </p>
   </div>
   <div class='ocr_carea' id='block_1_82' title="bbox 2198 3567 3806 3640">
    <p class='ocr_par' dir='ltr' id='par_1_82' title="bbox 2198 3567 3806 3640">
     <span class='ocr_line' id='line_1_82' title="bbox 2198 3567 3806 3640; baseline 0.001 -18"><span class='ocrx_word' id='word_1_704' title='bbox 2198 3567 2445 3639; x_wconf 64' lang='lat' dir='ltr'><strong>prmbens</strong></span> <span class='ocrx_word' id='word_1_705' title='bbox 2487 3569 2552 3622; x_wconf 88' lang='lat' dir='ltr'><strong>de</strong></span> <span class='ocrx_word' id='word_1_706' title='bbox 2597 3581 2787 3623; x_wconf 87' lang='lat' dir='ltr'><strong>nostro</strong></span> <span class='ocrx_word' id='word_1_707' title='bbox 2827 3569 3126 3640; x_wconf 83' lang='lat' dir='ltr'><strong>sanguine,</strong></span> <span class='ocrx_word' id='word_1_708' title='bbox 3170 3568 3357 3624; x_wconf 74' lang='lat' dir='ltr'><strong>dixisti</strong></span> <span class='ocrx_word' id='word_1_709' title='bbox 3395 3587 3408 3624; x_wconf 89' lang='lat'><strong>:</strong></span> <span class='ocrx_word' id='word_1_710' title='bbox 3456 3567 3644 3623; x_wconf 88' lang='lat' dir='ltr'><strong>Punite</strong></span> <span class='ocrx_word' id='word_1_711' title='bbox 3686 3584 3806 3624; x_wconf 85' lang='lat' dir='ltr'><strong>eam</strong></span> 
     </span>
    </p>
   </div>
   <div class='ocr_carea' id='block_1_83' title="bbox 2194 3660 3808 3738">
    <p class='ocr_par' dir='ltr' id='par_1_83' title="bbox 2194 3660 3808 3738">
     <span class='ocr_line' id='line_1_83' title="bbox 2194 3660 3808 3738; baseline 0.005 -27"><span class='ocrx_word' id='word_1_712' title='bbox 2194 3677 2342 3732; x_wconf 84' lang='lat' dir='ltr'><strong>quem</strong></span> <span class='ocrx_word' id='word_1_713' title='bbox 2372 3662 2622 3732; x_wconf 87' lang='lat' dir='ltr'><strong>ignoratis</strong></span> <span class='ocrx_word' id='word_1_714' title='bbox 2646 3660 3108 3738; x_wconf 83' lang='lat' dir='ltr'><strong>deliquisse(lbid.</strong></span> <span class='ocrx_word' id='word_1_715' title='bbox 3142 3661 3254 3733; x_wconf 78' lang='grc'><strong>19).</strong></span> <span class='ocrx_word' id='word_1_716' title='bbox 3299 3661 3580 3716; x_wconf 77' lang='lat' dir='ltr'><strong>Noluimus</strong></span> <span class='ocrx_word' id='word_1_717' title='bbox 3603 3705 3619 3730; x_wconf 90' lang='lat'><strong>,</strong></span> <span class='ocrx_word' id='word_1_718' title='bbox 3661 3664 3808 3720; x_wconf 91' lang='lat' dir='ltr'><strong>Con-</strong></span> 
     </span>
    </p>
   </div>
   <div class='ocr_carea' id='block_1_84' title="bbox 2195 3756 3808 3829">
    <p class='ocr_par' dir='ltr' id='par_1_84' title="bbox 2195 3756 3808 3829">
     <span class='ocr_line' id='line_1_84' title="bbox 2195 3756 3808 3829; baseline 0.002 -18"><span class='ocrx_word' id='word_1_719' title='bbox 2195 3756 2380 3820; x_wconf 78' lang='lat' dir='ltr'><strong>SIanti,</strong></span> <span class='ocrx_word' id='word_1_720' title='bbox 2409 3772 2531 3811; x_wconf 87' lang='lat' dir='ltr'><strong>esse</strong></span> <span class='ocrx_word' id='word_1_721' title='bbox 2565 3767 2740 3811; x_wconf 84' lang='lat' dir='ltr'><strong>tecum</strong></span> <span class='ocrx_word' id='word_1_722' title='bbox 2771 3757 3078 3822; x_wconf 77' lang='lat' dir='ltr'><strong>maledicti;</strong></span> <span class='ocrx_word' id='word_1_723' title='bbox 3115 3767 3164 3812; x_wconf 89' lang='lat' dir='ltr'><strong>te</strong></span> <span class='ocrx_word' id='word_1_724' title='bbox 3192 3758 3365 3829; x_wconf 81' lang='lat' dir='ltr'><strong>magis</strong></span> <span class='ocrx_word' id='word_1_725' title='bbox 3396 3758 3684 3828; x_wconf 86' lang='lat' dir='ltr'><strong>cupientes</strong></span> <span class='ocrx_word' id='word_1_726' title='bbox 3711 3773 3808 3824; x_wconf 86' lang='lat' dir='ltr'><strong>su-</strong></span> 
     </span>
    </p>
   </div>
   <div class='ocr_carea' id='block_1_85' title="bbox 2195 3835 3803 3908">
    <p class='ocr_par' dir='ltr' id='par_1_85' title="bbox 2195 3835 3803 3908">
     <span class='ocr_line' id='line_1_85' title="bbox 2195 3835 3803 3908; baseline 0.002 -6"><span class='ocrx_word' id='word_1_727' title='bbox 2195 3864 2318 3902; x_wconf 90' lang='lat' dir='ltr'><strong>mus</strong></span> <span class='ocrx_word' id='word_1_728' title='bbox 2333 3848 2617 3903; x_wconf 87' lang='lat' dir='ltr'><strong>nobiscum</strong></span> <span class='ocrx_word' id='word_1_729' title='bbox 2639 3849 2988 3904; x_wconf 84' lang='lat' dir='ltr'><strong>benedictum</strong></span> <span class='ocrx_word' id='word_1_730' title='bbox 3013 3849 3061 3903; x_wconf 92' lang='lat' dir='ltr'><strong>in</strong></span> <span class='ocrx_word' id='word_1_731' title='bbox 3078 3859 3263 3904; x_wconf 87' lang='lat' dir='ltr'><strong>sancta</strong></span> <span class='ocrx_word' id='word_1_732' title='bbox 3285 3850 3516 3905; x_wconf 89' lang='lat' dir='ltr'><strong>inveniri</strong></span> <span class='ocrx_word' id='word_1_733' title='bbox 3535 3835 3803 3908; x_wconf 67' lang='lat' dir='ltr'><strong>Ecclesia.</strong></span> 
     </span>
    </p>
   </div>
   <div class='ocr_carea' id='block_1_86' title="bbox 2196 3941 3806 4014">
    <p class='ocr_par' dir='ltr' id='par_1_86' title="bbox 2196 3941 3806 4014">
     <span class='ocr_line' id='line_1_86' title="bbox 2196 3941 3806 4014; baseline 0.002 -18"><span class='ocrx_word' id='word_1_734' title='bbox 2196 3942 2314 3996; x_wconf 87' lang='lat' dir='ltr'><strong>Non</strong></span> <span class='ocrx_word' id='word_1_735' title='bbox 2350 3953 2497 3995; x_wconf 78' lang='lat' dir='ltr'><strong>tuam</strong></span> <span class='ocrx_word' id='word_1_736' title='bbox 2544 3941 2795 3998; x_wconf 85' lang='lat' dir='ltr'><strong>audimus</strong></span> <span class='ocrx_word' id='word_1_737' title='bbox 2837 3958 3024 3998; x_wconf 88' lang='lat' dir='ltr'><strong>vocem</strong></span> <span class='ocrx_word' id='word_1_738' title='bbox 3052 3983 3067 4009; x_wconf 94' lang='lat'><strong>,</strong></span> <span class='ocrx_word' id='word_1_739' title='bbox 3097 3957 3221 4014; x_wconf 64' lang='lat' dir='ltr'><strong>quin</strong></span> <span class='ocrx_word' id='word_1_740' title='bbox 3251 3956 3348 3995; x_wconf 91' lang='lat' dir='ltr'><strong>nos</strong></span> <span class='ocrx_word' id='word_1_741' title='bbox 3392 3941 3488 3997; x_wconf 90' lang='lat' dir='ltr'><strong>Dei</strong></span> <span class='ocrx_word' id='word_1_742' title='bbox 3517 3941 3806 4000; x_wconf 84' lang='lat' dir='ltr'><strong>incurrere</strong></span> 
     </span>
    </p>
   </div>
   <div class='ocr_carea' id='block_1_87' title="bbox 2197 4033 3806 4106">
    <p class='ocr_par' dir='ltr' id='par_1_87' title="bbox 2197 4033 3806 4106">
     <span class='ocr_line' id='line_1_87' title="bbox 2197 4033 3806 4106; baseline 0.002 -20"><span class='ocrx_word' id='word_1_743' title='bbox 2197 4033 2461 4087; x_wconf 83' lang='lat' dir='ltr'><strong>oﬂ&#39;eusam</strong></span> <span class='ocrx_word' id='word_1_744' title='bbox 2491 4044 2776 4104; x_wconf 80' lang='lat' dir='ltr'><strong>provocat;</strong></span> <span class='ocrx_word' id='word_1_745' title='bbox 2806 4035 2900 4089; x_wconf 92' lang='lat' dir='ltr'><strong>sed</strong></span> <span class='ocrx_word' id='word_1_746' title='bbox 2931 4034 3180 4090; x_wconf 85' lang='lat' dir='ltr'><strong>audimus</strong></span> <span class='ocrx_word' id='word_1_747' title='bbox 3213 4049 3397 4089; x_wconf 77' lang='lat' dir='ltr'><strong>vocem</strong></span> <span class='ocrx_word' id='word_1_748' title='bbox 3430 4033 3634 4106; x_wconf 82' lang='lat' dir='ltr'><strong>Moysis</strong></span> <span class='ocrx_word' id='word_1_749' title='bbox 3657 4033 3806 4104; x_wconf 78' lang='lat' dir='ltr'><strong>servi</strong></span> 
     </span>
    </p>
   </div>
   <div class='ocr_carea' id='block_1_88' title="bbox 2196 4123 3807 4193">
    <p class='ocr_par' dir='ltr' id='par_1_88' title="bbox 2196 4123 3807 4193">
     <span class='ocr_line' id='line_1_88' title="bbox 2196 4123 3807 4193; baseline 0.002 -16"><span class='ocrx_word' id='word_1_750' title='bbox 2196 4124 2408 4178; x_wconf 90' lang='lat' dir='ltr'><strong>Domini</strong></span> <span class='ocrx_word' id='word_1_751' title='bbox 2455 4123 2720 4179; x_wconf 85' lang='lat' dir='ltr'><strong>dicentis:</strong></span> <span class='ocrx_word' id='word_1_752' title='bbox 2756 4123 2825 4179; x_wconf 89' lang='lat' dir='ltr'><strong>Et</strong></span> <span class='ocrx_word' id='word_1_753' title='bbox 2855 4127 2992 4193; x_wconf 88' lang='lat' dir='ltr'><strong>erit,</strong></span> <span class='ocrx_word' id='word_1_754' title='bbox 3030 4127 3075 4179; x_wconf 90' lang='lat' dir='ltr'><strong>si</strong></span> <span class='ocrx_word' id='word_1_755' title='bbox 3118 4143 3218 4180; x_wconf 89' lang='lat' dir='ltr'><strong>non</strong></span> <span class='ocrx_word' id='word_1_756' title='bbox 3263 4127 3530 4180; x_wconf 87' lang='lat' dir='ltr'><strong>audieritis</strong></span> <span class='ocrx_word' id='word_1_757' title='bbox 3570 4127 3582 4176; x_wconf 87' lang='lat' dir='ltr'><strong>i</strong></span> <span class='ocrx_word' id='word_1_758' title='bbox 3632 4142 3807 4181; x_wconf 82' lang='lat' dir='ltr'><strong>vocem</strong></span> 
     </span>
    </p>
   </div>
   <div class='ocr_carea' id='block_1_89' title="bbox 2199 4218 3806 4290">
    <p class='ocr_par' dir='ltr' id='par_1_89' title="bbox 2199 4218 3806 4290">
     <span class='ocr_line' id='line_1_89' title="bbox 2199 4218 3806 4290; baseline 0.001 -18"><span class='ocrx_word' id='word_1_759' title='bbox 2199 4219 2406 4274; x_wconf 89' lang='lat' dir='ltr'><strong>Domini</strong></span> <span class='ocrx_word' id='word_1_760' title='bbox 2436 4218 2532 4274; x_wconf 85' lang='lat' dir='ltr'><strong>Dei</strong></span> <span class='ocrx_word' id='word_1_761' title='bbox 2557 4221 2745 4285; x_wconf 89' lang='lat' dir='ltr'><strong>vestri,</strong></span> <span class='ocrx_word' id='word_1_762' title='bbox 2794 4220 3052 4274; x_wconf 88' lang='lat' dir='ltr'><strong>custodire</strong></span> <span class='ocrx_word' id='word_1_763' title='bbox 3081 4229 3127 4273; x_wconf 91' lang='lat' dir='ltr'><strong>et</strong></span> <span class='ocrx_word' id='word_1_764' title='bbox 3159 4223 3328 4290; x_wconf 85' lang='lat' dir='ltr'><strong>facere</strong></span> <span class='ocrx_word' id='word_1_765' title='bbox 3358 4221 3530 4273; x_wconf 87' lang='lat' dir='ltr'><strong>omnia</strong></span> <span class='ocrx_word' id='word_1_766' title='bbox 3555 4219 3806 4274; x_wconf 82' lang='lat' dir='ltr'><strong>mandata</strong></span> 
     </span>
    </p>
   </div>
   <div class='ocr_carea' id='block_1_90' title="bbox 2195 4313 3808 4388">
    <p class='ocr_par' dir='ltr' id='par_1_90' title="bbox 2195 4313 3808 4388">
     <span class='ocr_line' id='line_1_90' title="bbox 2195 4313 3808 4388; baseline 0 -20"><span class='ocrx_word' id='word_1_767' title='bbox 2195 4318 2308 4388; x_wconf 87' lang='lat' dir='ltr'><strong>ejus</strong></span> <span class='ocrx_word' id='word_1_768' title='bbox 2333 4358 2347 4381; x_wconf 95' lang='lat'><strong>,</strong></span> <span class='ocrx_word' id='word_1_769' title='bbox 2392 4331 2724 4388; x_wconf 65' lang='lat' dir='ltr'><strong>quaecumque</strong></span> <span class='ocrx_word' id='word_1_770' title='bbox 2755 4331 2848 4387; x_wconf 88' lang='lat' dir='ltr'><strong>ego</strong></span> <span class='ocrx_word' id='word_1_771' title='bbox 2880 4315 3135 4370; x_wconf 87' lang='lat' dir='ltr'><strong>mandabo</strong></span> <span class='ocrx_word' id='word_1_772' title='bbox 3169 4315 3260 4368; x_wconf 88' lang='lat' dir='ltr'><strong>tibi</strong></span> <span class='ocrx_word' id='word_1_773' title='bbox 3290 4313 3445 4367; x_wconf 88' lang='lat' dir='ltr'><strong>hodie</strong></span> <span class='ocrx_word' id='word_1_774' title='bbox 3469 4357 3482 4380; x_wconf 89' lang='lat'><strong>,</strong></span> <span class='ocrx_word' id='word_1_775' title='bbox 3517 4323 3566 4367; x_wconf 90' lang='lat' dir='ltr'><strong>et</strong></span> <span class='ocrx_word' id='word_1_776' title='bbox 3599 4315 3808 4368; x_wconf 79' lang='lat' dir='ltr'><strong>venient</strong></span> 
     </span>
    </p>
   </div>
   <div class='ocr_carea' id='block_1_91' title="bbox 2195 4404 3810 4476">
    <p class='ocr_par' dir='ltr' id='par_1_91' title="bbox 2195 4404 3810 4476">
     <span class='ocr_line' id='line_1_91' title="bbox 2195 4404 3810 4476; baseline -0.001 -16"><span class='ocrx_word' id='word_1_777' title='bbox 2195 4424 2350 4476; x_wconf 89' lang='lat' dir='ltr'><strong>super</strong></span> <span class='ocrx_word' id='word_1_778' title='bbox 2382 4417 2429 4462; x_wconf 91' lang='lat' dir='ltr'><strong>te</strong></span> <span class='ocrx_word' id='word_1_779' title='bbox 2459 4424 2630 4462; x_wconf 88' lang='lat' dir='ltr'><strong>onmes</strong></span> <span class='ocrx_word' id='word_1_780' title='bbox 2664 4406 3049 4461; x_wconf 87' lang='lat' dir='ltr'><strong>maledictiones</strong></span> <span class='ocrx_word' id='word_1_781' title='bbox 3082 4407 3182 4472; x_wconf 71' lang='lat' dir='ltr'><strong>hee,</strong></span> <span class='ocrx_word' id='word_1_782' title='bbox 3217 4417 3263 4459; x_wconf 91' lang='lat' dir='ltr'><strong>et</strong></span> <span class='ocrx_word' id='word_1_783' title='bbox 3290 4407 3550 4461; x_wconf 88' lang='lat' dir='ltr'><strong>invenient</strong></span> <span class='ocrx_word' id='word_1_784' title='bbox 3582 4415 3650 4459; x_wconf 89' lang='lat' dir='ltr'><strong>te.</strong></span> <span class='ocrx_word' id='word_1_785' title='bbox 3686 4404 3810 4460; x_wconf 81' lang='lat' dir='ltr'><strong>Ma-</strong></span> 
     </span>
    </p>
   </div>
   <div class='ocr_carea' id='block_1_92' title="bbox 2197 4500 3810 4574">
    <p class='ocr_par' dir='ltr' id='par_1_92' title="bbox 2197 4500 3810 4574">
     <span class='ocr_line' id='line_1_92' title="bbox 2197 4500 3810 4574; baseline 0.001 -19"><span class='ocrx_word' id='word_1_786' title='bbox 2197 4501 2411 4556; x_wconf 80' lang='lat' dir='ltr'><strong>ledictus</strong></span> <span class='ocrx_word' id='word_1_787' title='bbox 2440 4512 2494 4554; x_wconf 91' lang='lat' dir='ltr'><strong>tu</strong></span> <span class='ocrx_word' id='word_1_788' title='bbox 2522 4501 2574 4554; x_wconf 92' lang='lat' dir='ltr'><strong>in</strong></span> <span class='ocrx_word' id='word_1_789' title='bbox 2603 4501 2822 4566; x_wconf 79' lang='lat' dir='ltr'><strong>civitate,</strong></span> <span class='ocrx_word' id='word_1_790' title='bbox 2847 4500 3150 4554; x_wconf 79' lang='lat' dir='ltr'><strong>maledictas</strong></span> <span class='ocrx_word' id='word_1_791' title='bbox 3181 4509 3236 4553; x_wconf 92' lang='lat' dir='ltr'><strong>tu</strong></span> <span class='ocrx_word' id='word_1_792' title='bbox 3269 4501 3320 4554; x_wconf 89' lang='lat' dir='ltr'><strong>in</strong></span> <span class='ocrx_word' id='word_1_793' title='bbox 3344 4515 3493 4574; x_wconf 83' lang='lat' dir='ltr'><strong>agro,</strong></span> <span class='ocrx_word' id='word_1_794' title='bbox 3518 4501 3810 4556; x_wconf 68' lang='lat' dir='ltr'><strong>maledicta</strong></span> 
     </span>
    </p>
   </div>
   <div class='ocr_carea' id='block_1_93' title="bbox 2197 4592 3810 4666">
    <p class='ocr_par' dir='ltr' id='par_1_93' title="bbox 2197 4592 3810 4666">
     <span class='ocr_line' id='line_1_93' title="bbox 2197 4592 3810 4666; baseline -0.001 -18"><span class='ocrx_word' id='word_1_795' title='bbox 2197 4595 2461 4666; x_wconf 74' lang='lat' dir='ltr'><strong>apotheca!</strong></span> <span class='ocrx_word' id='word_1_796' title='bbox 2492 4603 2593 4646; x_wconf 82' lang='lat' dir='ltr'><strong>tua:</strong></span> <span class='ocrx_word' id='word_1_797' title='bbox 2616 4633 2631 4659; x_wconf 94' lang='lat'><strong>,</strong></span> <span class='ocrx_word' id='word_1_798' title='bbox 2675 4603 2722 4646; x_wconf 93' lang='lat' dir='ltr'><strong>et</strong></span> <span class='ocrx_word' id='word_1_799' title='bbox 2749 4607 2862 4657; x_wconf 75' lang='lat' dir='ltr'><strong>qua:</strong></span> <span class='ocrx_word' id='word_1_800' title='bbox 2899 4601 3017 4646; x_wconf 88' lang='lat' dir='ltr'><strong>sunt</strong></span> <span class='ocrx_word' id='word_1_801' title='bbox 3055 4592 3256 4662; x_wconf 85' lang='lat' dir='ltr'><strong>reliqua</strong></span> <span class='ocrx_word' id='word_1_802' title='bbox 3297 4604 3385 4646; x_wconf 88' lang='lat' dir='ltr'><strong>tua</strong></span> <span class='ocrx_word' id='word_1_803' title='bbox 3407 4634 3422 4658; x_wconf 89' lang='lat'><strong>,</strong></span> <span class='ocrx_word' id='word_1_804' title='bbox 3464 4601 3511 4645; x_wconf 89' lang='lat' dir='ltr'><strong>et</strong></span> <span class='ocrx_word' id='word_1_805' title='bbox 3542 4592 3810 4648; x_wconf 78' lang='lat' dir='ltr'><strong>maledicti</strong></span> 
     </span>
    </p>
   </div>
   <div class='ocr_carea' id='block_1_94' title="bbox 488 4685 3811 4766">
    <p class='ocr_par' dir='ltr' id='par_1_94' title="bbox 488 4685 3811 4766">
     <span class='ocr_line' id='line_1_94' title="bbox 488 4685 3811 4766; baseline -0.004 -16"><span class='ocrx_word' id='word_1_806' title='bbox 488 4694 601 4766; x_wconf 80' lang='grc'><strong>15).</strong></span> <span class='ocrx_word' id='word_1_807' title='bbox 651 4695 786 4750; x_wconf 89' lang='lat' dir='ltr'><strong>Cum</strong></span> <span class='ocrx_word' id='word_1_808' title='bbox 836 4711 1031 4750; x_wconf 89' lang='lat' dir='ltr'><strong>cernas</strong></span> <span class='ocrx_word' id='word_1_809' title='bbox 1081 4695 1196 4750; x_wconf 70' lang='lat' dir='ltr'><strong>haec</strong></span> <span class='ocrx_word' id='word_1_810' title='bbox 1247 4693 1360 4748; x_wconf 89' lang='lat' dir='ltr'><strong>fieri</strong></span> <span class='ocrx_word' id='word_1_811' title='bbox 1408 4735 1424 4760; x_wconf 90' lang='lat'><strong>,</strong></span> <span class='ocrx_word' id='word_1_812' title='bbox 1484 4691 1552 4746; x_wconf 88' lang='lat' dir='ltr'><strong>de</strong></span> <span class='ocrx_word' id='word_1_813' title='bbox 1601 4699 1653 4743; x_wconf 89' lang='lat' dir='ltr'><strong>te</strong></span> <span class='ocrx_word' id='word_1_814' title='bbox 1689 4731 1704 4756; x_wconf 92' lang='lat'><strong>,</strong></span> <span class='ocrx_word' id='word_1_815' title='bbox 1764 4686 2035 4741; x_wconf 82' lang='lat' dir='ltr'><strong>homicida</strong></span> <span class='ocrx_word' id='word_1_816' title='bbox 2079 4726 2094 4751; x_wconf 92' lang='lat'><strong>,</strong></span> <span class='ocrx_word' id='word_1_817' title='bbox 2122 4685 2174 4744; x_wconf 91' lang='lat' dir='ltr'><strong>D</strong></span> <span class='ocrx_word' id='word_1_818' title='bbox 2201 4688 2298 4758; x_wconf 81' lang='lat' dir='ltr'><strong>lilii</strong></span> <span class='ocrx_word' id='word_1_819' title='bbox 2329 4688 2404 4740; x_wconf 89' lang='lat' dir='ltr'><strong>tui</strong></span> <span class='ocrx_word' id='word_1_820' title='bbox 2433 4687 2622 4742; x_wconf 86' lang='lat' dir='ltr'><strong>ventris</strong></span> <span class='ocrx_word' id='word_1_821' title='bbox 2645 4729 2660 4755; x_wconf 92' lang='lat'><strong>,</strong></span> <span class='ocrx_word' id='word_1_822' title='bbox 2693 4697 2738 4740; x_wconf 90' lang='lat' dir='ltr'><strong>et</strong></span> <span class='ocrx_word' id='word_1_823' title='bbox 2769 4686 3034 4740; x_wconf 79' lang='lat' dir='ltr'><strong>nascentia</strong></span> <span class='ocrx_word' id='word_1_824' title='bbox 3062 4695 3211 4740; x_wconf 79' lang='lat' dir='ltr'><strong>terra:</strong></span> <span class='ocrx_word' id='word_1_825' title='bbox 3234 4695 3357 4753; x_wconf 72' lang='lat' dir='ltr'><strong>tiae,</strong></span> <span class='ocrx_word' id='word_1_826' title='bbox 3392 4695 3624 4738; x_wconf 69' lang='lat' dir='ltr'><strong>armenta</strong></span> <span class='ocrx_word' id='word_1_827' title='bbox 3654 4685 3811 4740; x_wconf 87' lang='lat' dir='ltr'><strong>boum</strong></span> 
     </span>
    </p>
   </div>
   <div class='ocr_carea' id='block_1_95' title="bbox 487 4779 2090 4858">
    <p class='ocr_par' dir='ltr' id='par_1_95' title="bbox 487 4779 2090 4858">
     <span class='ocr_line' id='line_1_95' title="bbox 487 4779 2090 4858; baseline -0.003 -17"><span class='ocrx_word' id='word_1_828' title='bbox 487 4788 656 4844; x_wconf 91' lang='lat' dir='ltr'><strong>Deum</strong></span> <span class='ocrx_word' id='word_1_829' title='bbox 697 4790 952 4845; x_wconf 88' lang='lat' dir='ltr'><strong>statuisse</strong></span> <span class='ocrx_word' id='word_1_830' title='bbox 991 4790 1159 4844; x_wconf 86' lang='lat' dir='ltr'><strong>dicas.</strong></span> <span class='ocrx_word' id='word_1_831' title='bbox 1219 4788 1413 4858; x_wconf 68' lang='lat' dir='ltr'><strong>Quieso</strong></span> <span class='ocrx_word' id='word_1_832' title='bbox 1447 4827 1461 4854; x_wconf 94' lang='lat'><strong>,</strong></span> <span class='ocrx_word' id='word_1_833' title='bbox 1517 4784 1647 4850; x_wconf 85' lang='lat' dir='ltr'><strong>quid</strong></span> <span class='ocrx_word' id='word_1_834' title='bbox 1691 4784 1761 4838; x_wconf 88' lang='lat' dir='ltr'><strong>sit</strong></span> <span class='ocrx_word' id='word_1_835' title='bbox 1809 4781 1955 4837; x_wconf 88' lang='lat' dir='ltr'><strong>aliud</strong></span> <span class='ocrx_word' id='word_1_836' title='bbox 2007 4779 2090 4836; x_wconf 87' lang='lat' dir='ltr'><strong>di-</strong></span> 
     </span>
    </p>
   </div>
   <div class='ocr_carea' id='block_1_96' title="bbox 484 4876 2092 4952">
    <p class='ocr_par' dir='ltr' id='par_1_96' title="bbox 484 4876 2092 4952">
     <span class='ocr_line' id='line_1_96' title="bbox 484 4876 2092 4952; baseline -0.005 -16"><span class='ocrx_word' id='word_1_837' title='bbox 484 4895 612 4936; x_wconf 87' lang='lat' dir='ltr'><strong>cere</strong></span> <span class='ocrx_word' id='word_1_838' title='bbox 633 4921 648 4946; x_wconf 93' lang='lat'><strong>,</strong></span> <span class='ocrx_word' id='word_1_839' title='bbox 688 4881 941 4938; x_wconf 72' lang='lat' dir='ltr'><strong>Damnata</strong></span> <span class='ocrx_word' id='word_1_840' title='bbox 971 4899 1116 4947; x_wconf 88' lang='lat' dir='ltr'><strong>eum,</strong></span> <span class='ocrx_word' id='word_1_841' title='bbox 1163 4897 1312 4952; x_wconf 84' lang='lat' dir='ltr'><strong>queat</strong></span> <span class='ocrx_word' id='word_1_842' title='bbox 1358 4881 1499 4934; x_wconf 88' lang='lat' dir='ltr'><strong>scitis</strong></span> <span class='ocrx_word' id='word_1_843' title='bbox 1526 4881 1841 4932; x_wconf 83' lang='lat' dir='ltr'><strong>innocentem</strong></span> <span class='ocrx_word' id='word_1_844' title='bbox 1872 4917 1886 4941; x_wconf 91' lang='lat'><strong>,</strong></span> <span class='ocrx_word' id='word_1_845' title='bbox 1937 4876 2092 4946; x_wconf 88' lang='lat' dir='ltr'><strong>facile</strong></span> 
     </span>
    </p>
   </div>
   <div class='ocr_carea' id='block_1_97' title="bbox 486 4965 2086 5040">
    <p class='ocr_par' dir='ltr' id='par_1_97' title="bbox 486 4965 2086 5040">
     <span class='ocr_line' id='line_1_97' title="bbox 486 4965 2086 5040; baseline -0.004 -14"><span class='ocrx_word' id='word_1_846' title='bbox 486 4983 667 5027; x_wconf 88' lang='lat' dir='ltr'><strong>contra</strong></span> <span class='ocrx_word' id='word_1_847' title='bbox 691 4972 789 5028; x_wconf 90' lang='lat' dir='ltr'><strong>Dei</strong></span> <span class='ocrx_word' id='word_1_848' title='bbox 819 4975 1102 5040; x_wconf 88' lang='lat' dir='ltr'><strong>mandata;</strong></span> <span class='ocrx_word' id='word_1_849' title='bbox 1133 4973 1258 5038; x_wconf 87' lang='lat' dir='ltr'><strong>nisi,</strong></span> <span class='ocrx_word' id='word_1_850' title='bbox 1292 4971 1489 5025; x_wconf 88' lang='lat' dir='ltr'><strong>evellite</strong></span> <span class='ocrx_word' id='word_1_851' title='bbox 1511 4969 1700 5037; x_wconf 85' lang='lat' dir='ltr'><strong>corda,</strong></span> <span class='ocrx_word' id='word_1_852' title='bbox 1731 4967 1896 5023; x_wconf 86' lang='lat' dir='ltr'><strong>tollite</strong></span> <span class='ocrx_word' id='word_1_853' title='bbox 1923 4965 2086 5020; x_wconf 71' lang='lat' dir='ltr'><strong>vobis-</strong></span> 
     </span>
    </p>
   </div>
   <div class='ocr_carea' id='block_1_98' title="bbox 558 5153 2083 5230">
    <p class='ocr_par' dir='ltr' id='par_1_98' title="bbox 558 5153 2083 5230">
     <span class='ocr_line' id='line_1_98' title="bbox 558 5153 2083 5230; baseline -0.003 -19"><span class='ocrx_word' id='word_1_854' title='bbox 558 5168 582 5195; x_wconf 76' lang='grc' dir='ltr'><strong>τι</strong></span> <span class='ocrx_word' id='word_1_855' title='bbox 615 5156 670 5212; x_wconf 87' lang='lat' dir='ltr'><strong>Id</strong></span> <span class='ocrx_word' id='word_1_856' title='bbox 701 5167 807 5223; x_wconf 90' lang='lat' dir='ltr'><strong>est,</strong></span> <span class='ocrx_word' id='word_1_857' title='bbox 839 5158 983 5230; x_wconf 87' lang='lat' dir='ltr'><strong>apud</strong></span> <span class='ocrx_word' id='word_1_858' title='bbox 1013 5167 1060 5213; x_wconf 90' lang='lat' dir='ltr'><strong>te</strong></span> <span class='ocrx_word' id='word_1_859' title='bbox 1087 5175 1211 5226; x_wconf 90' lang='lat' dir='ltr'><strong>esse,</strong></span> <span class='ocrx_word' id='word_1_860' title='bbox 1243 5158 1296 5214; x_wconf 88' lang='lat' dir='ltr'><strong>in</strong></span> <span class='ocrx_word' id='word_1_861' title='bbox 1319 5167 1410 5214; x_wconf 91' lang='lat' dir='ltr'><strong>tua</strong></span> <span class='ocrx_word' id='word_1_862' title='bbox 1441 5168 1690 5230; x_wconf 86' lang='lat' dir='ltr'><strong>potestate</strong></span> <span class='ocrx_word' id='word_1_863' title='bbox 1715 5198 1731 5230; x_wconf 86' lang='lat'><strong>,_</strong></span> <span class='ocrx_word' id='word_1_864' title='bbox 1763 5166 1913 5230; x_wconf 84' lang='lat' dir='ltr'><strong>atque</strong></span> <span class='ocrx_word' id='word_1_865' title='bbox 1943 5153 2083 5230; x_wconf 85' lang='lat' dir='ltr'><strong>arbi-</strong></span> 
     </span>
    </p>
   </div>
   <div class='ocr_carea' id='block_1_99' title="bbox 485 5225 2083 5311">
    <p class='ocr_par' dir='ltr' id='par_1_99' title="bbox 485 5225 2083 5311">
     <span class='ocr_line' id='line_1_99' title="bbox 485 5225 2083 5311; baseline -0.003 -28"><span class='ocrx_word' id='word_1_866' title='bbox 485 5230 621 5294; x_wconf 89' lang='lat' dir='ltr'><strong>trio;</strong></span> <span class='ocrx_word' id='word_1_867' title='bbox 660 5246 826 5311; x_wconf 74' lang='lat' dir='ltr'><strong>penes</strong></span> <span class='ocrx_word' id='word_1_868' title='bbox 857 5225 1101 5311; x_wconf 57' lang='lat' dir='ltr'><strong>te.,Dura</strong></span> <span class='ocrx_word' id='word_1_869' title='bbox 1126 5225 1336 5311; x_wconf 72' lang='lat' dir='ltr'><strong>es_t_,_ac_</strong></span> <span class='ocrx_word' id='word_1_870' title='bbox 1355 5225 1828 5311; x_wconf 52' lang='lat' dir='ltr'><strong>rudis-admodum</strong></span> <span class='ocrx_word' id='word_1_871' title='bbox 1860 5226 2083 5290; x_wconf 87' lang='lat' dir='ltr'><strong>locutio,</strong></span> 
     </span>
    </p>
   </div>
   <div class='ocr_carea' id='block_1_100' title="bbox 649 5318 1686 5355">
    <p class='ocr_par' dir='ltr' id='par_1_100' title="bbox 649 5318 1686 5355">
     <span class='ocr_line' id='line_1_100' title="bbox 649 5318 1686 5355; baseline -0.003 -1"><span class='ocrx_word' id='word_1_872' title='bbox 649 5318 922 5355; x_wconf 59' lang='lat' dir='ltr'><strong>{EDISSIIDC</strong></span> <span class='ocrx_word' id='word_1_873' title='bbox 955 5318 1142 5355; x_wconf 78' lang='lat' dir='ltr'><strong>Illll&#39;ll‘.</strong></span> <span class='ocrx_word' id='word_1_874' title='bbox 1182 5318 1276 5355; x_wconf 88' lang='grc' dir='ltr'><strong>ΙΙΙ.</strong></span> <span class='ocrx_word' id='word_1_875' title='bbox 1313 5318 1375 5354; x_wconf 86' lang='lat' dir='ltr'><strong>tu</strong></span> <span class='ocrx_word' id='word_1_876' title='bbox 1404 5318 1469 5355; x_wconf 89' lang='lat' dir='ltr'><strong>te.</strong></span> <span class='ocrx_word' id='word_1_877' title='bbox 1507 5318 1686 5354; x_wconf 63' lang='lat' dir='ltr'><strong>Lall&quot;.</strong></span> 
     </span>
    </p>
   </div>
   <div class='ocr_carea' id='block_1_101' title="bbox 484 5300 2084 5443">
    <p class='ocr_par' dir='ltr' id='par_1_101' title="bbox 484 5300 2084 5443">
     <span class='ocr_line' id='line_1_101' title="bbox 484 5300 1686 5372; baseline -0.001 -20"><span class='ocrx_word' id='word_1_878' title='bbox 484 5317 591 5372; x_wconf 91' lang='lat' dir='ltr'><strong>qua</strong></span> <span class='ocrx_word' id='word_1_879' title='bbox 618 5300 922 5366; x_wconf 77' lang='lat' dir='ltr'><strong>sacpissime</strong></span> <span class='ocrx_word' id='word_1_880' title='bbox 955 5303 1142 5355; x_wconf 85' lang='lat' dir='ltr'><strong>utitur.</strong></span> <span class='ocrx_word' id='word_1_881' title='bbox 1169 5302 1276 5355; x_wconf 88' lang='lat' dir='ltr'><strong>Til.</strong></span> <span class='ocrx_word' id='word_1_882' title='bbox 1313 5300 1375 5354; x_wconf 88' lang='lat' dir='ltr'><strong>In</strong></span> <span class='ocrx_word' id='word_1_883' title='bbox 1404 5313 1469 5355; x_wconf 86' lang='lat' dir='ltr'><strong>te.</strong></span> <span class='ocrx_word' id='word_1_884' title='bbox 1505 5300 1686 5354; x_wconf 86' lang='lat' dir='ltr'><strong>Latin.</strong></span> 
     </span>
     <span class='ocr_line' id='line_1_102' title="bbox 556 5367 2084 5443; baseline -0.003 -19"><span class='ocrx_word' id='word_1_885' title='bbox 556 5371 580 5408; x_wconf 72' lang='grc' dir='ltr'><strong>ι)</strong></span> <span class='ocrx_word' id='word_1_886' title='bbox 615 5372 933 5443; x_wconf 75' lang='lat' dir='ltr'><strong>Itegendum.</strong></span> <span class='ocrx_word' id='word_1_887' title='bbox 969 5373 1148 5428; x_wconf 86' lang='lat' dir='ltr'><strong>Latin.</strong></span> <span class='ocrx_word' id='word_1_888' title='bbox 1180 5372 1234 5427; x_wconf 79' lang='lat' dir='ltr'><strong>Id</strong></span> <span class='ocrx_word' id='word_1_889' title='bbox 1259 5380 1345 5428; x_wconf 86' lang='lat' dir='ltr'><strong>est</strong></span> <span class='ocrx_word' id='word_1_890' title='bbox 1367 5375 1434 5427; x_wconf 86' lang='lat' dir='ltr'><strong>ad</strong></span> <span class='ocrx_word' id='word_1_891' title='bbox 1460 5369 1740 5442; x_wconf 85' lang='lat' dir='ltr'><strong>regendum</strong></span> <span class='ocrx_word' id='word_1_892' title='bbox 1761 5411 1773 5430; x_wconf 89' lang='lat'><strong>,</strong></span> <span class='ocrx_word' id='word_1_893' title='bbox 1801 5383 1870 5443; x_wconf 76' lang='lat' dir='ltr'><strong>ac</strong></span> <span class='ocrx_word' id='word_1_894' title='bbox 1899 5367 2084 5437; x_wconf 85' lang='lat' dir='ltr'><strong>guber-</strong></span> 
     </span>
    </p>
   </div>
   <div class='ocr_carea' id='block_1_102' title="bbox 483 5438 2085 5515">
    <p class='ocr_par' dir='ltr' id='par_1_102' title="bbox 483 5438 2085 5515">
     <span class='ocr_line' id='line_1_103' title="bbox 483 5438 2085 5515; baseline -0.001 -20"><span class='ocrx_word' id='word_1_895' title='bbox 483 5438 710 5496; x_wconf 75' lang='lat' dir='ltr'><strong>nandum</strong></span> <span class='ocrx_word' id='word_1_896' title='bbox 751 5444 1003 5515; x_wconf 90' lang='lat' dir='ltr'><strong>populum</strong></span> <span class='ocrx_word' id='word_1_897' title='bbox 1043 5446 1194 5515; x_wconf 87' lang='lat' dir='ltr'><strong>ejus;</strong></span> <span class='ocrx_word' id='word_1_898' title='bbox 1238 5444 1325 5498; x_wconf 91' lang='lat' dir='ltr'><strong>ubi</strong></span> <span class='ocrx_word' id='word_1_899' title='bbox 1371 5438 1686 5515; x_wconf 73' lang='lat' dir='ltr'><strong>gererepro</strong></span> <span class='ocrx_word' id='word_1_900' title='bbox 1725 5438 2008 5515; x_wconf 81' lang='lat' dir='ltr'><strong>gubernare</strong></span> <span class='ocrx_word' id='word_1_901' title='bbox 2038 5450 2085 5494; x_wconf 88' lang='lat' dir='ltr'><strong>et</strong></span> 
     </span>
    </p>
   </div>
   <div class='ocr_carea' id='block_1_103' title="bbox 479 5511 2079 5587">
    <p class='ocr_par' dir='ltr' id='par_1_103' title="bbox 479 5511 2079 5587">
     <span class='ocr_line' id='line_1_104' title="bbox 479 5511 2079 5587; baseline -0.001 -23"><span class='ocrx_word' id='word_1_902' title='bbox 479 5529 655 5587; x_wconf 83' lang='lat' dir='ltr'><strong>regere</strong></span> <span class='ocrx_word' id='word_1_903' title='bbox 699 5511 957 5583; x_wconf 66' lang='lat' dir='ltr'><strong>usurpat:</strong></span> <span class='ocrx_word' id='word_1_904' title='bbox 1004 5511 1086 5568; x_wconf 55' lang='lat' dir='ltr'><strong>ve&#39;l</strong></span> <span class='ocrx_word' id='word_1_905' title='bbox 1136 5515 1278 5587; x_wconf 83' lang='lat' dir='ltr'><strong>forte</strong></span> <span class='ocrx_word' id='word_1_906' title='bbox 1325 5511 1512 5584; x_wconf 69' lang='lat' dir='ltr'><strong>reponi</strong></span> <span class='ocrx_word' id='word_1_907' title='bbox 1545 5511 2030 5587; x_wconf 40' lang='lat' dir='ltr'><strong>debet&#39;regendum</strong></span> <span class='ocrx_word' id='word_1_908' title='bbox 2063 5553 2079 5574; x_wconf 84' lang='lat'><strong>,</strong></span> 
     </span>
    </p>
   </div>
   <div class='ocr_carea' id='block_1_104' title="bbox 479 5579 2082 5652">
    <p class='ocr_par' dir='ltr' id='par_1_104' title="bbox 479 5579 2082 5652">
     <span class='ocr_line' id='line_1_105' title="bbox 479 5579 2082 5652; baseline 0.001 -17"><span class='ocrx_word' id='word_1_909' title='bbox 479 5579 622 5652; x_wconf 66' lang='lat' dir='ltr'><strong>quod</strong></span> <span class='ocrx_word' id='word_1_910' title='bbox 663 5579 999 5639; x_wconf 76' lang='lat' dir='ltr'><strong>iminntatum</strong></span> <span class='ocrx_word' id='word_1_911' title='bbox 1031 5598 1112 5641; x_wconf 83' lang='lat' dir='ltr'><strong>est</strong></span> <span class='ocrx_word' id='word_1_912' title='bbox 1147 5586 1352 5641; x_wconf 83' lang='lat' dir='ltr'><strong>librarii</strong></span> <span class='ocrx_word' id='word_1_913' title='bbox 1385 5579 1537 5640; x_wconf 61' lang='lat' dir='ltr'><strong>vitio.</strong></span> <span class='ocrx_word' id='word_1_914' title='bbox 1577 5584 1681 5638; x_wconf 88' lang='lat' dir='ltr'><strong>Til.</strong></span> <span class='ocrx_word' id='word_1_915' title='bbox 1717 5593 1765 5636; x_wconf 88' lang='lat' dir='ltr'><strong>et</strong></span> <span class='ocrx_word' id='word_1_916' title='bbox 1791 5579 1864 5636; x_wconf 81' lang='lat' dir='ltr'><strong>La</strong></span> <span class='ocrx_word' id='word_1_917' title='bbox 1894 5579 2082 5637; x_wconf 83' lang='lat' dir='ltr'><strong>Cerdo.</strong></span> 
     </span>
    </p>
   </div>
   <div class='ocr_carea' id='block_1_105' title="bbox 559 5657 2090 5735">
    <p class='ocr_par' dir='ltr' id='par_1_105' title="bbox 559 5657 2090 5735">
     <span class='ocr_line' id='line_1_106' title="bbox 559 5657 2090 5735; baseline 0.004 -30"><span class='ocrx_word' id='word_1_918' title='bbox 559 5667 580 5692; x_wconf 78' lang='grc' dir='ltr'><strong>ο</strong></span> <span class='ocrx_word' id='word_1_919' title='bbox 619 5657 769 5735; x_wconf 57' lang='grc' dir='ltr'><strong>ᾼριηι</strong></span> <span class='ocrx_word' id='word_1_920' title='bbox 793 5657 981 5714; x_wconf 83' lang='lat' dir='ltr'><strong>Sabat.</strong></span> <span class='ocrx_word' id='word_1_921' title='bbox 1019 5661 1218 5735; x_wconf 77' lang='lat' dir='ltr'><strong>Scribat</strong></span> <span class='ocrx_word' id='word_1_922' title='bbox 1369 5674 1412 5715; x_wconf 89' lang='lat' dir='ltr'><strong>et</strong></span> <span class='ocrx_word' id='word_1_923' title='bbox 1434 5663 1562 5735; x_wconf 74' lang='lat' dir='ltr'><strong>leget</strong></span> <span class='ocrx_word' id='word_1_924' title='bbox 1585 5676 1702 5715; x_wconf 89' lang='lat' dir='ltr'><strong>eum</strong></span> <span class='ocrx_word' id='word_1_925' title='bbox 1728 5661 1964 5735; x_wconf 69' lang='lat' dir='ltr'><strong>omnibus</strong></span> <span class='ocrx_word' id='word_1_926' title='bbox 1985 5661 2090 5712; x_wconf 61' lang='grc' dir='ltr'><strong>(ἧσο</strong></span> 
     </span>
    </p>
   </div>
   <div class='ocr_carea' id='block_1_106' title="bbox 483 5727 2092 5794">
    <p class='ocr_par' dir='ltr' id='par_1_106' title="bbox 483 5727 2092 5794">
     <span class='ocr_line' id='line_1_107' title="bbox 483 5727 2092 5794; baseline -0.001 -12"><span class='ocrx_word' id='word_1_927' title='bbox 483 5727 576 5782; x_wconf 86' lang='lat' dir='ltr'><strong>bus</strong></span> <span class='ocrx_word' id='word_1_928' title='bbox 601 5729 719 5779; x_wconf 76' lang='lat' dir='ltr'><strong>vine</strong></span> <span class='ocrx_word' id='word_1_929' title='bbox 747 5747 852 5783; x_wconf 75' lang='lat' dir='ltr'><strong>sum</strong></span> <span class='ocrx_word' id='word_1_930' title='bbox 878 5773 892 5792; x_wconf 86' lang='lat'><strong>,</strong></span> <span class='ocrx_word' id='word_1_931' title='bbox 925 5742 978 5784; x_wconf 92' lang='lat' dir='ltr'><strong>ut</strong></span> <span class='ocrx_word' id='word_1_932' title='bbox 1007 5734 1165 5786; x_wconf 79' lang='lat' dir='ltr'><strong>discat</strong></span> <span class='ocrx_word' id='word_1_933' title='bbox 1208 5734 1385 5786; x_wconf 88' lang='lat' dir='ltr'><strong>timere</strong></span> <span class='ocrx_word' id='word_1_934' title='bbox 1431 5727 1706 5788; x_wconf 70' lang='lat' dir='ltr'><strong>Dominum</strong></span> <span class='ocrx_word' id='word_1_935' title='bbox 1749 5729 1913 5784; x_wconf 89' lang='lat' dir='ltr'><strong>Deam</strong></span> <span class='ocrx_word' id='word_1_936' title='bbox 1943 5746 2092 5794; x_wconf 82' lang='lat' dir='ltr'><strong>suum</strong></span> 
     </span>
    </p>
   </div>
   <div class='ocr_carea' id='block_1_107' title="bbox 485 5800 2090 5866">
    <p class='ocr_par' dir='ltr' id='par_1_107' title="bbox 485 5800 2090 5866">
     <span class='ocr_line' id='line_1_108' title="bbox 485 5800 2090 5866; baseline 0.003 -16"><span class='ocrx_word' id='word_1_937' title='bbox 485 5834 580 5866; x_wconf 50' lang='grc' dir='ltr'><strong>...τ</strong></span> <span class='ocrx_word' id='word_1_938' title='bbox 608 5814 638 5847; x_wconf 93' lang='lat' dir='ltr'><strong>a</strong></span> <span class='ocrx_word' id='word_1_939' title='bbox 668 5800 913 5866; x_wconf 75' lang='lat' dir='ltr'><strong>fratribus</strong></span> <span class='ocrx_word' id='word_1_940' title='bbox 941 5803 1080 5863; x_wconf 88' lang='lat' dir='ltr'><strong>suis,</strong></span> <span class='ocrx_word' id='word_1_941' title='bbox 1113 5812 1242 5865; x_wconf 82' lang='lat' dir='ltr'><strong>ctc..,</strong></span> <span class='ocrx_word' id='word_1_942' title='bbox 1273 5805 1497 5862; x_wconf 52' lang='lat' dir='ltr'><strong>omnino.</strong></span> <span class='ocrx_word' id='word_1_943' title='bbox 1525 5805 1696 5860; x_wconf 81' lang='lat' dir='ltr'><strong>ferme</strong></span> <span class='ocrx_word' id='word_1_944' title='bbox 1727 5817 1848 5858; x_wconf 88' lang='lat' dir='ltr'><strong>cum</strong></span> <span class='ocrx_word' id='word_1_945' title='bbox 1879 5801 2090 5859; x_wconf 66' lang='lat' dir='ltr'><strong>Graeco.</strong></span> 
     </span>
    </p>
   </div>
   <div class='ocr_carea' id='block_1_108' title="bbox 557 5864 1230 5927">
    <p class='ocr_par' dir='ltr' id='par_1_108' title="bbox 557 5864 1230 5927">
     <span class='ocr_line' id='line_1_109' title="bbox 557 5864 1230 5927; baseline 0 -3"><span class='ocrx_word' id='word_1_946' title='bbox 557 5864 584 5905; x_wconf 70' lang='grc' dir='ltr'><strong>ἀ</strong></span> <span class='ocrx_word' id='word_1_947' title='bbox 610 5864 697 5924; x_wconf 75' lang='grc' dir='ltr'><strong>Εἰ.</strong></span> <span class='ocrx_word' id='word_1_948' title='bbox 730 5865 832 5923; x_wconf 89' lang='lat' dir='ltr'><strong>Til.</strong></span> <span class='ocrx_word' id='word_1_949' title='bbox 860 5881 914 5924; x_wconf 87' lang='lat' dir='ltr'><strong>et</strong></span> <span class='ocrx_word' id='word_1_950' title='bbox 938 5869 1008 5923; x_wconf 87' lang='lat' dir='ltr'><strong>La</strong></span> <span class='ocrx_word' id='word_1_951' title='bbox 1039 5870 1230 5927; x_wconf 75' lang='lat' dir='ltr'><strong>Cerdo.</strong></span> 
     </span>
    </p>
   </div>
   <div class='ocr_carea' id='block_1_109' title="bbox 2200 4778 3809 4851">
    <p class='ocr_par' dir='ltr' id='par_1_109' title="bbox 2200 4778 3809 4851">
     <span class='ocr_line' id='line_1_110' title="bbox 2200 4778 3809 4851; baseline 0 -18"><span class='ocrx_word' id='word_1_952' title='bbox 2200 4790 2404 4833; x_wconf 86' lang='lat' dir='ltr'><strong>tuorum</strong></span> <span class='ocrx_word' id='word_1_953' title='bbox 2433 4821 2446 4843; x_wconf 93' lang='lat'><strong>,</strong></span> <span class='ocrx_word' id='word_1_954' title='bbox 2507 4789 2553 4831; x_wconf 90' lang='lat' dir='ltr'><strong>et</strong></span> <span class='ocrx_word' id='word_1_955' title='bbox 2593 4795 2768 4851; x_wconf 86' lang='lat' dir='ltr'><strong>greges</strong></span> <span class='ocrx_word' id='word_1_956' title='bbox 2813 4778 2984 4833; x_wconf 80' lang='lat' dir='ltr'><strong>arium</strong></span> <span class='ocrx_word' id='word_1_957' title='bbox 3028 4789 3277 4848; x_wconf 82' lang='lat' dir='ltr'><strong>tuarum,</strong></span> <span class='ocrx_word' id='word_1_958' title='bbox 3322 4778 3629 4834; x_wconf 84' lang='lat' dir='ltr'><strong>ntaledictus</strong></span> <span class='ocrx_word' id='word_1_959' title='bbox 3670 4789 3725 4831; x_wconf 87' lang='lat' dir='ltr'><strong>tu</strong></span> <span class='ocrx_word' id='word_1_960' title='bbox 3756 4780 3809 4833; x_wconf 89' lang='lat' dir='ltr'><strong>iu</strong></span> 
     </span>
    </p>
   </div>
   <div class='ocr_carea' id='block_1_110' title="bbox 2199 4868 3806 4943">
    <p class='ocr_par' dir='ltr' id='par_1_110' title="bbox 2199 4868 3806 4943">
     <span class='ocr_line' id='line_1_111' title="bbox 2199 4868 3806 4943; baseline -0.001 -17"><span class='ocrx_word' id='word_1_961' title='bbox 2199 4889 2377 4943; x_wconf 85' lang='lat' dir='ltr'><strong>gressu</strong></span> <span class='ocrx_word' id='word_1_962' title='bbox 2419 4881 2526 4925; x_wconf 89' lang='lat' dir='ltr'><strong>tuo.</strong></span> <span class='ocrx_word' id='word_1_963' title='bbox 2563 4868 2730 4924; x_wconf 79' lang='lat' dir='ltr'><strong>Mittet</strong></span> <span class='ocrx_word' id='word_1_964' title='bbox 2761 4870 2852 4924; x_wconf 90' lang='lat' dir='ltr'><strong>tibi</strong></span> <span class='ocrx_word' id='word_1_965' title='bbox 2884 4869 3138 4923; x_wconf 87' lang='lat' dir='ltr'><strong>Dominus</strong></span> <span class='ocrx_word' id='word_1_966' title='bbox 3171 4870 3384 4924; x_wconf 85' lang='lat' dir='ltr'><strong>ta&#39;dinm</strong></span> <span class='ocrx_word' id='word_1_967' title='bbox 3412 4881 3456 4923; x_wconf 89' lang='lat' dir='ltr'><strong>et</strong></span> <span class='ocrx_word' id='word_1_968' title='bbox 3485 4871 3709 4943; x_wconf 85' lang='lat' dir='ltr'><strong>thlipsen</strong></span> <span class='ocrx_word' id='word_1_969' title='bbox 3737 4869 3762 4906; x_wconf 53' lang='grc'><strong>⁸</strong></span> <span class='ocrx_word' id='word_1_970' title='bbox 3790 4913 3806 4940; x_wconf 84' lang='lat'><strong>,</strong></span> 
     </span>
    </p>
   </div>
   <div class='ocr_carea' id='block_1_111' title="bbox 2199 4963 3809 5034">
    <p class='ocr_par' dir='ltr' id='par_1_111' title="bbox 2199 4963 3809 5034">
     <span class='ocr_line' id='line_1_112' title="bbox 2199 4963 3809 5034; baseline -0.001 -17"><span class='ocrx_word' id='word_1_971' title='bbox 2199 4976 2245 5018; x_wconf 83' lang='lat' dir='ltr'><strong>et</strong></span> <span class='ocrx_word' id='word_1_972' title='bbox 2271 4967 2581 5020; x_wconf 74' lang='lat' dir='ltr'><strong>anxietatem</strong></span> <span class='ocrx_word' id='word_1_973' title='bbox 2613 4965 2666 5018; x_wconf 92' lang='lat' dir='ltr'><strong>in</strong></span> <span class='ocrx_word' id='word_1_974' title='bbox 2699 4965 2872 5019; x_wconf 87' lang='lat' dir='ltr'><strong>omnia</strong></span> <span class='ocrx_word' id='word_1_975' title='bbox 2913 4980 3232 5034; x_wconf 83' lang='lat' dir='ltr'><strong>quocumque</strong></span> <span class='ocrx_word' id='word_1_976' title='bbox 3276 4963 3548 5017; x_wconf 89' lang='lat' dir='ltr'><strong>immiseris</strong></span> <span class='ocrx_word' id='word_1_977' title='bbox 3594 4979 3809 5018; x_wconf 81' lang='lat' dir='ltr'><strong>manum</strong></span> 
     </span>
    </p>
   </div>
   <div class='ocr_carea' id='block_1_112' title="bbox 2267 5151 3728 5228">
    <p class='ocr_par' dir='ltr' id='par_1_112' title="bbox 2267 5151 3728 5228">
     <span class='ocr_line' id='line_1_113' title="bbox 2267 5151 3728 5228; baseline 0.002 -25"><span class='ocrx_word' id='word_1_978' title='bbox 2267 5163 2288 5228; x_wconf 56' lang='grc' dir='ltr'><strong>ς</strong></span> <span class='ocrx_word' id='word_1_979' title='bbox 2318 5153 2480 5228; x_wconf 65' lang='lat' dir='ltr'><strong>Deest</strong></span> <span class='ocrx_word' id='word_1_980' title='bbox 2511 5154 2652 5228; x_wconf 78' lang='lat' dir='ltr'><strong>testis</strong></span> <span class='ocrx_word' id='word_1_981' title='bbox 2683 5153 2823 5223; x_wconf 86' lang='lat' dir='ltr'><strong>apud</strong></span> <span class='ocrx_word' id='word_1_982' title='bbox 2853 5153 3044 5228; x_wconf 48' lang='lat' dir='ltr'><strong>Sabat:</strong></span> <span class='ocrx_word' id='word_1_983' title='bbox 3072 5152 3165 5209; x_wconf 90' lang='lat' dir='ltr'><strong>sed</strong></span> <span class='ocrx_word' id='word_1_984' title='bbox 3193 5152 3371 5228; x_wconf 71' lang='lat' dir='ltr'><strong>Grzec.</strong></span> <span class='ocrx_word' id='word_1_985' title='bbox 3406 5151 3606 5228; x_wconf 77' lang='grc' dir='ltr'><strong>μάρτυς</strong></span> <span class='ocrx_word' id='word_1_986' title='bbox 3630 5153 3728 5228; x_wconf 71' lang='grc' dir='ltr'><strong>εξς.</strong></span> 
     </span>
    </p>
   </div>
   <div class='ocr_carea' id='block_1_113' title="bbox 2267 5221 3804 5302">
    <p class='ocr_par' dir='ltr' id='par_1_113' title="bbox 2267 5221 3804 5302">
     <span class='ocr_line' id='line_1_114' title="bbox 2267 5221 3804 5302; baseline 0.001 -24"><span class='ocrx_word' id='word_1_987' title='bbox 2267 5221 2287 5302; x_wconf 59' lang='grc' dir='ltr'>ξ</span> <span class='ocrx_word' id='word_1_988' title='bbox 2322 5227 2506 5280; x_wconf 74' lang='lat' dir='ltr'><strong>Saluti.</strong></span> <span class='ocrx_word' id='word_1_989' title='bbox 2544 5224 2672 5302; x_wconf 77' lang='lat' dir='ltr'><strong>legit</strong></span> <span class='ocrx_word' id='word_1_990' title='bbox 2699 5221 2970 5297; x_wconf 82' lang='lat' dir='ltr'><strong>auferetis.</strong></span> <span class='ocrx_word' id='word_1_991' title='bbox 3006 5224 3190 5282; x_wconf 81' lang='lat' dir='ltr'><strong>Gra-c.</strong></span> <span class='ocrx_word' id='word_1_992' title='bbox 3220 5221 3538 5302; x_wconf 57' lang='lat' dir='ltr'><strong>cstiEa&#39;pcig,</strong></span> <span class='ocrx_word' id='word_1_993' title='bbox 3571 5224 3804 5294; x_wconf 68' lang='lat' dir='ltr'><strong>auferes,</strong></span> 
     </span>
    </p>
   </div>
   <div class='ocr_carea' id='block_1_114' title="bbox 2189 5293 2713 5350">
    <p class='ocr_par' dir='ltr' id='par_1_114' title="bbox 2189 5293 2713 5350">
     <span class='ocr_line' id='line_1_115' title="bbox 2189 5293 2713 5350; baseline -0.004 0"><span class='ocrx_word' id='word_1_994' title='bbox 2189 5305 2249 5350; x_wconf 88' lang='lat' dir='ltr'><strong>ut</strong></span> <span class='ocrx_word' id='word_1_995' title='bbox 2275 5293 2327 5350; x_wconf 89' lang='lat' dir='ltr'><strong>in</strong></span> <span class='ocrx_word' id='word_1_996' title='bbox 2363 5305 2548 5349; x_wconf 79' lang='lat' dir='ltr'><strong>nostra</strong></span> <span class='ocrx_word' id='word_1_997' title='bbox 2579 5297 2713 5350; x_wconf 86' lang='lat' dir='ltr'><strong>edit.</strong></span> 
     </span>
    </p>
   </div>
   <div class='ocr_carea' id='block_1_115' title="bbox 2264 5366 2872 5438">
    <p class='ocr_par' dir='ltr' id='par_1_115' title="bbox 2264 5366 2872 5438">
     <span class='ocr_line' id='line_1_116' title="bbox 2264 5366 2872 5438; baseline 0.007 -20"><span class='ocrx_word' id='word_1_998' title='bbox 2264 5374 2288 5438; x_wconf 65' lang='grc' dir='ltr'>β</span> <span class='ocrx_word' id='word_1_999' title='bbox 2325 5366 2662 5438; x_wconf 77' lang='lat' dir='ltr'><strong>Demergunt.</strong></span> <span class='ocrx_word' id='word_1_1000' title='bbox 2699 5366 2872 5422; x_wconf 76' lang='lat' dir='ltr'><strong>Vatic.</strong></span> 
     </span>
    </p>
   </div>
   <div class='ocr_carea' id='block_1_116' title="bbox 2263 5433 3250 5513">
    <p class='ocr_par' dir='ltr' id='par_1_116' title="bbox 2263 5433 3250 5513">
     <span class='ocr_line' id='line_1_117' title="bbox 2263 5433 3250 5513; baseline 0 -21"><span class='ocrx_word' id='word_1_1001' title='bbox 2263 5433 2286 5513; x_wconf 54' lang='lat'><strong>1“</strong></span> <span class='ocrx_word' id='word_1_1002' title='bbox 2315 5436 2379 5513; x_wconf 74' lang='lat' dir='ltr'><strong>In</strong></span> <span class='ocrx_word' id='word_1_1003' title='bbox 2408 5433 2788 5513; x_wconf 24' lang='lat' dir='ltr'><strong>sortemraptttl</strong></span> <span class='ocrx_word' id='word_1_1004' title='bbox 2824 5439 3014 5495; x_wconf 77' lang='lat' dir='ltr'><strong>Saltat.</strong></span> <span class='ocrx_word' id='word_1_1005' title='bbox 3089 5512 3095 5513; x_wconf 13' lang='grc' dir='ltr'>ί</span> <span class='ocrx_word' id='word_1_1006' title='bbox 3218 5497 3250 5513; x_wconf 29' lang='grc'><strong>4,</strong></span> 
     </span>
    </p>
   </div>
   <div class='ocr_carea' id='block_1_117' title="bbox 2266 5508 3804 5577">
    <p class='ocr_par' dir='ltr' id='par_1_117' title="bbox 2266 5508 3804 5577">
     <span class='ocr_line' id='line_1_118' title="bbox 2266 5508 3804 5577; baseline 0.001 -15"><span class='ocrx_word' id='word_1_1007' title='bbox 2266 5508 2282 5548; x_wconf 72' lang='grc' dir='ltr'><strong>ί</strong></span> <span class='ocrx_word' id='word_1_1008' title='bbox 2310 5511 2678 5564; x_wconf 73' lang='lat' dir='ltr'><strong>Abominabilis</strong></span> <span class='ocrx_word' id='word_1_1009' title='bbox 2699 5527 2814 5562; x_wconf 87' lang='lat' dir='ltr'><strong>eum</strong></span> <span class='ocrx_word' id='word_1_1010' title='bbox 2835 5512 3124 5565; x_wconf 78' lang='lat' dir='ltr'><strong>esse‘sacris</strong></span> <span class='ocrx_word' id='word_1_1011' title='bbox 3147 5508 3804 5577; x_wconf 53' lang='lat' dir='ltr'><strong>referaturhtterisﬂﬂic.</strong></span> 
     </span>
    </p>
   </div>
   <div class='ocr_carea' id='block_1_118' title="bbox 2267 5579 3809 5649">
    <p class='ocr_par' dir='ltr' id='par_1_118' title="bbox 2267 5579 3809 5649">
     <span class='ocr_line' id='line_1_119' title="bbox 2267 5579 3809 5649; baseline 0.001 -18"><span class='ocrx_word' id='word_1_1012' title='bbox 2267 5586 2280 5631; x_wconf 79' lang='grc' dir='ltr'><strong><em>ι</em></strong></span> <span class='ocrx_word' id='word_1_1013' title='bbox 2322 5583 2561 5637; x_wconf 76' lang='lat' dir='ltr'><strong>Audieris</strong></span> <span class='ocrx_word' id='word_1_1014' title='bbox 2706 5579 2798 5634; x_wconf 83' lang='lat' dir='ltr'><strong>Dei</strong></span> <span class='ocrx_word' id='word_1_1015' title='bbox 2827 5584 2903 5636; x_wconf 82' lang='lat' dir='ltr'><strong>tui</strong></span> <span class='ocrx_word' id='word_1_1016' title='bbox 2933 5583 3072 5649; x_wconf 84' lang='lat' dir='ltr'><strong>apud</strong></span> <span class='ocrx_word' id='word_1_1017' title='bbox 3102 5581 3286 5638; x_wconf 72' lang='lat' dir='ltr'><strong>Sabat.</strong></span> <span class='ocrx_word' id='word_1_1018' title='bbox 3317 5591 3373 5636; x_wconf 90' lang='lat' dir='ltr'><strong>et</strong></span> <span class='ocrx_word' id='word_1_1019' title='bbox 3401 5590 3457 5634; x_wconf 90' lang='lat' dir='ltr'><strong>ut</strong></span> <span class='ocrx_word' id='word_1_1020' title='bbox 3478 5580 3741 5634; x_wconf 85' lang='lat' dir='ltr'><strong>custodias</strong></span> <span class='ocrx_word' id='word_1_1021' title='bbox 3762 5590 3809 5633; x_wconf 84' lang='lat' dir='ltr'><strong>et</strong></span> 
     </span>
    </p>
   </div>
   <div class='ocr_carea' id='block_1_119' title="bbox 2193 5653 3804 5726">
    <p class='ocr_par' dir='ltr' id='par_1_119' title="bbox 2193 5653 3804 5726">
     <span class='ocr_line' id='line_1_120' title="bbox 2193 5653 3804 5726; baseline -0.001 -20"><span class='ocrx_word' id='word_1_1022' title='bbox 2193 5654 2557 5726; x_wconf 78' lang='lat' dir='ltr'><strong>facias.Gr:ec.</strong></span> <span class='ocrx_word' id='word_1_1023' title='bbox 2581 5656 2630 5707; x_wconf 92' lang='lat' dir='ltr'><strong>iu</strong></span> <span class='ocrx_word' id='word_1_1024' title='bbox 2651 5655 2945 5708; x_wconf 79' lang='lat' dir='ltr'><strong>mss.Alex.</strong></span> <span class='ocrx_word' id='word_1_1025' title='bbox 2971 5668 3020 5707; x_wconf 88' lang='lat' dir='ltr'><strong>et</strong></span> <span class='ocrx_word' id='word_1_1026' title='bbox 3039 5653 3212 5709; x_wconf 80' lang='lat' dir='ltr'><strong>Oxon.</strong></span> <span class='ocrx_word' id='word_1_1027' title='bbox 3238 5653 3804 5726; x_wconf 54' lang='lat' dir='ltr'><strong>quiaagstvzaimiv.</strong></span> 
     </span>
    </p>
   </div>
   <div class='ocr_carea' id='block_1_120' title="bbox 2266 5723 3806 5800">
    <p class='ocr_par' dir='ltr' id='par_1_120' title="bbox 2266 5723 3806 5800">
     <span class='ocr_line' id='line_1_121' title="bbox 2266 5723 3806 5800; baseline -0.002 -22"><span class='ocrx_word' id='word_1_1028' title='bbox 2266 5727 2290 5764; x_wconf 71' lang='grc' dir='ltr'><strong>ιι</strong></span> <span class='ocrx_word' id='word_1_1029' title='bbox 2327 5725 2610 5800; x_wconf 55' lang='lat' dir='ltr'><strong>Tttlipscn,</strong></span> <span class='ocrx_word' id='word_1_1030' title='bbox 2643 5726 2981 5800; x_wconf 69' lang='lat' dir='ltr'><strong>afﬂictionem</strong></span> <span class='ocrx_word' id='word_1_1031' title='bbox 3002 5767 3016 5791; x_wconf 92' lang='lat'><strong>,</strong></span> <span class='ocrx_word' id='word_1_1032' title='bbox 3043 5741 3071 5800; x_wconf 81' lang='lat' dir='ltr'><strong>a</strong></span> <span class='ocrx_word' id='word_1_1033' title='bbox 3094 5723 3289 5800; x_wconf 63' lang='lat' dir='ltr'><strong>Gnaeo</strong></span> <span class='ocrx_word' id='word_1_1034' title='bbox 3317 5724 3523 5800; x_wconf 57' lang='grc' dir='ltr'><strong>θλίψιςζ</strong></span> <span class='ocrx_word' id='word_1_1035' title='bbox 3553 5723 3699 5778; x_wconf 81' lang='lat' dir='ltr'><strong>unde</strong></span> <span class='ocrx_word' id='word_1_1036' title='bbox 3726 5723 3806 5776; x_wconf 76' lang='lat' dir='ltr'><strong>fa-</strong></span> 
     </span>
    </p>
   </div>
   <div class='ocr_carea' id='block_1_121' title="bbox 2199 5795 3808 5869">
    <p class='ocr_par' dir='ltr' id='par_1_121' title="bbox 2199 5795 3808 5869">
     <span class='ocr_line' id='line_1_122' title="bbox 2199 5795 3808 5869; baseline -0.002 -15"><span class='ocrx_word' id='word_1_1037' title='bbox 2199 5800 2302 5854; x_wconf 67' lang='lat' dir='ltr'><strong>cile</strong></span> <span class='ocrx_word' id='word_1_1038' title='bbox 2331 5795 2800 5869; x_wconf 62' lang='lat' dir='ltr'><strong>intelligitur,eos</strong></span> <span class='ocrx_word' id='word_1_1039' title='bbox 2826 5797 2984 5867; x_wconf 73' lang='lat' dir='ltr'><strong>vulgo</strong></span> <span class='ocrx_word' id='word_1_1040' title='bbox 3017 5799 3094 5853; x_wconf 91' lang='lat' dir='ltr'><strong>sic</strong></span> <span class='ocrx_word' id='word_1_1041' title='bbox 3125 5798 3359 5869; x_wconf 72' lang='lat' dir='ltr'><strong>loeutus,</strong></span> <span class='ocrx_word' id='word_1_1042' title='bbox 3385 5795 3808 5869; x_wconf 67' lang='lat' dir='ltr'><strong>etplcrumquo</strong></span> 
     </span>
    </p>
   </div>
   <div class='ocr_carea' id='block_1_122' title="bbox 2203 5865 3808 5944">
    <p class='ocr_par' dir='ltr' id='par_1_122' title="bbox 2203 5865 3808 5944">
     <span class='ocr_line' id='line_1_123' title="bbox 2203 5865 3808 5944; baseline 0.002 -21"><span class='ocrx_word' id='word_1_1043' title='bbox 2203 5865 2532 5941; x_wconf 58' lang='lat' dir='ltr'><strong>graecizarei</strong></span> <span class='ocrx_word' id='word_1_1044' title='bbox 2576 5871 2629 5926; x_wconf 90' lang='lat' dir='ltr'><strong>in</strong></span> <span class='ocrx_word' id='word_1_1045' title='bbox 2662 5869 2838 5927; x_wconf 81' lang='lat' dir='ltr'><strong>insula</strong></span> <span class='ocrx_word' id='word_1_1046' title='bbox 2875 5865 3058 5939; x_wconf 87' lang='lat' dir='ltr'><strong>enim,</strong></span> <span class='ocrx_word' id='word_1_1047' title='bbox 3094 5871 3148 5928; x_wconf 91' lang='lat' dir='ltr'><strong>in</strong></span> <span class='ocrx_word' id='word_1_1048' title='bbox 3175 5885 3280 5944; x_wconf 80' lang='lat' dir='ltr'><strong>qua</strong></span> <span class='ocrx_word' id='word_1_1049' title='bbox 3305 5867 3524 5926; x_wconf 81' lang='lat' dir='ltr'><strong>Lueiier</strong></span> <span class='ocrx_word' id='word_1_1050' title='bbox 3550 5865 3808 5926; x_wconf 69' lang='lat' dir='ltr'><strong>moraba-</strong></span> 
     </span>
    </p>
   </div>
  </div>
