4148 6186
257 377 367 438 83)

1336 376 1475 438 PRO
1506 378 1779 446 unum
1818 379 2224 454 ATHANASIO
2261 383 2390 448 LIB.
2434 385 2475 441 l.

3464 390 3571 460 βω

258 500 431 556 timui,
478 502 811 570 animumque
844 490 999 561 facies
1027 533 1040 551 ,
1073 490 1403 560 quoadusque
1434 491 1700 572 disperdat
1732 503 1777 556 te
1804 494 1856 558 in
1965 497 2118 568 nasio
2145 538 2160 567 ,
2207 499 2513 573 catholicus
2547 501 2802 570 debuerit
2830 518 2924 574 per
2965 503 3275 572 catholicos
3314 501 3567 568 ordinari

258 581 395 640 brevi
423 589 634 660 proer
654 569 931 654 neqttitiam
949 583 1241 638 studiorum
1271 594 1476 640 tuorum
1501 569 1610 657 (Ib.
1641 600 1813 642 xxvm
1842 625 1858 660 ,

262 670 373 741 15).
408 671 465 728 Si
501 687 607 732 non
636 681 762 732 sunt
791 673 929 740 mula
960 671 1137 727 studia
1169 672 1308 730 falsa
1339 674 1559 736 mittere
1589 675 1818 742 crimina
1844 718 1860 748 ,

260 766 520 836 persequi
550 764 644 818 Dei
675 763 948 830 cultores,
982 765 1079 822 Dei
1112 767 1473 822 idololatriam
1508 767 1861 830 itttrudtthre

259 854 318 910 in
371 855 700 922 Ecclesium,
736 872 897 910 manu
933 857 1152 911 militari
1179 859 1434 929 jugulare
1475 859 1768 916 credentes
1808 864 1862 918 in

262 952 484 1006 unicum
517 949 614 1006 Dei
647 949 842 1004 Filium
871 991 884 1016 ,
920 961 1175 1021 poterunt
1206 952 1321 1008 haec
1351 953 1636 1010 maledicta
1671 970 1775 1010 non
1813 964 1863 1014 te

269 1058 338 1106 ac
365 1051 546 1098 tecum
585 1033 998 1112 apprehendere
1037 1055 1344 1101 currentes.
1387 1045 1714 1110 Convocasti
1761 1029 1862 1108 nos

261 1136 328 1190 ad
359 1136 452 1188 Dei
483 1133 823 1192 sacerdotem
853 1136 1211 1218 iugulandum
1233 1180 1248 1204 ,
1289 1138 1354 1192 ad
1382 1155 1505 1194 eum
1539 1123 1860 1200 ittteritt'ten4

259 1229 436 1296 dum,
486 1244 588 1300 per
629 1245 788 1304 quem
835 1241 887 1286 te
937 1242 1207 1303 praecepta
1252 1250 1348 1296 sua
1390 1235 1586 1292 audire
1617 1237 1865 1297 sanxerit

257 1323 422 1377 Deus.
459 1319 524 1376 Et
556 1323 760 1389 scripsit
786 1321 988 1394 Moyses
1018 1325 1169 1379 verba
1198 1327 1327 1397 legis
1359 1328 1512 1398 hujus
1542 1329 1594 1387 in
1620 1329 1775 1398 libro,
1815 1342 1860 1387 et

259 1416 401 1471 dedit
430 1433 548 1472 eum
575 1417 928 1473 sacerdotibus
954 1433 1000 1474 et
1023 1420 1206 1488 lenitis,
1237 1427 1323 1492 qui
1355 1422 1544 1477 tollunt
1568 1440 1741 1479 arcam
1763 1435 1864 1480 tes-
1900 1429 1908 1437 '

261 1509 476 1563 tumenti
506 1506 718 1564 Domini
743 1552 758 1590 ,_
790 1521 838 1564 et
867 1512 1198 1590 presbyteriis
1228 1522 1254 1550 ει
1283 1513 1478 1570 Israel.
1506 1514 1574 1570 Et
1600 1518 1862 1590 mandarit

259 1601 333 1655 eis
366 1599 571 1670 Moyses
613 1602 666 1656 in
693 1587 787 1656 illa
815 1602 899 1658 die
923 1645 936 1671 ,
970 1589 1186 1660 dicens:
1215 1604 1343 1661 Post
1387 1616 1580 1677 septem
1617 1625 1780 1664 annos
1810 1587 1862 1674 in

263 1705 490 1765 tempore
508 1696 634 1750 anni
681 1697 998 1780 remissionis
1045 1700 1099 1754 in
1145 1701 1228 1758 die
1269 1703 1400 1772 festo
1449 1703 1764 1774 scenOpegite
1809 1704 1864 1780 in

261 1787 699 1848 coeundoomnem
720 1773 886 1845 Israel
901 1808 1154 1861 apparere
1171 1795 1224 1847 in
1246 1805 1516 1870 conspectu
1534 1773 1743 1852 Domini
1767 1773 1862 1854 Dei

1967 593 2275 662 episc0pos.
2294 593 2563 667 Loquitur
2588 611 2742 662 sacra
2771 599 3048 669 scriptura
3070 598 3283 668 dixisse
3296 597 3364 662 ad
3385 597 3571 665 Jesum

1965 684 2114 752 Nave
2141 685 2310 744 Deum
2334 705 2347 740 :
2383 686 2592 759 Moyses
2617 706 2794 750 seruus
2821 708 2963 747 meus
2989 691 3266 762 defunctus
3287 701 3368 758 est
3384 707 3405 758 ς
3434 708 3572 762 nunc

1966 777 2138 850 itaque
2163 794 2375 846 surgens
2403 821 2416 845 ,
2451 781 2614 834 transi
2638 779 2926 838 Jordanem
2953 794 3007 838 tu
3035 823 3050 848 ,
3081 792 3130 837 et
3156 784 3320 848 omnis
3347 784 3573 854 populus

1965 868 2061 924 iste
2085 870 2137 921 in
2167 879 2304 934 terra
2327 887 2484 941 quam
2509 889 2599 941 ego
2631 874 2763 928 dabo
2787 875 2892 928 illis
2925 892 2944 929 .'
2976 892 3179 934 omnem
3199 877 3373 932 locum
3394 893 3573 946 quemp-

1965 975 2180 1030 cumque
2205 961 2422 1038 ingrcssi
2453 964 2659 1033 [ueritis
2678 966 2887 1037 vestigio
2911 966 3102 1035 pedum
3131 979 3338 1030 tuorum
3365 977 3412 1035 ti,
3434 968 3577 1034 vobis

1965 1050 2099 1106 dabo
2143 1052 2291 1106 illam
2323 1095 2342 1124 ,ν
2371 1053 2503 1108 sicut
2546 1055 2780 1110 dixeram
2833 1055 3034 1127 Moysi;
3075 1058 3331 1117 desertum
3361 1068 3410 1112 et
3454 1069 3576 1124 ante

1966 1144 2218 1202 Libanum
2241 1163 2396 1218 usque
2419 1147 2485 1200 ad
2496 1147 2689 1216 ﬂumen
2711 1147 3038 1235 Euphratem
3061 1147 3084 1186 ιλ
3113 1161 3161 1208 et
3183 1168 3342 1224 usque
3353 1151 3421 1205 ad
3435 1168 3578 1218 mare

1967 1254 2211 1310 magnam
2237 1281 2252 1308 ,
2285 1257 2445 1311 usque
2471 1241 2539 1304 ad
2569 1242 2696 1298 solis
2721 1260 2963 1303 occasum
2990 1285 3004 1308 ,
3038 1255 3188 1300 erunt
3216 1246 3345 1315 ﬁnes
3369 1247 3577 1316 termini

1966 1335 2138 1386 vestri.
2188 1331 2311 1388 Non
2342 1335 2539 1402 resistet
2575 1335 2730 1392 homo
2759 1337 2810 1391 iu
2843 1347 3120 1409 conspectu
3149 1349 3240 1394 tuo
3270 1354 3361 1408 per
3388 1356 3565 1406 omnes

1968 1425 2074 1480 dies
2104 1425 2219 1482 viae
2241 1436 2370 1494 tate,
2403 1437 2450 1480 et
2471 1428 2605 1486 sicut
2630 1443 2775 1482 eram
2805 1445 2922 1482 cum
2955 1427 3138 1501 Moyse
3159 1472 3174 1498 ,
3199 1430 3274 1484 sic
3290 1446 3378 1485 ero
3402 1439 3571 1498 tecum

1967 1527 2014 1574 et
2043 1533 2144 1572 non
2175 1519 2530 1591 derelinquam
2560 1529 2627 1585 te,
2659 1537 2820 1592 neque
2847 1521 3129 1594 despiciam
3160 1532 3207 1577 te
3235 1521 3372 1594 (los.
3400 1540 3440 1592 t,
3491 1523 3575 1596 2),.

1967 1613 2238 1684 Numquid
2274 1625 2450 1684 potest
2472 1615 2614 1670 Deus
2635 1629 2757 1674 esse
2785 1631 2907 1686 cum
2935 1617 3160 1692 inimico
3181 1631 3282 1672 suo
3299 1616 3576 1688 Georgio?

1968 1695 2230 1777 numquid
2253 1707 2302 1762 ei
2320 1722 2480 1778 quem
2504 1722 2609 1761 non
2630 1707 2986 1781 ordinaverit,
3002 1724 3162 1778 quem
3183 1724 3290 1765 non
3315 1710 3567 1781 elegerit,

1969 1800 2163 1870 poterit
2196 1814 2317 1856 esse
2339 1799 2641 1871 prOpitius?
2672 1799 2817 1856 Talis
2839 1809 2922 1857 est
2938 1800 3230 1872 Georgius,
3255 1802 3431 1877 qualis
3454 1801 3575 1858 lue-

264 1883 417 1946 tui,in
446 1883 562 1936 loco
584 1899 734 1952 quem
755 1884 984 1963 elegerit,
1003 1883 1182 1964 legetis
1197 1887 1504 1958 hanclegem
1520 1888 1573 1941 in
1594 1899 1866 1961 conspectu
1898 1895 1944 1958 B
1974 1901 2055 1952 rat
2082 1892 2468 1966 Arius,quales
2488 1893 2575 1964 qui
2600 1900 2727 1952 sunt
2754 1892 2951 1952 Valens
2986 1893 2999 1929 ί
3033 1902 3086 1949 et
3105 1892 3480 1959 Ursacius,vel
3503 1894 3572 1966 uti

264 1976 457 2044 Israel,
482 1979 533 2031 in
564 1977 779 2032 auribus
804 1995 978 2034 eorum
1005 2020 1024 2050 ,ἢ
1055 1981 1346 2036 convocatis
1375 1982 1431 2034 in
1458 1981 1725 2037 ecclesiam
1748 1982 1870 2038 uiris

266 2079 311 2124 ct
343 2070 665 2140 mulieribus,
685 2081 734 2126 et
755 2073 914 2150 natis,
934 2083 979 2127 et
1003 2075 1267 2148 'proselyto
1297 2074 1342 2140 δ,
1373 2077 1460 2146 qui
1484 2078 1642 2146 fuerit
1669 2078 1722 2133 in
1747 2077 1870 2130 civi-

265 2161 458 2215 tatibus
484 2163 664 2218 cestris
689 2204 708 2236 ,,
747 2172 801 2216 ut
828 2165 1046 2218 audiant
1073 2176 1118 2219 et
1144 2167 1342 2222 discant
1373 2169 1549 2227 timere
1586 2165 1869 2224 Dominum

270 2253 436 2306 Deum
479 2264 702 2308 vestrum
729 2296 744 2322 ,
781 2267 828 2309 et
858 2257 1074 2312 audiant
1119 2263 1291 2330 facere
1337 2260 1508 2319 omnia
1554 2259 1702 2314 verba
1743 2260 1871 2331 legis

270 2348 428 2418 hujus
449 2364 468 2401 :
498 2359 547 2402 et
575 2350 674 2418 ﬁlii
702 2367 882 2404 eorum
924 2355 1016 2423 qui
1056 2353 1291 2407 nesciunt
1323 2396 1337 2422 ,
1369 2355 1634 2410 audientes
1675 2355 1872 2409 discent

271 2444 547 2514 Dominum
583 2444 750 2506 Desint
779 2455 1001 2510 vestrum
1031 2447 1261 2512 omnibus
1290 2448 1469 2503 diebus
1493 2489 1510 2522 ,_
1549 2449 1733 2521 quibus
1769 2448 1872 2522 ipsi

274 2539 446 2594 rivum
473 2555 627 2608 super
658 2548 848 2594 terram
877 2538 982 2620 (Ib,
1020 2556 1148 2602 xxxi
1179 2583 1194 2610 ,
1224 2540 1304 2610 9).
1338 2540 1694 2611 Persequeris
1715 2557 1862 2606 eum,

280 2648 379 2702 per
413 2648 571 2702 quem
607 2641 660 2688 te
685 2632 872 2692 audire
905 2635 1220 2712 maeceperit
1251 2635 1544 2701 Dominus;
1578 2644 1774 2706 agente
1801 2650 1868 2700 eo

274 2732 326 2782 in
358 2727 522 2788 rebus
573 2727 826 2792 humanis
861 2728 1249 2801 colizrreticum
1284 2741 1305 2768 ί·
1338 2739 1484 2800 tuum
1516 2729 1806 2802 Georgium
1839 2725 1866 2767 ἀ

273 2820 445 2876 mittis
489 2835 866 2882 successorem
895 2863 914 2899 ι
958 2837 1080 2884 cum
1123 2823 1339 2878 tametsi
1377 2823 1567 2879 fuisset
1603 2823 1869 2898 litteratus

271 2915 382 2986 jam
418 2916 745 2974 Athanasius
772 2925 826 2980 et
853 2932 1088 2986 corpore
1119 2926 1174 2983 ε,
1210 2917 1306 2976 tibi
1339 2932 1445 2978 non
1494 2918 1708 2975 licuerit
1736 2915 1865 2972 mit-

275 3019 390 3064 tere
417 3049 431 3078 ,
477 3006 573 3062 sed
611 3007 775 3062 fuerit
813 3023 875 3064 ac
911 3009 982 3064 sit
1016 3010 1073 3084 in
1104 3009 1199 3064 Dei
1235 3026 1392 3063 manu
1422 3051 1434 3073 ,
1475 3025 1635 3080 quem
1671 3008 1868 3065 luisset

274 3107 524 3174 (llglltlllis
547 3105 747 3180 populo
772 3120 871 3175 suo
894 3106 1195 3164 antistitem
1223 3106 1532 3172 instituere,
1563 3122 1657 3175 per
1679 3120 1870 3182 sert'itg

279 3199 536 3253 videlicet
562 3211 711 3264 suos,
746 3199 845 3256 ltoc
869 3207 989 3266 est,
1017 3197 1318 3258 catholicos
1343 3196 1649 3270 episc0pos.
1681 3196 1870 3268 Neque

1973 1999 2250 2061 quemme
2295 1985 2579 2042 destiua:ti
2606 1984 3129 2049 GBl‘llltltthlellslum
3159 2027 3173 2056 ,
3219 1986 3460 2046 Adoxius
3497 1988 3513 2043 i
3557 2003 3573 2058 ς

1972 2092 2150 2147 ncquc
2178 2075 2321 2138 enim
2351 2084 2571 2156 possent
2602 2076 2705 2140 nisi
2731 2077 2798 2134 de
2829 2078 3001 2148 spinis
3031 2080 3199 2151 spinae
3240 2077 3558 2152 procedere,

1971 2169 2096 2226 llaec
2124 2170 2195 2229 ita
2224 2186 2283 2228 se
2327 2170 2527 2228 habere
2548 2186 2615 2226 ex
2655 2171 2868 2226 actibus
2907 2171 3081 2246 ipsius
3109 2169 3327 2240 Georgii
3371 2170 3562 2245 legens

1969 2268 2398 2347 contestationes
2439 2265 2936 2339 Alexandrinorum
2963 2264 2986 2302 ¹ί
3021 2265 3226 2335 poteris
3268 2265 3569 2342 colligere;l

1973 2373 2028 2422 et
2064 2358 2311 2430 quamvis
2355 2360 2450 2414 tibi
2477 2359 2802 2420 sceleratum
2837 2357 3215 2432 blasphemum
3247 2358 3399 2414 illum
3448 2371 3570 2418 esse

1972 2453 2221 2523 placeat;
2265 2467 2441 2525 neque
2471 2451 2614 2508 enim
2644 2451 2805 2508 aliter
2831 2450 2924 2524 tibi
2951 2461 3102 2506 esset
3126 2451 3572 2528 amantissimus,

1977 2546 2080 2602 nisi
2113 2546 2238 2618 quia
2267 2545 2338 2599 sit
2366 2545 2696 2607 sceleratus:
2748 2555 2929 2599 tamen
2959 2543 3076 2600 hazc
3115 2559 3181 2600 eo
3211 2543 3532 2614 protulerint
3559 2585 3577 2613 ,

1973 2648 2030 2698 ut
2059 2637 2320 2698 eximiam
2356 2634 2374 2673 ι
2410 2637 2585 2707 possis
2614 2651 2840 2694 cernere
2867 2651 3089 2713 operam
3119 2643 3287 2696 tuam.
3322 2635 3456 2692 Cum
3481 2635 3581 2712 igi-

1971 2743 2058 2785 tur
2089 2746 2196 2786 uon
2227 2745 2351 2786 esse
2369 2729 2538 2786 Deum
2568 2743 2866 2800 cognoscas
2889 2745 3011 2783 cum
3040 2727 3298 2804 Georgio,
3331 2726 3427 2788 sed
3453 2742 3576 2786 esse

1970 2834 2008 2861 ιη
2038 2840 2160 2880 cum
2190 2823 2493 2888 Athanasio
2518 2863 2533 2892 ,
2566 2837 2724 2893 quem
2757 2821 2956 2901 populo
2986 2837 3085 2878 suo
3114 2821 3411 2877 instituerit
3439 2820 3582 2878 auti-

1969 2919 2178 2988 stitem,
2210 2931 2543 2990 cognoscere
2572 2915 2791 2971 tandem
2833 2915 3039 2986 poteris
3066 2915 3162 2973 Dei
3197 2925 3248 2972 te
3279 2915 3579 2974 ordinatio-

1971 3026 2094 3066 nem
2127 3010 2292 3066 fuisse
2322 3022 2575 3066 conatum
2608 3009 2894 3068 destruere
2921 3051 2936 3080 ,
2988 3009 3154 3070 Deum
3204 3019 3256 3066 te
3303 3009 3473 3070 fuisse
3523 3011 3580 3072 in

1970 3103 2279 3164 Athanasio
2307 3114 2672 3175 persecutum.
2707 3102 2876 3159 Audis
2905 3103 3050 3157 enim
3081 3103 3266 3162 dicere
3297 3103 3466 3158 Deum
3508 3101 3577 3176 ad

1972 3199 2172 3268 Moysis
2202 3211 2575 3257 successorem
2605 3215 2617 3250 :
2651 3197 2798 3252 Sicut
2825 3212 2969 3252 eram
2999 3212 3114 3250 cum
3144 3194 3346 3268 Moyse,
3387 3196 3460 3249 sic
3491 3212 3578 3270 erq

276 3291 418 3344 enim
453 3297 637 3359 posset
663 3290 873 3359 impleri
905 3290 1077 3351 virtus
1099 3289 1337 3372 Spiritus
1367 3290 1540 3350 saneti
1564 3289 1629 3344 ad
1661 3288 1753 3346 Dei
1777 3304 1871 3364 gu-
1901 3279 1946 3342 C
1979 3301 2146 3350 tecum
2171 3333 2185 3356 ,
2229 3300 2280 3356 et
2325 3307 2428 3346 non
2478 3291 2834 3368 derelinquam
2868 3299 2914 3344 te
2939 3330 2954 3356 ,
3017 3305 3177 3361 neque
3206 3288 3486 3359 despiciam
3530 3297 3579 3361 te

275 3382 612 3438 humandum
641 3383 1030 3452 papulum,ttisi
1064 3385 1131 3458 is,
1157 3399 1316 3454 quem
1345 3382 1490 3438 Deus
1513 3382 1793 3463 allegisset
1821 3378 1868 3460 ί,

274 3479 469 3550 cuique
493 3494 684 3534 manus
716 3494 810 3548 per
837 3479 1143 3554 catholicos
1167 3477 1458 3548 episcopos
1487 3477 1676 3532 luisset
1701 3477 1872 3550 impo-

272 3573 398 3646 sita,
431 3572 573 3628 sicut
602 3571 860 3632 defuncto
892 3572 1099 3642 Moyse.
1134 3572 1417 3648 impletum
1443 3572 1648 3642 Spiritu
1677 3579 1874 3630 sancto

278 3666 583 3719 invenimus
604 3678 982 3718 successttrem
1030 3664 1148 3732 ejus
1193 3663 1378 3719 Jesutu
1411 3663 1579 3718 Nave.
1616 3663 1878 3732 Loquitur

277 3758 551 3827 scriptura
585 3767 770 3812 sancta
801 3757 1026 3812 dicens:
1059 3756 1122 3811 Et
1151 3755 1306 3814 Jesus
1333 3757 1475 3826 ﬁlius
1509 3755 1655 3810 Nave
1689 3758 1873 3830 imple-

277 3862 361 3910 tus
401 3863 472 3908 est
502 3853 692 3923 spiritu
716 3852 1091 3924 intelligentiae.
1138 3849 1465 3923 Iniposuerat
1497 3853 1631 3908 enim
1666 3851 1878 3923 Moyses

278 3963 489 4000 tisanana
527 3962 680 4009 super
719 3962 856 4000 eum.
900 3946 965 4000 Et
1003 3947 1280 4001 audierunt
1308 3962 1426 4001 suis:
1453 3947 1554 4016 ﬁlii
1586 3944 1796 4008 Israel,
1829 3953 1879 4000 et

277 4045 511 4112 fecerunt
566 4040 846 4096 secundum
897 4040 1038 4113 quod
1086 4041 1348 4097 mandavit
1399 4039 1655 4095 Dominus
1704 4038 1878 4110 Moysi

279 4133 390 4201 (Ib.
427 4149 614 4199 xxxtv,
646 4133 724 4203 9).
765 4133 1048 4205 Conspicis
1090 4133 1418 4190 ordinationi
1451 4133 1544 4188 Dei
1581 4142 1631 4187 te
1659 4131 1875 4192 Obviam

282 4227 412 4292 isse,
429 4237 618 4282 contra
645 4227 744 4283 Dei
766 4226 1018 4283 iacienda
1043 4229 1401 4290 voluntatem,
1423 4235 1588 4280 temet
1615 4239 1876 4282 mucrone

279 4318 444 4390 gladii
476 4319 551 4373 tui
579 4319 916 4391 jngulatunt;
945 4319 1214 4390 siquidem
1245 4335 1355 4374 non
1387 4318 1602 4374 licuerit
1630 4317 1874 4372 ordinari

280 4411 386 4466 nisi
415 4409 602 4470 luisset
628 4412 916 4476 defunctus
941 4411 1303 4480 Athanasius,
1333 4422 1387 4470 et
1414 4410 1672 4467 defuncto
1704 4407 1840 4466 Atha
1860 4441 1873 4451 -

282 4584 391 4636 tur.
421 4570 624 4643 idiotua
663 4569 1040 4643 Graecanicttm
1073 4567 1428 4643 usurpabant.
1459 4566 1537 4626 La
1565 4565 1752 4632 Cerda.

357 4653 380 4681 α
415 4639 754 4711 I’resbyteris.
788 4640 960 4696 Vatic.
989 4648 1048 4708 et
1074 4639 1215 4706 apud
1245 4639 1429 4707 Subiit.

356 4712 382 4751 ι)
416 4713 486 4765 Ita
517 4713 694 4767 Graec.
724 4712 910 4768 Sabztt.
949 4711 1240 4781 proselytis.

359 4797 380 4823 ε
411 4783 480 4838 Et
520 4792 876 4855 coapostatam
899 4826 914 4849 ,
950 4780 1025 4855 et
1049 4783 1103 4837 in
1125 4780 1406 4850 isimililtus
1451 4780 1878 4855 videcumposi-

285 4861 489 4914 tionem
534 4853 871 4922 ex'Grasco,
915 4864 970 4910 et
1006 4854 1232 4920 Latino;
1277 4855 1421 4925 quod
1455 4853 1879 4925 libelluttt_|tnnc

282 4927 493 4993 vulgari
531 4927 786 4996 loquendi
816 4927 977 4982 modo
1003 4922 1372 4996 conscriptum
1402 4927 1658 4983 declarat.
1694 4922 1806 4978 Til.

355 4999 379 5038 d
411 4995 678 5069 Georgius
717 4997 1010 5070 Cappadox
1043 5013 1072 5052 a
1106 4995 1427 5070 GonStantio
1463 4995 1878 5070 Imperatorem

284 5065 588 5129 Ecclesium
633 5065 1057 5124 Alexandrinam
1107 5069 1348 5124 intrusus
1389 5087 1480 5124 an.
1530 5065 1673 5132 356,
1722 5068 1878 5134 pulso

282 5143 607 5207 Athanasio,
639 5159 729 5209 per
750 5152 947 5209 tempus
976 5140 1409 5210 quadragesiime,
1442 5143 1518 5198 uti
1551 5139 1880 5210 Athanasius

286 5225 515 5270 testatur
545 5215 603 5268 in
635 5208 898 5281 Apologia
941 5208 1008 5267 de
1035 5211 1153 5281 luga
1185 5208 1641 5267 suaJIOnstrosus
1669 5208 1877 5280 Cappa-

280 5290 392 5343 doa:
420 5285 724 5356 appellatur
749 5301 778 5342 a
808 5283 1144 5356 Nazianzeno
1175 5285 1225 5342 in
1259 5286 1507 5342 oratione
1535 5284 1608 5356 de
1630 5281 1880 5356 laudibus

285 5355 604 5422 Athanasii,
639 5357 727 5410 ubi
755 5357 1044 5414 scelestam
1074 5355 1190 5424 ejus
1221 5356 1385 5409 vitam
1417 5355 1699 5413 describit.

362 5441 384 5467 θ
420 5429 484 5484 Et
513 5444 727 5500 corpore
755 5427 930 5500 Latin.
980 5427 1172 5500 demit.
1227 5425 1494 5482 Videntur
1532 5437 1708 5486 tamen
1752 5425 1878 5484 rcti-

287 5503 463 5556 nonda
506 5498 624 5556 hate
651 5500 813 5553 verba
832 5541 846 5564 ,
877 5498 946 5556 ita
973 5508 1031 5554 ut
1053 5498 1261 5567 legatur
1283 5514 1308 5556 e
1337 5513 1572 5566 corpore,
1603 5503 1658 5554 et
1687 5511 1880 5567 sensus

285 5575 385 5636 sit,
421 5571 619 5626 tametsi
652 5570 960 5626 Athanasius
986 5585 1014 5626 e
1043 5566 1258 5640 corpore
1285 5567 1480 5624 solutus
1503 5571 1617 5640 jam
1653 5566 1878 5637 abiis-set,

285 5656 395 5701 etc.
777 5696 779 5698 .

366 5714 384 5754 τ
406 5711 827 5786 Allegissetdixit
856 5727 954 5785 pro
979 5711 1620 5784 ειεςὶξδβίήβμξνορᾳδδετ,
1639 5717 1732 5786 aut
1745 5706 1809 5762 ab
1822 5725 1881 5763 eo

284 5789 503 5845 allrctus
532 5785 765 5857 fuisset:
806 5788 897 5842 ubi
931 5787 1265 5857 dignoscitur
1295 5801 1550 5854 verorum
1585 5785 1881 5855 Episcoqu

285 5879 407 5919 rum
451 5861 811 5920 institutionis
837 5860 1008 5916 locuta
1033 5899 1049 5925 ,
1092 5869 1148 5915 et
1172 5859 1314 5928 quod
1351 5858 1588 5928 Principi
1620 5875 1726 5913 non
1759 5858 1883 5928 licet
1916 5885 1920 5890 ι

283 5936 572 5992 instituere
600 5931 890 5988 Antistitcs
917 5971 930 5997 ,
962 5939 1017 5988 et
1055 5931 1121 5988 de
1152 5927 1346 5988 manus
1369 5930 1735 6006 impositione.
1773 5927 1880 5986 Til.

1976 3382 2142 3456 (Ibid.
2163 3426 2179 3457 ,
2211 3383 2292 3455 5).
2321 3383 2461 3444 Ecce
2488 3384 2597 3440 alio
2629 3383 2750 3438 loco
2785 3400 2797 3436 :
2831 3380 3098 3436 Invalesce
3119 3390 3167 3438 et
3195 3379 3413 3434 viriliter
3441 3397 3536 3458 age
3559 3419 3577 3456 ι

1977 3479 2239 3537 custodire
2262 3487 2288 3514 ι·
2319 3487 2366 3532 et
2411 3477 2584 3554 {acere
2632 3478 2764 3536 sicut
2795 3476 3042 3556 pra'cepit
3085 3474 3177 3530 tibi
3210 3473 3417 3548 Moyses
3449 3491 3578 3544 piter

1977 3587 2120 3625 meus
2153 3587 2170 3625 :
2197 3579 2245 3624 et
2277 3586 2378 3624 non
2409 3569 2692 3626 declinabis
2715 3585 2778 3628 ea:
2807 3569 2900 3622 illa
2931 3569 3110 3624 dextra
3141 3579 3229 3628 aut
3260 3569 3492 3633 sinistra,
3524 3577 3580 3621 ut

1978 3660 2240 3730 intelligas
2263 3661 2323 3712 in
2352 3659 2586 3712 omnibus
2617 3673 2955 3727 quaecumque
2981 3660 3093 3728 agis
3129 3674 3147 3712 :
3172 3669 3218 3711 et
3248 3674 3352 3710 non
3377 3659 3582 3710 recedet

1978 3755 2107 3809 liber
2135 3755 2260 3826 legis
2289 3755 2442 3820 huius
2465 3771 2526 3808 ex.
2552 3770 2640 3807 ore
2665 3765 2775 3817 tuo,
2807 3763 2854 3806 et
2880 3753 3215 3806 metlitaberis
3242 3754 3294 3806 in
3327 3769 3385 3807 eo
3413 3752 3496 3806 die
3522 3768 3582 3806 ac

1979 3859 2127 3906 nocte
2157 3891 2170 3914 ,
2202 3858 2258 3903 ut
2290 3849 2552 3906 custodias
2581 3851 2754 3918 facere
2784 3848 3024 3903 universa
3057 3862 3173 3918 qua:
3198 3846 3390 3914 scripta
3417 3854 3536 3899 sunt
3565 3861 3585 3922 ,-

1978 3949 2102 3994 tunc
2131 3923 2357 4014 dirigant
2400 3941 2509 4002 nias
2539 3951 2680 4007 tuas,
2709 3949 2756 3998 ct
2797 3949 2918 3994 tunc
2948 3938 3230 4010 intelliges.
3285 3935 3420 3992 Ecce
3447 3952 3584 4008 prte-

1979 4034 2094 4103 cepi
2120 4035 2210 4087 tibi
2237 4075 2251 4097 ,
2299 4034 2556 4087 inoolesce
2596 4041 2645 4085 et
2677 4032 2894 4086 viriliter
2922 4046 3017 4104 age
3046 4046 3063 4084 :
3096 4047 3198 4083 non
3227 4039 3300 4084 est
3331 4030 3470 4097 quod
3495 4044 3584 4083 ea:-

1984 4145 2226 4198 pauescas
2252 4171 2267 4196 ,
2297 4145 2457 4201 neque
2500 4130 2679 4184 timeas
2706 4171 2721 4196 ,
2753 4128 2995 4198 quoniam
3025 4137 3194 4182 tecum
3224 4134 3301 4182 est
3332 4123 3586 4188 Dominus
3609 4123 3625 4138 '

1984 4222 2123 4278 Deus
2149 4234 2263 4280 tuus
2289 4225 2341 4278 in
2367 4225 2506 4286 omni
2539 4226 2649 4280 loco
2679 4224 2696 4296 (
2724 4221 2886 4287 Ibid.,
2919 4222 3012 4293 7).
3061 4219 3180 4280 lam
3211 4225 3461 4290 superest
3489 4227 3540 4277 te.
3565 4257 3582 4282 .

1983 4319 2099 4374 sive
2131 4327 2210 4385 tu,
2242 4318 2357 4373 sive
2382 4317 2648 4388 Georgius
2671 4333 2790 4386 quae
2815 4317 3005 4386 geritis
3030 4357 3043 4381 ,
3073 4315 3118 4368 si
3147 4323 3275 4368 sunt
3311 4311 3589 4366 venientia

1985 4426 2049 4466 ex
2085 4410 2177 4467 Del
2214 4409 2509 4479 mandatis,
2561 4409 2815 4480 probare.
2862 4406 3031 4462 Audis
3078 4406 3224 4460 enim
3271 4404 3588 4476 promittere

1896 4572 1952 4633 Ι)
2048 4574 2072 4638 ᾳ
2108 4565 2402 4638 [estrorum
2431 4565 2558 4638 legit
2588 4566 2772 4638 Sa_bal.

2058 4635 2080 4673 ¹λ
2112 4634 2337 4694 Flumen
2366 4631 2610 4710 magnum
2639 4635 2984 4708 Euphratem.
3021 4633 3195 4691 Vatic.
3241 4647 3364 4688 cum
3399 4631 3582 4694 Crine.

1982 4711 2078 4783 ἕως
2098 4717 2189 4783 ’φῦ
2214 4717 2454 4783 novanon
2475 4710 2713 4783 μεγάλου,
2743 4716 2850 4764 etc.

2060 4776 2484 4842 iFatuusissimi
2528 4776 2745 4836 Arianae
2790 4781 2959 4850 partis
2995 4787 3335 4846 sectatores,
3387 4776 3588 4837 Valens

1983 4851 2200 4915 Mursaa.
2228 4851 2495 4924 Ursacius
2521 4853 2805 4924 Sittgiduni
2839 4850 3158 4924 Episcopus.

2059 4927 2071 4972 l
2132 4926 2178 4981 ls
2221 4923 2499 4992 Eudoxius
2546 4921 2670 4992 est',
2721 4921 3188 4989 homo'Arianus,
3217 4921 3583 4982 Germaniciae
3677 4946 3680 4948 τ

1983 4996 2263 5057 Antistes.
2299 4995 2386 5054 ubi
2436 4990 2966 5066 Lucifer'aliquanto
3011 5005 3259 5065 tempore
3305 4993 3580 5066 exsulavit

1976 5075 2154 5146 jussu
2179 5067 2506 5146 Constantii.
2541 5064 2838 5146 _Adoxiu_m
2887 5064 3136 5140 appellat
3174 5080 3270 5137 per
3295 5064 3580 5134 antiphra-

1982 5140 2106 5208 sim,
2146 5140 2193 5195 id
2227 5149 2332 5203 est,
2364 5140 2663 5210 inglorium.

2054 5201 2339 5274 l{Litteras
2365 5201 2575 5272 scilicet
2595 5212 2793 5267 civium
2822 5209 3315 5266 Alexandrinorum
3345 5204 3410 5258 ad
3438 5201 3584 5257 Cun-

1981 5287 2262 5349 stantium,
2292 5283 2488 5353 quibus
2514 5284 2752 5352 graviter
2779 5280 2846 5338 de
2877 5275 3422 5353 Georgiisceleribus
3450 5290 3583 5334 con-

1983 5360 2160 5429 quein
2188 5348 2335 5411 sunt.
2370 5348 2818 5429 Vitle‘Barmtium
2847 5353 2913 5406 ad
2945 5348 3188 5429 ξιιιίόὅϐ.

2062 5430 2076 5468 ¹
2129 5429 2180 5485 ω
2221 5438 2304 5484 est
2329 5468 2344 5494 ,
2382 5427 2571 5484 eximia
2609 5436 2760 5496 atque
2785 5423 2990 5494 egregia
3020 5423 3158 5492 facta
3183 5429 3272 5471 tua
3319 5426 3366 5472 et
3399 5432 3574 5488 opera.

1983 5502 2089 5564 Til.

2054 5583 2093 5611 ιιι
2117 5570 2244 5626 Esse
2271 5569 2524 5642 advertas.
2561 5565 2757 5642 νᾳιὶαοί
2818 5639 2832 5642 ᾼ
2884 5637 2894 5642 ,
2929 5637 2940 5642 _
3231 5631 3242 5642 .
3450 5630 3482 5642 .-

2054 5653 2081 5680 ιι
2117 5643 2220 5697 Pro
2263 5639 2466 5698 custodi
2495 5647 2545 5696 et
2587 5640 2704 5708 fac,
2746 5637 3046 5696 inﬁnitivus
3091 5648 3190 5708 pro
3231 5637 3579 5708 imperative,

1984 5731 2136 5771 more
2163 5713 2502 5771 Griecorum,
2531 5702 2760 5779 quorum
2792 5702 3172 5765 locutioncsin
3203 5702 3400 5779 talibus
3426 5702 3582 5779 prnr-
3611 5767 3618 5772 _

1985 5803 2077 5852 sus
2115 5788 2384 5860 Sﬁtlullttr.
2550 5777 2637 5838 illa
2667 5785 2842 5860 Grato.
2876 5779 3227 5860 φυλάσσεσθαι
3263 5777 3350 5834 καὶ
3378 5777 3575 5844 mitis;

1985 5860 2080 5921 sed
2109 5858 2296 5916 Sabat.
2328 5856 2482 5927 legit,
2511 5857 2715 5913 custodi
2742 5866 2792 5914 et
2815 5856 2916 5932 (ac.
