4148 6186
604 367 707 428 831

1679 364 2006 425 LUCIFERI
2043 364 2358 426 EPISCOPI
2395 365 2814 425 CALARITANI

3798 366 3919 425 832

603 494 665 536 se
697 481 862 535 Deum
891 477 1137 535 futurum
1164 492 1288 534 cum
1323 492 1644 536 successore
1674 480 1897 553 Moysis,
1929 480 2203 551 quomodo
2230 485 2284 546 Α
2307 499 2419 537 ram
2447 485 2571 538 me?
2611 481 2838 556 Propter
2874 483 2971 539 hoc
3014 483 3124 538 luet:
3173 482 3299 537 dicit
3327 480 3587 537 Dominus
3628 478 3649 520 ί
3685 478 3861 536 Israel
3892 497 3918 537 .-

604 572 772 629 fuerit
798 581 855 631 et
878 587 999 630 cum
1024 572 1229 645 Moyse,
1262 573 1305 629 si
1336 573 1501 629 modo
1521 590 1645 645 qua:
1670 583 1798 630 sunt
1824 574 1878 630 in
1907 574 2046 630 libro
2070 574 2203 645 legis

603 665 823 741 scripta
844 666 1165 723 servaverit.
1215 666 1271 723 Si
1301 666 1472 737 igitur
1502 676 1559 721 ut
1594 666 1710 721 ha‘c
1740 681 1898 737 geras
1938 667 2201 735 scriptum

602 775 709 817 non
739 760 1013 816 inveneris
1038 802 1054 827 ,
1085 769 1191 815 tua:
1220 760 1326 815 erit
1354 760 1624 830 :equitatis
1654 759 1871 814 tandem
1919 759 2203 814 advertere

600 853 882 910 vobiscum
908 855 1126 909 Arianis
1155 868 1262 908 non
1292 868 1415 909 esse
1444 854 1638 918 Deum,
1672 851 1767 907 sed
1796 852 1946 907 illum
1972 850 2026 906 in
2048 850 2202 907 vobis

602 948 919 1015 mansitare,
950 948 1041 1018 qui
1067 947 1332 1002 manserit
1358 956 1412 1002 et
1435 947 1487 1001 in
1511 944 1665 1002 Cain.
1700 946 1835 1015 Quae
1865 955 1917 1002 te
1940 960 2106 1000 causa
2134 944 2203 1000 ad

602 1038 756 1106 haec,
796 1038 1080 1095 Constanti
1108 1081 1124 1107 ,
1160 1039 1374 1110 impulit
1404 1038 1660 1111 gerenda,
1698 1050 1755 1095 ut
1779 1040 2020 1111 potentia
2049 1039 2201 1110 regni

600 1133 677 1197 tui
717 1133 784 1190 ad
818 1144 1025 1190 tantam
1054 1133 1352 1206 perductus
1387 1134 1697 1204 superbiam
1752 1134 2039 1188 statuisses
2074 1148 2198 1188 cum

604 1226 908 1283 necandum
936 1268 950 1292 ,
984 1243 1145 1297 quem
1180 1228 1324 1283 Deus
1360 1226 1467 1282 sibi
1512 1229 1562 1280 in
1608 1226 1935 1282 sacerdotali
1983 1226 2199 1283 honore

602 1317 872 1389 elegerit?
907 1317 1025 1374 Non
1057 1320 1344 1374 inveneras
1374 1318 1426 1373 in
1459 1318 1637 1389 primo
1668 1317 1977 1389 Regnorum
2004 1328 2029 1356 α
2060 1317 2198 1375 libro

599 1412 911 1483 scriptum?
961 1412 1083 1466 Non
1114 1411 1139 1450 δ
1163 1413 1416 1483 glorietur
1443 1413 1651 1482 sapiens
1697 1413 1749 1466 in
1780 1413 2033 1483 sapientia
2062 1429 2158 1466 sua
2183 1454 2197 1479 ,

600 1522 763 1576 neque
788 1505 1037 1576 glorietur
1062 1515 1240 1577 potens
1268 1505 1320 1558 in
1346 1505 1534 1559 virtute
1560 1522 1655 1560 sua
1682 1547 1695 1570 ,
1746 1522 1906 1575 neque
1943 1505 2197 1579 glorietur

599 1599 738 1653 dives
771 1599 827 1653 in
854 1598 1048 1652 divitiis
1075 1598 1182 1652 suis
1206 1614 1226 1662 ;
1257 1597 1347 1652 sed
1378 1597 1433 1651 in
1461 1598 1558 1652 hoc
1583 1598 1864 1670 glorietur,
1892 1599 1981 1668 qui
2006 1598 2199 1669 gloria-

606 1704 710 1760 tur,
734 1694 864 1748 scire
889 1704 935 1747 et
977 1693 1262 1763 intelligere
1291 1690 1500 1760 Deum,
1548 1702 1596 1746 et
1636 1692 1806 1760 facere
1844 1692 2105 1762 judicium
2147 1700 2198 1745 et

590 1787 853 1861 justitiam
878 1788 932 1840 in
959 1786 1129 1840 medio
1158 1796 1308 1841 terra:
1335 1785 1471 1858 (Jer.
1506 1801 1580 1852 ix,
1609 1785 1742 1857 εὖ).
1774 1784 1885 1841 Cur
1916 1787 2032 1841 ha-c
2060 1800 2197 1854 prte-

2310 575 2456 646 Dixi,
2486 577 2668 631 domus
2696 588 2806 644 tua,
2841 588 2889 632 et
2917 578 3100 632 domus
3132 576 3294 647 patris
3326 577 3402 630 tui
3431 575 3645 629 transiet
3678 584 3702 622 ε
3728 590 3916 629 coram

2304 686 2386 724 me
2409 686 2564 741 usque
2590 671 2643 724 in
2670 682 2939 735 ceternum,
2960 680 3007 724 et
3036 687 3172 725 nunc
3197 686 3298 725 non
3324 678 3417 724 est.
3452 669 3545 725 Sic
3566 667 3688 722 dicit
3714 664 3914 721 Domi-

2304 778 2402 816 nus
2432 778 2450 817 :
2474 761 2815 833 Nequaquam
2842 761 2994 821 mihi,
3021 779 3123 816 non
3154 762 3226 816 sic
3251 762 3345 814 erit
3373 777 3405 815 a
3427 775 3529 820 me.
3557 760 3797 829 quoniam
3818 760 3915 830 qui

2305 855 2652 924 honori/icant
2682 870 2760 909 me
2780 896 2795 920 ,
2830 856 3183 925 Itonoriﬁcabo
3220 871 3335 921 eos,
3375 865 3420 909 et
3446 855 3535 923 qui
3561 855 3756 925 spernit
3787 870 3867 909 me
3889 893 3907 919 ,

2307 947 2374 1001 ad
2404 948 2623 1002 nihilum
2663 949 2940 1019 redigetur.
2980 947 3048 1002 Et
3077 965 3192 1003 ecce
3219 949 3329 1002 dies
3360 948 3567 1001 veniunt
3593 989 3607 1013 ,
3633 957 3679 1000 et
3701 946 3911 1014 disper-

2304 1040 2425 1094 dam
2458 1039 2481 1076 ιι
2515 1057 2683 1095 semen
2728 1051 2871 1096 tuum
2896 1083 2910 1107 ,
2951 1050 2997 1095 ct
3024 1057 3196 1094 semen
3224 1042 3386 1112 patris
3418 1040 3493 1093 tui
3520 1080 3533 1105 ,
3586 1048 3632 1092 et
3659 1056 3763 1093 non
3810 1040 3913 1093 erit

2303 1134 2396 1188 tibi
2430 1150 2586 1188 senex
2629 1135 2681 1189 in
2721 1134 2877 1189 domo
2906 1150 3019 1189 mea
3044 1134 3275 1189 omnibus
3300 1134 3500 1200 diebus,
3535 1144 3582 1188 et
3608 1133 3775 1187 virum
3796 1133 3911 1189 dis-

2303 1227 2519 1298 perdant
2555 1225 2570 1264 ί
2614 1243 2645 1281 a
2673 1228 2906 1281 sacrario
2948 1244 3056 1281 meo
3084 1270 3097 1291 ,
3143 1236 3200 1281 ut
3240 1227 3481 1296 deﬁciant
3511 1226 3646 1280 oculi
3672 1227 3786 1297 ejus
3811 1267 3825 1289 ,
3857 1235 3913 1281 et

2302 1320 2491 1391 deﬂuet
2519 1322 2692 1374 anima
2721 1324 2833 1392 ejus
2864 1337 2882 1374 :
2923 1332 2968 1374 et
2999 1320 3166 1374 omnis
3195 1335 3309 1390 qua:
3351 1320 3675 1387 superaverit
3722 1319 3915 1373 multi-

2300 1416 2423 1477 tudo
2455 1432 2481 1470 e
2531 1414 2684 1468 domo
2736 1427 2823 1469 tua
2859 1415 3056 1469 decidet
3098 1414 3151 1468 in
3188 1414 3366 1485 gladio
3401 1415 3648 1468 virorum.
3693 1413 3761 1467 Et
3807 1414 3913 1468 hoc

2302 1507 2393 1561 tibi
2435 1507 2680 1577 signum,
2729 1508 2867 1578 quod
2913 1508 3078 1562 veniet
3128 1523 3284 1577 super
3329 1507 3460 1560 duos
3484 1506 3623 1575 ﬁlios
3654 1518 3769 1560 tuos
3808 1506 3914 1561 ltos

2304 1599 2432 1670 Uini
2470 1610 2515 1654 et
2557 1599 2783 1655 Phinees
2829 1618 2842 1654 :
2894 1602 2948 1655 in
2971 1616 3074 1655 uno
3111 1601 3195 1654 die
3225 1590 3515 1653 morientur
3541 1600 3690 1653 ambo
3720 1600 3909 1672 gladio

2303 1692 2316 1743 i
2352 1693 2581 1747 virorum
2612 1694 2656 1763 (Ι
2686 1692 2816 1765 Reg.
2850 1709 2910 1758 ιι,
2939 1692 3052 1764 27).
3091 1693 3148 1749 Si
3185 1692 3324 1747 hanc
3358 1691 3447 1748 ille
3478 1691 3691 1761 accepit
3720 1692 3911 1747 incre-

2301 1786 2576 1857 pationem
2622 1800 2721 1856 pro
2763 1784 2891 1840 ﬁliis
2922 1802 2950 1840 a
2987 1785 3097 1840 Deo
3123 1826 3138 1848 ,
3187 1785 3403 1854 qualem
3436 1797 3535 1838 nos
3562 1799 3913 1838 meri-remur

597 1880 820 1941 terieus.
851 1879 941 1951 qui
964 1878 1017 1934 in
1050 1881 1192 1934 omni
1225 1888 1471 1949 tempore
1497 1878 1759 1948 judicium
1779 1879 1985 1951 justum
2011 1880 2190 1937 facere
2222 1891 2269 1950 Β
2297 1880 2546 1949 accipere
2579 1894 2676 1949 pro
2722 1889 2773 1934 te
2798 1920 2813 1946 ,
2863 1876 3195 1934 Constanti?
3236 1878 3404 1933 credo
3452 1876 3656 1932 dictum
3705 1875 3914 1933 fuisset

590 1970 883 2039 debueras,
911 1972 1228 2038 iniustitiam
1274 1980 1454 2027 tecum
1485 1973 1649 2027 etiam
1678 1988 1777 2028 nos
1808 1973 1989 2030 facere
2023 1988 2188 2044 coge-

594 2062 737 2119 bas?
772 2063 976 2133 Deponi
1010 2079 1105 2132 per
1132 2079 1235 2120 nos
1259 2063 1591 2121 decreveras
1613 2066 1961 2134 catholicum,
1988 2066 2190 2122 tirmari

598 2167 620 2195 ο
648 2171 783 2213 vero
814 2156 1131 2213 haereticum
1161 2176 1174 2210 :
1208 2158 1303 2212 sed
1332 2158 1551 2228 quando
1580 2157 1723 2213 istud
1758 2174 1905 2215 sanae
1929 2157 2190 2215 fecissent

591 2250 793 2307 mentis
825 2248 1116 2305 homines?
1145 2248 1190 2305 si
1213 2249 1360 2305 enim
1394 2250 1514 2306 Heli
1536 2251 1795 2306 sacerdos
1821 2292 1835 2316 ,
1865 2251 2011 2323 quod
2053 2250 2190 2307 ﬁlios

522 2372 525 2375 -
598 2344 652 2399 in
677 2328 967 2399 sacerdotii
1000 2344 1207 2399 honore
1232 2344 1611 2400 constituisset
1648 2344 1903 2415 indignos
1925 2387 1940 2411 ,
1976 2346 2065 2400 illa
2092 2360 2189 2400 au-

591 2433 693 2501 dit,
722 2451 841 2501 qua:
872 2450 1164 2505 perpessus
1192 2446 1275 2491 est
1297 2450 1327 2490 a
1350 2435 1611 2501 Domino;
1643 2436 1769 2507 quid
1793 2453 1890 2491 nos
1912 2438 2100 2491 audire
2126 2452 2190 2494 ac

591 2529 804 2601 perpeti
837 2543 1203 2597 mereremur,
1230 2530 1276 2585 si
1314 2529 1648 2586 catholicum
1680 2529 2000 2600 episcOpum
2039 2529 2193 2584 dam-

592 2632 811 2683 nantes.
844 2622 1138 2693 etquidem
1175 2622 1477 2678 inauditum
1505 2664 1520 2689 ,
1564 2621 1872 2678 sineremus
1894 2621 2187 2692 Georgium

595 2715 713 2771 ﬁeri
766 2714 1029 2771 Arianum
1073 2716 1461 2772 Alexandrinis
1488 2717 1854 2787 episcopum?
1902 2716 1970 2770 Et
2010 2718 2145 2771 venit
2172 2758 2186 2781 ,

578 2808 800 2881 inquit,
835 2811 988 2866 Itonia
1019 2808 1117 2865 Dei
1142 2808 1192 2878 ά,
1222 2821 1269 2866 et
1300 2812 1432 2866 dixit
1462 2829 1480 2865 :
1530 2810 1660 2867 Illac
1706 2811 1832 2866 dicit
1879 2809 2137 2865 Dominus
2169 2827 2188 2867 .'

599 2899 878 2973 Manifeste
907 2902 1107 2957 ostendi
1144 2920 1222 2957 me
1247 2904 1315 2958 ad
1343 2903 1549 2957 domum
1570 2904 1736 2976 patris
1766 2904 1840 2957 tui
1866 2920 1929 2958 ea:
1954 2904 2189 2957 omnibus

588 2994 823 3050 tribubus
842 2994 1013 3051 Israel
1044 2996 1170 3051 mihi
1194 2999 1248 3051 in
1279 2997 1648 3064 sacerdotium,
1675 3008 1730 3051 ut
1755 2996 2089 3052 ascenderent
2119 2997 2188 3050 ad

584 3088 899 3157 sacriﬁcium
927 3105 1100 3143 meum
1123 3131 1137 3155 ,
1184 3099 1231 3144 et
1260 3091 1590 3145 incenderent
1620 3090 1886 3145 incensum
1911 3131 1926 3156 ,
1958 3102 2009 3146 et
2039 3090 2189 3144 tolle-

585 3191 701 3236 rent
727 3181 918 3248 epltod.
962 3180 1030 3236 Et
1056 3183 1177 3237 dedi
1203 3184 1256 3238 in
1296 3186 1450 3238 domo
1482 3192 1505 3220 θ
1553 3184 1714 3252 patris
1758 3185 1833 3237 tui
1862 3184 2033 3238 omnia
2073 3183 2187 3254 {ru-

583 3284 756 3329 menta
779 3275 1007 3344 ﬁliorum
1040 3276 1211 3333 Israel
1238 3279 1292 3332 in
1322 3295 1512 3333 escam.
1542 3276 1611 3332 Et
1633 3290 1688 3333 tu
1718 3295 1878 3347 quare
1915 3280 2186 3349 respexisti

2295 1970 2493 2027 nobis:
2546 1970 2678 2025 Plus
2728 1971 3108 2040 honoriﬁcastis
3134 1967 3494 2025 Constantium
3518 2010 3534 2034 ,
3581 1986 3733 2038 quam
3768 1985 3853 2023 me
3876 1986 3902 2037 ;

2296 2065 2567 2136 quomodo
2596 2064 2672 2120 illi
2702 2065 2903 2120 dictum
2944 2075 3023 2120 est
3050 2106 3067 2133 ,
3114 2064 3255 2133 quod
3292 2063 3415 2135 plus
3454 2063 3910 2120 honoriﬁcaverit

2296 2158 2459 2226 lilios,
2490 2174 2651 2229 quam
2685 2158 2876 2212 Deum.
2923 2157 3062 2226 Qua,
3097 2158 3300 2228 inquis,
3333 2158 3402 2214 de
3434 2156 3537 2213 re?
3574 2158 3701 2228 quia
3731 2159 3780 2212 si
3806 2166 3906 2211 tua

2293 2252 2614 2309 fecissemus
2643 2261 2944 2322 praecepta,
2977 2252 3192 2307 Domini
3226 2252 3636 2307 inveniebamur
3660 2253 3909 2323 sprevis-

2294 2359 2388 2411 se;
2418 2345 2540 2415 quia
2571 2344 2840 2414 Georgius
2866 2346 2959 2409 sit,
2991 2353 3050 2399 ut
3079 2343 3282 2400 fuerint
3312 2343 3412 2399 lilii
3441 2344 3582 2409 Deli,
3614 2344 3761 2401 (ilius
3809 2362 3908 2415 pe-

2291 2436 2572 2502 srilcntite,
2596 2451 2756 2507 quem
2789 2447 2845 2492 tu
2878 2439 2996 2493 loco
3026 2437 3119 2493 Dei
3153 2437 3392 2495 hominis
3413 2436 3693 2494 Athanasii
3721 2441 3906 2495 collo-

2291 2532 2521 2587 caudum
2553 2546 2649 2600 per
2671 2546 2769 2587 nos
2793 2547 3107 2587 censueras.
3153 2532 3359 2586 Deinde
3386 2547 3509 2587 cum
3539 2533 3684 2587 dicat
3714 2533 3903 2588 Deus;

2298 2625 2401 2693 Qui
2419 2623 2442 2661 ¹ε
2460 2641 2538 2679 me
2557 2624 2992 2694 honoriﬁcaverit,
3015 2623 3460 2695 honoriﬁcabitur,
3482 2636 3526 2680 et
3544 2626 3630 2697 qui
3654 2642 3733 2681 me
3756 2642 3911 2698 sper-

2292 2720 2406 2785 nit,
2447 2719 2516 2771 ad
2540 2718 2759 2772 nihilum
2780 2717 3044 2787 redigetur
3075 2716 3372 2789 (Ibid.,50)
3399 2734 3415 2784 ;
3447 2718 3490 2772 si
3525 2730 3667 2772 tuam
3704 2729 3907 2775 contra

2294 2813 2464 2883 ipsius
2510 2811 2692 2867 divina
2740 2810 2991 2865 mandata
3028 2810 3294 2879 prolatam
3336 2824 3527 2865 vocem
3572 2810 3904 2879 sacrilegam

2290 2906 2625 2970 audiremus,
2657 2901 3215 2957 honorificaveramus
3248 2902 3460 2957 Deum?
3498 2916 3568 2956 an
3599 2900 3647 2955 si
3674 2911 3729 2955 te
3758 2900 3904 2957 nihil

2291 3016 2413 3057 esse
2450 2998 2760 3071 judicantes
2790 2997 2936 3053 illius
2969 3008 3177 3053 tantum
3216 2997 3385 3054 sacris
3428 2998 3651 3053 statutis
3699 3011 3903 3067 parere

2292 3092 2633 3149 niteremur?
2674 3090 2886 3147 Interea
2936 3099 2989 3144 tu
3023 3090 3233 3161 gaude,
3263 3091 3387 3161 quia
3427 3092 3505 3146 sis
3540 3090 3902 3147 exhonorans

2294 3185 2483 3243 Deum.
2535 3186 2704 3242 Audis
2730 3187 2876 3242 enim
2909 3186 3086 3257 ipsum
3124 3186 3395 3242 dicentem
3420 3228 3434 3251 ,
3488 3186 3630 3258 quod
3678 3189 3904 3243 venturi

2291 3282 2400 3337 sint
2430 3284 2497 3337 ad
2521 3280 2750 3336 nihilum
2781 3296 2972 3337 omnes
3003 3297 3126 3338 eum
3157 3290 3510 3349 Spernentes.
3558 3282 3640 3336 An
3670 3283 3903 3353 negabis

583 3368 639 3423 in
668 3369 931 3424 incensum
961 3387 1129 3425 meum
1154 3388 1216 3425 ac
1244 3372 1557 3441 sacriﬁcium
1586 3388 1753 3426 meum
1799 3370 2034 3443 improbo
2063 3388 2186 3426 ocn-
2214 3339 2259 3403 Ο
2293 3383 2346 3430 te
2383 3374 2757 3430 exltonorasse
2800 3375 3089 3430 Dominum
3115 3374 3357 3430 tollendo
3384 3375 3700 3431 sacerdotes
3722 3392 3753 3431 e
3779 3377 3901 3446 ple-

586 3465 659 3532 Io,
689 3475 738 3520 et
765 3466 1130 3535 Itonoriﬁcasti
1157 3469 1299 3539 ﬁlios
1322 3479 1437 3523 tuos
1465 3469 1582 3538 plus
1604 3485 1758 3539 quam
1778 3485 1877 3532 me,
1902 3478 1958 3522 ut
1976 3468 2181 3522 benedi-

584 3573 725 3614 ceres
751 3575 836 3615 eos
864 3577 895 3615 a
917 3562 1206 3631 primordio
1237 3563 1292 3617 in
1321 3562 1563 3618 omnibus
1590 3560 2061 3633 sacriﬁciisIsrael
2089 3578 2182 3617 co-

656 3772 683 3802 ι
712 3763 788 3820 Ita
822 3765 921 3822 hos
948 3766 1117 3823 libros
1151 3768 1425 3824 vocabant
1452 3774 1690 3833 veteres,
1723 3774 1779 3822 et
1808 3781 1915 3822 non
1949 3765 2171 3837 Regum,

581 3844 643 3893 ut
664 3837 853 3893 videre
880 3848 963 3894 est
992 3839 1133 3906 apud
1158 3838 1576 3905 Tertullianum,
1605 3838 1960 3909 Cyprianum,
1992 3838 2177 3907 Augu-

582 3909 812 3981 stinum,
844 3917 902 3964 et
930 3910 1071 3966 alios
1112 3913 1367 3981 antiquos
1420 3909 1529 3965 Tit.
1560 3921 1607 3964 et
1633 3910 1711 3963 La
1732 3908 1922 3966 Cerda.

650 3978 679 4019 ι)
706 3980 933 4051 Legitur
964 3981 1067 4036 hoc
1097 3978 1472 4037 teStimonium
1516 3982 1570 4035 in
1598 3981 1754 4051 Vulg.
1794 3981 1936 4051 apud
1964 3980 2172 4051 Jerem.

585 4065 661 4121 ιι,
692 4050 911 4115 25,st
944 4062 1122 4107 exstat
1170 4055 1334 4106 etiam
1380 4052 1431 4106 in
1478 4052 1572 4105 lib.
1607 4052 1622 4106 I
1654 4050 1787 4121 Reg.
1826 4050 1863 4106 ll
1889 4091 1905 4115 ,
1931 4050 2007 4121 κιο
2034 4051 2174 4119 apud

582 4120 866 4191 Septuag.;
889 4122 1092 4176 idcirco
1107 4123 1329 4177 minime
1345 4122 1607 4177 memoria
1629 4120 1812 4188 lapsus
1824 4132 1909 4178 est
1929 4120 2169 4184 Lucifer,

582 4200 640 4262 ut
682 4191 929 4247 Latinius
963 4204 1231 4247 autumat.
1286 4193 1455 4261 Igitur
1482 4207 1588 4260 quo
1616 4194 1811 4259 legitur
1842 4194 2003 4247 modo
2033 4193 2176 4262 apud

580 4261 839 4335 Septuag.
874 4278 1023 4335 vers.
1042 4273 1155 4317 aut.
1187 4279 1253 4319 ex
1287 4280 1389 4318 ms.
1423 4263 1547 4319 cod.
1573 4263 1630 4320 S.
1650 4262 1907 4321 Germani
1935 4261 2180 4335 aliquan-

578 4342 692 4389 tum
732 4334 915 4391 differt
943 4350 973 4389 a
1004 4334 1389 4401 Luciferiatta;
1434 4335 1601 4390 habet
1622 4338 1766 4391 enim
1794 4380 1809 4403 ,
1857 4335 2096 4390 Prudens
2125 4338 2179 4390 in

576 4422 675 4460 sua
701 4407 999 4479 prudentia,
1022 4416 1193 4462 etnon
1224 4446 1243 4479 ί.
1283 4449 1296 4463 .
1328 4446 1342 4461 .
1372 4447 1385 4460 .
1423 4448 1435 4461 .
1466 4447 1480 4461 .
1517 4448 1529 4460 .
1561 4450 1572 4463 .
1597 4407 1885 4479 intelligere
1912 4418 1959 4460 et
1978 4424 2176 4479 cogno-

575 4476 717 4554 scere
758 4476 1040 4554 Dominum
1072 4494 1091 4532 :
1141 4478 1444 4554 θεᾷ-(ἔγρῃ.
1489 4479 1632 4554 apud
1658 4478 1932 4554 Tlteodor.
1964 4478 1990 4534 ὁ
2023 4476 2179 4554 ᾳόφὸς

577 4550 630 4604 ἓν
661 4556 724 4624 τῇ
747 4552 902 4627 σοφίᾳ
928 4552 1111 4627 «deos,
1138 4549 1462 4627 utiLuciler
1486 4591 1501 4617 ,
1533 4552 1623 4627 (ιρί
1653 4565 1779 4627 cum
1812 4552 1977 4627 Cypr.
2022 4549 2117 4627 liti.
2145 4552 2179 4606 5

579 4620 782 4675 testim.
820 4620 1099 4676 'ctiuvenit.
1143 4620 1481 4677 Sabatierins
1516 4621 1672 4676 affert
1704 4620 1940 4677 Luciferi
1976 4623 2181 4676 versio-

578 4705 702 4762 nem
733 4693 784 4743 in
812 4690 1014 4747 Jerem.
1047 4707 1169 4760 cap.
1196 4707 1270 4754 ts,
1294 4693 1402 4758 25;
1432 4694 1669 4762 legitque
1695 4708 1839 4747 vers.
1863 4693 1936 4748 2'5
1961 4711 1973 4745 :
2000 4703 2048 4747 et
2080 4710 2179 4747 non

616 4761 825 4833 (orietur
855 4764 1006 4832 fortis
1040 4763 1095 4815 in
1124 4764 1429 4833 fortitudine
1467 4761 1604 4827 sua,
1645 4779 1738 4816 nec
1762 4805 1775 4827 ,
1813 4773 1919 4819 etc.
1974 4774 2034 4818 ut
2064 4765 2179 4830 ipse

624 4831 791 4902 ucifer
830 4831 970 4886 intra
1013 4834 1107 4886 lib.
1125 4831 1173 4886 ’2
1217 4848 1312 4902 pro
1342 4833 1401 4889 S.
1433 4834 1771 4899 Athanasio;
1829 4833 1882 4889 in
1917 4851 1967 4890 v.
1998 4843 2177 4890 autem

574 4900 1573 4977 24,_Vers.;Ant.exhibetexiCypr.
1626 4906 1720 4960 lib.
1768 4907 1822 4961 3.
1874 4906 2075 4962 testim.
2126 4908 2176 4961 in

572 4989 679 5043 qna
694 4973 1074 5048 ltmcdill‘erunt
1095 4992 1123 5029 a
1140 4974 1311 5048 Lucil.
1336 4994 1348 5031 :
1369 4973 1664 5048 Intelligere
1684 4986 1733 5030 et
1755 4994 1923 5041 nosse,
1937 4979 2179 5045 quoniam

573 5060 671 5122 ego
688 5045 1201 5122 suntDominus,qui
1224 5047 1361 5117 [acia
1380 5045 1805 5117 misericordiam,
1825 5059 1874 5103 et
1894 5048 2177 5122 judicium,

573 5127 621 5171 et
641 5119 907 5189 justitiam
936 5133 1091 5189 super
1118 5128 1327 5173 terram.

652 5200 674 5228 ο
709 5190 1000 5255 Postquam
1031 5186 1295 5259 Georgius
1324 5189 1971 5259 Alexandrinam_sedem
2002 5192 2052 5245 vi
2084 5207 2177 5246 oc-

582 5262 831 5330 cupavit,
863 5262 912 5316 id
947 5260 1126 5331 egisse
1162 5256 1381 5316 videtur
1405 5256 1790 5325 Constantius,
1821 5270 1879 5315 ut
1919 5263 2169 5318 catholici

572 5332 816 5401 episcopi
864 5330 995 5402 ejus
1031 5330 1244 5388 facinus
1299 5332 1765 5398 comprobarent;
1815 5332 1911 5386 sed
1971 5334 2172 5389 restitit

572 5418 696 5457 cum
728 5406 943 5460 caeteris
974 5402 1188 5457 Lucifer
1217 5420 1231 5467 ;
1262 5403 1513 5471 ideoque,
1549 5403 1673 5456 hinc
1698 5403 2044 5470 conjicimus.
2071 5406 2173 5459 du-

573 5475 705 5529 riori
746 5475 943 5530 exsilio
971 5474 1261 5528 multatum
1291 5474 1459 5529 fuisse
1485 5516 1497 5534 .
1547 5483 1603 5530 et
1631 5472 1884 5528 Eudoxio
1913 5476 2171 5532 traditum

572 5544 933 5601 Germanicae
957 5546 1248 5615 episcopo,
1284 5557 1338 5600 ct
1368 5544 1782 5601 Catholicorum
1810 5545 1951 5600 hosti
1998 5548 2173 5602 inl'ctt-

572 5616 829 5682 sissimo;
881 5630 989 5698 qua
1032 5626 1321 5688 propterea
1371 5616 1425 5673 in
1478 5618 1611 5672 urbe
1656 5617 1888 5672 alterum
1921 5618 2173 5675 exsilium

575 5698 871 5829 $55852?
1144 5756 1268 5829 Heli
1464 5760 1717 5815 Revelans
1762 5760 2014 5817 revelatus
2058 5780 2173 5817 sum

572 5808 641 5904 ..δ
656 5808 1773 5904 4.m...,.‘l..;...;...:;_'.....ginsistis...
1793 5808 2014 5904 satis
2039 5808 2171 5888 {eiii

572 5892 627 5945 in
649 5891 802 5944 domo
828 5891 1142 5945 Pharaonis.
1175 5897 1240 5948 Et
1268 5898 1398 5965 elegi
1417 5900 1625 5954 doimun
1654 5904 1817 5971 patris
1857 5891 2017 5958 titi'ea:
2058 5922 2167 5957 ome-

2289 3467 2472 3533 bibus,
2504 3483 2641 3538 quos
2673 3467 2947 3523 ordinavit
2977 3468 3112 3524 ille?
3158 3468 3241 3523 Att
3288 3468 3515 3540 negabis
3562 3479 3613 3525 te
3650 3470 3903 3526 exhono-

2289 3576 2441 3618 rasse
2463 3561 2774 3627 Dominum,
2823 3560 3041 3633 quando
3089 3571 3281 3618 contra
3319 3562 3531 3618 sancita
3560 3562 3736 3633 ipsius
3765 3577 3898 3619 coe-

2280 3765 2428 3820 nibus
2479 3766 2692 3835 sceptris
2738 3761 2905 3820 Israel
2955 3764 3081 3819 mihi
3131 3764 3417 3835 sacerdotio
3472 3762 3622 3833 fungi
3826 3767 3899 3820 ad

2279 3839 2441 3891 altare
2468 3834 2638 3891 meum
2814 3846 2860 3890 et
2891 3845 3176 3905 portarent,
3205 3847 3311 3891 etc.
3360 3834 3560 3891 Verum
3590 3850 3657 3890 ex
3702 3835 3901 3893 Hiero-

2280 3924 2447 3977 nymo
2493 3910 2545 3962 in
2592 3908 2751 3976 epist.
2798 3907 2864 3961 ad
2911 3906 3217 3963 Marcellam
3263 3906 3496 3962 Luciferi
3541 3908 3722 3963 versio
3767 3924 3903 3977 sup-

2280 3980 2475 4048 plenda
2506 3981 2727 4034 omnino
2756 3979 2961 4046 estita,
2996 3990 3055 4035 ut
3106 3993 3326 4033 sensum
3370 3977 3571 4049 efﬁciat
3614 3997 3627 4029 :
3674 3988 3721 4031 et
3766 3981 3899 4049 elegi

2280 4047 2489 4103 domum
2543 4051 2703 4117 patris
2739 4051 2813 4103 tui
2842 4066 2905 4103 ex
2934 4050 3170 4104 omnibus
3198 4048 3429 4103 tribubus
3470 4047 3639 4103 Israel
3678 4051 3805 4103 mihi
3840 4047 3898 4105 in

2280 4121 2652 4183 sacerdotium,
2696 4132 2802 4176 etc.
2864 4120 3121 4175 Tribubus
3177 4137 3241 4175 ex
3270 4120 3487 4187 [Graeco
3529 4120 3671 4191 apud
3720 4122 3897 4178 alium

2283 4191 2641 4264 lttlerpreleltt
2670 4193 2721 4247 itt
2749 4192 2975 4259 llexapl.
3009 4196 3065 4248 ἐκ
3088 4200 3272 4248 πασῶν
3296 4201 3396 4248 τῶν
3420 4194 3607 4264 φυλῶν.

2357 4274 2381 4303 θ
2410 4263 2562 4319 Vet's.
2599 4268 2725 4319 Ant.
2759 4266 2932 4318 domui
3090 4266 3267 4317 omnia
3294 4279 3407 4334 qua!
3436 4273 3558 4317 sunt
3582 4265 3715 4335 ignis
3745 4266 3896 4334 ﬁlio-

2283 4352 2399 4389 rum
2572 4335 2638 4389 Et
2667 4344 2720 4390 ut
2750 4335 2876 4405 quid
3050 4344 3098 4389 et
3135 4336 3190 4389 in
3230 4335 3549 4403 sacri/icium
3590 4352 3759 4388 meum
3794 4338 3897 4389 im-

2284 4408 2500 4476 pudenti
2673 4417 2719 4461 et
2760 4406 3062 4476 gloriﬁcasti
3098 4443 3211 4476 η...
3255 4421 3410 4475 super
3436 4421 3519 4459 me
3542 4448 3557 4469 ,
3590 4406 3896 4462 benedicere

2324 4480 2543 4533 rimitias
2570 4480 2737 4532 omnis
2767 4475 3012 4546 sacriﬁcii
3040 4478 3092 4529 in
3137 4475 3311 4533 Israel
3340 4479 3392 4530 in
3419 4487 3693 4547 conspectu
3732 4495 3847 4532 meo
3866 4481 3894 4534 .’

2335 4555 2450 4606 ebr.
2479 4566 2610 4605 vero
2634 4550 2798 4602 habet
2824 4549 3112 4609 Itonorasti.
3144 4551 3219 4601 ttti
3251 4548 3507 4613 Lucifer;
3538 4547 3667 4603 etin
3694 4546 3893 4605 Cra-co

2282 4621 2436 4677 deest
2468 4619 2787 4692 praepositio
2814 4620 2867 4673 in
2896 4620 3102 4674 nomini
3132 4617 3327 4687 Israel,
3361 4621 3504 4690 quod
3534 4620 3699 4675 etiam
3726 4620 3896 4677 Luci-

2284 4692 2365 4748 fer
2392 4702 2595 4747 servat.

2358 4761 2378 4801 ¹
2427 4763 2582 4818 Vers.
2627 4774 2740 4817 ant.
2800 4761 3050 4817 Dominus
3104 4761 3238 4816 Deus
3421 4763 3711 4816 transibunt
3747 4775 3893 4819 ....et

2285 4850 2420 4888 nunc
2472 4836 2595 4888 dicit
2625 4833 2879 4888 Dominus
2916 4850 2934 4887 :
2977 4831 3325 4901 Nequaquam
3350 4851 3372 4889 :
3409 4836 3500 4888 sed
3538 4835 3893 4903 glariﬁcantes

2285 4922 2363 4978 me
2412 4906 2749 4978 gloriﬁcabo,
2800 4917 2846 4959 et
2901 4906 2984 4978 qui
3028 4907 3235 4978 spernit
3284 4921 3407 4978 me,
3466 4917 3756 4978 spernetur.
3831 4908 3890 4962 In

2281 4974 2481 5103 Graeci;
2493 4974 2835 5060 nequaquam
2886 4975 3010 5030 mihi
3054 4974 3177 5031 eum
3214 4975 3393 5031 Lucif.
3444 4987 3501 5031 et
3542 4974 3886 5034 διελεύσεται.

2282 5056 2447 5103 transi
2487 5060 2543 5103 tl.

2282 5050 2543 5103 transibit.

2280 5188 2323 5243 ι
2353 5120 2524 5243 εςέηο1
2546 5119 2802 5185 transibit,
2834 5132 2893 5174 ut
2921 5119 3054 5175 dicit
3086 5120 3287 5174 deleam
3322 5134 3423 5190 pro
3450 5118 3647 5175 delebo.
3688 5118 3799 5174 Til.
3830 5129 3885 5176 et

2327 5204 2355 5243 a
2429 5208 2507 5243 ert
2531 5207 2581 5243 a.

2327 5204 2355 5243 a
2385 5192 2581 5245 Certla.

2351 5258 2378 5297 ¹³
2410 5261 2570 5318 Vers.
2603 5262 2729 5317 Ant.
2758 5263 3108 5317 externtinabo
3263 5272 3313 5319 et
3359 5277 3531 5317 semen
3568 5264 3755 5315 domus
3793 5281 3886 5331 pa-

2274 5332 2367 5386 tris
2396 5335 2469 5385 tui
2641 5335 2814 5388 senior
3002 5332 3070 5387 Et
3098 5334 3265 5388 virum
3304 5333 3659 5387 exterminabo
3690 5335 3791 5388 tibi
3819 5335 3883 5387 ab

2274 5403 2431 5457 altari
2457 5420 2569 5459 meo
2734 5416 2779 5459 et
2802 5406 2999 5474 deﬂuat
3150 5416 3199 5459 et
3225 5407 3392 5459 omnis
3428 5408 3514 5472 qui
3563 5408 3886 5471 superaverit

2276 5474 2456 5552 domus
2489 5488 2591 5531 tute
2742 5493 2846 5552 una
2866 5476 2968 5552 die,
2993 5485 3105 5552 _e_tc.
3136 5476 3313 5531 Graec.
3344 5477 3672 5552 πρεσϐύτης,
3702 5494 3882 5545 senex,

2274 5555 2332 5603 et
2359 5550 2529 5625 ivga;
2544 5551 2743 5625 Vips'pqc;
2773 5549 2849 5625 uti
2873 5547 3116 5625 Lucifer,
3141 5551 3321 5625 inuno
3347 5547 3448 5603 die.

2357 5618 2372 5656 ί
2411 5618 2717 5689 Disperddtit
2750 5620 2857 5673 tibi.
2889 5618 3059 5672 Vatic.
3096 5620 3171 5673 uti
3204 5620 3254 5673 in
3282 5618 3497 5675 Graeco.

2357 5691 2371 5741 i
2410 5689 2597 5762 Gladio
2625 5694 2854 5746 virorum
2877 5691 3049 5745 demit
3074 5690 3280 5758 Latin.,
3308 5707 3429 5762 quae
3458 5691 3626 5747 verba
3675 5690 3883 5748 desunt

2280 5772 2335 5818 et
2368 5762 2420 5815 in
2460 5761 2667 5818 Graecis
2702 5762 2890 5818 Bibliis
2917 5771 2970 5818 et
3002 5764 3229 5817 Latinis.

2314 5898 2319 5903 μ
2349 5831 2571 5897 “Paulo
2598 5849 2761 5902 supra
2791 5833 2933 5890 idem
2958 5833 3176 5890 Lucifer
3209 5851 3221 5889 :
3258 5832 3361 5900 Qui
3386 5833 3739 5901 honoriﬁcam
3772 5852 3876 5897 me,

2276 5903 2625 5973 honoriﬁcabo
2652 5912 2755 5961 eas.
