4148 6186
220 164 330 221 835

218 275 368 345 geris
416 272 733 330 sacerdotes
780 275 901 345 ejus
941 275 1208 333 damnare
1246 278 1532 336 absentem
1560 322 1575 344 ,
1609 281 1821 336 inaudi-
1849 284 1904 343 Α
1930 282 2095 336 millia
2120 283 2346 336 virorum

220 378 359 439 tum,
392 376 444 423 et
470 368 687 436 quidem
718 367 868 423 falsis
892 370 1214 426 criminibus
1243 387 1341 443 per
1369 381 1420 428 te
1446 387 1509 428 ac
1534 381 1655 428 tuos
1683 376 1825 443 peti-

218 470 334 515 tum
358 460 381 514 ?
412 459 529 514 Non
559 474 693 531 ergo
720 470 745 498 δ
774 462 1127 517 eshonorasti
1151 463 1345 531 Deum,
1371 464 1593 535 quando
1628 466 1823 521 tuleris

218 552 577 623 apostolicam
605 562 769 622 atque
799 554 1170 624 evangelicum
1203 556 1576 621 traditionem,
1607 567 1665 611 et
1704 558 1822 613 ido-
1859 614 1871 623 ,

217 645 517 713 lolatriam,
546 663 707 719 quam
738 647 765 686 ι)
797 650 957 704 Arius
988 649 1340 706 mdiﬁcaverit
1377 652 1430 707 in
1458 651 1627 707 corde
1652 694 1669 719 ,
1699 651 1820 706 dia-

218 740 384 797 bolus
424 742 682 796 statueris
707 740 777 794 ab
807 741 1116 796 hominibus
1145 744 1445 799 cultoribus
1472 744 1647 799 teneri
1682 744 1822 799 Dei?

216 835 355 891 Cum
383 835 503 890 tunc
532 835 603 889 ita
634 836 763 902 sint,
786 834 899 905 jam
923 847 1026 890 tum
1055 836 1159 891 erit
1188 836 1495 907 prudentia:
1516 837 1817 903 mstimare,

216 928 350 1000 quid
381 929 475 984 tibi
507 928 777 999 agendum
809 928 1083 998 expediat,
1118 938 1299 984 utrum
1328 945 1393 985 ne
1425 930 1511 985 hic
1536 930 1820 1000 corrigens

216 1036 440 1078 errores
486 1029 645 1085 tuos,
696 1030 1026 1076 consecutus
1073 1022 1285 1076 veniam
1334 1031 1606 1077 tantorum
1646 1022 1819 1079 scele-

213 1130 362 1178 rum,
396 1117 540 1168 inter
572 1114 668 1169 Dei
704 1114 941 1171 inveniri
970 1124 1180 1170 statuas
1207 1114 1577 1180 domesticos;
1631 1130 1699 1170 an
1729 1129 1817 1169 re-

212 1206 405 1263 dacms
434 1206 503 1261 ad
533 1205 762 1262 nihilum
790 1247 805 1270 .
838 1208 980 1262 sicut
1020 1207 1293 1277 promittit
1330 1206 1713 1276 spernentibus
1756 1220 1818 1262 se

214 1302 506 1366 Dominus,
557 1302 784 1370 incipias
822 1302 873 1355 iu
904 1309 1220 1369 perpetuum
1251 1300 1383 1356 dare
1410 1315 1601 1371 poenas
1623 1342 1636 1366 ,
1682 1315 1818 1371 quas

212 1404 342 1458 dant
374 1402 426 1455 lii
451 1415 681 1470 quorum
715 1409 904 1454 tenere
930 1399 1204 1469 delegeris
1232 1399 1449 1453 itinera.
1483 1397 1549 1452 Et
1577 1400 1631 1451 ut
1654 1398 1817 1466 plane

209 1495 398 1552 vidcre
426 1493 605 1565 possis
628 1534 644 1560 ,
678 1510 797 1563 quae
825 1502 877 1548 tc
910 1506 1163 1549 maneant
1198 1493 1436 1564 pericula
1464 1537 1479 1558 ,
1529 1501 1813 1563 propterea

212 1587 360 1659 quod
402 1589 478 1641 sis
524 1586 874 1641 exhonoraus
916 1585 1255 1640 divinitatem
1286 1628 1300 1649 ,
1350 1584 1536 1653 accipe
1568 1584 1813 1640 Samueli

1297 164 1433 221 Ι)Πο
1474 164 1748 223 SANCTO
1787 162 2182 227 ATHANASIO
2221 162 2351 222 LIB.
2394 165 2435 222 1.

3412 170 3525 228 εει

2388 300 2406 336 :
2451 292 2500 337 et
2545 296 2668 337 arra
2695 281 2794 339 Dei
2820 292 2973 357 capta
3001 293 3116 351 est,
3162 292 3212 341 et
3254 285 3406 343 ambo
3430 288 3533 355 ﬁlii

1926 373 2050 428 IIeli
2074 376 2265 429 mortui
2293 385 2413 429 sunt
2443 374 2636 447 (Ibid.,
2671 377 2784 448 10).
2819 377 2887 433 Et
2914 378 3049 433 infra
3086 397 3099 433 :
3144 379 3212 433 Et
3240 381 3315 435 vir
3342 397 3528 453 prape-

1924 483 2045 520 rans
2072 469 2286 522 accessit
2315 467 2383 521 ad
2416 466 2557 529 Heli.
2591 469 2821 540 dixitque
2848 471 2893 525 ei
2936 487 2954 525 :
3002 469 3115 543 Ego
3153 489 3267 526 sum
3298 475 3386 541 qui
3417 472 3531 528 veni

1925 556 1990 611 de
2010 558 2196 611 castris
2223 558 2427 629 fugiens
2454 559 2519 613 de
2547 561 2727 629 prazlio
2753 550 2925 615 hodie.
2958 560 3027 615 Et
3055 563 3187 617 dixit
3220 561 3341 618 Heli
3371 579 3391 617 :
3421 563 3525 631 Qui

1923 664 2091 702 sermo
2120 651 2289 719 factus
2330 660 2425 713 est,
2471 650 2675 721 ﬁliole?
2702 649 2772 705 Et
2796 654 3062 724 respondit
3090 654 3169 707 vir
3198 650 3249 719 (ι,
3281 664 3328 707 et
3354 653 3487 709 dixit
3514 670 3533 710 .'
3586 660 3589 665 ’

1924 736 2086 810 Fugit
2128 742 2206 793 vir
2236 738 2407 796 Israel
2457 758 2489 794 a
2518 744 2653 812 facie
2681 744 3089 817 alienigenarum
3114 787 3129 813 ,
3181 758 3226 801 et
3275 751 3413 819 facta
3453 756 3532 803 est

1922 828 2078 900 plaga
2108 846 2295 900 magna
2318 832 2370 885 in
2399 834 2591 903 populo
2616 874 2630 899 ,
2657 843 2706 888 et
2736 835 2885 889 ambo
2925 836 3024 905 ﬁlii
3054 837 3129 890 tui
3150 839 3341 892 mortui
3366 848 3524 906 sunt,

1921 930 1969 974 et
1999 938 2119 974 arca
2146 920 2237 975 Dei
2266 934 2415 994 capta
2442 934 2537 977 est.
2570 924 2637 978 Et
2661 929 2860 995 factum
2884 938 2958 982 est
2988 946 3106 982 cum
3136 931 3395 999 audisset,
3430 933 3529 987 Ar-

1921 1029 1983 1068 ca
2017 1013 2111 1068 Dei
2138 1026 2289 1083 capta
2318 1025 2409 1081 est,
2442 1018 2627 1072 cecidit
2651 1020 2869 1089 supinus
2887 1021 2950 1075 de
2976 1022 3105 1076 sella
3122 1026 3280 1095 juxta
3303 1035 3528 1092 portam,

1920 1117 1969 1160 et
2005 1117 2027 1143 ε
2054 1108 2456 1163 contribulatum
2485 1120 2559 1165 est
2609 1110 2820 1165 dorsum
2849 1115 2960 1186 ejus
2984 1154 2999 1179 ,
3056 1123 3103 1168 et
3135 1125 3369 1170 mortuus
3415 1126 3531 1185 est;

1920 1200 2164 1269 quoniam
2190 1217 2347 1281 senex
2375 1211 2486 1255 erat
2514 1213 2561 1256 et
2590 1205 2761 1275 gravis
2792 1206 2944 1259 homo
2970 1247 2987 1274 ,
3035 1216 3083 1261 et
3127 1207 3237 1277 ipse
3254 1209 3534 1281 judicabat

1920 1292 1973 1345 in
2002 1291 2169 1346 Israel
2197 1280 2380 1364 viginti
2402 1296 2553 1349 annis
2585 1295 2776 1362 (Ibid.,
2814 1296 2930 1369 16).
2987 1297 3042 1355 Si
3078 1299 3198 1357 huic
3246 1280 3385 1357 tnala
3414 1301 3532 1358 Heli

1917 1390 2187 1445 sacerdoti
2219 1401 2273 1446 et
2297 1393 2465 1463 judici
2496 1393 2867 1450 lsraelitarum
2917 1413 3026 1453 uno
3068 1398 3157 1456 die
3206 1413 3481 1459 venerunt
3512 1448 3528 1473 ,

1917 1490 2206 1551 propterea
2236 1485 2380 1553 quod
2414 1501 2521 1539 non
2557 1527 2571 1551 ,
2605 1494 2664 1541 ut
2693 1486 2869 1542 fuerat
2911 1488 3137 1560 dignutn
3167 1534 3182 1559 ,
3216 1508 3345 1549 suos
3370 1497 3535 1553 casti-

1914 1585 2101 1644 gasset
2134 1577 2293 1645 (ilius,
2317 1580 2447 1648 quid
2482 1579 2581 1634 tibi
2615 1582 2901 1652 religionis
2932 1583 3023 1639 Dei
3049 1585 3381 1645 deSIructori
3412 1607 3531 1649 cer-

211 1668 375 1737 etiam
406 1696 527 1751 quae
554 1681 807 1734 dicantur
831 1688 1053 1749 propter
1082 1679 1200 1734 lleli
1231 1679 1372 1734 ﬁlios
1396 1698 1408 1732 :
1433 1678 1501 1731 Et
1533 1678 1667 1733 dixit
1701 1677 1805 1733 Do-

1918 1667 2001 1720 nis
2027 1678 2316 1725 venturum
2345 1714 2359 1737 ,
2411 1672 2517 1727 isto
2568 1674 2620 1728 in
2652 1676 2775 1730 loco
2809 1675 3147 1744 probandum
3183 1684 3282 1739 tibi
3310 1688 3527 1745 censui.

208 1776 385 1831 minus
427 1777 494 1828 ad
520 1775 733 1829 Samuel
765 1791 783 1829 :
814 1791 929 1828 ecce
953 1791 1047 1846 ego
1073 1774 1210 1843 facio
1235 1775 1385 1827 verba
1405 1790 1518 1827 mea
1544 1775 1596 1827 in
1620 1771 1813 1841 Israel,

211 1880 261 1924 et
298 1869 464 1923 omnis
492 1870 581 1941 qui
608 1869 829 1922 audierit
857 1885 917 1923 ea
940 1910 955 1933 ,
987 1869 1203 1922 tinnient
1228 1878 1455 1939 utraeque
1484 1884 1633 1921 aures
1659 1869 1769 1939 ejus
1797 1910 1811 1934 ,

212 1963 268 2016 in
293 1963 385 2016 illo
415 1960 521 2027 die,
573 1978 675 2027 quo
704 1961 963 2016 suscitabo
992 1978 1147 2031 super
1172 1961 1295 2016 Heli
1322 1966 1494 2016 omnia
1522 1978 1635 2033 qua:
1666 1962 1810 2015 locu-

213 2064 295 2110 tus
317 2071 430 2110 sum
455 2056 509 2107 in
532 2053 684 2108 domo
717 2056 849 2127 ejus,
875 2063 923 2107 et
951 2055 1320 2109 consummabo
1355 2071 1470 2122 qua:
1497 2055 1719 2125 prazdixi
1741 2055 1809 2121 ei,

209 2148 452 2217 quoniam
485 2162 576 2219 ego
615 2146 836 2199 ulciscor
866 2146 920 2199 in
943 2146 1095 2199 domo
1127 2148 1241 2216 ejus
1276 2163 1438 2217 usque
1475 2147 1529 2200 in
1565 2156 1810 2202 (etet-num

212 2250 426 2312 prapter
453 2241 772 2308 iniquitatem
794 2240 1018 2308 filiorum
1043 2241 1181 2311 ejus,
1208 2258 1362 2312 quam
1392 2259 1482 2313 ego
1509 2245 1615 2297 scio
1636 2260 1656 2309 ;
1685 2260 1811 2314 quo-

210 2336 351 2390 niam
370 2344 749 2388 contemnentes
771 2331 1049 2387 Dominum
1075 2335 1209 2388 mala
1231 2335 1390 2389 locuti
1410 2346 1529 2389 sunt
1554 2336 1653 2405 filii
1674 2338 1807 2407 ejus,

215 2437 263 2481 et
293 2444 393 2481 non
428 2428 627 2481 monuit
654 2444 739 2481 eos
769 2443 926 2496 neque.
953 2427 1239 2497 castigat-it.
1291 2425 1359 2481 Et
1383 2444 1518 2482 nunc
1544 2430 1618 2482 sic
1632 2430 1809 2501 juravi

208 2521 383 2575 domui
419 2519 559 2587 Heli,
587 2521 633 2574 si
658 2520 1020 2592 prapitiabitur
1048 2522 1292 2591 iniquitas
1319 2524 1371 2575 in
1398 2522 1551 2575 domo
1586 2521 1726 2587 Heli,
1752 2525 1807 2578 in

207 2614 437 2679 incenso,
460 2616 621 2668 autin
638 2615 907 2685 sacriﬁciis
925 2616 976 2666 in
999 2618 1365 2685 sempiternum
1381 2615 1422 2686 (l
1442 2615 1569 2686 Reg.
1586 2631 1666 2677 ιιι,
1690 2622 1713 2671 1
1728 2616 1803 2685 1).

205 2705 266 2763 Si
290 2705 408 2761 haec
435 2707 549 2761 Heli
581 2717 708 2761 sunt
738 2705 1002 2777 promissa
1027 2716 1250 2776 proliter
1270 2707 1528 2762 delictum
1548 2709 1803 2773 liliorum,

202 2802 330 2873 quid
352 2802 445 2857 tibi
464 2810 685 2872 propter
702 2801 1049 2871 sacrilegium
1068 2802 1253 2855 tuum?
1271 2802 1328 2855 Si
1348 2801 1421 2855 illi
1441 2802 1555 2857 haec
1575 2804 1626 2857 in
1648 2811 1805 2857 teter-

205 2908 335 2950 nnm
366 2903 493 2948 sunt
516 2894 805 2963 promissa,
834 2893 964 2964 quid
993 2893 1089 2949 tibi
1122 2894 1301 2964 agenti
1337 2894 1525 2948 tanta?
1575 2894 1629 2951 Si
1666 2895 1804 2949 filios

205 2987 323 3043 Heli
374 2988 513 3043 dixit
544 2988 684 3044 Deus
716 2988 858 3043 male
904 2987 1115 3043 locutos
1155 2988 1223 3042 de
1251 3002 1310 3043 se
1337 3029 1351 3053 ,
1394 2997 1597 3057 quanto
1632 2987 1802 3059 magis

1916 1763 2073 1830 Quod
2108 1766 2254 1821 enim
2284 1785 2349 1823 ex
2383 1769 2481 1825 Dei
2507 1772 2690 1827 veniat
2714 1773 3015 1842 voluntate,
3043 1788 3099 1831 ut
3126 1794 3225 1834 nos
3248 1782 3366 1849 ejus
3384 1783 3529 1839 servi

1916 1858 2276 1930 subjiciatnur
2300 1863 2457 1918 vobis
2489 1869 2939 1934 persecutoribus
2969 1872 3197 1939 nostris,
3232 1872 3445 1929 dixisse
3477 1885 3530 1932 te

1914 1968 2023 2009 non
2057 1956 2317 2027 negabis:
2349 1956 2471 2013 Nisi
2495 1970 2673 2016 nostra
2698 1961 2851 2030 ﬁdes,
2883 1964 2979 2019 hoc
3003 1975 3109 2031 est,
3142 1969 3272 2033 lucc,
3303 1984 3418 2039 qua:
3447 1969 3529 2022 di-

1846 2062 1851 2065 '
1913 2048 2049 2101 citur
2075 2067 2107 2103 a
2138 2048 2383 2123 Lucifero
2426 2054 2627 2109 Ariana
2650 2097 2664 2121 ,
2692 2057 2872 2126 fuisset
2918 2058 3175 2113 catholica
3200 2101 3215 2126 ,
3246 2076 3526 2133 numquam

1910 2142 1965 2195 in
1991 2159 2165 2199 omnes
2198 2146 2370 2212 plebes
2394 2150 2702 2219 accepissem
2728 2161 3048 2221 potestatem.
3099 2153 3153 2209 Si
3185 2154 3259 2208 ita
3288 2164 3391 2221 est,
3421 2168 3524 2225 po-

1912 2235 2016 2288 tuit
2060 2246 2114 2290 et
2152 2236 2369 2292 illorum
2402 2240 2823 2310 allapliilorum,
2880 2244 2971 2313 qui
3032 2258 3216 2299 arcam
3262 2254 3525 2316 ceperant

1915 2324 2011 2380 Dei
2040 2368 2053 2391 ,
2103 2330 2391 2399 quisquam
2426 2330 2596 2389 luisse
2628 2333 2859 2400 melior,
2892 2351 3055 2406 quam
3088 2347 3171 2391 est
3200 2338 3295 2393 Dei
3321 2342 3519 2395 cultor.

1909 2418 2110 2489 Utique
2142 2431 2196 2475 tu
2228 2422 2366 2478 dicis
2397 2423 2558 2480 iidem
2594 2436 2765 2496 tuam,
2800 2444 2963 2501 quam
2997 2444 3096 2486 nos
3126 2432 3380 2489 novimus
3405 2432 3518 2488 bte-

1910 2514 2135 2599 reticam
2170 2556 2184 2579 ,
2218 2513 2322 2570 hoc
2352 2516 2448 2571 tibi
2499 2522 2821 2589 prestitisse
2873 2541 2885 2576 :
2934 2525 3029 2579 sed
3072 2534 3128 2579 et
3170 2524 3519 2595 Maxentius,

1910 2603 2073 2671 Nero,
2105 2617 2158 2661 et
2186 2609 2367 2663 cuncti
2398 2610 2475 2665 illi
2507 2624 2891 2681 persecutores
2907 2616 3104 2673 domus
3134 2617 3231 2674 Dei
3258 2619 3520 2675 dixerunt

1909 2696 2135 2753 deorum
2166 2714 2389 2755 suorum
2422 2704 2668 2781 potentia
2700 2704 2869 2761 fuisse
2898 2707 3126 2775 factum,
3151 2709 3515 2768 utChristiani

1909 2792 2013 2844 sub
2040 2791 2259 2845 illorum
2290 2792 2553 2850 ditionem
2596 2796 2931 2853 veniremus.
2982 2798 3253 2857 Percurre
3276 2816 3399 2873 quae
3430 2816 3523 2858 ac-

1907 2882 2143 2939 ciderint
2174 2884 2307 2951 illis,
2341 2886 2433 2955 qui
2460 2902 2642 2944 arcam
2668 2904 2729 2946 se
2768 2890 2863 2946 Dei
2893 2892 3129 2963 cmpisse
3161 2893 3514 2966 laztabantur,

1906 2976 1996 3045 qui
2031 2977 2229 3031 virtute
2276 2975 2505 3033 deorum
2536 2995 2760 3036 suorum
2793 2983 2993 3040 vicisse
3020 2999 3079 3041 se
3108 2985 3387 3043 Israelitas
3430 2987 3515 3044 di-

206 3081 354 3139 dicat
405 3092 456 3138 te
502 3083 591 3153 qui
623 3081 931 3153 susCeperis
958 3081 1072 3137 Arii
1104 3080 1494 3151 blasphemiam
1529 3081 1593 3136 ad
1630 3081 1802 3151 impu.
1828 3065 1874 3127 C
1906 3067 2130 3135 cebant,
2159 3078 2213 3125 et
2238 3070 2481 3128 invenies
2509 3090 2674 3131 unum
2710 3084 2763 3132 te
2809 3092 2881 3133 ex
2915 3078 3024 3135 illis
3051 3081 3143 3152 qui
3176 3081 3273 3138 Dei
3302 3082 3507 3141 fuerint

202 3176 472 3249 gnandam
502 3178 712 3232 scilicet
743 3176 924 3243 ﬁdem,
950 3192 1110 3247 quam
1131 3174 1478 3245 patriarchae,
1499 3175 1803 3244 prophetae,

202 3272 475 3342 apostoli,
509 3278 566 3326 et
594 3285 785 3325 omnes
826 3280 1116 3325 tenuerunt
1163 3270 1473 3341 martyres!
1528 3267 1801 3338 Rogamus

204 3374 260 3420 te
288 3366 431 3420 inter
460 3365 577 3420 haec
606 3379 797 3436 gerere
824 3363 1086 3419 factorum
1129 3374 1345 3419 tuorum
1386 3362 1758 3431 paenitentiam
1782 3404 1797 3427 ,

200 3458 555 3513 considerans
601 3458 797 3512 saltem
848 3473 967 3525 quae
1017 3456 1139 3511 liliis
1171 3456 1289 3512 Heli
1326 3455 1799 3510 exhonorantibus

200 3550 371 3605 Deum
396 3548 716 3603 acciderint.
750 3547 875 3603 Heli
900 3547 1093 3615 (Ibid.,
1117 3549 1211 3616 21)
1234 3591 1247 3613 ,
1276 3548 1449 3618 inquit
1478 3548 1751 3619 scriptura
1782 3589 1797 3615 ,

197 3660 355 3701 senex
382 3654 491 3699 erat
517 3644 666 3699 valde
692 3686 706 3710 ,
732 3654 778 3698 et
810 3644 909 3711 ﬁlii
936 3645 1047 3714 ejus
1079 3654 1253 3697 euntes
1284 3644 1513 3696 abierant
1542 3684 1554 3707 ,
1596 3652 1642 3696 et
1690 3652 1799 3697 erat

196 3740 429 3813 maligna
458 3739 541 3794 via
568 3754 748 3794 eorum
780 3753 955 3792 coram
986 3736 1227 3791 Domino.
1283 3735 1351 3790 Et
1394 3743 1588 3808 factum
1635 3747 1705 3791 est
1743 3737 1798 3790 in

197 3832 377 3885 diebus
408 3832 515 3885 illis
537 3870 553 3895 ,
584 3842 633 3886 et
663 3839 1005 3885 convenerunt
1033 3829 1334 3901 alienigena:
1376 3830 1429 3882 in
1458 3846 1684 3900 pugnam
1729 3830 1797 3883 ad

192 3925 367 3981 Israel
396 3925 439 3998 (l
471 3924 601 3997 Reg.
638 3941 711 3992 tv,
746 3925 822 3995 1).
874 3924 939 3978 Et
970 3923 1108 3977 infra
1135 3940 1147 3975 :
1180 3922 1249 3977 Et
1276 3923 1542 3977 inclinavit
1582 3941 1752 3994 pugna
1778 3963 1792 3989 ,

195 4028 245 4072 et
288 4018 472 4073 cecidit
518 4020 596 4073 vir
646 4016 815 4072 Israel
846 4033 1021 4072 coram
1059 4017 1364 4087 alienigenis
1390 4058 1405 4083 ,
1448 4027 1496 4071 et
1542 4018 1796 4073 vulnerati

194 4120 316 4165 sunt
342 4111 396 4165 in
423 4112 530 4165 acie
558 4112 609 4165 in
648 4126 830 4180 campo
859 4152 873 4177 ,
923 4118 1144 4177 quatuor
1188 4109 1353 4165 millia
1398 4110 1662 4165 hominum
1702 4122 1797 4167 :et

196 4204 329 4256 venit
346 4203 569 4274 papulus
594 4202 647 4256 in
677 4212 865 4263 castra.
887 4211 931 4255 et
954 4201 1196 4255 dixerunt
1213 4202 1433 4271 majores
1453 4210 1575 4254 natu
1596 4200 1795 4256 Israel:

194 4294 422 4368 Propter
449 4296 575 4365 quid
604 4296 823 4365 deficere
851 4296 973 4365 fecit
1001 4312 1093 4348 nos
1143 4295 1295 4348 hodie
1322 4292 1577 4349 Dominus
1620 4311 1795 4349 coram

192 4392 501 4464 alienigenis
524 4392 548 4444 ?
572 4390 840 4445 Tollamus
866 4392 1023 4462 igitur
1044 4406 1219 4445 arcam
1252 4388 1461 4443 Domini
1492 4386 1591 4442 Dei
1630 4389 1793 4442 nostri

1904 3160 2123 3216 domum
2175 3165 2470 3232 persecuti.
2519 3164 2588 3221 Et
2638 3169 2942 3241 alienigente
2968 3173 3289 3228 abstulerunt
3334 3191 3510 3230 arcam

1901 3254 2003 3312 Dei
2031 3275 2095 3313 ex
2136 3259 2393 3317 Abenezer
2419 3304 2432 3329 ,
2481 3273 2526 3317 et
2574 3266 2863 3320 intulerunt
2902 3268 3047 3322 illam
3078 3271 3130 3322 in
3157 3269 3421 3336 Azotum;
3460 3281 3511 3327 et

1897 3352 2222 3407 sustulerunt
2250 3354 2554 3426 alienigena:
2582 3373 2799 3423 arcam,
2855 3368 2902 3412 et
2946 3360 3231 3415 intulerunt
3277 3361 3425 3417 illam
3451 3363 3506 3418 in

1901 3442 2112 3497 domum
2151 3442 2336 3516 Dagon
2364 3488 2380 3513 ,
2412 3457 2461 3501 et
2496 3448 2879 3503 collocaverunt
2908 3450 3053 3505 illam
3090 3455 3247 3524 juxta
3276 3451 3463 3527 Dagon
3486 3472 3507 3510 :

1900 3550 1948 3595 et
1976 3558 2125 3596 mane
2148 3543 2488 3615 vigilaverunt
2515 3546 2661 3600 Azoti
2688 3587 2704 3612 ,
2754 3556 2803 3601 et
2842 3546 3165 3601 intraverunt
3207 3549 3262 3603 in
3292 3550 3506 3605 domum

1899 3637 2088 3709 Dagon
2115 3680 2129 3703 ,
2164 3649 2209 3694 et
2236 3640 2470 3695 viderunt
2508 3660 2526 3695 :
2566 3652 2613 3697 et
2641 3658 2756 3697 ecce
2786 3640 2972 3714 Dagon
2998 3643 3185 3699 cecidit
3230 3646 3283 3699 in
3314 3647 3502 3716 faciem

1899 3745 2047 3785 suam
2076 3741 2196 3785 ante
2224 3747 2403 3785 arcam
2435 3730 2529 3786 Dei
2550 3748 2572 3797 ;
2607 3743 2657 3788 et
2695 3736 3014 3789 sustulerunt
3056 3735 3244 3808 Dagon
3274 3752 3293 3792 :
3318 3748 3364 3792 et
3394 3749 3503 3794 sta-

1900 3831 2109 3877 tuerunt
2136 3825 2189 3877 in
2218 3824 2389 3878 locum
2415 3841 2585 3879 suum.
2635 3824 2701 3880 Et
2731 3837 2947 3899 gravata
2974 3838 3050 3882 est
3074 3845 3257 3883 manus
3286 3828 3503 3885 Domini

1898 3931 2054 3985 super
2082 3916 2269 3970 Azotos
2294 3957 2309 3983 ,
2338 3926 2384 3971 et
2410 3917 2669 3972 cruciabat
2718 3918 2838 3974 illos
2862 3959 2878 3987 ,
2911 3929 2960 3973 et
2999 3921 3252 3990 percussit
3300 3922 3422 3977 illos
3449 3923 3505 3976 in

1898 4008 2137 4064 domibus
2165 4026 2361 4074 eorum,
2392 4012 2447 4065 in
2477 4012 2697 4065 Azotum
2721 4053 2736 4079 ,
2774 4022 2822 4067 et
2859 4014 3092 4083 regiones
3122 4016 3253 4086 ejus.
3307 4013 3374 4071 Et
3415 4016 3501 4087 fa-

1898 4112 2036 4157 ctum
2063 4113 2156 4171 est,
2185 4121 2302 4158 cum
2329 4114 2447 4160 ante
2473 4106 2641 4161 lucem
2668 4107 2979 4179 vigilassent,
3012 4119 3060 4163 et
3086 4107 3275 4183 Dagon
3300 4112 3497 4168 cecide—

1900 4206 1983 4251 rat
2021 4199 2074 4253 in
2104 4200 2287 4269 faciem
2320 4209 2436 4255 ante
2460 4217 2635 4274 arcani
2662 4204 2951 4257 testamenti
2980 4202 3227 4271 Domini;
3259 4214 3306 4260 et
3342 4214 3499 4278 caput

1897 4288 2107 4362 Dagon,
2154 4304 2202 4347 et
2233 4292 2385 4347 ambo
2407 4294 2621 4367 uestigia
2648 4312 2831 4351 manus
2854 4296 2967 4361 eius
2996 4298 3172 4353 ablata
3218 4310 3361 4354 erant
3407 4316 3499 4371 per

1898 4396 2070 4453 partes
2095 4397 2320 4452 centum,
2343 4397 2391 4441 et
2412 4388 2562 4443 ambo
2588 4390 2799 4444 articuli
2824 4407 3008 4446 manus
3034 4392 3178 4447 illius
3205 4393 3500 4448 ceciderunt

188 4507 257 4547 ex
282 4453 463 4557 Selon,
494 4501 541 4547 et
565 4502 713 4547 exeat
734 4493 787 4546 in
815 4453 981 4546 medio
1004 4501 1257 4557 nostrum,
1284 4500 1332 4545 et
1362 4490 1595 4547 liberabit
1617 4506 1708 4545 nos
1728 4491 1792 4543 de
1819 4453 1873 4514 Β
1896 4477 1947 4530 in
1971 4478 2125 4531 ιῑηιεη
2154 4479 2213 4550 (Ι
2241 4478 2373 4550 Reg.
2405 4493 2463 4545 ν.
2495 4478 2571 4550 1)·
2617 4480 2683 4534 Et
2715 4480 2856 4535 infra
2890 4498 2904 4534 :
2938 4480 3008 4535 Et
3037 4493 3250 4554 gravata
3276 4493 3353 4538 est
3382 4500 3495 4539 ma-

190 4594 427 4647 manibus
470 4592 797 4649 inimicorum
842 4603 1152 4649 nostrorum.
1204 4593 1269 4647 Et
1306 4594 1442 4648 misit
1471 4596 1693 4665 populus
1723 4595 1790 4648 ad

189 4693 374 4761 Solon,
402 4704 448 4750 et
475 4696 794 4751 sustulerunt
823 4697 943 4750 inde
968 4712 1141 4751 arcam
1170 4688 1416 4761 Domini,
1460 4696 1545 4750 ubi
1582 4698 1789 4754 sedebat

186 4801 450 4857 Cherubin
472 4818 491 4857 :
511 4812 558 4858 et
581 4803 731 4857 ambo
751 4802 847 4873 filii
878 4801 1000 4856 Heli
1019 4819 1134 4856 cum
1149 4819 1271 4856 arca
1298 4800 1395 4856 Dei
1426 4802 1589 4868 ibant,
1613 4802 1739 4873 Ofni
1762 4814 1782 4841 ο

182 4918 235 4965 et
275 4907 503 4965 Phinees
527 4908 688 4983 (Ibid.
719 4952 734 4977 ,
772 4909 853 4981 2).
891 4910 955 4965 Et
1005 4910 1143 4965 infra
1178 4930 1190 4967 :
1228 4909 1671 4984 Expugnavertmt
1713 4912 1783 4965 ilo

185 5016 287 5081 los,
318 5024 364 5070 et
392 5014 579 5085 defecit
605 5015 683 5069 uir
708 5014 878 5070 Israel
906 5032 939 5069 a
964 5023 1242 5086 conspectu
1276 5015 1704 5086 alienigenarum,
1737 5023 1784 5069 et

182 5116 319 5188 fugit
350 5117 699 5186 unusquisque
727 5116 781 5169 in
804 5116 1190 5171 tabernaculum
1232 5133 1380 5171 suum
1405 5159 1419 5182 ,
1451 5126 1499 5171 et
1531 5119 1668 5188 facta
1712 5125 1785 5171 est

181 5220 342 5292 plaga
384 5236 574 5292 magna
612 5219 762 5275 valde
790 5262 805 5287 ,
855 5230 901 5275 et
929 5221 1223 5276 ceciderunt
1263 5237 1327 5275 ex
1359 5220 1527 5276 Israel
1571 5221 1785 5293 triginta

255 5343 283 5372 ιι
312 5334 415 5388 Pro
443 5351 633 5402 nonne,
659 5350 760 5391 suo
792 5351 962 5391 more.
1000 5335 1103 5390 Til.

251 5404 279 5444 ιι
307 5406 475 5473 Quam
503 5409 612 5462 Arii
633 5408 965 5479 redi/icarerit
994 5408 1046 5461 in
1074 5408 1228 5462 corde
1252 5408 1523 5477 diabolus;
1568 5419 1661 5465 aut
1685 5453 1698 5475 ,
1727 5414 1783 5467 in

174 5480 333 5533 corde
361 5478 601 5533 diabolus
618 5480 853 5534 statuerit
878 5498 896 5546 ;
924 5489 1035 5551 aut,
1066 5496 1223 5551 quam
1252 5480 1407 5534 Arius
1448 5482 1782 5551 aediﬁcaverit

174 5551 233 5605 in
256 5552 431 5615 corde,
457 5561 511 5605 tu
541 5553 801 5617 diabolus,
834 5561 942 5607 etc.
976 5550 1154 5608 Latin.

253 5632 275 5692 «ξ
314 5622 500 5692 Optme
526 5625 667 5691 apud
693 5624 877 5681 Sabat.

250 5689 277 5732 ἀ
315 5689 413 5749 Vir
436 5689 594 5751 abest
618 5710 650 5751 a
676 5694 859 5751 Sabat.

1894 4586 1990 4623 nus
2021 4568 2237 4624 Domini
2263 4587 2420 4639 super
2448 4572 2663 4625 Azotum
2682 4613 2697 4635 ,
2750 4582 2799 4627 et
2846 4572 3053 4628 induxit
3078 4575 3183 4628 illis
3212 4591 3381 4631 mures
3400 4617 3415 4644 ,
3449 4585 3496 4630 et

1892 4663 2029 4733 facta
2052 4670 2128 4717 est
2154 4662 2395 4733 confusio
2422 4664 2604 4718 mortis
2626 4680 2815 4733 magna
2840 4664 2894 4718 in
2914 4665 3116 4721 civitate
3140 4680 3160 4720 :
3180 4678 3229 4723 et
3260 4668 3497 4725 viderunt

1890 4755 1987 4809 viri
2016 4755 2186 4821 Azoti,
2217 4756 2458 4827 quoniam
2486 4758 2561 4813 sic
2581 4766 2677 4825 est,
2708 4768 2755 4812 et
2782 4758 3026 4814 dixerunt
3054 4776 3073 4815 :
3104 4761 3361 4828 Quoniam
3391 4780 3495 4819 non

1893 4846 2087 4902 sedebit
2111 4864 2235 4901 arca
2274 4847 2485 4903 Domini
2523 4848 2622 4905 Dei
2658 4848 2830 4907 Israel
2865 4851 3131 4907 nobiscum
3161 4870 3181 4909 :
3234 4854 3495 4922 Quoniam

1893 4942 2027 4995 dura
2054 4951 2128 4997 est
2154 4959 2337 4998 manus
2364 4944 2507 4999 illius
2533 4962 2687 5017 super
2713 4963 2825 5011 nos.
2856 4956 2905 5002 et
2928 4964 3082 5019 super
3111 4947 3298 5022 Dagon
3340 4952 3492 5007 deum

1894 5044 2149 5090 nostrum.
2176 5034 2242 5090 Et
2271 5036 2500 5101 mittunt,
2528 5046 2579 5092 et
2606 5049 2889 5094 convocant
2917 5042 3145 5112 reliquos
3190 5041 3209 5081 τ
3242 5044 3495 5117 alienige-

1892 5146 2078 5184 narum
2101 5130 2170 5183 ad
2192 5146 2266 5197 se,
2297 5140 2345 5185 et
2372 5131 2569 5199 dicunt,
2601 5133 2728 5203 quid
2756 5134 3003 5206 faciemus
3028 5137 3093 5191 de
3119 5153 3243 5192 arca
3277 5136 3374 5192 Dei
3402 5136 3491 5191 Is-

1891 5223 2002 5278 rael
2023 5224 2050 5278 .9
2074 5234 2121 5278 et
2161 5224 2401 5279 dixerunt
2431 5223 2630 5281 Gethaai
2661 5243 2681 5282 :
2724 5225 2976 5285 Transeat
3021 5246 3145 5284 arca
3180 5228 3281 5287 Dei
3320 5229 3495 5286 Israel

1962 5352 1985 5421 ξ’
2022 5341 2077 5395 Id
2100 5342 2563 5421 _est,_con_fractum
2594 5354 2690 5413 est,
2720 5356 2871 5418 atque
2910 5357 3183 5402 contusum
3221 5363 3286 5403 ex
3315 5349 3487 5421 lapsu.

1885 5411 1991 5469 Til.
2018 5421 2074 5467 et
2100 5413 2170 5466 La
2202 5411 2398 5471 Cerd'a.

1963 5483 2269 5556 ‘AMettdose
2298 5486 2527 5556 reliquos
2552 5528 2568 5552 ,
2596 5488 2673 5542 uti
2704 5486 2991 5554 Nobilius,
3044 5498 3100 5545 et
3141 5488 3328 5547 Sabat.
3370 5492 3490 5547 ani-

1887 5554 2236 5634 madvertunt
2259 5574 2274 5624 ;
2298 5554 2684 5634 corrigendum
2712 5558 2896 5634 itaque
2933 5562 3254 5634 regulos,_in
3295 5561 3490 5620 Graeco

1888 5628 2202 5753 carpimus;
2249 5638 2307 5686 et
2355 5634 2516 5700 paulo
2566 5628 3241 5692 inlerins‘idem'Lucifer
3289 5639 3490 5706 repetit

1888 5714 2011 5753 τραιι
2041 5718 2119 5753 οδ.

1888 5714 2119 5770 regulos.
