4148 6186
619 168 727 229 835

1703 156 2029 223 LUGIFERI
2070 152 2381 223 EPlSCOPl
2419 154 2843 221 CALARITANI

3712 104 3747 127 ν

3820 168 3933 226 83.6

618 292 674 347 in
704 290 854 346 Gelli.
902 288 968 342 Et
1013 292 1206 357 factum
1237 293 1311 339 est
1333 326 1347 350 ,
1389 291 1674 357 postquam
1707 283 1963 337 translata
2002 292 2074 336 est
2103 297 2225 334 arca
2256 285 2298 348 Α
2332 279 2457 347 hoc,
2488 277 2632 348 quod
2666 277 3018 333 Athanasium
3048 274 3248 348 injuste
3278 278 3650 350 persequeris,
3683 292 3795 334 non
3823 280 3943 334 eris

623 384 742 450 Dei,
771 388 909 453 facta
932 391 958 418 α
986 396 1172 433 manus
1206 378 1419 432 Domini
1446 379 1496 431 in
1526 378 1749 441 civitate,
1782 386 1827 431 et
1859 385 1931 430 est
1958 379 2096 446 facta
2121 386 2231 429 tur-

625 480 763 532 batio
807 491 998 547 magna
1046 474 1196 527 valde
1224 490 1242 526 .'
1274 484 1319 525 et
1365 472 1613 538 percussit
1644 472 1779 524 viros
1810 470 2029 523 civitatis
2070 484 2099 520 a
2130 469 2227 520 mi-

628 571 766 623 nimo
794 584 954 638 usque
982 566 1049 620 ad
1074 567 1376 629 maximum,
1406 574 1455 619 et
1487 561 1710 618 ebullivit
1743 561 1847 616 illis
1871 575 2040 615 mures
2068 560 2121 613 in
2149 576 2229 612 se-

630 664 805 727 dibus,
840 671 888 716 et
920 663 1151 731 fecerunt
1174 658 1269 712 sibi
1296 654 1495 711 Gethtt’i
1541 654 1684 709 sedes
1714 654 1977 726 pelliceas,
2002 664 2049 707 et
2083 654 2234 705 inii-e-

625 765 747 811 runt
766 771 941 809 arcam
970 752 1068 807 Dei
1089 754 1141 806 in
1166 751 1488 805 Ascalonem.
1510 747 1579 802 Et
1602 752 1796 820 factum
1825 757 1921 807 est,
1950 755 2000 797 ut
2028 744 2236 798 intrarit

623 860 746 903 arca
779 846 875 901 Dei
906 845 1074 900 Israel
1099 846 1152 898 in
1182 842 1482 897 Ascalonem
1509 884 1522 907 ,
1566 841 1983 895 exclamaverunt
2019 834 2234 891 Ascalo-

626 954 805 996 nenses
837 941 1061 995 dicentes
1094 956 1110 993 :
1147 936 1216 993 Ut
1240 938 1365 1006 quid
1395 937 1606 989 misistis
1628 951 1801 988 arcam
1838 934 1932 988 Dei
1963 931 2133 987 Israel
2166 932 2235 985 ad

628 1048 741 1102 nos,
779 1045 833 1090 ut
861 1033 1010 1089 morti
1041 1031 1214 1087 tradat
1246 1048 1360 1094 nos,
1391 1040 1439 1085 et
1465 1030 1711 1101 populum
1734 1037 1967 1081 nostrum
1997 1024 2021 1078 ?
2046 1035 2093 1079 et
2118 1028 2236 1079 mit-

627 1137 739 1183 tunt
767 1139 814 1183 et
842 1136 1119 1182 convocant
1151 1124 1356 1196 regulos
1386 1122 1820 1191 alienigenarum,
1854 1132 1898 1173 et
1944 1117 2185 1173 dixerunt
2216 1133 2235 1169 :

631 1221 897 1276 Remittile
922 1218 948 1257 δ
979 1234 1153 1271 arcam
1184 1215 1283 1271 Dei
1319 1214 1519 1279 Israel,
1571 1223 1617 1267 et
1663 1212 1942 1267 reducatur
1984 1210 2038 1264 in
2067 1210 2235 1263 locum

626 1332 800 1381 suum,
842 1323 886 1367 et
918 1329 1017 1367 non
1062 1312 1212 1364 morti
1258 1309 1398 1362 dabit
1435 1324 1527 1361 nos
1554 1348 1566 1371 ,
1597 1314 1643 1359 et
1686 1304 1935 1376 populum
1963 1313 2193 1357 nostrum
2219 1320 2235 1355 .-

629 1408 753 1479 qaia
780 1416 895 1460 acta
915 1415 987 1459 est
1014 1404 1249 1472 confusio
1276 1402 1444 1473 gravis
1476 1401 1526 1453 in
1551 1400 1757 1453 civitate
1779 1406 1904 1464 tota,
1930 1398 2099 1469 gravis
2130 1395 2239 1451 val-

630 1502 711 1570 de,
749 1511 804 1554 ut
831 1500 1042 1554 intravit
1070 1512 1190 1550 arca
1221 1494 1314 1549 Dei
1340 1513 1357 1549 :
1388 1504 1434 1547 et
1459 1494 1545 1562 qui
1574 1492 1806 1546 vivebant
1836 1533 1848 1557 ,
1900 1501 1951 1543 et
1984 1506 2087 1543 non
2117 1490 2238 1542 sunt

633 1594 823 1650 mortui
852 1636 864 1659 ,
896 1592 1126 1665 percussi
1156 1598 1276 1644 sunt
1304 1582 1509 1641 sedibus
1535 1586 1643 1639 suis
1667 1602 1684 1639 :
1710 1597 1755 1637 ct
1782 1583 2009 1638 ascendit
2041 1583 2237 1635 clamor

2334 374 2481 431 Sauli
2509 374 2953 443 comparandus?
2981 374 3198 445 quando
3223 375 3297 429 sis
3327 374 3398 428 ita
3420 376 3671 447 jugulare
3703 376 3949 445 cupiens

2332 468 2678 522 innocentem
2711 467 3094 535 Athanasium,
3126 466 3400 539 quomodo
3427 474 3484 522 et
3524 467 3615 523 ille
3645 466 3809 522 fuerit
3840 466 3937 521 in-

2333 561 2579 617 terﬁcere
2606 560 2926 617 desiderans
2952 604 2966 629 ,
2998 574 3110 618 non
3142 561 3321 617 solum
3355 562 3668 617 Samuclem
3695 605 3707 627 ,
3748 561 3951 617 sedet

2334 658 2522 712 David.
2575 658 2680 712 Eos
2713 657 2841 715 Saul
2874 672 3072 731 nempe
3100 658 3407 714 interﬁcere
3435 654 3772 726 minabatur,
3807 671 3946 713 cum

2334 754 2532 824 quibus
2551 755 2913 825 cognoscebat
2934 767 3053 809 esse
3078 752 3271 807 Deum.
3308 752 3370 807 Et
3396 752 3544 823 vidit,
3571 754 3743 823 inquit
3768 753 3951 822 scrip-

2343 856 2485 911 tura,
2517 845 2667 910 Sani,
2700 847 2943 917 quoniam
2968 845 3224 900 Dominus
3255 861 3370 899 cum
3400 844 3572 899 David
3598 854 3672 898 est
3700 888 3711 901 .
3743 856 3787 897 et
3831 858 3951 897 om-

2345 937 2424 991 nis
2451 934 2619 991 Israel
2634 938 2876 1009 diligebat
2901 954 3014 992 eum
3038 955 3056 992 :
3079 946 3128 992 et
3152 936 3317 1009 magis
3344 937 3531 1008 adjecit
3553 938 3684 991 Sani
3707 946 3890 991 timere
3916 952 3951 988 α

2338 1030 2473 1101 facie
2502 1029 2671 1084 David
2700 1028 2851 1101 (1b.,
2887 1044 3034 1094 xvm,
3065 1028 3134 1085 28
3158 1030 3198 1101 ).
3251 1026 3318 1083 Et
3348 1029 3549 1084 locutus
3592 1042 3666 1083 est
3702 1028 3837 1083 Scal
3880 1027 3953 1081 ad

2336 1124 2602 1178 Ionathan
2637 1124 2804 1194 ﬁlium
2836 1138 3007 1191 suum,
3042 1134 3090 1178 et
3121 1124 3188 1178 ad
3214 1138 3386 1178 omnes
3410 1134 3596 1195 pueros
3626 1138 3766 1187 suos,
3802 1122 3954 1176 occi-

2339 1212 2461 1268 dere
2493 1208 2662 1269 David
2701 1212 2851 1286 (1b.,
2880 1231 2994 1278 nx,
3026 1214 3101 1286 1).
3150 1215 3441 1285 Responde
3466 1256 3480 1280 ,
3517 1215 3810 1285 imperator
3840 1214 3951 1268 im-

2341 1304 2781 1378 pudentissime;
2843 1307 2885 1362 si
2940 1308 3055 1362 iure
3101 1320 3291 1379 gerere
3342 1316 3520 1378 potest
3572 1308 3669 1363 Dei
3731 1308 3953 1363 habens

2341 1402 2618 1470 spiritum.
2680 1402 2798 1467 Quo
2838 1400 2967 1456 Saul
3016 1394 3181 1469 etrapit
3239 1400 3354 1455 btec
3409 1410 3599 1470 gerere
3651 1399 3956 1467 tempore?

2342 1504 2536 1562 nempe
2577 1504 2683 1563 quo
2714 1502 2811 1562 per
2835 1490 3056 1547 Samuel
3108 1491 3432 1546 maledictus
3480 1491 3805 1561 reprobatus
3835 1500 3952 1553 est,

2342 1585 2533 1639 eodem
2602 1586 2805 1640 etenim
2864 1592 3117 1654 tempore
3182 1584 3444 1655 scriptum
3504 1594 3587 1638 est
3643 1584 3958 1639 recessisse

630 1690 901 1743 civitatum
927 1700 1083 1754 usque
1111 1682 1179 1736 ad
1211 1675 1895 1751 cmlum(Ibid.,6).VideS,
1923 1672 2229 1739 Constanti,
2267 1692 2313 1753 Β
2345 1679 2630 1732 Doniimnn
2681 1679 2750 1731 ab
2805 1691 2871 1733 eo
2900 1719 2913 1741 ,
2976 1691 3097 1731 cum
3152 1674 3318 1732 David
3373 1688 3507 1731 vero
3553 1674 3739 1731 fuisse.
3810 1676 3964 1743 Qui-

631 1782 905 1854 quomodo
930 1777 1231 1834 sinatDeus
1254 1785 1441 1830 noster
1464 1770 1800 1827 humiliatam
1816 1770 1987 1825 videri
2020 1767 2236 1837 religio-

636 1893 760 1932 nem
805 1890 957 1929 suam
1011 1888 1039 1926 a
1066 1870 1221 1928 vobis
1252 1869 1573 1940 alienigenis
1600 1910 1613 1932 ,
1643 1877 1696 1921 et
1726 1880 1792 1921 eo
1816 1864 2032 1935 quidem
2063 1876 2235 1931 usque

636 1968 999 2030 humiliatam,
1027 1964 1199 2018 donec
1225 1962 1386 2017 etiam
1412 1975 1530 2027 vos,
1550 1966 1933 2029 persecutores
1954 1966 2095 2010 Verte
2110 1954 2237 2010 reii-

629 2060 809 2133 gionis
834 2102 849 2127 ,
878 2058 1112 2113 videatis
1139 2068 1243 2111 non
1274 2066 1398 2110 esse
1434 2054 1599 2107 Deum
1633 2052 1797 2105 alium
1831 2057 2029 2119 prater
2062 2048 2232 2102 Deum

628 2167 901 2212 nostrum.
952 2154 1059 2211 Sed
1107 2161 1166 2207 ut
1196 2153 1392 2206 iterum
1435 2149 1499 2202 ad
1532 2146 1816 2201 Athanasii
1842 2144 2061 2199 redeam
2108 2154 2237 2197 eau-

628 2264 787 2313 sam;
836 2245 1098 2317 numquid
1146 2258 1251 2297 non
1285 2241 1497 2297 sciebas
1528 2240 1793 2309 scriptum
1842 2238 1894 2291 in
1918 2235 2231 2305 Regnorum

630 2344 773 2399 libro
803 2342 976 2410 primo
1002 2356 1014 2391 :
1050 2337 1118 2391 Et
1148 2334 1367 2391 Samuel
1385 2332 1659 2406 judicabat
1687 2330 1940 2403 populum
1978 2326 2147 2381 Israel
2179 2327 2233 2379 in

627 2436 862 2490 omnibus
887 2428 1387 2501 sanctiﬁcationibus
1414 2424 1608 2495 (Ibid.,
1632 2421 1859 2492 vn,16);
1882 2422 2231 2490 utimperan-

635 2530 761 2585 dum
779 2535 996 2598 putares
1016 2540 1108 2595 per
1126 2521 1341 2578 Domini
1355 2518 1669 2575 sacerdotes
1686 2518 1851 2572 fuisse
1865 2515 2231 2571 damnandum

630 2617 1023 2676 innocentem?
1052 2615 1253 2686 Legisti
1282 2612 1524 2679 Samuel,
1560 2610 1702 2683 quod
1736 2612 1787 2665 in
1818 2609 1962 2663 omni
1993 2607 2234 2662 sanctifi-

628 2714 844 2769 catione
855 2708 1107 2780 iudicarit
1130 2707 1387 2777 potiulum
1414 2703 1536 2770 Dei;
1562 2714 1612 2758 et
1637 2702 1759 2773 quia
1783 2700 2037 2756 nolumus
2051 2700 2115 2753 ab
2132 2698 2233 2754 hac

630 2805 893 2863 recedere
917 2802 1063 2873 justa
1092 2800 1173 2854 via
1200 2798 1503 2869 iudicandi,
1540 2795 1874 2866 perpetimur
1898 2792 2233 2864 persecutio-

627 2914 751 2955 nem
784 2908 811 2952 a
843 2906 917 2952 te.
971 2898 1039 2950 At
1071 2895 1175 2947 hoc
1206 2900 1318 2948 non
1353 2902 1553 2946 novum
1584 2932 1597 2954 ,
1645 2887 1862 2959 quando
1891 2886 2017 2942 Saul
2048 2900 2233 2957 perse-

625 3000 783 3046 cutus
811 2988 975 3044 fuerit
1000 2986 1205 3057 justum
1236 2982 1575 3048 Samuelem,
1606 2995 1705 3035 cur
1731 2991 1752 3018 ο
1776 2979 1823 3034 ei
1856 2993 1983 3033 vera
2009 2977 2229 3041 dixerit,

2348 1771 2449 1825 bus
2483 1772 2643 1825 rebus
2690 1770 2952 1839 probatur
2996 1782 3094 1825 vos
3142 1782 3265 1825 esse
3304 1770 3538 1825 Arianos
3582 1769 3701 1825 sine
3747 1769 3967 1840 spiritu

2340 1864 2478 1931 Dei,
2525 1864 2617 1934 qui
2659 1864 3055 1933 pet-sequimini
3086 1864 3438 1918 Athanasium
3486 1865 3665 1918 virum
3716 1862 3963 1933 plenum

2338 1954 2541 2025 Spiritu
2569 1966 2780 2010 sancto.
2812 1956 2877 2009 Et
2908 1965 3041 2022 erat,
3066 1954 3262 2026 inquit,
3296 1952 3467 2009 David
3492 1955 3549 2008 in
3583 1954 3822 2009 omnibus
3857 1958 3966 2011 riis

2302 2044 2309 2047 ’
2337 2050 2444 2101 suis
2469 2048 2698 2117 sapiens,
2728 2058 2777 2101 et
2798 2047 3058 2103 Dominus
3083 2058 3190 2101 erm
3217 2064 3333 2101 cum
3358 2048 3475 2113 illo,
3507 2059 3556 2103 et
3574 2049 3744 2103 omnis
3776 2049 3967 2104 Israel

2336 2149 2386 2194 et
2410 2140 2555 2194 Iuda
2585 2140 2873 2213 diligebant
2904 2140 3072 2196 David
3099 2139 3233 2211 (ιιι,
3269 2154 3421 2205 xvm,
3446 2138 3561 2212 δι).
3600 2140 3767 2212 igitur
3797 2154 3860 2194 ut
3892 2156 3964 2196 ea

2338 2242 2390 2288 te
2416 2247 2577 2305 agere
2603 2236 2780 2305 possis
2820 2246 3153 2305 cognoscere
3200 2240 3343 2289 circa
3377 2235 3731 2291 Athanasium
3759 2276 3775 2302 ,
3823 2252 3964 2306 qua:

2336 2329 2510 2397 egerit
2540 2324 2668 2383 Sani
2702 2330 2844 2383 circa
2878 2330 3041 2383 David
3068 2370 3081 2394 ,
3112 2330 3302 2399 accipe
3330 2332 3590 2399 scriptum
3617 2346 3630 2381 :
3679 2329 3750 2383 Et
3774 2330 3963 2385 Iono-

2336 2420 2424 2475 tlta
2452 2422 2595 2491 ﬁlius
2630 2422 2765 2477 Saul
2791 2418 3040 2495 diligebat
3078 2419 3251 2476 David
3280 2424 3450 2490 valde,
3490 2432 3539 2477 ct
3556 2424 3811 2477 indicarit
3846 2424 3962 2479 Joo

2336 2514 2493 2567 nat/ta
2520 2510 2691 2567 David
2718 2514 2894 2569 dicens
2918 2531 2935 2567 :
2963 2512 3098 2568 Saul
3122 2516 3311 2584 quierit
3338 2516 3573 2569 occidere
3600 2526 3652 2569 te
3676 2510 3788 2587 (Ib.
3830 2532 3961 2587 xix,

2336 2608 2412 2675 1).
2446 2608 2511 2662 Et
2545 2608 2680 2663 infra
2712 2627 2724 2661 :
2759 2607 2826 2663 Et
2852 2612 3057 2663 locutus
3086 2620 3159 2663 est
3187 2605 3421 2665 Ionatlta
3448 2613 3518 2663 ad
3549 2619 3751 2680 patrem
3786 2628 3955 2665 suum

2335 2703 2510 2757 dicens
2551 2718 2567 2755 :
2604 2702 2731 2757 Noli
2756 2716 2969 2775 peccare
2997 2745 3009 2768 ,
3044 2716 3137 2757 rex
3162 2745 3175 2770 ,
3223 2705 3275 2757 in
3316 2716 3517 2758 servum
3551 2715 3690 2758 tuum
3722 2703 3905 2759 David
3930 2746 3947 2772 ,

2333 2796 2579 2865 quoniam
2612 2810 2712 2849 non
2741 2797 2969 2865 peccavit
2995 2798 3047 2849 in
3076 2805 3158 2861 te,
3206 2806 3252 2851 et
3300 2792 3441 2867 [aeta
3481 2800 3594 2869 ejus
3634 2798 3774 2851 bona
3822 2808 3956 2853 sunt

2334 2887 2503 2955 valde,
2539 2897 2588 2941 et
2618 2889 2790 2957 posuit
2819 2890 3047 2941 animam
3077 2902 3224 2942 suam
3248 2890 3304 2943 in
3335 2888 3570 2943 manibus
3599 2892 3709 2944 suis
3733 2931 3751 2956 ,
3776 2900 3828 2944 et
3858 2904 3954 2945 oc-

2334 2980 2459 3033 cidit
2490 2980 2856 3052 alienigenam,
2883 2991 2931 3033 et
2957 2981 3081 3052 fecit
3108 2980 3362 3035 Domitius
3392 2982 3610 3035 salutem
3642 2982 3697 3035 in
3720 2979 3903 3036 Israel
3933 3000 3954 3049 ;

624 3082 880 3155 equidem
915 3094 1039 3135 eum
1072 3093 1173 3150 per
1200 3090 1362 3147 quem
1392 3072 1551 3129 luerit
1584 3073 1635 3127 in
1668 3086 1851 3142 regem
1885 3078 2099 3135 unctus,
2133 3084 2230 3139 per
2260 3078 2304 3140 ο
2337 3079 2383 3125 et
2414 3072 2580 3125 omnis
2607 3069 2775 3126 Israel
2806 3072 3043 3126 viderant
3068 3116 3081 3137 ,
3132 3076 3183 3127 et
3229 3073 3396 3144 gavisi
3448 3084 3586 3128 ms.
3635 3074 3702 3128 Et
3734 3085 3786 3128 ut
3812 3078 3958 3145 quid

624 3192 785 3249 quem
818 3190 943 3231 eum
977 3174 1240 3229 Dominus
1264 3171 1330 3225 ad
1365 3180 1567 3223 tantam
1600 3174 1932 3238 provexerat
1974 3164 2227 3236 gloriam.

624 3268 1068 3341 Persequebatur
1094 3265 1219 3322 Saul
1253 3264 1469 3320 Domini
1506 3262 1825 3332 prophetam
1858 3270 2022 3328 atque
2051 3272 2234 3314 sacer-

632 3364 841 3428 dotem,
873 3363 996 3431 quia
1025 3375 1135 3415 non
1166 3373 1391 3429 compos
1425 3356 1601 3410 fuerat
1634 3355 1869 3409 mentis:
1912 3350 2042 3408 Saul
2093 3352 2233 3406 alio-

629 3450 757 3531 quin
788 3459 1065 3529 quomodo
1096 3468 1287 3525 sospes
1315 3460 1738 3523 persequeretur
1763 3458 1908 3513 eum,
1946 3458 2103 3516 quem
2129 3444 2235 3499 sci-

628 3560 713 3607 ret
742 3547 843 3603 Dei
874 3548 1183 3601 miuistrum
1214 3586 1225 3608 ,
1258 3543 1353 3607 Dei
1406 3542 1599 3611 spiritu
1634 3538 1898 3610 plenum?
1942 3552 2237 3607 perseque—

630 3644 789 3699 batur
820 3657 969 3707 eum,
1003 3652 1164 3710 quem
1188 3637 1392 3706 iugiter
1434 3644 1657 3705 propter
1690 3633 2055 3703 persecutoris
2084 3633 2237 3700 igno-

640 3737 793 3793 rabat
819 3735 1154 3803 ingemuisse
1184 3731 1438 3785 salutem.
1491 3727 1759 3798 Loquitur
1788 3726 1841 3780 in
1892 3725 2031 3779 libro
2058 3724 2237 3794 primo

635 3828 952 3900 Regnorum
996 3826 1261 3894 scriptura
1294 3822 1502 3877 dixisse
1534 3820 1823 3875 Dominum
1869 3816 1937 3871 ad
1968 3814 2189 3872 Samuel
2222 3830 2235 3867 :

632 3922 909 3994 Usquequo
931 3921 1074 3991 luges
1100 3926 1153 3972 tu
1183 3917 1239 3971 in
1272 3914 1453 3971 Sauli"
1499 3930 1615 3968 ecce
1658 3913 1861 3980 expello
1888 3908 1915 3947 ά
1942 3910 2095 3965 illum
2123 3952 2136 3975 ,
2175 3920 2239 3962 ne.

630 4023 809 4086 regnet
834 4029 991 4082 super
1020 4009 1192 4064 Israel
1222 4024 1239 4061 :
1265 4008 1425 4076 imple
1455 4022 1613 4059 cornu
1641 4014 1786 4058 tuum
1816 4004 1930 4056 oleo
1956 4044 1969 4068 ,
2016 4009 2063 4053 et
2090 4000 2234 4065 veni,

635 4109 837 4163 mittant
867 4116 914 4159 te
944 4107 999 4158 in
1028 4104 1183 4156 domo
1212 4101 1360 4155 Iesse
1387 4106 1549 4168 usque
1579 4100 1632 4152 in
1657 4096 1975 4159 Bethleltem,
1996 4094 2239 4165 quoniam

630 4202 735 4257 vidi
764 4203 817 4256 in
843 4198 967 4269 filiis
997 4197 1146 4251 Iesse
1191 4194 1318 4248 mihi
1364 4194 1419 4246 in
1465 4206 1655 4264 regem.
1709 4189 1776 4244 Et
1805 4190 1936 4244 dixit
1981 4188 2239 4243 Samuel:

636 4295 908 4363 Quomodo
935 4291 1041 4358 ibo,
1075 4306 1137 4343 ne
1167 4288 1349 4341 audiat
1378 4284 1530 4349 Saul,
1567 4291 1614 4339 et
1643 4284 1844 4337 occidat
1869 4292 1950 4335 me
1980 4279 2094 4352 (Ib.
2124 4294 2237 4346 tm,

636 4392 659 4445 i
693 4387 713 4460 )
741 4387 764 4442 ἲ
807 4384 946 4440 Eum
974 4384 1259 4455 quaerebat
1285 4388 1611 4435 eonsumeru
1638 4422 1651 4445 ,
1707 4386 1869 4447 quem
1894 4374 2004 4445 jam
2051 4374 2240 4427 multis

2336 3179 2518 3233 peccas
2537 3164 2590 3217 in
2618 3166 2945 3237 sanguinem,
2973 3174 3019 3219 et
3052 3165 3285 3221 occidere
3314 3166 3387 3221 vis
3415 3165 3588 3220 David
3614 3168 3726 3221 sine
3738 3184 3913 3221 causa
3931 3170 3960 3223 .9

2336 3255 2404 3309 Et
2454 3257 2651 3311 audivit
2703 3258 2837 3313 Saul
2880 3274 3052 3313 vocem
3081 3258 3326 3314 Ionatlue
3370 3260 3467 3330 ﬁlii
3515 3263 3640 3315 sui:
3669 3271 3722 3315 et
3736 3264 3959 3331 jura-it

2337 3350 2469 3406 Saul
2498 3352 2671 3406 dicens
2702 3367 2719 3405 :
2759 3352 2894 3406 Vivit
2926 3350 3204 3418 Dominus,
3244 3356 3287 3409 si
3314 3365 3547 3409 mortuus
3580 3356 3737 3425 fuerit
3766 3355 3959 3411 David

2335 3444 2527 3517 (Ibid.,
2557 3445 2635 3517 4).
2668 3446 2736 3501 Et
2765 3446 2903 3502 intra
2940 3463 2954 3504 :
3002 3446 3075 3502 Et
3099 3451 3358 3520 adjectum
3383 3459 3458 3505 est
3489 3451 3681 3505 bellum
3704 3452 3824 3518 ﬁeri
3854 3492 3871 3518 ,
3898 3462 3961 3507 et

2336 3543 2550 3596 invaluit
2576 3541 2771 3605 David,
2800 3552 2847 3597 et
2879 3546 3191 3617 expugnavit
3222 3544 3543 3618 alienigenas
3566 3589 3577 3607 ,
3608 3556 3658 3599 et
3678 3548 3960 3618 ρτντιηθιι

2336 3635 2455 3689 illos
2484 3637 2639 3707 plaga
2668 3650 2876 3708 magna,
2906 3646 2956 3691 et
2980 3640 3221 3709 fugerunt
3249 3653 3281 3691 α
3303 3639 3437 3709 facie
3466 3637 3653 3692 David.
3682 3637 3751 3692 Et
3772 3642 3963 3709 [hctus

2338 3739 2411 3783 est
2451 3729 2505 3781 in
2536 3728 2670 3783 Saul
2695 3729 2906 3800 spiritus
2937 3730 3108 3783 malus
3134 3770 3147 3795 ,
3180 3739 3228 3783 et
3266 3731 3376 3803 ipse
3414 3732 3468 3783 in
3496 3731 3654 3785 domo
3691 3747 3788 3786 sua
3810 3731 3961 3787 dor-

2337 3820 2523 3874 miebat
2557 3829 2604 3887 ε,
2632 3831 2680 3874 et
2714 3822 2901 3875 eratin
2932 3834 3092 3875 manu
3123 3826 3235 3894 ejus
3264 3823 3444 3876 lancea
3469 3864 3483 3885 ,
3516 3836 3563 3877 et
3604 3834 3722 3877 ecce
3746 3825 3964 3894 putic-

2339 3913 2423 3966 bat
2452 3915 2505 3967 in
2531 3914 2767 3968 manibus
2796 3918 2905 3968 suis
2932 3930 2951 3967 :
2996 3924 3041 3968 et
3065 3914 3327 3985 quaerebat
3356 3914 3490 3970 Saul
3527 3926 3795 3987 percutere
3828 3917 3965 3971 Ian-

2338 4022 2428 4061 cca
2461 4007 2665 4070 David.
2706 4018 2753 4061 et
2782 4009 3079 4079 percussit,
3130 4020 3176 4064 et
3206 4008 3485 4063 declinavit
3532 4008 3702 4063 David
3742 4025 3778 4062 α
3806 4013 3965 4079 facie

2342 4100 2473 4157 Saul
2501 4114 2519 4153 :
2547 4110 2595 4153 et
2628 4100 2882 4169 percussit
2908 4101 3088 4155 lancea
3116 4102 3173 4155 in
3200 4099 3468 4170 parietem,
3498 4111 3547 4155 et
3579 4099 3752 4155 David
3781 4104 3958 4172 fregit,

2341 4200 2387 4244 et
2413 4192 2585 4246 salvus
2613 4196 2781 4263 factus
2807 4202 2901 4248 est.
2928 4190 2998 4247 Et
3028 4197 3226 4264 factum
3268 4204 3341 4248 est
3368 4193 3421 4247 in
3446 4194 3541 4247 illa
3571 4203 3739 4259 nam,
3770 4202 3826 4247 et
3850 4196 3960 4248 rui-

2340 4286 2404 4340 sit
2432 4284 2563 4341 Saul
2600 4288 2819 4340 nuncios
2848 4286 2916 4339 ad
2946 4286 3157 4341 domum
3188 4284 3389 4352 David,
3424 4297 3482 4339 ut
3508 4287 3831 4341 custodiunt
3881 4289 3958 4342 il-

2344 4377 2469 4444 lum,
2502 4390 2600 4447 quo
2623 4390 2773 4433 tuane
2800 4378 3055 4433 occideret
3081 4380 3228 4433 illum
3259 4379 3279 4450 (
3306 4376 3475 4443 Ibid”
3505 4377 3603 4449 8).
3655 4376 3723 4431 Et
3771 4378 3955 4433 David

631 4454 956 4540 meminerat
978 4454 1155 4532 modis
1185 4474 1279 4530 Dei
1313 4484 1434 4528 esse
1458 4471 1736 4526 hominem
1770 4487 1780 4522 :
1818 4469 1982 4522 hoino
2012 4468 2107 4523 Dei
2142 4480 2230 4520 vc-

2340 4474 2493 4545 fugit,
2521 4483 2567 4527 et
2594 4474 2765 4527 salvus
2808 4477 2978 4543 factus
3019 4483 3097 4528 est
3127 4474 3372 4528 :ctvenit
3401 4474 3470 4526 ad
3512 4472 3731 4529 Samuel
3760 4473 3814 4526 in
3856 4454 3955 4526 Ᾰτε

630 4576 775 4632 niam
809 4570 1153 4644 persecutori
1183 4565 1463 4639 poscendo
1497 4574 1603 4620 non
1633 4562 1845 4619 desistit
1872 4596 1887 4629 ,
1921 4569 2114 4617 contra
2144 4572 2239 4630 pe-

630 4668 888 4727 stilentize
920 4666 1095 4723 factus
1138 4663 1280 4719 l‘tﬁus
1320 4664 1442 4731 eius
1472 4660 1687 4714 auferre
1715 4660 1954 4712 animam
1984 4656 2184 4727 qumrit
2218 4672 2232 4708 :

633 4776 700 4817 eo
731 4760 934 4815 etenim
966 4770 1137 4826 usque
1164 4760 1487 4825 persecutor
1519 4752 1725 4806 exstitit
1754 4748 2025 4806 Samuelis
2051 4747 2235 4802 Domi-

635 4856 689 4914 ni
717 4852 1018 4911 sacerdotis
1045 4850 1174 4908 Saul
1203 4892 1216 4915 ,
1248 4857 1308 4903 ut
1347 4848 1547 4903 dixerit
1574 4840 1812 4901 Domino
1840 4843 2043 4899 dicenti
2086 4842 2189 4897 sibi
2211 4860 2230 4895 -:

642 4948 771 5003 Veni
799 4990 811 5014 ,
843 4946 1046 5000 mittam
1076 4952 1124 4996 te
1166 4956 1182 4995 :
1231 4936 1297 4994 Et
1325 4940 1579 5010 quomodo
1611 4934 1734 4993 ibo?
1771 4939 1946 4992 audiet
1979 4937 2113 4992 Saul
2140 4978 2152 5002 ,
2184 4942 2233 4989 et

632 5041 829 5098 occidet
851 5048 930 5091 me
957 5032 1174 5106 (Ibid.).
1207 5030 1492 5101 ConspiCis
1516 5072 1530 5096 ,
1560 5029 1841 5085 Coctmnti
1869 5070 1883 5095 ,
1931 5027 2233 5083 recedenti-

634 5136 737 5193 bus
768 5126 920 5187 vobis
969 5138 997 5183 a
1032 5129 1141 5183 Deo
1168 5131 1281 5181 non
1320 5130 1425 5179 vos
1465 5122 1717 5179 homines
1744 5166 1757 5189 ,
1792 5123 1885 5178 sed
1915 5122 2057 5177 fet-as
2082 5166 2096 5189 ,
2128 5120 2230 5177 sed

630 5228 839 5285 belluas
866 5269 880 5297 ,
912 5224 1074 5295 atque
1117 5220 1359 5276 latrones
1387 5219 1666 5299 testimnri.
1716 5216 1823 5271 Ant
1869 5214 2129 5286 numquid
2176 5216 2231 5273 in

706 5448 731 5475 ιι
766 5434 929 5490 Facta
947 5442 1042 5499 est,
1070 5429 1243 5499 Latin.

702 5507 729 5546 ι)
757 5486 961 5563 stiti.
980 5486 1197 5557 l‘einille.
1228 5494 1408 5555 Graec.
1444 5498 1496 5553 in
1525 5488 1721 5569 plurali
1742 5537 1755 5562 ,
1787 5487 1883 5548 sed
1929 5486 2037 5549 alio
2064 5492 2231 5549 verbo
2253 5548 2275 5559 ,

634 5576 1042 5648 ἐξαποστείλᾳτε,
1071 5572 1301 5648 emittite.
1394 5630 1419 5648 .-

711 5630 879 5717 'cnl’vro'
893 5630 1051 5717 ltitia,
1075 5630 1451 5717 «aliquando
1476 5650 1575 5717 pro
1606 5646 1744 5706 eum,
1779 5643 1835 5690 ut
1862 5652 1963 5717 suo
1978 5636 2118 5695 ioco
2149 5636 2230 5693 di-

632 5731 805 5775 cetur.
828 5708 935 5774 Til'.
954 5727 1010 5774 et
1030 5708 1107 5772 La
1124 5708 1322 5772 Cerda.
1348 5711 1411 5767 Et
1426 5708 1547 5782 quia
1578 5723 1676 5782 pro
1694 5722 1822 5766 cur:
1845 5708 1891 5763 si
1909 5712 2110 5782 justum
2136 5722 2237 5765 non

2342 4567 2569 4633 mathen,
2624 4578 2672 4620 et
2700 4568 3022 4622 renanciavit
3048 4568 3095 4621 ei
3121 4567 3296 4621 omnia
3324 4582 3440 4637 qua:
3462 4566 3581 4637 fecit
3606 4565 3952 4636 Saul(lbid.,

2335 4660 2444 4730 18).
2476 4660 2543 4714 Et
2574 4658 2711 4713 intra
2746 4678 2757 4712 :
2808 4659 2875 4713 Et
2904 4664 3072 4730 [actus
3100 4669 3175 4715 est
3202 4661 3370 4713 iratus
3407 4660 3461 4713 in
3501 4657 3772 4713 Ionathan
3802 4659 3949 4714 Saul

2338 4754 2487 4809 valde
2510 4751 2705 4820 (Ibid.,
2736 4771 2827 4822 xx,
2855 4753 2963 4827 50).
2998 4754 3061 4809 Et
3088 4754 3223 4810 inira
3268 4773 3280 4803 :
3315 4753 3382 4807 Et
3410 4754 3541 4808 dixit
3570 4771 3586 4807 :
3618 4752 3769 4807 Mitte
3795 4755 3943 4821 here,

2336 4849 2513 4919 accipe
2527 4852 2769 4919 juvenem
2791 4892 2803 4915 ,
2833 4850 3077 4918 quoniam
3102 4850 3246 4919 ﬁlius
3278 4849 3459 4903 mortis
3487 4858 3579 4904 est.
3627 4836 3695 4901 Et
3722 4865 3945 4917 respOn-

2340 4941 2415 4995 dit
2435 4938 2666 4995 Ionatlta
2696 4940 2832 5012 patri
2861 4957 2953 4994 suo
2996 4957 3014 4993 :
3054 4940 3225 5007 Quare
3254 4940 3523 5007 morietur,
3552 4936 3679 5011 q'ttid
3702 4934 3826 5008 fecit
3846 4938 3874 4991 .’
3895 4948 3947 4993 ct

2341 5033 2553 5088 sustulit
2586 5031 2721 5089 Saul
2769 5026 2999 5087 lanceam
3035 5034 3087 5086 in
3113 5026 3381 5087 Ionathan
3432 5036 3489 5085 ul
3526 5030 3780 5086 occideret
3828 5046 3943 5086 eum

2342 5129 2362 5201 (
2392 5126 2556 5195 Ibid,
2588 5122 2652 5183 31
2682 5128 2721 5195 ).
2771 5122 2874 5181 Cui
2922 5132 3173 5197 parceret
3193 5122 3353 5192 Saul,
3387 5123 3653 5182 verum
3692 5124 3899 5181 dicenii
3925 5167 3941 5189 ,

2339 5217 2556 5290 quando
2598 5230 2697 5273 nec
2748 5215 2859 5271 lilio
2890 5217 3238 5288 pepercerit?
3267 5219 3347 5274 sic
3374 5219 3507 5274 estis
3548 5225 3945 5289 manus

2337 5428 2432 5487 est,
2460 5422 2579 5495 quia
2612 5422 2751 5551 cogis
2777 5418 2947 5492 facere
2968 5436 3061 5474 nos
3089 5436 3203 5475 eam
3230 5434 3359 5483 rem,
3389 5428 3495 5475 etc.
3536 5417 3613 5473 La
3642 5416 3852 5501 Cernat

2408 5491 2433 5532 δ
2466 5494 2641 5551 Antid.
2712 5493 2859 5549 abat.
2894 5508 2985 5551 eao
3013 5488 3255 5551 expello.
3293 5500 3352 5546 tit
3388 5491 3438 5545 in
3474 5484 3569 5546 lib.
3612 5485 3679 5543 de
3720 5488 3852 5551 Regi

2408 5491 2433 5532 δ
2466 5488 2641 5562 Ᾰριιίί.
2671 5488 2859 5551 5³1531.
2894 5508 2985 5565 ego
3013 5488 3219 5562 expello
3241 5534 3255 5559 ,
3293 5500 3352 5546 tit
3388 5491 3438 5545 in
3474 5488 3569 5567 lib.
3612 5488 3679 5543 de
3720 5488 3952 5561 Regibus

2338 5568 2653 5639 apostolicis.
2689 5565 2820 5619 Vide
2850 5580 2971 5634 sup.
3003 5570 3123 5635 pag.
3151 5560 3224 5620 33
3246 5606 3260 5630 ,
3285 5564 3378 5620 ubi
3412 5563 3664 5635 quadam
3692 5560 3803 5617 alia
3850 5574 3945 5614 va-

2342 5637 2486 5694 riant
2514 5639 2565 5692 in
2590 5637 2693 5693 hoc
2726 5645 2900 5693 textu.

2418 5719 2440 5746 θ
2472 5707 2716 5766 Sedebat.
2741 5702 2921 5764 Latin.
2952 5719 3077 5763 cum
3103 5704 3294 5763 Graeco
3333 5714 3390 5763 et
3419 5700 3574 5776 Vulg.
