4148 6186
368 238 472 305 83'!

1371 209 1378 214 ’
1438 239 1578 304 PRO
1615 242 1886 304 samo
1928 237 2324 301 ATHANASIU
2364 243 2497 300 LIB.
2538 241 2580 300 ι.

3572 239 3678 298 858

367 355 463 420 Dei
491 362 742 419 mandata
773 406 786 430 ,
818 373 981 435 atque
1012 374 1189 422 vestra
1213 375 1536 423 Statuentes.
1584 366 1829 439 Denique
1858 385 1966 427 non
1996 370 2049 433 Α
2075 363 2143 418 Et
2156 365 2442 418 exsurrexit
2468 361 2711 429 David,ct
2731 355 3172 434 dempsilpitmt‘tnt
3191 370 3214 408 ε
3238 361 3526 433 chlamydis
3551 361 3685 417 Saut

367 457 653 524 miramur,
680 460 723 513 si
757 460 883 529 quia
910 457 1132 528 dicitur,
1165 477 1268 514 non
1300 465 1464 529 potest
1492 462 1732 515 damnari
1758 465 1968 529 absens,

368 545 584 603 Domini
635 551 986 621 persequaris
1033 551 1384 618 sacerdotes;
1433 553 1660 623 quando
1691 553 1976 610 videamus

366 639 445 696 sic
479 639 648 698 fuisse
677 637 794 699 Deo
820 641 1141 700 lamulantes
1183 655 1529 714 persecutum
1571 645 1724 702 Sani.
1777 641 1976 719 Loqui-

367 739 460 789 tur
486 735 761 806 Scriptura
791 734 982 792 dicens
1019 755 1032 792 :
1071 737 1134 792 Et
1167 739 1299 792 dixit
1342 755 1432 793 rex
1466 756 1484 793 :
1507 725 1678 793 Morte
1717 741 1972 806 marieris,

368 825 684 896 Abimelech,
714 840 761 882 et
793 839 868 895 tu,
899 843 944 883 et
971 830 1140 885 omnis
1170 833 1353 885 domus
1380 830 1544 902 patris
1574 833 1648 886 lui
1678 829 1814 905 (1b.,
1838 849 1971 900 χχιι,

373 918 445 975 ill
472 922 512 989 ).
564 921 631 976 Et
677 921 816 977 infra
853 939 866 975 :
901 920 969 976 Et
998 922 1127 977 dixit
1153 939 1247 978 rex
1277 925 1572 978 cursoribus
1598 967 1612 991 ,
1653 931 1697 978 et
1724 926 1976 980 stantibus

369 1011 468 1067 sibi
516 1029 534 1066 :
579 1005 838 1068 Adducite
863 1056 875 1079 ,
909 1025 956 1068 et
988 1015 1206 1068 occidite
1234 1014 1525 1070 sacerdotes
1558 1013 1804 1083 Domini,
1850 1034 1974 1088 quo-

369 1105 511 1159 niam
544 1119 730 1159 manus
757 1119 938 1160 eorum
961 1121 1076 1160 cum
1113 1105 1285 1160 David
1313 1116 1387 1162 est
1407 1150 1422 1175 ,
1451 1108 1698 1179 quoniant
1729 1125 1976 1181 cognove-

367 1204 486 1251 rant
515 1195 656 1267 quod
685 1195 856 1252 David
880 1197 1109 1269 fugeret,
1141 1208 1188 1252 et
1217 1215 1318 1253 non
1351 1207 1377 1237 τι
1421 1200 1855 1271 decooperuerunt
1885 1216 1977 1254 au-

368 1305 479 1346 rem
509 1306 696 1344 meam.
741 1289 812 1344 Et
855 1291 1132 1346 noluerunt
1182 1293 1332 1362 pueri
1356 1293 1496 1362 regis
1521 1293 1750 1364 ingerere
1787 1305 1976 1347 alarius

367 1398 492 1436 suas
521 1382 768 1437 adversus
799 1383 1088 1438 sacerdotes
1116 1383 1328 1439 Domini
1366 1383 1530 1456 (Ibid.
1563 1379 1670 1456 Π).
1723 1381 1858 1455 Quid
1891 1387 1974 1442 di-

375 1473 478 1539 cis,
515 1474 826 1544 a'quissime
855 1485 954 1530 rex
979 1474 1004 1530 ἲ
1033 1475 1078 1531 si
1111 1477 1185 1531 illi
1222 1478 1365 1547 regis
1397 1478 1546 1548 pueri
1575 1479 1815 1535 noluisse
1843 1481 1980 1534 rete-

367 1578 566 1624 runtur
577 1567 801 1626 obedire
815 1563 1049 1641 imperio
1069 1572 1231 1643 regis,
1249 1572 1295 1628 si
1309 1571 1385 1629 illi
1405 1574 1800 1645 contempsisse
1822 1575 1979 1630 tuon-

361 1667 618 1717 strantur
667 1669 940 1734 praecepta
987 1654 1163 1730 Sani,
1217 1682 1283 1721 ne
1329 1675 1517 1720 contra
1573 1659 1665 1720 Det
1719 1665 1980 1722 fecissent

2079 458 2295 512 occulte.
2332 456 2396 510 Et
2427 460 2621 528 factum
2667 465 2739 510 est
2768 469 2881 529 post
2911 455 3048 520 hcec,’
3083 466 3129 510 et
3164 456 3419 524 percussit
3461 472 3548 508 cor
3577 452 3684 508 Da-

2077 549 2163 603 vid
2191 569 2246 605 eo
2266 550 2404 621 quod
2427 551 2728 617 deinpsisSct
2756 548 2968 619 pinnam
2992 546 3280 617 chlamydis
3309 562 3327 600 .'
3349 555 3396 600 et
3423 546 3551 600 dixit
3581 543 3686 600 Da-

2077 642 2162 694 vid
2183 642 2252 695 ad
2284 657 2472 713 pueros
2500 659 2619 695 suos
2649 657 2666 694 :
2697 637 2816 694 Non
2844 640 2970 693 mihi
3007 639 3272 711 contingat
3299 656 3330 691 a
3373 637 3595 692 Domino
3642 639 3687 693 si

2078 738 2245 804 fecero
2273 735 2368 786 hoc
2411 733 2617 786 verbum
2663 733 2872 786 domino
2906 749 3040 798 meo,
3076 733 3269 786 Christo
3301 727 3555 796 Domini,
3603 731 3680 785 in-

2078 829 2214 896 ferre
2242 841 2454 878 manum
2490 837 2656 878 meam
2687 824 2739 877 in
2773 840 2913 891 eum,
2941 825 3064 894 quia
3095 821 3316 877 christus
3349 820 3561 876 Domini
3605 823 3687 875 Iu'c

2076 927 2172 973 est.
2223 915 2288 972 Et
2316 921 2476 974 suasit
2511 915 2678 972 David
2706 916 2841 972 viros
2868 933 2986 970 suos
3018 915 3212 983 verbis,
3249 925 3295 970 et
3321 933 3420 969 non
3455 915 3686 986 permisit

2076 1013 2182 1066 illis
2211 1054 2225 1079 ,
2259 1023 2310 1065 ut
2341 1021 2605 1084 surgentes
2634 1009 2923 1063 occiderent
2953 1008 3088 1064 Saul
3117 1025 3134 1062 :
3177 1016 3223 1060 cl
3253 1007 3479 1061 surrexit
3511 1005 3642 1060 Saul
3667 1049 3682 1075 ,

2078 1113 2122 1160 et
2155 1103 2417 1160 descendit
2447 1107 2498 1158 in
2532 1105 2684 1170 viam,
2721 1113 2768 1157 ct
2799 1103 2921 1156 exiit
2955 1097 3123 1154 Dat-id
3153 1111 3267 1169 post
3297 1101 3429 1155 Saul
3464 1100 3638 1153 dicms
3669 1117 3687 1154 .‘

2083 1197 2301 1251 Domine
2331 1215 2442 1252 rex.
2474 1197 2537 1250 Et
2569 1197 2794 1266 respexit
2828 1193 2962 1250 Saul
3009 1202 3122 1264 post
3153 1210 3228 1261 se,
3263 1201 3309 1245 et
3341 1191 3604 1245 inclinarit
3636 1207 3690 1244 se
3733 1243 3742 1262 ι

2083 1287 2248 1347 David
2288 1293 2340 1346 in
2367 1293 2556 1364 facient
2583 1308 2733 1346 suam
2765 1307 2923 1362 super
2956 1300 3170 1356 terram,
3206 1299 3253 1344 et
3285 1288 3522 1342 adoravit
3548 1305 3685 1354 cum,

2077 1395 2124 1444 et
2152 1387 2284 1442 dixit
2315 1385 2490 1441 David
2523 1387 2592 1440 ad
2619 1385 2754 1442 Saul
2781 1402 2798 1440 :
2833 1381 3006 1453 Quare
3036 1384 3188 1439 audis
3231 1383 3380 1439 verba
3409 1382 3585 1456 populi
3613 1381 3692 1434 di-

2078 1483 2300 1538 centium
2329 1499 2347 1536 :
2371 1482 2502 1537 Ecce
2534 1479 2704 1536 David
2731 1481 2915 1552 qua'rit
2947 1480 3168 1533 animam
3201 1489 3340 1533 tuam
3369 1477 3394 1531 ?
3421 1488 3467 1532 et
3499 1495 3610 1531 cccc
3640 1477 3691 1530 in

2079 1576 2180 1629 hac
2208 1574 2292 1628 die
2321 1575 2559 1628 viderunt
2591 1573 2726 1627 Oculi
2757 1574 2858 1637 tui,
2894 1571 3149 1643 quomodo
3180 1568 3395 1625 tradidit
3428 1580 3475 1624 te
3503 1565 3689 1622 Domi-

2081 1669 2176 1722 nus
2205 1668 2355 1722 hodie
2383 1669 2436 1721 in
2469 1667 2705 1720 manibus
2739 1665 2861 1718 meis
2894 1665 2946 1718 in
2975 1665 3163 1733 spcltco
3197 1662 3246 1729 ιι,
3282 1667 3327 1718 et
3358 1663 3501 1717 nolui
3535 1674 3581 1716 te
3606 1680 3691 1715 oc-

371 1755 626 1809 maudata
657 1797 672 1822 ,
706 1759 807 1810 nos
837 1757 1128 1826 episcopos
1156 1757 1334 1812 fuerat
1367 1758 1587 1829 dignum
1625 1757 1834 1815 Domini
1864 1753 1975 1816 cal-
2011 1759 2053 1819 Β
2080 1759 2270 1825 cidere,
2300 1770 2347 1814 et
2380 1759 2588 1829 peperci
2619 1755 2731 1823 tibi,
2775 1765 2823 1811 et
2853 1755 2965 1810 dixi
3005 1773 3022 1809 .-
3056 1749 3176 1809 Non
3209 1751 3441 1828 injiciam
3479 1770 3690 1806 manum

371 1853 564 1902 cantes
591 1855 862 1918 przcc‘epta
889 1891 904 1916 ,
959 1847 1189 1920 impie're
1241 1862 1327 1905 tua
1357 1844 1611 1923 sacrilegi
1649 1851 1980 1916 homicidae?

371 1937 582 1996 idcirco
615 1949 746 2012 ergo
776 1955 875 1997 nos
905 1942 1147 2013 dignaris
1181 1946 1452 2016 persequi,
1485 1945 1604 2016 quia
1633 1961 1737 2000 non
1762 1945 1981 2002 Domini

371 2033 649 2089 mandatis
692 2045 780 2088 tua
811 2041 1228 2106 anteponamus.
1283 2033 1409 2094 Hmc
1440 2039 1565 2094 fecit
1592 2046 1644 2092 et
1673 2039 1825 2106 Saul,
1857 2051 1978 2110 qum

371 2123 444 2178 ita
477 2137 602 2180 esse
634 2123 832 2195 probat
855 2139 1014 2183 sacra
1042 2129 1310 2197 scriptura
1343 2129 1528 2185 dicen’s
1555 2147 1567 2184 :
1597 2128 1666 2184 Et
1695 2131 1826 2186 dixit
1849 2132 1980 2187 Saul

372 2217 442 2271 ad
470 2215 618 2288 Doeg
660 2236 677 2272 .·
703 2215 958 2274 Converte
984 2229 1031 2274 te
1066 2221 1117 2274 in
1150 2221 1349 2276 obviam
1371 2223 1722 2277 sacerdotibus
1745 2220 1977 2278 Domini.

376 2307 447 2366 Et
481 2323 762 2365 conversus
799 2322 872 2366 est
928 2312 1069 2386 Doeg
1101 2312 1292 2384 Syrus,
1337 2322 1385 2369 et
1428 2317 1754 2383 mortiﬁcavit
1800 2313 1827 2352 δ
1874 2318 1982 2386 ipse

369 2402 666 2457 sacerdotes
705 2401 940 2469 Domini,
972 2413 1018 2458 et
1049 2405 1351 2460 occiditilla
1377 2405 1459 2459 die
1483 2415 1734 2461 trecentas
1757 2407 1981 2478 quinque

367 2496 507 2549 viros
534 2536 548 2560 ,
592 2503 640 2549 et
669 2507 845 2549 omnes
885 2505 1146 2565 partantes
1173 2497 1344 2569 ephod
1365 2540 1378 2561 ,
1423 2505 1470 2552 et
1508 2489 1650 2552 Dben
1680 2505 1702 2537 α
1727 2499 1979 2552 civitatein

371 2587 702 2642 sacerdotum
729 2588 916 2643 occidit
945 2590 996 2642 in
1025 2597 1112 2644 ore
1142 2589 1306 2660 gladii
1330 2607 1360 2644 a
1381 2591 1492 2644 viro
1517 2600 1680 2659 usque
1699 2592 1767 2644 ad
1792 2590 1978 2645 mulie-

370 2695 480 2736 rem
509 2723 524 2747 ,
558 2690 606 2736 et
638 2682 702 2737 ab
730 2683 935 2754 infante
966 2699 1128 2754 usque
1158 2683 1226 2737 ad
1261 2685 1571 2739 nutrientem
1604 2689 1622 2756 (
1648 2683 1817 2752 Ibid.,
1847 2684 1912 2740 18
1934 2682 1975 2756 ).

367 2773 548 2830 Simili
582 2791 729 2831 nunc
759 2776 924 2831 modo
955 2784 1184 2831 co’n'atus
1225 2789 1284 2832 es
1310 2821 1324 2846 ,
1349 2783 1512 2848 atque
1540 2777 1759 2832 conaris
1791 2793 1978 2833 eorum

373 2869 582 2925 laniare
604 2883 834 2940 corpora
867 2912 882 2937 ,
932 2886 1068 2940 quos
1098 2867 1286 2926 videas
1315 2877 1714 2942 praceptorum
1747 2872 1838 2928 Dei
1870 2889 1981 2928 me-

372 2971 559 3017 mores
603 2967 696 3016 ttto
727 2964 890 3018 reniti
917 2970 1217 3034 praecepto.
1258 2963 1376 3021 Nan
1403 2966 1584 3035 itaque
1613 2966 1797 3020 mirari
1826 2977 1982 3036 pote-

374 3055 566 3121 rimus,
592 3056 637 3110 si
668 3063 722 3110 tu
750 3071 850 3111 nos
881 3055 1259 3127 persequaris;
1281 3059 1498 3129 quando
1521 3057 1801 3115 videamus
1825 3060 1978 3126 Sani,

2082 1853 2250 1908 meam
2280 1853 2334 1906 in
2374 1851 2639 1904 dominum
2675 1865 2843 1902 meum
2869 1891 2880 1912 ,
2925 1847 3168 1919 quoniam
3207 1847 3433 1901 chrislus
3475 1837 3687 1908 Domini

2083 1957 2155 2002 est
2187 1963 2207 2000 :
2237 1947 2326 2016 qui
2375 1945 2550 2016 accepi
2581 1945 2797 2014 pinnam
2829 1941 3118 2013 chlamydis
3145 1945 3248 1996 tua:
3272 1941 3323 1994 in
3355 1945 3511 1993 manu
3539 1955 3687 2004 mea,

2082 2045 2129 2094 τε
2170 2057 2265 2112 ego
2295 2037 2490 2092 abscidi
2538 2037 2778 2090 laciniam
2821 2035 3113 2106 eltlainydis
3143 2041 3246 2088 lucc
3273 2076 3286 2099 ,
3324 2035 3496 2088 etnon
3527 2031 3691 2086 occidi

2082 2141 2148 2187 te.
2167 2131 2431 2204 Cognosce
2448 2140 2493 2185 et
2531 2131 2642 2183 ride
2660 2128 2812 2183 hodie
2828 2128 3070 2200 quoniam
3101 2143 3203 2181 non.
3230 2134 3302 2180 εει
3327 2121 3378 2180 in
3402 2143 3554 2179 manu
3578 2140 3692 2177 mea

2082 2227 2306 2292 malitia,
2325 2243 2488 2297 neque
2509 2225 2788 2297 injustitia,
2814 2235 2861 2276 et
2892 2240 2992 2276 non
3016 2224 3220 2294 pcccavi
3241 2221 3292 2274 in
3317 2231 3385 2287 te,
3408 2231 3455 2274 et
3484 2232 3532 2273 tu
3550 2236 3691 2291 qua;-

2081 2321 2153 2374 ris
2185 2320 2414 2373 animam
2445 2335 2607 2371 meam
2636 2317 2891 2389 accipere.
2921 2311 3128 2369 Judicet
3169 2305 3422 2368 Dominus
3447 2315 3580 2368 inter
3613 2331 3692 2369 me

2081 2421 2128 2466 et
2180 2421 2227 2464 te
2252 2453 2268 2480 ,
2316 2421 2361 2466 et
2411 2409 2692 2465 vindicabit
2723 2427 2800 2464 me
2833 2409 2894 2462 de
2920 2416 2985 2474 te,
3019 2423 3204 2461 nianus
3254 2405 3425 2461 autem
3454 2423 3564 2459 mea
3589 2423 3691 2460 non

2081 2501 2177 2557 erit
2241 2504 2292 2556 in
2337 2513 2405 2556 te.
2439 2502 2588 2558 Sicut
2635 2499 2827 2556 dicitur
2873 2499 3119 2572 parabola
3138 2499 3381 2571 antiqua,
3409 2516 3471 2554 ea:
3498 2496 3691 2569 iniquis

2081 2596 2216 2650 exiet
2241 2594 2467 2664 nequitia
2491 2611 2509 2648 :
2534 2603 2714 2648 manus
2745 2605 2917 2646 autem
2952 2609 3062 2646 mea
3087 2609 3191 2647 non
3229 2594 3322 2647 erit
3351 2591 3404 2646 in
3433 2599 3498 2646 te.
3532 2579 3691 2645 Retro

2081 2699 2229 2760 quem
2259 2697 2314 2743 tu
2342 2685 2704 2759 persequeris?
2725 2694 2903 2740 canent
2926 2685 3205 2752 mortuum,
3229 2693 3276 2738 et
3303 2685 3438 2738 retro
3465 2685 3621 2755 pulic.
3643 2700 3692 2736 nt

2083 2785 2262 2835 unum.
2289 2779 2410 2834 Fiat
2435 2778 2690 2833 Dominus
2713 2775 2765 2831 in
2784 2777 3016 2848 judicent
3038 2786 3082 2830 et
3107 2777 3156 2829 in
3180 2775 3435 2829 vindicem
3463 2775 3592 2830 inter
3618 2777 3694 2828 me

2083 2883 2132 2926 ‘et
2160 2873 2292 2925 inter
2316 2873 2362 2924 te
2395 2885 2413 2923 :
2443 2870 2614 2924 videat
2642 2863 2894 2921 Dominus
2923 2873 2965 2920 et
2988 2867 3189 2939 judicet
3211 2865 3472 2938 judicium
3503 2883 3692 2934 meum,

2083 2972 2130 3016 et
2180 2961 2432 3035 justiﬁcet
2487 2977 2569 3015 me
2629 2970 2694 3014 ex
2753 2971 2910 3013 manu
2975 2969 3065 3012 tua
3124 2955 3302 3031 (Ibid.
3366 2971 3490 3013 κείν
3527 3002 3542 3026 ,
3587 2961 3689 3029 2).

2082 3043 2231 3110 Talis
2262 3063 2383 3108 mos
2429 3063 2513 3108 est
2564 3053 2654 3106 Dei
2687 3051 3020 3117 cultor-ibus,
3075 3057 3139 3106 ‘ul
3191 3060 3361 3106 totum
3412 3061 3697 3107 reservent

374 3146 520 3216 quod
549 3157 654 3202 non
687 3151 906 3203 ser'vum
944 3149 1157 3204 Domini
1183 3151 1352 3206 David
1403 3147 1456 3206 in
1507 3161 1702 3207 manus
1742 3153 1979 3210 tradide-
2005 3142 2048 3203 C
2086 3143 2220 3214 Deo,
2247 3147 2489 3203 scientes
2525 3161 2646 3202 esse
2678 3151 2932 3216 magnum
2968 3139 3230 3200 iiudicari
3260 3145 3326 3200 ab
3345 3147 3431 3200 e‘b.
3456 3143 3696 3214 Interea,

373 3241 486 3294 rint
509 3241 626 3310 ejus
652 3283 666 3306 ,
699 3253 804 3297 non
834 3243 1013 3298 solum
1043 3247 1322 3300 "trecentos
1349 3245 1587 3316 quinque
1626 3250 1977 3314 sacerdotes,

377 3331 474 3386 sed
521 3340 574 3386 et
615 3341 785 3388 totam
839 3334 1142 3404 perdidisse
1183 3337 1484 3392 civitatem.
1543 3335 1984 3409 Perseqttcbatnr

377 3427 509 3482 Sani
543 3427 737 3495 David,
770 3445 918 3496 cum,
951 3432 1002 3485 in
1033 3431 1187 3501 cujUs
1202 3427 1410 3487 ditioue
1430 3429 1457 3470 α
1481 3441 1603 3487 cum
1634 3433 1813 3500 fuerit,
1839 3441 1989 3504 setth

379 3525 560 3575 tamen
592 3519 642 3574 ei
687 3522 982 3591 ignoverit.
1022 3523 1087 3577 Et
1112 3525 1329 3593 factum,
1362 3517 1494 3580 dicit
1528 3527 1793 3595 scriptura
1815 3569 1830 3592 ,
1867 3543 1983 3580 cum

379 3625 614 3669 reversus
639 3623 769 3670 esset
803 3615 938 3672 Sa‘ul
969 3629 1083 3685 post
1110 3618 1455 3688 alienigenas,
1488 3629 1538 3674 et
1567 3621 1985 3674 renuntiaiwrunt

381 3703 429 3757 ei
456 3702 684 3759 dicentes
713 3722 731 3760 :
764 3703 900 3761 Ecce
931 3705 1102 3762 David
1130 3710 1182 3763 in
1200 3709 1401 3764 deserto
1432 3711 1601 3766 Gaddi
1628 3723 1722 3766 est.
1761 3705 1826 3766 Et
1845 3729 1987 3767 sum-

383 3797 487 3865 psit
506 3811 677 3851 secttm
695 3801 794 3852 tria
815 3799 983 3855 millia
1011 3803 1234 3857 tiret-um
1249 3805 1524 3858 electorum
1553 3821 1615 3859 ex
1643 3805 1985 3876 omnilsrael,

385 3899 433 3944 et
461 3890 590 3945 abiit
610 3905 838 3963 quaerere
865 3893 1032 3950 David
1071 3908 1119 3952 et
1147 3899 1283 3952 viros
1307 3903 1420 3968 eius
1457 3909 1573 3953 ante
1604 3901 1791 3970 faciem
1831 3918 1986 3955 vena-

386 3982 541 4037 tionis
557 3999 823 4039 cervorum
848 4003 865 4041 :
893 3997 942 4042 et
968 3989 1102 4042 venit
1125 3989 1193 4042 ad
1217 3997 1398 4062 greges
1423 3991 1621 4057 ovium,
1650 4001 1764 4062 qua:
1788 3999 1811 4029 ο
1842 4003 1991 4048 erant

385 4073 455 4126 ad
480 4075 636 4143 viam,
672 4086 718 4130 et
742 4087 850 4132 erat
873 4078 944 4132 ibi
968 4080 1216 4149 spelunca
1249 4124 1262 4147 ,
1295 4087 1340 4136 ct
1370 4085 1599 4138 introivit
1631 4083 1766 4141 Saul
1792 4083 1861 4139 ad
1890 4087 1990 4141 sel-

386 4167 513 4230 lam,
540 4176 591 4220 et
622 4166 788 4222 David
800 4180 847 4224 et
875 4173 1022 4238 pueri
1048 4175 1159 4242 ejus
1190 4173 1405 4228 interius
1432 4171 1691 4247 spelunca:
1724 4177 1988 4232 sedebant.

389 4256 459 4311 Et
499 4259 740 4314 dixerunt
773 4262 867 4315 viri
895 4259 1066 4317 David
1096 4265 1165 4318 ad
1189 4272 1305 4319 eum
1341 4282 1358 4320 :
1393 4267 1524 4321 Ecce
1567 4267 1678 4323 dies
1718 4268 1801 4322 hic
1845 4283 1990 4335 quem

389 4351 524 4405 dixit
561 4350 578 4389 ί
622 4349 881 4408 Doininus
907 4372 925 4408 :
957 4353 1068 4410 Tibi
1109 4357 1241 4412 dabo
1267 4359 1532 4415 inimicum
1567 4371 1714 4415 tuum
1746 4364 1798 4416 in
1828 4364 1994 4417 inani-

390 4446 482 4501 bus
509 4447 640 4515 tuis,
669 4458 718 4503 et
746 4450 906 4520 facies
930 4451 976 4506 ei
1003 4467 1118 4522 gate
1145 4453 1339 4524 placita
1367 4459 1486 4510 sunt
1517 4465 1632 4511 ante
1657 4456 1831 4511 Oculos
1856 4467 1990 4512 tuos.

466 4611 490 4682 ξι
522 4601 662 4682 on
688 4605 841 4678 abest
870 4607 1276 4682 aA-lecttSabat.
1478 4675 1482 4682 .

467 4673 495 4753 ιζ
522 4675 576 4730 Id
606 4688 690 4753 est
713 4719 726 4742 ,
757 4675 1177 4753 marti‘tradidit,
1208 4692 1371 4738 morte
1401 4675 1666 4737 mulctavit
1688 4727 1702 4750 ,
1737 4695 1788 4740 et
1835 4686 1995 4739 inter-

395 4746 538 4817 fecit,
568 4747 1031 4824 quemadmodum
1077 4746 1194 4821 ipse
1245 4762 1429 4822 postea
1461 4746 1697 4824 explicat
1730 4753 1871 4811 lidea
1907 4772 1994 4812 sco

393 4819 580 4887 quanti
607 4859 621 4885 ,
645 4829 692 4872 et
715 4821 905 4896 occidit
916 4823 1020 4896 illa
1048 4819 1129 4878 die
1152 4819 1400 4879 trecentos
1421 4819 1642 4896 Quinque
1659 4828 1794 4880 viros
1818 4845 1835 4881 .·
1855 4829 1996 4882 (inde

396 4900 596 4968 nomen
625 4893 1065 4968 ntqrdﬁcatibnis,
1110 4911 1220 4965 quo
1255 4893 1480 4952 inferius
1508 4893 1712 4963 utitur;
1753 4901 1996 4968 quoniam

396 4960 495 5041 ﬁlii
520 4963 928 5041 mortiﬁcationis
961 4960 1181 5041 estis,‘id
1213 4979 1317 5030 cst,
1343 4970 1462 5023 estis
1487 4969 1589 5041 ﬁlii
1618 4960 1826 5041 mortis;
1849 4973 1996 5041 digni

401 5031 681 5109 vidclicct,
711 5035 894 5104 quibus
915 5053 1058 5109 ntors
1102 5037 1356 5109 inferatur
1378 5083 1390 5104 ,
1443 5031 1563 5109 quia
1590 5031 1864 5109 Dominum
1905 5031 1996 5096 vc-

395 5110 564 5229 Etrnrdn
606 5103 866 5160 Clttt'stum
905 5103 1115 5162 Domini
1147 5103 1249 5164 non
1288 5103 1651 5166 custodivis'tis.
1703 5107 1806 5167 ΤΗ.
1843 5124 1894 5168 et
1921 5114 1994 5169 La

447 5192 480 5229 θ
549 5191 599 5227 a.

447 5191 574 5229 eruo
587 5216 599 5227 .

461 5257 495 5326 ,ξ
531 5245 850 5326 Huiusmodi
883 5251 1142 5326 prop-ria“
1164 5253 1384 5309 nomina
1419 5265 1475 5308 ut
1505 5254 1595 5309 hic
1620 5271 1650 5310 a
1686 5257 1887 5311 nostris
1920 5257 2001 5313 bi-

399 5313 699 5398 !)liisstint
724 5321 853 5374 Vere
881 5313 1060 5398 omnia
1093 5323 1328 5398 diversa,
1361 5325 1623 5398 itaqetiatn
1659 5328 1995 5398 insequenti.

399 5386 502 5468 bas
533 5393 638 5443 non
667 5393 1007 5468 e‘mtcord'ant
1030 5438 1043 5459 ,
1079 5405 1134 5449 ut
1183 5396 1345 5468 facile
1377 5389 1501 5451 inde
1526 5397 1710 5451 videre
1737 5386 1820 5453 εἰ(
1840 5401 1999 5468 longe

399 5459 562 5514 aliam
597 5463 876 5536 vulgarem
909 5475 1038 5519 tum:
1059 5467 1327 5534 "temporis
1355 5468 1511 5536 ipso:
1537 5471 1751 5525 anubis
1777 5459 2001 5525 habuis-

400 5545 462 5587 se
489 5534 818 5608 senionem,
855 5552 976 5608 qute
1021 5537 1305 5593 emendata
1343 5534 1528 5608 postea
1566 5539 1750 5594 fuerit.
1806 5540 1998 5596 Iidem.

472 5599 500 5639 ά
533 5603 641 5659 Pm
667 5599 934 5662 Dalmatis.
965 5604 1066 5662 Iid'.

479 5682 501 5709 ε
536 5675 633 5753 It‘a.
661 5675 893 5753 habetur
919 5678 1230 5753 invetusto
1268 5679 1602 5753 exemplari.
1645 5692 1773 5738 cum
1811 5682 2000 5740 dicen.

403 5743 532 5802 dum
560 5743 886 5818 luisset'qui.
920 5749 1023 5805 Tit.

2022 4614 2075 4675 Ι)

2085 3231 2246 3294 sicuti
2291 3235 2544 3310 superius
2573 3233 2716 3306 dixi,
2751 3237 2877 3293 Vide
2908 3231 3038 3293 Sani
3061 3279 3076 3304 ,
3123 3238 3211 3291 ubi
3242 3245 3465 3308 campos
3499 3241 3699 3293 mentis

2086 3343 2200 3402 est,
2233 3343 2350 3404 quin
2383 3335 2525 3388 dicat
2558 3351 2572 3388 :
2607 3344 2660 3386 at
2694 3331 2781 3387 nlui
2816 3333 2992 3402 impos
3024 3331 3286 3397 cilicitur,
3320 3331 3597 3402 quomodo
3625 3331 3701 3388 si-

2087 3430 2230 3483 tie‘ns
2278 3431 2348 3482 Sit
2377 3425 2544 3481 David
2594 3427 2726 3496 justi
2781 3431 2834 3480 et
2875 3418 3187 3480 innocentis
3230 3426 3551 3496 sanguinem
3589 3421 3701 3480 :Et

2088 3523 2283 3591 factum
2305 3529 2402 3587 est,
2430 3519 2624 3590 inquit,
2653 3535 2768 3572 cum
2788 3523 3187 3572 consummasset
3204 3513 3378 3572 David
3396 3537 3466 3572 rei
3481 3520 3542 3572 ba
3565 3518 3697 3585 hwc,

2088 3614 2301 3684 loquens
2324 3615 2393 3667 ad
2419 3614 2571 3679 Saul,
2612 3613 2742 3666 dixit
2774 3612 2951 3667 Saul:
2985 3603 3096 3666 Vox
3119 3622 3210 3666 tua
3234 3612 3365 3678 lucc,
3387 3599 3465 3682 fili
3498 3611 3703 3668 David?

2086 3709 2136 3763 et
2163 3707 2472 3762 exclamavit
2498 3706 2632 3762 Saul
2661 3718 2707 3760 et
2725 3703 2946 3778 ploravit
2969 3749 2984 3776 ,
3011 3715 3058 3762 et
3085 3706 3218 3761 dixit
3239 3700 3306 3760 ad
3338 3702 3508 3760 David
3535 3709 3556 3761 ~:
3578 3706 3702 3762 Jus-

2090 3798 2212 3871 tus,1
2243 3813 2293 3856 es
2321 3807 2376 3854 tu
2403 3810 2556 3871 quam
2589 3809 2704 3872 ego,
2734 3801 2983 3870 quoniam
3009 3803 3062 3854 t‘u
3086 3793 3364 3855 reddidisti
3393 3799 3518 3854 mihi
3538 3802 3700 3869 bona,

2090 3908 2182 3964 ego
2220 3901 2391 3946 autem
2436 3891 2592 3945 tribui
2639 3885 2777 3944 mala
2805 3891 2897 3945 tibi
2934 3907 2952 3946 :
2985 3901 3032 3946 et
3060 3887 3364 3947 renuntiasti
3397 3893 3524 3947 mihi
3549 3891 3704 3948 hodie

2090 3997 2206 4059 quae
2236 3987 2403 4057 fecisti
2429 3987 2558 4042 mihi
2589 3980 2750 4052 bona,
2792 3989 2923 4042 sicut
2954 3979 3206 4042 conclusit
3255 4006 3333 4042 me
3360 3985 3616 4043 Dominus
3648 3987 3701 4043 in

2093 4072 2328 4134 manibus
2361 4082 2484 4146 tuis,
2511 4089 2557 4134 et
2586 4089 2689 4134 non
2711 4077 2947 4134 Occidisti
2973 4091 3050 4136 me
3075 4099 3093 4136 :
3117 4093 3162 4136 et
3189 4076 3323 4136 sicut
3347 4078 3565 4137 inveniat
3588 4083 3703 4155 quis

2094 4175 2316 4227 amicum
2363 4185 2552 4238 suum,
2586 4183 2634 4227 et
2673 4173 2955 4244 prcentittal
3001 4192 3116 4228 cum
3145 4177 3197 4229 in
3238 4175 3372 4229 viam
3416 4179 3624 4243 bonam,
3656 4187 3703 4231 et

2098 4267 2351 4342 Dominus
2399 4267 2653 4321 retribuat
2695 4267 2791 4321 tibi
2827 4269 2992 4336 bona,
3027 4267 3120 4337 pro
3150 4270 3330 4340 quibus
3370 4271 3536 4340 fecisti
3577 4272 3705 4326 mihi

2095 4361 2288 4415 hodie:
2318 4370 2364 4414 et
2409 4377 2545 4414 nunc
2588 4377 2704 4415 ecce
2734 4377 2826 4430 ego
2856 4362 2961 4414 scio
2988 4359 3228 4430 quoniam
3257 4364 3521 4434 regnando
3568 4363 3582 4412 i
3623 4379 3702 4416 re-
3750 4430 3752 4432 ν

2095 4455 2308 4527 gnabis,
2347 4455 2394 4506 et
2421 4453 2761 4506 constituetur
2801 4445 2854 4505 in
2885 4463 3044 4506 manu
3072 4464 3158 4507 tua
3199 4470 3416 4526 regnum
3443 4452 3630 4522 Israel,
3655 4459 3702 4510 et

2177 4609 2194 4649 ί
2213 4605 2874 4682 .Sicinterpnngitﬁabal.
2910 4607 3052 4682 Dixit
3080 4608 3335 4667 Donninus
3365 4613 3496 4667 tibi:
3525 4609 3697 4682 Dabo,

2101 4693 2208 4739 etc.
2253 4682 2347 4757 _Gr.
2398 4678 2612 4757 Conipl.
2664 4678 2796 4735 ’1δού
2829 4682 2926 4754 ἐγώ
2956 4680 3160 4757 δίδωμι,
3196 4685 3338 4754 qimd
3371 4693 3575 4743 nostra:
3627 4678 3703 4745 lc;

2100 4754 2280 4821 ctioni,
2301 4755 2616 4821 respondet.

2169 4833 2199 4872 ’κ
2227 4814 2287 4880 id
2317 4814 2419 4886 est,
2464 4823 2653 4879 ademit
2676 4825 2890 4889 oceul'te,
2916 4835 2962 4880 et
2990 4827 3127 4882 clam
3156 4829 3365 4886 abstulit
3388 4848 3530 4886 oram
3557 4832 3702 4886 chla-

2100 4898 2287 4972 mydis;
2311 4896 2464 4972 Sani.
2515 4895 2617 4952 Ubi
2657 4897 3000 4972 dignosicitur
3039 4905 3252 4956 summa
3284 4905 3498 4960 bonitas
3533 4906 3703 4972 ipsius

2102 4970 2344 5032 Doridis,
2372 4970 2640 5045 quiLc‘nm
2675 4969 2820 5045 §aul
2843 4969 3154 5045 interﬁcere
3173 4980 3368 5045 posset
3391 5019 3404 5044 ,
3438 4969 3618 5031 tamen
3652 4973 3704 5031 ei

2100 5041 2432 5149 pepercerit.
2469 5038 2573 5092 Tit.
2607 5049 2653 5093 et
2677 5038 2753 5093 La
2781 5040 2965 5096 Cerda.
3182 5038 3196 5045 ’
3391 5038 3402 5044 ’

2242 5109 2296 5149 ΙιΙ
2329 5120 2406 5149 ncl
2465 5111 2515 5149 in
2548 5110 2791 5149 cmplunrn
2844 5112 2896 5149 δη
2923 5114 3033 5149 Ιηριι
3066 5107 3236 5149 ηιίιὶὲιιι
3269 5113 3313 5149 ,ςέο
3343 5135 3561 5149 Ληιιρηιιιὶ
3611 5120 3626 5149 ι

2242 5109 2296 5166 Id
2329 5120 2432 5176 est,
2465 5111 2516 5163 in
2544 5110 2812 5180 spelunca,
2844 5112 3033 5168 inloco
3064 5107 3236 5172 abdito
3267 5113 3313 5172 et
3339 5135 3580 5173 concavo.
3611 5120 3703 5175 Sic

2103 5197 2247 5261 stupe
2277 5182 2804 5261 numerodi‘ctiones
2827 5185 3068 5261 integras
3093 5185 3314 5261 Graecas
3341 5197 3563 5261 usurpat
3585 5187 3706 5261 μα-

2105 5254 2232 5312 tinis
2256 5267 2347 5334 e_a_s
2371 5254 2688 5334 immiscet-ts
2715 5297 2727 5318 ,
2758 5266 2820 5334 ut
2846 5254 2971 5334 ante
2993 5259 3172 5334 dixit,
3203 5260 3427 5328 lhtipsen
3452 5254 3702 5334 {nam

2109 5328 2500 5403 progaﬂlictione
2528 5343 2547 5380 :
2571 5326 2721 5403 unde
2766 5327 2924 5403 facile
2959 5331 3260 5403 intelligere
3281 5326 3374 5403 est
3399 5343 3525 5402 tunc
3561 5326 3705 5403 tam}

2110 5398 2254 5468 poris
2281 5400 2358 5452 sic
2392 5398 2731 5472 ipstrsluisse
2766 5399 2977 5472 loeutus
3015 5419 3028 5451 :
3061 5398 3251 5457 insulae
3285 5399 3447 5472 etiam
3490 5398 3617 5470 illm,
3655 5398 3706 5460 in

2107 5467 2472 5549 gnaram-una
2500 5468 2587 5549 hic
2616 5478 2810 5549 auctor
2835 5470 3022 5549 sedent
3049 5477 3214 5549 Somn,
3255 5467 3511 5543 habebat,
3545 5467 3709 5549 atque

2110 5540 2163 5598 in
2192 5544 2315 5618 Aau_la
2343 5541 2688 5618 imperatoris
2709 5540 3094 5618 grazeigalgant.
3133 5545 3235 5618 Tit.

2189 5615 2202 5686 ἕ
2239 5606 2673 5686 ῼΓωοίδίκαιοω
2700 5606 2840 5686 apud
2875 5607 3066 5686 Strb‘ttt.
3091 5606 3306 5686 judiibr.

2109 5757 2137 5812 λ
2230 5685 2514 5755 Regnando
2544 5677 2819 5738 omittitur
2845 5697 2876 5738 a
2907 5677 3122 5755 δεὺειξ
3139 5699 3193 5744 at
3215 5699 3303 5746 est
3320 5687 3374 5746 in
3397 5682 3528 5764 ‘Clﬂ,
3555 5677 3716 5751 itaet.

2141 5775 2160 5812 ε
2198 5769 2287 5811 ων.

2141 5775 2287 5813 ωων.
