4148 6186
487 182 594 241 839

1580 173 1914 235 LUCIFERI
1956 174 2263 234 EPISCOPI
2301 171 2727 232 CALARITANI

3696 170 3809 229 840

487 315 627 354 nunc
646 299 775 372 jura
805 303 860 351 tu
885 292 1014 349 mihi
1038 291 1093 348 in
1123 288 1374 358 Domino,
1402 289 1447 345 si
1475 306 1578 345 non
1605 293 1897 347 eradicabis
1927 308 2098 348 semen
2126 294 2177 355 Α
2203 291 2446 362 quoniam
2464 290 2586 345 exiit
2612 304 2703 343 rex
2732 284 2906 343 Israel
2933 301 3165 359 quierere
3204 284 3430 357 pulicem
3454 300 3636 350 unum,
3668 287 3808 338 sicut

488 408 661 448 meum
682 400 795 463 post
827 405 905 442 nte
934 403 952 441 :
977 386 1089 442 etsi
1130 400 1233 439 non
1258 383 1619 459 externtinabis
1646 402 1828 439 nomen
1857 384 1919 439 de
1942 384 2092 439 domo

486 482 650 553 patris
674 477 791 533 mei.
819 476 887 531 Et
904 475 1107 549 jurarit
1133 473 1303 529 David
1325 473 1460 529 Saul
1485 472 1650 547 (Ibid.
1679 475 1793 543 17).
1826 475 1954 530 Post
1976 476 2095 533 haec

391 575 393 578 ‘
485 571 675 640 utique
711 566 1115 638 debueratjam
1148 566 1349 622 mutari
1371 565 1535 633 Saul;
1558 566 1653 623 sed
1672 566 1851 624 adhuc
1876 583 1975 624 nec
1993 568 2094 625 iste

483 664 684 721 desinit
703 663 980 733 persequi,
1002 660 1542 731 necdeticitparcere
1554 660 1746 717 David.
1768 660 2091 731 Etsurrexit,

484 758 619 815 dicit
639 756 945 827 Scriptura,
972 754 1125 815 Saul.
1146 764 1193 808 et
1209 753 1473 809 descendit
1492 755 1548 808 in
1569 759 1827 809 desertum
1849 771 2091 825 opacum,

484 860 533 905 et
558 866 673 904 cum
703 864 763 904 eo
792 848 894 903 tria
924 847 1092 901 millia
1124 847 1351 900 virorum
1378 848 1654 902 electorum
1679 864 1744 902 ex
1767 846 1931 901 Israel
1952 864 2094 918 qure-

483 957 598 997 rere
628 940 795 996 David
840 938 1006 1012 (Ibid.
1039 954 1185 1002 xxv1,
1218 937 1299 1009 ‘2).
1329 936 1398 992 Et
1436 938 1576 993 intra
1606 956 1621 993 :
1652 938 1718 993 Et
1761 940 1898 994 misit
1925 939 2095 994 David

484 1034 876 1105 exploratores,
920 1041 970 1087 et
998 1031 1236 1102 cognovit
1263 1031 1509 1102 quoniam
1536 1031 1670 1086 venit
1709 1032 1842 1087 Saul
1866 1033 1920 1086 in
1949 1032 2095 1088 Sice-

486 1128 603 1181 let:
631 1135 679 1179 et
721 1125 943 1180 surrexit
988 1123 1157 1177 David
1201 1123 1428 1189 occulte,
1466 1132 1515 1179 et
1542 1125 1769 1201 abiitrin
1812 1126 1981 1179 locum
2006 1127 2094 1180 ubi

488 1219 774 1275 dormiebat
819 1218 976 1284 Saul,
1008 1227 1055 1271 et
1089 1216 1261 1270 Abner
1305 1216 1447 1287 ﬁlius
1476 1215 1589 1271 Ner
1628 1218 1868 1289 princeps
1898 1218 2095 1272 militia:

486 1313 599 1381 ejus
630 1322 718 1366 :et
750 1310 883 1366 Saul
904 1309 1191 1364 dormiebat
1214 1310 1268 1363 in
1294 1310 1543 1383 stragulis
1566 1310 1850 1381 pra'claris,
1880 1320 1923 1363 et
1954 1309 2095 1379 plebs

485 1416 598 1460 erat
627 1404 766 1458 circa
795 1419 933 1458 eum.
972 1401 1036 1456 Et
1066 1400 1240 1455 David
1269 1400 1405 1455 dixit
1439 1400 1506 1455 ad
1534 1400 1781 1457 Amalech
1809 1399 2091 1469 Cetlneum,

486 1506 534 1553 et
562 1495 755 1552 Abessa
784 1495 954 1565 ﬁliam
976 1494 1179 1550 Sarviaz
1208 1497 1424 1565 fratrem
1449 1493 1583 1547 Joab
1609 1495 1784 1549 dicens
1813 1510 1831 1548 :
1856 1494 1985 1560 Quis
2012 1495 2094 1548 in-

484 1590 659 1645 troibit
684 1605 885 1644 mecum
912 1591 967 1643 in
1014 1590 1199 1643 castris
1226 1588 1295 1641 ad
1338 1586 1513 1643 Saul?
1545 1597 1593 1641 et
1632 1588 1763 1641 dixit
1807 1588 1997 1642 Abessa
2025 1588 2094 1641 ad

2196 382 2515 456 persequitur
2526 391 2715 436 noctua
2738 381 2793 434 in
2813 381 3093 434 montibus.
3110 377 3177 433 Et
3200 378 3331 433 dixit
3362 377 3497 435 Saul
3509 394 3527 431 :
3548 375 3803 441 Peccavi;

2195 488 2448 544 converte,
2463 476 2542 546 ﬁli
2567 473 2761 541 David,
2789 475 3031 543 quoniam
3059 492 3163 529 non
3194 473 3519 544 molignabor
3538 473 3591 526 in
3607 482 3652 526 te
3662 474 3802 544 jam,

2194 571 2309 625 ideo
2333 572 2576 642 quoniam
2596 570 2770 624 anima
2795 586 2907 625 mea
2931 578 3145 638 accepta
3170 578 3243 625 est
3261 579 3384 623 ante
3411 569 3588 622 oculos
3617 577 3727 623 tuos
3749 567 3808 621 in

2195 662 2331 717 diem
2362 663 2521 728 hunc,
2550 663 2604 717 in
2629 678 2728 733 quo
2754 662 2939 716 stultus
2967 666 3134 733 factus
3150 677 3285 728 sum,
3320 669 3368 715 et
3386 659 3623 734 ignoravi
3644 660 3811 713 multa

2196 756 2536 810 vehementer.
2588 752 2657 808 Et
2697 754 2964 822 respondit
3009 752 3174 807 David
3214 754 3431 807 dicens:
3464 750 3599 806 Ecce
3625 751 3812 806 lancea

2194 851 2330 922 regis
2353 866 2372 904 :
2402 849 2611 903 accedat
2640 865 2773 903 unus
2812 865 2875 903 ex
2902 848 3076 917 pueris
3105 858 3153 902 et
3185 848 3408 917 accipiat
3440 861 3572 900 eam.
3598 843 3665 899 Et
3693 842 3811 899 Do-

2196 942 2366 995 minus
2388 942 2623 995 restituat
2652 940 2926 1006 unicuique
2945 938 3203 1010 justitias,
3234 948 3279 992 et
3297 936 3453 1007 ﬁdem
3471 952 3641 1000 suam,
3674 936 3814 990 sicut

2195 1032 2410 1088 tradidit
2439 1043 2486 1088 te
2524 1032 2675 1087 hodie
2700 1033 2752 1085 in
2776 1032 3009 1086 manibus
3032 1030 3180 1095 meis,
3210 1038 3257 1085 et
3286 1030 3433 1084 nolui
3454 1029 3669 1099 injicere
3690 1043 3812 1082 ma-

2196 1142 2319 1181 num
2336 1141 2501 1180 meam
2518 1125 2570 1180 in
2592 1124 2841 1178 Christum
2876 1123 3106 1177 Domini.
3141 1121 3277 1176 Ecce
3303 1125 3436 1176 sicut
3476 1121 3723 1175 exultavit
3754 1137 3813 1174 se

2194 1222 2370 1276 anima
2398 1231 2487 1274 tua
2511 1219 2722 1273 iadiem
2743 1218 2883 1273 hunc
2906 1227 3024 1272 ante
3044 1217 3223 1272 oculos
3252 1232 3391 1271 meos
3410 1258 3425 1284 ,
3452 1216 3528 1270 sic
3551 1214 3812 1287 signiﬁce-

2196 1327 2281 1371 tur
2310 1316 2482 1369 anima
2513 1330 2625 1369 mea
2647 1314 2698 1366 in
2735 1322 3011 1385 conspectu
3042 1310 3271 1378 Domini,
3300 1320 3346 1364 et
3374 1308 3599 1377 abripiat
3630 1324 3730 1372 me,
3759 1312 3812 1361 et

2196 1417 2338 1463 eruat
2379 1422 2459 1460 me
2497 1422 2560 1461 ex
2594 1405 2829 1459 omnibus
2858 1403 3293 1457 tribulationibus.
3326 1399 3397 1454 Et
3422 1401 3554 1454 dixit
3578 1399 3709 1454 Saul
3738 1398 3812 1453 ad

2196 1497 2367 1554 David
2400 1516 2413 1552 :
2438 1498 2748 1552 Benedictus
2768 1507 2845 1562 tu,
2870 1496 2969 1566 ﬁli,
2992 1506 3038 1550 et
3061 1495 3283 1565 faciens,
3306 1503 3356 1548 et
3389 1503 3568 1560 potens
3596 1493 3809 1561 poteris.

2197 1593 2386 1662 (lbid.,
2401 1593 2456 1665 4)
2475 1592 2599 1648 Have
2626 1591 2830 1647 idcirco
2849 1590 3042 1655 indidi,
3060 1600 3118 1645 ut
3134 1589 3351 1644 tandem
3369 1603 3560 1659 posses
3572 1588 3813 1658 conjicc-
3884 1638 3895 1647 .

487 1682 660 1739 David
690 1698 709 1739 :
742 1681 857 1754 Ego
878 1683 959 1737 ibo
989 1692 1175 1737 tecum.
1203 1681 1269 1735 Et
1295 1682 1613 1735 intraverunt
1641 1680 1813 1735 David
1829 1689 1878 1734 et
1905 1680 2097 1736 Abessa
2128 1687 2173 1748 Β
2201 1688 2380 1754 re,sic
2400 1696 2474 1755 te,
2498 1688 2612 1742 sive
2637 1685 3015 1749 Athanasium,
3047 1685 3161 1739 sive
3191 1697 3291 1738 nos
3309 1682 3506 1754 injuste
3531 1681 3810 1753 persequi,

486 1779 557 1833 ad
586 1777 834 1849 populum
865 1786 1012 1831 nocte
1037 1818 1051 1842 ,
1084 1785 1135 1830 et
1159 1791 1273 1830 ecce
1294 1774 1430 1831 Saul
1458 1774 1745 1829 dormiebat
1767 1774 1821 1829 in
1850 1775 2096 1847 stragulis

486 1875 756 1947 pretiosis,
802 1883 848 1928 et
879 1872 1060 1927 lancea
1101 1872 1209 1941 ﬁxa
1256 1869 1325 1923 ad
1369 1880 1523 1941 caput
1568 1871 1681 1942 ejus
1732 1868 2019 1940 pra’clara,
2050 1877 2098 1922 et

486 1968 658 2024 Abner
677 1965 964 2021 dormiebat
990 1968 1133 2020 circa
1159 1981 1296 2019 eum.
1322 1961 1392 2017 Et
1420 1964 1554 2018 dixit
1574 1963 1766 2017 Abessa
1788 1962 1857 2016 ad
1887 1960 2057 2016 David
2080 1977 2098 2017 :

486 2061 753 2118 Conclusit
792 2058 1049 2115 Dominus
1098 2057 1255 2113 hodie
1283 2057 1553 2111 inimicum
1604 2066 1749 2111 tuum
1779 2057 1833 2110 in
1863 2056 2100 2110 manibus

483 2154 619 2209 tuis:
650 2161 699 2207 et
730 2168 867 2207 nunc
887 2151 1122 2205 occidam
1150 2150 1214 2204 de
1235 2150 1418 2204 lancea
1442 2150 1601 2204 semel
1619 2150 1672 2203 in
1696 2159 1887 2202 terram
1913 2148 2099 2220 ﬁgens,

485 2256 533 2302 et
559 2262 662 2300 non
695 2256 922 2314 repetam
951 2243 1119 2299 illam.
1144 2239 1215 2296 Et
1247 2242 1380 2295 dixit
1412 2238 1583 2297 David
1609 2242 1679 2295 ad
1706 2241 1897 2296 Abessa
1926 2257 1944 2295 :
1978 2239 2101 2294 Non

483 2338 751 2408 continges
782 2333 935 2389 illum
964 2335 1250 2403 :quoniam
1278 2334 1394 2404 quis
1419 2333 1617 2404 injiciet
1644 2349 1848 2387 manum
1870 2348 2019 2387 suam
2048 2334 2103 2387 in

485 2430 739 2486 cltristum
774 2427 1016 2494 Domini,
1061 2436 1107 2482 et
1139 2443 1300 2495 purus
1339 2428 1471 2481 erit?
1500 2425 1566 2480 Et
1597 2427 1727 2481 dixit
1754 2424 1925 2481 David
1956 2444 1975 2481 :
2006 2426 2101 2480 Vi-

485 2523 557 2578 vit
586 2520 867 2587 Dominus,
895 2522 1141 2591 quoniam
1170 2521 1272 2574 nisi
1307 2519 1568 2573 Dominus
1594 2520 1902 2591 percusserit
1928 2519 2101 2586 illum,

486 2624 580 2672 aut
605 2614 705 2669 nisi
736 2613 869 2669 hora
894 2613 1037 2668 illius
1059 2613 1288 2679 venerit,
1317 2622 1365 2667 et
1396 2613 1671 2680 moriatur,
1700 2612 1780 2667 vel
1804 2612 1856 2666 in
1879 2627 2104 2683 pugnam

487 2706 815 2762 descenderit
843 2716 890 2760 et
917 2714 1234 2778 apponatur,
1260 2703 1392 2758 milii
1413 2714 1585 2758 autem
1608 2720 1708 2759 non
1735 2704 1801 2758 sit
1820 2721 1853 2757 a
1883 2701 2104 2757 Domino

2197 1784 2277 1839 sic
2306 1792 2358 1839 te
2380 1781 2627 1837 famulari
2656 1782 2706 1835 in
2732 1788 2839 1835 tua:
2860 1779 3050 1833 salutis
3067 1792 3277 1841 necem,
3296 1776 3376 1831 sic
3394 1776 3606 1831 tibimet
3621 1774 3815 1830 mortis

2199 1875 2339 1946 apud
2357 1873 2696 1929 divinitatem
2720 1871 3052 1928 contrahere
3072 1871 3334 1940 pericula,
3366 1877 3424 1924 ut
3443 1869 3548 1925 sibi
3573 1884 3669 1939 per
3696 1868 3814 1923 harc

2199 1984 2318 2040 qua:
2332 1968 2509 2038 egerit
2528 1966 2869 2022 contraxerit
2900 1963 3131 2021 Saul.Si
3159 1964 3277 2019 haec
3305 1978 3412 2018 non
3440 1963 3513 2018 ita
3543 1970 3700 2027 sunt,
3727 1962 3815 2018 dic

2200 2076 2299 2116 cur
2316 2076 2415 2115 nos
2446 2057 2841 2130 persequaris?
2867 2071 3062 2127 nempe
3085 2057 3212 2127 quia
3242 2071 3348 2109 non
3370 2054 3661 2110 fundamus
3687 2069 3817 2109 san-

2199 2156 2421 2227 guinem
2447 2151 2992 2220 innocentem.Quem
3008 2149 3092 2205 vis
3118 2150 3415 2216 imitemur,
3435 2159 3582 2214 leue,
3606 2156 3701 2204 aut
3713 2149 3816 2203 Da-

2200 2245 2322 2300 vid?
2343 2245 2413 2301 de
2455 2243 2619 2299 David
2651 2244 2798 2299 enim
2832 2242 3093 2313 scriptum
3128 2241 3347 2297 invenio
3377 2256 3391 2293 :
3428 2239 3496 2294 Et
3528 2239 3697 2295 David
3728 2256 3815 2294 re-

2203 2341 2376 2413 gnavit
2388 2341 2440 2393 in
2456 2336 2485 2392 1
2489 2339 2698 2405 srael,et
2711 2345 2819 2392 erat
2832 2336 3029 2407 faciens
3032 2335 3295 2406 judicium
3310 2344 3357 2389 et
3361 2334 3623 2407 justitiam
3639 2333 3692 2387 in
3708 2343 3814 2387 toto

2205 2412 2396 2506 populo
2423 2449 2516 2487 suo
2540 2430 2606 2504 (Il
2623 2429 2754 2502 Reg.
2771 2445 2887 2494 vttt,
2908 2429 2997 2500 15)
3029 2445 3044 2483 :
3074 2439 3128 2485 te
3144 2442 3278 2484 vero
3296 2442 3419 2483 esse
3438 2428 3716 2482 cernimus
3731 2425 3817 2479 iu-

2200 2528 2405 2600 justum
2455 2525 2729 2596 judicem,
2760 2524 3031 2579 cultorum
3086 2522 3185 2577 Dei
3239 2520 3672 2577 interfectorem.
3702 2516 3816 2573 Cur

2205 2635 2307 2676 nos
2350 2617 2744 2690 persequeris?
2773 2630 2969 2686 nempe
2995 2614 3122 2686 quia
3147 2613 3513 2679 uoluerimus,
3546 2622 3604 2667 ut
3632 2620 3687 2666 tu
3728 2624 3811 2678 es,

2208 2715 2324 2770 ﬁeri
2356 2722 2638 2785 apostatae,
2668 2712 2793 2783 quia
2822 2710 3167 2766 uoluerimus
3198 2707 3417 2763 unicum
3469 2706 3562 2761 Dei
3614 2719 3815 2775 negare

484 2800 701 2865 ίηὶίεενε
738 2814 953 2852 "mnum
984 2807 1011 2834 "
1038 2799 1093 2852 ίη
1119 2798 1374 2853 “mlum
1408 2796 1621 2852 θθηιίηί
1654 2813 1674 2852 -'
1700 2805 1746 2851 ει
1773 2812 1910 2851 nunc
1926 2798 2107 2867 αεσίΡε
2208 2806 2425 2862 Fi|ium.
2458 2804 2625 2861 David
2654 2804 2794 2859 liber
2810 2812 2865 2859 et
2885 2802 3209 2857 Trinitatem
3230 2801 3469 2871 loquitur
3488 2796 3812 2869 perfectam,

483 2895 756 2960 lanceam,
783 2906 899 2963 qua:
936 2900 1013 2946 est
1049 2890 1119 2945 ad
1160 2901 1320 2960 caput
1350 2890 1518 2958 illius,
1553 2901 1602 2946 et
1634 2890 1818 2945 lentem
1847 2906 2016 2958 aqum,
2057 2906 2105 2957 ei

487 2986 791 3042 recedamus
837 3001 952 3039 nos.
999 2983 1068 3038 Et
1097 2984 1297 3054 accepit
1346 2980 1517 3037 David
1562 2984 1816 3050 lanceam,
1846 2993 1893 3037 et
1920 2984 2105 3037 lentem

2208 2908 2262 2952 et
2292 2913 2456 2954 uuam
2486 2906 2671 2953 narrat
2714 2895 2977 2952 deitatem
3029 2893 3211 2949 Patris
3255 2902 3310 2948 et
3337 2891 3459 2947 Filii
3488 2900 3544 2946 et
3575 2889 3813 2960 Spiritus

2211 2994 2417 3057 sancti;
2443 3002 2495 3046 et
2527 2999 2583 3046 tu
2601 3005 2724 3046 esse
2754 2987 3311 3057 invenirisapostata.
3337 2984 3535 3053 Quem.
3565 2983 3808 3051 inquam,

485 3097 635 3154 aqua
655 3098 687 3135 a
716 3080 885 3152 capite
908 3082 1045 3152 ejus,
1079 3088 1125 3133 et
1147 3078 1383 3133 abierunt
1410 3079 1553 3150 ipsi:
1579 3088 1628 3134 et
1655 3095 1755 3133 non
1783 3087 1890 3133 erat
1916 3078 2004 3148 qui
2024 3078 2097 3131 υἱ-
2125 3075 2169 3138 C
2204 3098 2434 3154 sequar,
2466 3092 2613 3149 tene,
2655 3097 2724 3137 an
2754 3079 2966 3135 David?
2996 3078 3229 3133 illumne
3276 3075 3546 3132 cultorem
3573 3072 3810 3139 Domini,

486 3177 660 3243 deret,
686 3191 849 3243 neque
874 3174 961 3245 qui
994 3173 1147 3228 sciret
1172 3215 1189 3241 ,
1219 3183 1266 3229 et
1295 3190 1400 3228 non
1423 3183 1533 3231 erat
1563 3174 1654 3243 qui
1675 3174 1909 3242 vigilaret
1938 3188 1958 3228 :
1980 3189 2092 3228 om-

488 3285 576 3324 nes
612 3268 749 3323 enim
770 3264 1112 3327 dormiebant.
1132 3265 1375 3333 quoniam
1398 3265 1555 3320 timor
1570 3264 1783 3319 Domini
1795 3267 2023 3319 irruerat
2041 3266 2094 3319 in

482 3361 604 3415 illos
633 3376 650 3414 :
686 3369 735 3413 et
776 3358 1015 3412 transivit
1055 3356 1226 3413 David
1268 3370 1479 3425 contra,
1507 3368 1556 3413 et
1583 3359 1721 3414 stetit
1748 3359 1799 3412 in
1830 3359 2095 3413 cacumine

486 3455 675 3509 montis
713 3453 889 3523 longe,
918 3461 969 3507 et
996 3462 1107 3506 erat
1137 3467 1381 3524 magnum
1422 3454 1521 3507 iter
1544 3453 1676 3507 inter
1698 3468 1817 3508 eos:
1840 3461 1887 3507 et
1913 3452 2097 3523 depre-

485 3556 633 3602 catus
656 3555 733 3600 est
760 3543 932 3599 David
981 3545 1265 3615 populum,
1305 3553 1353 3598 et
1376 3543 1570 3611 Abner,
1596 3555 1644 3599 et
1672 3544 1873 3599 locutus
1901 3554 1974 3598 est
2016 3545 2095 3598 di-

486 3654 609 3694 cens
640 3653 660 3692 :
686 3635 811 3692 Non
849 3637 1143 3708 respondis,
1174 3637 1381 3693 Abner?
1411 3636 1481 3691 Et
1508 3640 1769 3709 respondit
1816 3637 2016 3706 Abner,
2047 3647 2095 3692 et

486 3732 655 3788 dixit:
680 3728 809 3798 Quis
830 3748 883 3787 es
912 3740 966 3786 tu
991 3731 1081 3801 qui
1107 3745 1257 3786 vocas
1279 3731 1396 3785 me?
1425 3729 1565 3798 Quid
1593 3730 1712 3786 est?
1734 3728 1801 3785 Et
1828 3731 1959 3785 dixit
1984 3730 2093 3785 Da-

483 3826 571 3881 vid
603 3826 674 3881 ad
724 3826 934 3881 Abner:
986 3824 1082 3881 Vir
1120 3834 1176 3879 tu
1202 3840 1289 3892 es;
1326 3834 1373 3879 et
1401 3826 1517 3896 quis
1548 3825 1681 3880 sicut
1711 3837 1766 3879 tu
1807 3826 1864 3879 in
1892 3825 2097 3880 Israel?

485 3936 647 3992 quare
675 3937 777 3975 non
797 3918 1023 3974 custodis
1049 3918 1314 3973 dominum
1339 3927 1481 3972 tuum
1508 3917 1714 3991 regem?
1741 3918 1982 3988 quoniam
2007 3918 2091 3973 in-

488 4012 641 4066 travit
662 4029 796 4066 unus
816 4014 879 4065 de
899 4011 1091 4082 populo
1120 4011 1418 4082 disperdere
1439 4010 1702 4064 dominum
1727 4020 1871 4064 tuum
1899 4026 2087 4081 regem.

488 4102 617 4160 Non
663 4113 738 4159 est
764 4102 955 4158 bonum
986 4104 1081 4157 hoc
1107 4102 1247 4171 quod
1285 4103 1451 4175 fecisti
1485 4117 1501 4156 :
1532 4103 1653 4157 vivit
1684 4100 1941 4158 Dominus
1966 4120 2093 4174 quo-

488 4197 629 4251 niam
653 4196 753 4266 ﬁlii
793 4196 1208 4265 mortiﬁcationis
1238 4211 1324 4251 vos
1354 4195 1497 4261 estis,
1530 4197 1618 4267 qui
1649 4212 1753 4251 non
1778 4198 2093 4252 custodiistis

485 4290 515 4332 δ
546 4291 816 4347 dominum
844 4305 1015 4363 regem
1044 4298 1303 4359 vestrum,
1333 4290 1582 4344 christum
1602 4288 1856 4344 Domini:
1879 4300 1928 4345 et
1957 4307 2093 4346 nunc

484 4387 600 4443 vide
629 4385 717 4441 ubi
756 4394 830 4440 est
861 4385 1042 4440 lancea
1079 4384 1235 4456 regis,
1268 4392 1317 4438 et
1363 4383 1511 4438 lentis
1558 4399 1707 4454 aqua:
1732 4398 1849 4455 quae
1884 4395 1994 4439 erat
2023 4384 2093 4438 ad

2196 3175 2594 3233 misericordiae
2644 3184 2978 3242 amatorem;
3009 3187 3081 3227 an
3107 3181 3161 3227 te
3211 3169 3562 3239 sacrilegum,
3593 3166 3811 3223 carniﬁ-

2196 3269 2520 3340 cem‘lcujus
2545 3269 2828 3339 sapientiae
2862 3268 3028 3321 homo
3051 3263 3399 3335 persequeris
3414 3260 3810 3317 Athanasium?

2196 3361 2423 3417 Mirarer
2455 3372 2508 3417 te
2554 3362 2670 3416 haec
2698 3374 2896 3431 agere,
2922 3359 2969 3414 si
3001 3373 3109 3413 non
3138 3366 3193 3412 et
3237 3354 3427 3412 Achab
3469 3369 3565 3410 rex
3587 3354 3667 3408 sic
3695 3351 3808 3407 He-

2196 3455 2322 3511 liam
2346 3465 2399 3511 et
2420 3463 2653 3510 caeteros
2675 3454 2890 3509 Domini
2915 3451 3211 3524 prophetas
3230 3450 3423 3506 luisset
3446 3456 3763 3520 persecutus
3791 3462 3807 3498 :

2197 3548 2426 3604 mirarer
2451 3557 2507 3603 te
2535 3547 2786 3618 persequi
2820 3546 2911 3601 Dei
2937 3544 3238 3609 hominem,
3272 3544 3316 3598 si
3345 3558 3451 3598 non
3474 3543 3529 3597 in
3551 3542 3808 3596 omnibus

2198 3650 2250 3697 te
2282 3640 2469 3697 Achab
2496 3654 2621 3696 esse
2664 3654 2972 3695 cernerem.
3002 3638 3244 3709 Denique
3275 3636 3400 3691 talia
3429 3634 3522 3691 tibi
3552 3634 3807 3690 dicuntur

2196 3749 2227 3789 a
2272 3734 2451 3801 nobis,
2482 3731 2661 3802 qualia
2707 3740 2762 3787 et
2796 3732 2877 3787 illi
2919 3747 2949 3786 a
2980 3730 3081 3786 Dei
3127 3730 3272 3786 dicta
3302 3729 3416 3786 sint
3442 3714 3757 3786 domesticis
3789 3746 3802 3781 :

2200 3827 2328 3882 Noli
2376 3825 2508 3881 Baal
2543 3824 2730 3893 colere,
2762 3827 2870 3879 noli
2914 3823 3069 3879 idolis
3108 3824 3327 3889 servire,
3369 3822 3459 3877 sed
3496 3821 3647 3889 Deo;
3670 3821 3805 3875 servi

2198 3921 2308 3977 Deo
2332 3923 2571 3990 Abrahae,
2605 3921 2716 3976 Deo
2749 3920 2925 3988 Isaac,
2959 3922 3066 3977 Deo
3095 3920 3285 3984 Jacob,
3305 3921 3438 3975 servi
3467 3918 3577 3974 Deo
3613 3917 3801 3973 Israel.

2197 4015 2253 4071 Si
2271 4015 2393 4070 talia
2422 4014 2722 4069 meminisu
2750 4013 2959 4070 dixisse
2982 4013 3195 4069 Heliam
3225 4022 3283 4069 et
3302 4019 3539 4068 caeteros
3564 4011 3803 4083 prapbe-

2197 4117 2283 4164 tas
2328 4108 2546 4163 Domini
2574 4108 2642 4164 ad
2700 4108 2892 4164 Achab
2943 4116 3249 4179 apostatam
3302 4120 3517 4177 regem,
3578 4105 3803 4161 adverte

2196 4202 2391 4257 similia
2416 4201 2510 4256 tibi
2548 4201 2617 4257 ah
2642 4201 2750 4269 eis,
2777 4200 2974 4272 quibus
2995 4199 3227 4256 docendi
3258 4198 3471 4255 dederit
3510 4198 3802 4253 auctorita-

2197 4304 2303 4350 tem
2338 4294 2616 4359 Dominus,
2644 4294 2771 4350 dici.
2802 4292 2943 4359 Noli,
2968 4291 3272 4357 Constanti,
3304 4308 3427 4348 cum
3448 4291 3666 4348 Arianis
3696 4307 3796 4362 pu-

2195 4402 2361 4459 gnare
2387 4396 2580 4444 contra
2603 4387 3081 4455 Deidomum,noli
3110 4386 3465 4442 idololatriam
3493 4384 3609 4440 Arii
3629 4386 3799 4438 intro-

485 4490 641 4554 caput
660 4482 792 4552 ejus.
819 4478 888 4533 Ει
913 4479 1151 4552 cognovit
1176 4494 1267 4535 rex
1295 4478 1607 4535 Saulvocem
1628 4478 1822 4545 David.
1844 4488 1893 4534 et
1917 4480 2048 4534 dixit
2072 4494 2091 4533 ι·
2114 4479 2168 4541 D
2194 4484 2393 4541 ducere
2418 4484 2471 4539 iu
2499 4484 2808 4552 ecclesiam,
2838 4483 2945 4539 noli
2979 4497 3177 4553 negare
3216 4480 3432 4537 unicum
3461 4478 3655 4535 Filium
3681 4479 3793 4544 Dei,

495 4573 613 4630 Vox
640 4582 729 4628 tua
757 4572 888 4640 haec,
920 4573 1000 4642 ﬁli
1025 4570 1236 4627 David?
1261 4571 1451 4629 Servus
1477 4581 1617 4635 tuus,
1643 4572 1850 4627 domine
1872 4589 1984 4628 rex.
2019 4572 2088 4627 Et

486 4665 677 4738 adjecit
708 4662 879 4719 David
910 4680 929 4718 :
949 4662 1019 4720 Ut
1042 4664 1169 4729 quid
1197 4666 1293 4718 hoc
1322 4666 1642 4735 persequitur
1670 4664 1909 4720 dominus
1949 4681 2089 4721 meus

393 4808 401 4816 .
485 4769 627 4817 retro
664 4775 867 4813 servum
915 4758 1107 4813 suum?
1129 4758 1375 4828 quoniam
1402 4757 1528 4828 quid
1555 4758 1768 4828 deliqui,
1799 4766 1845 4812 et
1869 4774 1986 4829 qua:
2016 4768 2089 4815 est

487 4869 521 4909 a
546 4867 627 4907 me
666 4850 899 4906 malitia?
928 4859 977 4905 et
1006 4865 1143 4904 nunc
1170 4849 1351 4902 audiat
1385 4848 1626 4904 dominus
1654 4866 1795 4905 meus
1822 4866 1914 4906 rex
1936 4852 2089 4906 verba

484 4946 618 5004 servi
639 4961 659 5001 :
684 4944 745 5002 Si
774 4955 797 4984 ο
834 4942 1091 5001 Dominus
1128 4940 1270 4999 Deus
1299 4954 1418 4999 tuus
1447 4945 1633 5001 incutit
1658 4954 1707 5000 te
1730 4946 1784 4999 in
1810 4962 1977 5001 meum
1996 4947 2092 5001 do-

484 5042 671 5110 iorem,
696 5049 743 5095 et
760 5039 1014 5095 victimam
1028 5038 1393 5095 immolationis
1414 5054 1433 5094 :
1458 5039 1598 5110 quod
1619 5040 1664 5093 si
1682 5039 1779 5110 ﬁlii
1796 5039 2080 5107 hominum,

487 5135 753 5193 maledicti
778 5136 832 5191 Isi
846 5131 875 5173 ἀ
894 5136 952 5190 in
980 5146 1260 5206 conspectu
1277 5133 1513 5202 Domini,
1534 5136 1780 5205 quoniam
1828 5137 2088 5205 ejecerunt

488 5249 569 5289 me
588 5231 745 5288 hodie
772 5248 877 5286 non
904 5230 1272 5301 conﬁrmatum
1297 5245 1406 5285 esse
1421 5230 1477 5284 in
1498 5239 1858 5285 testamentum
1909 5226 2089 5282 Domi-

485 5328 565 5392 ni,
596 5326 823 5383 dicentes
852 5343 869 5382 :
905 5324 1074 5396 Vade,
1097 5327 1227 5382 servi
1252 5326 1353 5380 diis
1373 5324 1578 5379 alienis.
1603 5322 1673 5377 Et
1704 5340 1841 5378 nunc
1868 5340 1971 5378 non
1997 5339 2087 5377 ca.

488 5421 575 5479 det
598 5423 811 5497 sanguis
852 5438 995 5479 meus
1034 5424 1089 5478 in
1116 5431 1307 5479 terram
1335 5430 1454 5476 ante
1486 5430 1813 5492 conspectum
1855 5419 2091 5489 Domini,

564 5567 592 5597 ι
621 5560 839 5617 Manum
860 5575 1046 5618 meam.
1080 5558 1258 5616 Vatia.
1287 5568 1348 5614 ut
1370 5559 1423 5614 in
1452 5556 1671 5615 Graeco.

190 5626 589 5759 ﬂ:
613 5630 941 5759 gustodistis.
970 5631 1146 5688 Vatic-

656 5703 937 5759 sDomtnus
956 5702 1098 5759 Deus
1111 5713 1146 5759 tt

178 5699 251 5751 if
452 5699 589 5783 ’ἓξ
613 5700 937 5761 SiDominus
956 5702 1098 5759 Deus
1111 5713 1229 5759 tuus
1247 5702 1431 5759 incutit
1452 5702 1589 5771 te,in
1600 5717 1682 5760 me
1700 5699 1941 5760 odoretur
1958 5701 2103 5759 victi-

2192 4577 2382 4633 desine
2401 4577 2650 4648 persequi
2666 4576 3019 4649 apostolicam
3042 4585 3204 4647 atque
3220 4574 3591 4645 evangelicam
3614 4572 3795 4627 tidem.

2194 4669 2320 4726 Haec
2366 4672 2493 4741 quia
2536 4670 2805 4736 dicamus,
2858 4668 3107 4724 videmur
3152 4682 3276 4723 esse
3318 4666 3420 4721 tibi
3451 4665 3691 4722 inimici:
3720 4665 3798 4719 sic

2192 4762 2546 4835 fueruntregi
2592 4778 2719 4819 vera
2742 4762 2845 4818 sibi
2868 4761 3121 4818 dicentes
3146 4760 3375 4816 inimici.
3408 4759 3798 4815 Percurramus

2193 4855 2431 4928 denique
2452 4870 2699 4928 quasnam
2723 4855 2923 4911 fuerint
2940 4866 3079 4925 orta,
3105 4870 3227 4925 qua:
3248 4852 3386 4909 facta
3416 4852 3561 4908 inter
3586 4851 3796 4907 Heliam

2196 4949 2409 5007 Domini
2448 4950 2769 5021 prophetam
2797 4958 2852 5005 et
2891 4948 3080 5006 Achab
3131 4959 3279 5003 tuum
3310 4955 3712 5017 coapostatam;
3743 4954 3797 4999 et

2191 5042 2437 5100 invenies
2467 5052 2519 5099 te
2562 5057 2684 5099 esse
2727 5042 2888 5099 hodie
2931 5040 3138 5097 Achab.
3190 5038 3359 5103 Vivit,
3389 5037 3565 5109 inquit
3594 5036 3793 5103 Helias,

2192 5138 2477 5207 Dominus,
2517 5138 2600 5192 cui
2646 5137 2831 5192 assisto
2878 5147 2996 5192 ante
3036 5144 3389 5209 conspectum,
3418 5134 3463 5189 si
3504 5133 3606 5188 erit
3645 5132 3795 5185 annis

2188 5233 2301 5289 istis
2329 5249 2415 5287 ros
2456 5241 2503 5287 et
2529 5232 2726 5303 pluvia,
2777 5231 2878 5285 nisi
2921 5247 3010 5303 per
3052 5230 3257 5286 verbum
3284 5229 3389 5285 oris
3418 5228 3515 5282 mei
3542 5225 3635 5300 (ΙΙΙ
3662 5224 3790 5296 Reg.

2190 5340 2323 5393 xvu,
2347 5325 2426 5397 l).
2452 5325 2605 5392 Quod
2650 5326 2836 5397 utique
2868 5342 2990 5381 cum
3024 5325 3305 5397 impletum
3336 5323 3562 5390 fuisset,
3588 5322 3795 5377 debue-

2191 5431 2279 5479 rat
2317 5437 2510 5479 vecors
2552 5436 2886 5494 cognoscere
2902 5436 3094 5478 verum
3124 5422 3291 5478 Deum
3315 5420 3494 5475 solum
3516 5424 3791 5489 potentem

2197 5574 2353 5613 mam.
2381 5557 2563 5615 Latin.
2585 5573 2655 5615 ex
2686 5556 2845 5629 Vulg.
2875 5566 2932 5615 et
2957 5557 3177 5615 Grmco.
3207 5556 3463 5614 Dominus
3485 5553 3625 5611 Deus
3648 5553 3796 5609 incu-

2196 5630 2280 5687 tit.
2311 5629 2487 5686 Vatic.
2509 5632 2715 5686 omisso
2743 5640 2885 5695 tuus,
2916 5639 2974 5685 ut
3006 5631 3057 5684 in
3089 5629 3300 5687 Gra-co.

2282 5699 2311 5741 (ι
2332 5700 2511 5772 οὗτοι,
2541 5700 2721 5759 Graec.
2756 5702 2903 5772 quod
2928 5701 3200 5759 omittitur
3221 5718 3250 5759 a
3277 5701 3469 5761 Sabat.
