4148 6186
346 228 447 287 8H

1428 221 1565 281 PRO
1604 222 1876 282 SANCTO
1916 218 2318 280 ATHANASIO
2357 222 2488 279 LIB.
2529 220 2571 280 l.

3542 221 3649 281 84:2

343 347 512 395 totum
568 350 677 392 non
718 334 907 403 fuisse,
964 334 1068 390 nisi
1098 334 1248 391 illum
1272 375 1286 400 ,
1331 335 1419 390 cui
1466 336 1698 391 serviret
1742 336 1943 391 llelias.
1973 339 2027 399 Α
2050 335 2198 389 illum
2219 335 2468 389 vocabant
2499 336 2553 388 in
2575 350 2694 389 voce
2722 350 2927 409 magna,
2953 342 3000 389 et
3026 336 3262 391 secabant
3287 354 3342 393 se
3374 339 3653 393 secundum

340 429 479 500 Quid
506 428 617 498 agit
642 427 868 486 Achab?
908 426 1064 483 Videt
1092 442 1186 497 per
1211 428 1501 482 triennium
1530 437 1586 482 et
1616 443 1683 483 eo
1711 428 1949 499 amplius

343 538 451 579 non
481 536 607 579 esse
650 521 912 591 pluviam,
942 530 997 575 et
1039 522 1209 591 magis
1237 529 1319 576 cst
1348 521 1507 576 idolis
1537 521 1805 588 serviens,
1836 537 1952 576 ma-

341 618 425 689 gis
465 627 553 673 est
577 618 803 688 cupiens
850 616 1161 672 interﬁcere
1209 616 1440 671 Heliam.
1472 614 1637 671 Audit
1688 617 1783 672 Dei
1822 632 1947 687 pro-

344 707 503 780 pheta
528 723 627 764 ore
653 706 907 778 sacrilegi
938 708 1126 762 Achab
1155 724 1169 763 :
1201 707 1264 763 Si
1294 718 1319 745 α
1344 718 1399 762 tu
1428 724 1481 764 es
1505 709 1636 780 ipse,
1659 710 1748 779 qui
1768 710 1949 764 evertis

346 800 514 858 Israel
530 801 762 874 (IllIieg.
787 817 942 869 xvnt,
962 799 1086 872 l7)?
1115 801 1209 858 Sic
1226 811 1283 859 et
1302 813 1357 857 tu
1381 802 1517 858 dicis
1534 804 1833 859 Athanasio
1862 803 1949 859 vel

346 897 527 964 nobis,
560 894 705 966 quod
731 894 875 951 enim
919 909 1021 950 nos
1045 892 1074 932 ι)
1106 910 1296 950 sumus
1329 904 1613 951 vertentes
1650 895 1747 950 Dei
1780 910 1951 966 μορυ-

341 988 478 1052 lum,
531 1001 653 1040 cum
706 996 763 1041 tu
808 984 884 1041 sis
927 985 995 1041 ad
1046 994 1192 1041 luam
1240 987 1643 1058 suscipiendam
1690 987 1980 1043 hmresim-

343 1078 692 1135 Christianos
717 1092 1024 1134 convocans
1054 1095 1067 1131 :
1115 1077 1212 1133 sed
1248 1077 1407 1133 audis
1438 1094 1466 1132 a
1516 1078 1674 1134 nobis
1702 1095 1823 1150 qua:
1854 1095 1950 1135 au-

343 1170 445 1227 diit
474 1170 660 1227 Achab
689 1171 779 1227 ille
815 1172 992 1226 cultor
1024 1172 1350 1228 idololatrian
1380 1172 1451 1228 ab
1483 1172 1637 1229 Helia
1666 1173 1906 1243 glorioso
1935 1192 1946 1226 :

343 1263 467 1319 Non
496 1281 589 1319 nos
614 1265 885 1320 evertimus
912 1264 1011 1319 Dei
1036 1265 1270 1332 domum,
1296 1266 1386 1320 sed
1406 1268 1587 1322 evertis
1614 1276 1671 1320 tu
1689 1278 1737 1322 et
1768 1268 1952 1322 domus

341 1356 503 1428 patris
526 1357 622 1410 tui.
658 1357 764 1411 Aut
793 1356 1018 1428 negabis
1048 1357 1185 1413 nihil
1229 1368 1280 1414 te
1304 1359 1577 1429 cogitare,
1613 1358 1718 1415 nisi
1752 1369 1808 1415 ut
1837 1375 1954 1414 om-

341 1465 439 1505 nes
462 1464 560 1504 nos
593 1461 937 1519 coapostatas
957 1450 1160 1506 efﬁcias
1195 1453 1360 1508 tuos?
1389 1451 1494 1507 Sed
1522 1461 1579 1506 ut
1599 1468 1869 1523 coeperam
1888 1453 1958 1509 de

345 1542 518 1599 Helia:
545 1551 601 1597 et
619 1540 810 1599 Achab
838 1543 1023 1600 dicere
1049 1545 1260 1601 actibus
1286 1563 1299 1601 :
1333 1544 1403 1598 Et
1423 1546 1554 1600 dixit
1586 1545 1770 1602 Helias
1796 1563 1815 1602 :
1842 1547 1954 1619 Ego

346 1652 452 1691 non
480 1648 620 1691 verto
652 1634 853 1703 Israel,
900 1638 989 1691 sed
1027 1640 1212 1692 evertis
1260 1648 1315 1691 tu
1345 1650 1393 1693 et
1422 1638 1603 1693 domus
1646 1640 1809 1711 patris
1853 1640 1951 1707 tui,

344 1733 471 1785 dum
520 1731 809 1801 relinquitis
838 1747 925 1786 vos
975 1730 1254 1786 Dominum
1293 1730 1456 1785 Deunt
1497 1742 1755 1797 nostrum,
1787 1742 1834 1786 et
1871 1733 1955 1787 itis
1984 1716 2031 1777 Β

346 1833 462 1889 post
490 1822 643 1878 Baal.
684 1823 755 1877 Et
802 1840 942 1877 nunc
972 1824 1136 1890 mitte,
1186 1834 1231 1879 et
1258 1840 1515 1898 congrega
1536 1826 1604 1878 ad
1648 1842 1729 1879 me
1756 1842 1957 1880 onmem

341 1914 513 1971 Israel
560 1916 614 1970 in
653 1926 878 1970 montem
923 1915 1165 1984 Carmeli,
1216 1927 1263 1971 et
1312 1919 1590 1987 prophetas
1636 1920 1957 1990 confusionis

351 2009 751 2079 quadringentos
778 2010 1174 2080 quinquaginta,
1205 2019 1252 2065 et
1277 2011 1552 2081 prophetas
1573 2012 1806 2066 lucorum
1832 2030 1959 2084 qua-

342 2104 645 2175 dringentos
666 2145 681 2168 ,
710 2103 1079 2158 manducantes
1110 2114 1157 2158 et
1182 2104 1409 2160 bibentes
1433 2105 1487 2158 in
1516 2122 1695 2160 mensa
1721 2105 1956 2163 Iezabel.

345 2194 414 2249 Et
444 2196 581 2250 misit
606 2211 700 2251 rex
730 2195 903 2250 Achab
924 2197 993 2250 ad
1015 2212 1216 2250 onmem
1244 2196 1445 2265 Israel,
1476 2207 1523 2252 et
1549 2199 1751 2271 collegit
1783 2216 1958 2254 omnes

344 2286 622 2359 prophetas
666 2288 721 2340 in
769 2297 991 2343 montem
1021 2287 1246 2343 Carmeli
1278 2305 1298 2343 :
1338 2298 1384 2344 et
1411 2291 1623 2344 accessit
1665 2290 1847 2345 Helius
1889 2292 1961 2345 ad

343 2399 541 2449 omnes,
587 2392 635 2437 et
678 2382 809 2436 dixit
832 2384 948 2437 eis:
997 2381 1275 2453 Usquequo
1319 2398 1405 2438 vos
1456 2384 1766 2438 claudicatis
1808 2399 1960 2439 sensu

344 2476 551 2530 vestro?
577 2474 622 2529 si
654 2484 731 2530 est
757 2472 1013 2529 Dominus
1052 2473 1214 2543 Deus,
1245 2477 1314 2530 ite
1341 2487 1454 2549 post
1484 2479 1672 2546 ipsum.
1701 2476 1762 2533 Si
1791 2488 1961 2532 autem

347 2564 484 2620 Baal
523 2576 619 2631 est,
658 2567 726 2621 ite
752 2567 1060 2634 pastillum.
1095 2567 1159 2622 Et
1189 2585 1292 2623 non
1332 2569 1599 2639 respondit
1623 2570 1703 2624 illi
1739 2572 1960 2640 populus

347 2658 558 2714 verbum
585 2677 604 2713 :
628 2669 676 2713 et
705 2659 837 2714 dixit
868 2658 1057 2714 Helias
1085 2661 1153 2715 ad
1182 2661 1432 2733 papulum
1474 2662 1651 2716 dicens
1678 2679 1696 2716 :
1728 2660 1842 2736 Ego
1874 2679 1961 2717 su-

352 2754 523 2823 peravi
558 2763 581 2792 ε
611 2753 755 2807 solus
782 2748 809 2789 ά
842 2756 1211 2825 prophetarum
1235 2752 1448 2808 Domini
1469 2772 1623 2821 unus,
1655 2766 1703 2809 et
1734 2758 1960 2827 prophe-

351 2854 419 2899 ta:
448 2846 606 2917 hujus
652 2843 785 2900 Baal
813 2848 1179 2917 quadringenti
1209 2849 1580 2919 quinquaginta
1604 2850 1699 2903 viri
1725 2890 1738 2914 ,
1768 2860 1815 2903 et
1842 2866 1964 2921 pro-

349 2938 521 3009 pheta:
568 2939 804 2992 lucorum
857 2939 1258 3011 quadringenti;
1304 2940 1491 2995 dentur
1517 2957 1637 3013 ergo
1681 2942 1827 2996 nobis
1856 2941 1961 2996 duo

349 3030 521 3095 boves,
547 3038 595 3083 et
620 3030 815 3100 eligant
842 3031 939 3085 sibi
968 3031 1051 3085 illi
1081 3048 1241 3086 unum
1261 3074 1276 3099 ,
1303 3043 1353 3087 et
1378 3033 1723 3087 dentembrent
1742 3076 1757 3101 ,
1788 3044 1834 3089 et
1862 3035 1962 3088 im-

2048 428 2465 481 consuetudinem
2488 444 2637 482 suam
2665 428 2853 498 gladiis
2883 438 2927 481 et
2952 429 3217 483 novaculis
3244 446 3404 499 usque
3429 432 3496 484 ad
3518 429 3655 497 eﬁu-

2047 520 2244 575 sionem
2284 521 2550 592 sanguinis
2580 537 2736 591 super
2765 538 2841 585 se,
2868 529 2916 575 et
2938 522 3314 593 prOphetabant
3344 540 3504 594 usque
3530 524 3656 577 dum

2048 616 2293 669 transiret
2322 615 2599 679 meridies;
2620 625 2665 669 et
2693 619 2886 686 factum
2908 626 2981 670 est
3004 618 3257 686 quomodo
3283 626 3306 653 ε’
3326 627 3522 688 tempus
3548 626 3659 670 erat

2048 714 2104 757 ut
2132 706 2428 760 accenderet
2458 702 2837 775 fsacriﬁcium,
2864 715 2909 760 et
2935 706 3139 761 locutus
3175 717 3247 761 est
3281 706 3464 761 Helius
3492 706 3661 762 Thes-

2050 796 2178 851 bites
2228 799 2297 849 ad
2338 797 2617 867 praphetas
2656 798 2832 851 dicens
2863 814 2881 851 :
2922 796 3181 853 Discedite
3227 800 3440 867 amodo,
3491 808 3536 853 et
3567 815 3661 869 ego

2050 890 2238 961 faciam
2264 890 2726 945 holocaustomata.
2763 890 2830 944 Et
2871 892 3214 946 discesserunt
3235 902 3282 947 et
3308 894 3584 956 abierunt;
3612 904 3661 946 et

2051 982 2182 1037 dixit
2209 982 2398 1038 Helias
2426 986 2493 1037 ad
2525 985 2777 1053 populant
2799 1001 2817 1037 :
2837 984 3087 1040 Accedite
3113 986 3183 1039 ad
3210 1003 3308 1040 me.
3340 986 3406 1039 Et
3437 1002 3665 1041 accesse-

2050 1086 2171 1131 runt
2193 1093 2367 1133 omnes
2391 1079 2573 1148 populi
2594 1079 2661 1131 ad
2689 1096 2823 1145 eum,
2853 1089 2898 1133 et
2926 1082 3125 1149 accepit
3168 1079 3351 1135 Helias
3391 1082 3663 1135 duodecim

2051 1169 2253 1237 lapides
2281 1170 2565 1225 secundum
2594 1187 2865 1225 numerant
2895 1170 3057 1225 tribus
3086 1170 3277 1239 Israel,
3303 1174 3431 1226 sicut
3463 1177 3667 1227 locutus

2053 1272 2127 1317 est
2157 1261 2414 1319 Dominus
2440 1264 2509 1318 ad
2544 1280 2661 1318 eum
2701 1265 2875 1319 dicens
2910 1281 2927 1319 :
2954 1264 3126 1319 Israel
3149 1266 3244 1319 erit
3282 1284 3467 1321 nomen
3494 1278 3659 1321 tuum.

2053 1355 2122 1409 Et
2146 1357 2419 1421 (ediﬁcavit
2464 1358 2694 1427 lapides,
2725 1368 2773 1413 et
2818 1360 3039 1413 restituit
3066 1359 3233 1414 altare
3282 1360 3493 1416 Domini
3527 1366 3667 1435 quod

2055 1450 2360 1518 dissipatum
2376 1455 2564 1522 fuerat,
2588 1462 2635 1505 et
2659 1452 2781 1520 fecit
2802 1458 3019 1521 foveam,
3043 1469 3157 1523 qua:
3177 1451 3381 1522 caperet
3403 1456 3535 1511 duas
3557 1474 3668 1512 me-

2057 1555 2215 1600 tretas
2246 1547 2456 1601 seminis
2480 1548 2536 1600 in
2566 1564 2694 1617 gyro
2719 1546 2905 1601 altaris
2936 1558 2982 1602 et
3006 1550 3313 1618 constipavit
3334 1552 3498 1605 scizas
3522 1561 3546 1600 8
3579 1570 3666 1606 su-

2056 1654 2146 1708 per
2170 1639 2336 1693 altare
2362 1640 2500 1709 quod
2526 1641 2683 1710 fecit,
2709 1650 2757 1693 et
2788 1640 3153 1694 demembravit
3193 1641 3583 1711 holocaustum,
3613 1654 3664 1699 et

2058 1731 2304 1797 imposuit
2328 1733 2521 1786 scisam
2539 1773 2552 1797 ,
2584 1744 2629 1784 et
2656 1733 2865 1801 stipavit
2886 1749 3041 1803 super
3068 1734 3232 1787 altare
3253 1776 3268 1799 ,
3300 1747 3344 1787 et
3367 1735 3498 1790 dixit
3526 1751 3545 1790 :
3572 1736 3675 1791 Ac-

2060 1825 2212 1895 cipite
2232 1826 2359 1879 mihi
2379 1836 2604 1896 quatuor
2628 1826 2842 1897 hydrias
2864 1841 3035 1893 aquae,
3059 1837 3107 1879 et
3130 1825 3377 1892 effundite
3400 1844 3558 1899 super
3578 1829 3678 1883 hom

2060 1917 2367 1984 locaustum,
2399 1928 2445 1972 et
2471 1935 2624 1989 super
2650 1921 2860 1972 scisam.
2894 1916 2961 1971 Et
3003 1919 3137 1972 dixit
3171 1933 3189 1971 :
3218 1917 3419 1972 Iterum
3464 1919 3667 1986 alferte.

2062 2011 2128 2065 Et
2155 2014 2341 2067 iterum
2369 2014 2674 2067 attulerunt.
2718 2011 2786 2065 Et
2817 2012 2950 2066 dixit
2980 2028 2998 2065 :
3031 2011 3264 2083 Repetite
3289 2013 3461 2066 tertio.
3490 2012 3558 2066 Et
3586 2030 3674 2067 reo

2063 2104 2317 2173 petierunt
2360 2104 2532 2172 tertio,
2561 2112 2609 2158 et
2636 2105 2877 2157 manabat
2902 2118 3034 2173 aqua
3076 2104 3129 2155 in
3166 2103 3387 2156 circuitu
3430 2104 3674 2168 sacrarii,

2061 2206 2106 2250 et
2159 2200 2359 2268 foveam
2413 2197 2754 2265 impleverunt
2801 2212 2955 2264 aqua.
3019 2192 3088 2246 Et
3136 2195 3377 2247 clantavit
3411 2192 3593 2249 Helias
3622 2196 3677 2249 in

2060 2288 2263 2352 caelum,
2317 2298 2367 2342 et
2397 2288 2570 2342 dixit:
2615 2286 2872 2342 Dominus
2899 2284 3042 2341 Deus
3071 2285 3337 2340 Abraham
3359 2328 3373 2349 ,
3408 2297 3455 2340 et
3480 2286 3667 2355 Isaac,

2062 2393 2111 2438 et
2137 2382 2534 2454 lsrael,,exaudi
2560 2398 2659 2449 me,
2678 2382 2917 2448 Domine,
2946 2383 3132 2437 exaudi
3162 2399 3242 2436 me
3270 2384 3426 2437 hodie
3453 2385 3506 2437 in
3529 2385 3673 2457 igne,

2062 2487 2118 2531 ut
2160 2478 2327 2531 sciant
2350 2475 2378 2514 ιι
2409 2478 2577 2532 omnis
2605 2478 2831 2549 populus
2854 2479 2956 2544 hic,
2984 2477 3231 2546 quoniam
3261 2486 3317 2530 tu
3338 2494 3389 2531 es
3419 2477 3677 2532 Dominus

2062 2566 2203 2624 Deus
2234 2568 2428 2635 Israel,
2468 2581 2519 2623 et
2545 2586 2638 2640 ego
2667 2586 2841 2624 servus
2869 2579 3010 2635 tuus,
3036 2579 3085 2622 et
3120 2580 3328 2639 propter
3356 2578 3406 2623 te
3435 2571 3535 2641 feci
3562 2569 3675 2625 hcec

2062 2680 2242 2734 opera,
2270 2674 2315 2718 et
2346 2675 2401 2717 tu
2424 2665 2641 2719 versasti
2667 2662 2682 2700 ί
2710 2680 2799 2718 cor
2823 2664 3003 2732 populi
3028 2663 3188 2736 hujus
3214 2674 3372 2719 retro.
3404 2663 3470 2717 Et
3489 2666 3678 2740 cecidit

2062 2757 2197 2828 ignis
2216 2774 2246 2809 a
2275 2755 2497 2810 Domino
2520 2756 2585 2809 de
2601 2756 2750 2820 caelo,
2775 2766 2821 2810 et
2840 2756 3391 2824 comedit/tolocausta,
3416 2768 3467 2813 et
3486 2760 3674 2826 scissas,

2064 2860 2111 2904 et
2136 2866 2326 2921 aquam
2354 2865 2469 2920 qua:
2498 2860 2606 2903 erat
2624 2851 2680 2903 in
2706 2850 2890 2915 altare,
2923 2862 2971 2905 et
3001 2850 3203 2920 lapides
3228 2862 3274 2904 et
3306 2864 3496 2906 terram
3526 2852 3680 2907 tinxit

2063 2942 2197 3015 ignis
2224 2958 2242 2995 .'
2282 2952 2329 2996 et
2369 2942 2552 2995 cecidit
2582 2951 2715 2997 totus
2742 2944 2968 3013 populus
3008 2960 3165 3013 super
3195 2946 3382 3016 faciem
3416 2963 3595 3013 suam,
3626 2956 3679 3002 et

2065 3037 2198 3090 dixit
2226 3052 2239 3089 :
2279 3034 2405 3090 Vere
2426 3033 2688 3090 Dominus
2717 3036 2858 3090 Deus
2888 3037 2999 3107 ipse
3019 3048 3096 3090 est
3127 3036 3283 3092 Deus.
3316 3038 3381 3092 Et
3405 3038 3540 3093 dixit
3570 3039 3681 3095 He-

351 3131 549 3193 ponant
573 3138 685 3177 eum
709 3139 865 3193 super
889 3124 1111 3195 lignum,
1139 3134 1188 3179 et
1214 3126 1388 3196 ignem
1416 3144 1518 3181 non
1560 3138 1890 3198 supponant;
1915 3138 1963 3183 et
1991 3112 2037 3177 C
2070 3128 2167 3182 lias
2206 3128 2276 3182 ad
2302 3130 2555 3199 papulum
2584 3145 2603 3183 :
2657 3128 2917 3199 Suscipite
2947 3131 3225 3199 prophetas
3250 3129 3405 3194 Baal,
3439 3149 3587 3187 nemo
3616 3137 3684 3189 sit

278 3209 295 3229 '
353 3234 446 3290 ego
477 3220 668 3289 faciam
694 3218 868 3273 bovem
893 3219 1204 3289 alterumhet
1225 3222 1394 3290 ignem
1423 3238 1526 3276 non
1552 3239 1865 3293 supponam.
1899 3221 1966 3277 Et

351 3313 572 3367 clamate
598 3313 652 3367 in
676 3313 882 3368 nomine
903 3313 1122 3369 deorum
1151 3326 1435 3369 vestrorum
1463 3326 1509 3369 et
1534 3332 1629 3387 ego
1655 3315 1889 3370 clamabo
1911 3316 1966 3369 in

352 3407 561 3461 nomine
589 3405 688 3460 Dei
720 3407 837 3475 mei,
870 3417 917 3461 et
942 3408 1037 3462 erit
1064 3408 1147 3461 hic
1175 3407 1315 3464 Deus
1339 3410 1647 3480 quicumque
1674 3409 1967 3465 exaudierit

353 3514 449 3553 nos
476 3499 532 3552 in
553 3499 706 3570 igne,
742 3499 827 3552 hic
852 3501 947 3554 erit
986 3498 1146 3554 Deus.
1180 3498 1250 3555 Et
1288 3503 1556 3568 respondit
1595 3504 1762 3556 omnis
1795 3519 1965 3573 popu-

352 3593 473 3657 lus,
538 3600 587 3647 et
636 3592 923 3647 dixerunt:
966 3593 1169 3648 Bonum
1216 3594 1424 3650 verbum
1466 3596 1605 3666 quod
1648 3596 1851 3650 locutus
1890 3605 1965 3651 est

357 3686 559 3742 Helias.
590 3685 655 3740 Et
686 3687 816 3741 dixit
842 3685 1029 3742 Helias
1052 3688 1121 3741 ad
1152 3688 1429 3759 praphetas
1454 3689 1817 3758 confusionis:
1851 3687 1967 3743 Eli-

355 3778 461 3851 gite
487 3777 625 3832 vobis
652 3778 866 3833 vitulum
899 3794 1057 3833 unum
1083 3788 1128 3834 et
1173 3781 1328 3849 facite
1356 3781 1574 3853 priores,
1605 3782 1849 3851 quoniam
1877 3798 1964 3837 vos

357 3871 507 3926 multi
537 3872 687 3935 estis,
714 3881 760 3926 et
787 3873 1006 3926 clamate
1027 3873 1082 3926 in
1107 3874 1310 3927 nomine
1338 3873 1553 3928 deorum
1574 3885 1857 3930 vestrorum
1879 3916 1894 3941 ,
1916 3887 1963 3931 et

298 3970 319 3983 “
355 3963 529 4034 ignem
556 3963 716 4019 nolite
737 3980 1047 4034 supponere.
1076 3963 1144 4019 Et
1173 3978 1479 4033 acceperunt
1501 3968 1740 4034 vitulum,
1760 3982 1809 4023 et
1831 3972 1963 4041 fece-

355 4069 510 4123 runt;
538 4066 586 4112 et
628 4057 933 4113 invocabant
967 4059 1024 4112 in
1050 4061 1254 4115 nomine
1282 4059 1415 4116 Baal
1451 4079 1484 4116 a
1523 4079 1671 4117 mane
1708 4079 1868 4127 usque
1892 4064 1962 4117 ad

355 4165 639 4219 vesperam,
668 4160 715 4204 et
743 4149 980 4205 dicebant
1003 4166 1022 4204 .'
1048 4149 1257 4205 Exaudi
1281 4168 1396 4218 nos,
1428 4150 1592 4220 Baal,
1622 4152 1813 4207 exaudi
1844 4170 1956 4209 nos.

358 4241 428 4297 Et
459 4260 560 4297 non
584 4244 684 4313 fuit
705 4243 817 4298 istis
842 4258 941 4298 vox
961 4260 1122 4315 neque
1141 4245 1340 4301 auditio
1372 4262 1390 4299 :
1417 4244 1481 4300 Et
1506 4246 1747 4317 apposuit
1780 4245 1962 4302 Helias

355 4334 622 4391 Thesbites
649 4336 822 4391 dicens
854 4353 872 4390 :
914 4335 1158 4391 Iuvocate
1184 4338 1238 4391 in
1266 4353 1387 4392 voce
1413 4354 1599 4409 magna
1641 4339 1857 4407 pariter,
1897 4355 1961 4393 ne

359 4432 493 4500 forte
522 4439 803 4500 occupatus
823 4431 909 4495 sit,
938 4431 1017 4485 vel
1046 4430 1411 4501 dormiatipse,
1430 4444 1477 4486 et
1506 4430 1857 4485 suscitabitur.
1889 4428 1958 4485 Et

2065 3224 2238 3277 salvus
2274 3239 2340 3278 ex
2368 3222 2497 3277 illis.
2529 3222 2594 3277 Et
2640 3235 2980 3292 susceperunt
3018 3224 3158 3288 illos,
3181 3234 3230 3277 et
3259 3224 3473 3278 deduxit
3506 3228 3520 3275 i
3558 3226 3681 3284 illos

2068 3315 2253 3370 Helias
2279 3315 2348 3369 ad
2374 3325 2653 3370 torrentem
2682 3312 2862 3379 Cison,
2896 3325 2943 3368 et
2965 3314 3155 3367 occidit
3176 3314 3299 3369 illos
3328 3315 3431 3382 ibi;
3458 3326 3507 3371 et
3547 3318 3682 3373 dixit

2064 3410 2132 3463 ad
2157 3408 2333 3463 Achab
2364 3426 2382 3462 :
2424 3409 2691 3462 Manduca
2735 3417 2779 3461 et
2820 3408 2951 3474 bibe,
2975 3410 3218 3476 quoniam
3260 3426 3360 3464 vox
3383 3420 3457 3464 est
3489 3415 3677 3479 pedunt

2066 3503 2273 3571 pluvice.
2318 3500 2388 3556 Et
2414 3502 2644 3555 ascendit
2670 3499 2845 3554 Achab
2866 3543 2882 3567 ,
2914 3510 2969 3555 ut
2996 3502 3334 3557 manducaret
3363 3514 3410 3558 et
3434 3503 3625 3561 biberet
3657 3523 3677 3561 :

2062 3606 2110 3650 et
2139 3595 2320 3652 llclias
2348 3596 2578 3650 ascendit
2603 3597 2657 3649 in
2693 3594 3017 3662 Carmelum,
3054 3606 3101 3650 et
3124 3597 3389 3651 inclinavit
3416 3616 3471 3653 se
3496 3602 3549 3653 in
3576 3611 3653 3655 ter

2062 3706 2202 3757 rant,
2232 3699 2279 3744 et
2304 3688 2475 3761 posuit
2501 3688 2687 3759 facient
2721 3704 2866 3741 suam
2903 3688 3034 3741 inter
3064 3705 3253 3758 genua,
3281 3699 3329 3743 et
3355 3692 3485 3744 dixit
3514 3708 3677 3760 puero

2062 3798 2155 3836 suo
2186 3799 2204 3835 :
2227 3781 2458 3835 Ascende
2480 3791 2527 3833 et
2555 3779 2791 3849 prospice
2817 3780 2953 3832 viam
2978 3781 3159 3835 maris.
3184 3780 3253 3833 Et
3273 3783 3497 3849 respexit
3525 3800 3675 3852 puer,

2063 3883 2107 3929 et
2153 3873 2284 3928 dixit
2327 3890 2458 3945 puer
2486 3888 2504 3927 :
2538 3871 2660 3926 Non
2690 3869 2716 3907 ¹ί
2748 3880 2822 3925 est
2863 3870 3013 3925 nihil.
3049 3871 3355 3943 Circumage
3386 3884 3434 3928 te
3461 3876 3671 3945 septies.

2062 3966 2131 4020 Et
2160 3966 2358 4036 factum
2389 3974 2464 4018 est
2495 3965 2547 4019 in
2592 3964 2807 4036 septimo
2832 4004 2848 4029 ,
2879 3974 2927 4017 et
2957 3980 3076 4018 ecce
3102 3964 3251 4020 nubis
3281 3968 3496 4036 pusilla,
3528 3970 3677 4038 quasi

2062 4048 2330 4133 vestigium
2352 4057 2575 4113 hominis
2595 4055 2857 4111 adducens
2874 4072 3062 4125 aquam
3084 4058 3147 4110 de
3165 4058 3318 4113 mari.
3351 4058 3421 4112 Et
3446 4059 3577 4114 dixit
3595 4062 3677 4116 illi

2066 4150 2246 4206 Helias
2271 4151 2635 4216 :Ascende,-et
2662 4151 2744 4204 dic
2767 4149 2836 4204 ad
2857 4148 3030 4203 Achab
3057 4166 3075 4204 :
3102 4149 3277 4222 Iunge
3297 4168 3507 4207 currum
3527 4164 3671 4209 tuum

2062 4254 2107 4299 et
2138 4244 2378 4311 ascende,
2411 4262 2473 4299 ne
2519 4245 2922 4317 comprehendat
2963 4256 3011 4299 te
3056 4247 3254 4313 pluvia.
3284 4244 3353 4299 Et
3377 4252 3572 4316 factum
3603 4262 3677 4303 est

2060 4337 2181 4391 hinc
2209 4346 2254 4391 et
2275 4338 2412 4401 inde,
2430 4346 2477 4389 et
2496 4338 2678 4389 coelum
2707 4335 3137 4390 contenebricavit
3167 4333 3184 4371 1
3216 4338 3455 4403 nubibus,
3481 4347 3529 4391 et
3546 4354 3672 4393 ven-

2061 4429 2149 4497 tis,
2176 4438 2224 4482 et
2251 4430 2388 4499 facta
2401 4436 2474 4481 est
2503 4426 2679 4496 pluvia
2700 4443 2888 4496 magna
2911 4442 2929 4480 :
2950 4436 2999 4480 et
3024 4426 3260 4497 plorabat
3287 4436 3332 4480 et
3358 4428 3475 4495 ibat
3496 4430 3672 4484 Achab

434 4557 459 4584 ⁸
490 4546 538 4602 Α
584 4546 771 4602 Sabat.
824 4547 1062 4602 omissus
1101 4545 1437 4612 versiculus,
1477 4545 1572 4617 qui
1602 4560 1726 4602 cum
1771 4543 1965 4601 Graeco
1988 4545 2044 4606 D
2083 4613 2109 4617 _
2139 4539 2167 4579 ἀ
2198 4540 2555 4617 Solusdemit
2579 4538 2757 4617 Latin.
2792 4539 2901 4594 Sed
2929 4532 3214 4617 retinenda
3240 4556 3380 4617 vox,
3415 4558 3537 4613 quae
3561 4546 3671 4601 vim

360 4621 565 4688 optimc
588 4619 847 4673 colurret.
1192 4687 1221 4688 η
1962 4676 1967 4679 .

360 4703 381 4711 ”
404 4687 409 4688 “
434 4690 460 4729 ι)
493 4688 625 4757 ,Νοη
665 4704 840 4743 sumus
881 4696 1129 4744 vertentes
1173 4687 1306 4744 dicit
1336 4703 1489 4743 more
1516 4688 1830 4744 Grmcorum
1862 4703 1961 4758 pro

362 4779 465 4817 non
505 4761 770 4822 vertimus,
814 4768 874 4829 et
918 4762 1159 4813 vertimus
1200 4774 1298 4829 pro
1337 4760 1643 4829 evertimus;
1689 4759 1827 4813 sicut
1882 4760 1957 4815 ait

361 4833 529 4916 paulo
578 4832 717 4885 infra
748 4848 761 4884 ε
800 4828 912 4916 Nos
935 4848 1035 4885 non
1075 4828 1345 4916 evertimus
1369 4828 1465 4883 Dei
1489 4832 1719 4916 domum,
1749 4831 1841 4916 sed
1863 4840 1957 4895 tu;

362 4901 419 4961 id
453 4913 535 4957 est
565 4920 663 4955 non
688 4903 1041 4973 perturbamus
1067 4901 1163 4955 Dei
1183 4903 1411 4963 domum,
1434 4919 1536 4955 non
1566 4902 1954 4973 confundimus,

364 4984 526 5045 neque
567 4972 859 5042 delinquere
910 4973 1128 5042 facimus
1161 4973 1257 5027 Dei
1282 4973 1560 5045 papulum,
1625 4972 1957 5043 quemadmo-

367 5044 493 5100 dum
518 5061 605 5100 vos
634 5045 837 5098 Ariani.
866 5045 1074 5099 Deinde
1118 5046 1282 5112 paulo
1316 5044 1539 5099 inferius
1567 5055 1760 5098 vertere
1804 5058 1961 5097 usur-

368 5125 462 5189 pat
484 5131 581 5186 pro
610 5115 1012 5189 convertere,si_c
1037 5116 1323 5189 inquiens:
1351 5114 1460 5169 Nec
1481 5124 1591 5182 post
1623 5124 1764 5189 tanta
1783 5115 1962 5189 digna-

370 5184 457 5244 iur
481 5184 635 5245 semet
660 5198 852 5241 vertere
873 5186 942 5240 ad
962 5185 1147 5243 Deum.
1169 5188 1219 5240 id
1244 5196 1345 5249 est,
1369 5196 1659 5239 convertere
1673 5186 1741 5238 ad
1770 5184 1962 5251 Deum,
2006 5216 2013 5227 ι

368 5271 416 5316 et
443 5277 556 5315 eum
578 5258 855 5324 obsecrari,
888 5267 943 5312 ut
964 5257 1061 5325 ipsi
1080 5258 1145 5310 sit
1167 5258 1471 5311 misericors.
1498 5256 1540 5311 Τ
1544 5257 1600 5311 il.
1620 5268 1674 5313 et
1693 5257 1739 5310 la
1762 5257 1961 5311 Cerda.

366 5332 609 5388 Αόιθτιθ
640 5341 819 5384 tamen
845 5333 896 5384 in
920 5329 1037 5398 ipso
1067 5338 1217 5383 textu
1234 5328 1434 5382 editum
1464 5328 1629 5381 fuisse
1651 5345 1741 5381 nos
1767 5345 1965 5395 sumus,

368 5415 501 5465 etc.,
534 5416 695 5472 quam
726 5402 1053 5459 locutiOuem
1084 5400 1550 5472 retgiuettius,cum
1580 5407 1635 5452 et
1660 5400 1969 5472 interpttnef

367 5469 619 5529 tionis—et
645 5474 931 5527 sententiae
978 5478 1120 5525 ratio
1162 5470 1210 5524 id
1247 5470 1487 5539 postulet
1519 5485 1532 5520 :
1568 5484 1729 5522 error
1762 5469 1967 5523 librarii

367 5544 510 5600 forte
534 5544 757 5613 irrepsit
790 5545 841 5597 in
874 5551 1058 5598 notaui
1086 5541 1227 5613 Titii.
1254 5540 1343 5595 ubi
1369 5553 1602 5613 nonApro
1625 5555 1715 5592 nos
1746 5540 1969 5613 editum.

447 5627 468 5654 ο
504 5616 607 5671 Pro
628 5608 922 5682 supersum,
956 5614 1008 5666 id
1039 5624 1123 5667 est
1143 5612 1283 5666 solus
1304 5612 1436 5664 inter
1459 5608 1554 5664 Dei
1584 5626 1726 5663 veros
1746 5612 1971 5681 prophe-

369 5697 448 5773 t'as
490 5688 714 5773 remansi
744 5696 794 5740 et
820 5684 1232 5773 supersumnzqui
1260 5699 1348 5773 vos
1383 5682 1779 5773 quadringentos
1817 5684 1975 5755 falsos

370 5757 504 5815 Baal
532 5758 809 5830 prophetas
834 5757 1052 5811 vincam.
1085 5754 1190 5811 'l‘il.
1222 5764 1277 5811 et
1307 5755 1357 5811 la
1384 5754 1581 5812 Cerda.

662 5850 941 5913 PATROL-
980 5847 1157 5911 XIII.

2069 4613 2272 4670 (ἕτεραέτι
2316 4611 2576 4685 dictionis
2606 4615 2901 4685 μονώτατος
2949 4614 3171 4685 egregie
3217 4611 3476 4685 extiriuiit
3515 4618 3677 4676 alteri

2066 4685 2189 4740 voci
2220 4700 2351 4737 unus
2382 4683 2670 4751 conjuncta
2689 4725 2703 4745 ,
2732 4685 2882 4752 quasi
2912 4684 3187 4737 artissimas
3216 4684 3450 4742 diceres.

2142 4766 2166 4793 θ
2204 4757 2305 4809 l’t‘n
2336 4755 2562 4822 quando.
2597 4753 2702 4808 Til.
2734 4763 2787 4807 et
2810 4755 2859 4807 la
2886 4754 3081 4809 Cerda.

2142 4825 2161 4865 τ
2194 4825 2383 4881 Sabat.
2414 4826 2713 4880 ascenderet
2739 4826 2891 4892 juxta
2921 4825 3099 4881 Grtec.
3125 4830 3397 4890 ἀναϐῆναι.

2140 4908 2163 4945 κ
2193 4898 2260 4972 1d
2283 4907 2384 4961 est,
2411 4896 2616 4964 collegit
2635 4897 2865 4972 schizas,
2892 4898 2941 4950 id
2969 4908 3052 4952 est
3085 4900 3224 4960 liuna
3248 4918 3370 4972 qua:
3396 4913 3669 4969 secuerat,

2064 4979 2120 5027 et
2148 4969 2386 5023 sciderat
2410 4982 2577 5035 super
2596 4968 2791 5043 altare.
2826 4967 2958 5023 Nam
2988 4974 3194 5043 σχίζειν
3210 4967 3441 5027 scindere
3470 4988 3553 5027 est
3583 4967 3671 5030 vel

2061 5056 2272 5123 secare,
2312 5048 2367 5093 et
2410 5042 2581 5123 εχιίζα
2622 5039 2842 5123 dignum
2891 5039 3099 5096 sectuin
3127 5082 3142 5109 ,
3185 5054 3241 5098 et
3284 5044 3337 5099 in
3372 5045 3671 5114 particulas

2061 5113 2378 5169 discissum.
2411 5108 2517 5163 Ttl.
2546 5122 2593 5163 et
2616 5110 2667 5163 la
2694 5110 2877 5164 Cerda.

2138 5181 2163 5255 ιξ
2192 5184 2326 5255 llum
2350 5180 2876 5255 Gnaeo-priimam;
2909 5184 3266 5255 sciatlegilur
3287 5201 3317 5240 a
3350 5183 3539 5242 Sabat.

2147 5253 2297 5329 {Pro
2324 5252 2583 5317 avertisti,
2613 5267 2675 5307 ac
2702 5258 2746 5307 si
2780 5256 3007 5329 diceret,
3038 5252 3260 5329 Propter
3294 5258 3550 5329 malitiam
3578 5276 3675 5329 p0.

2068 5325 2177 5399 puli
2206 5327 2318 5395 ejus
2340 5342 2453 5399 eum
2476 5333 2610 5399 retro
2632 5342 2664 5377 a
2685 5336 2733 5378 te
2760 5326 2986 5378 avertisti
3002 5341 3023 5389 ;
3049 5325 3179 5399 quas
3199 5325 3589 5399 interpretatio
3609 5330 3676 5386 ad

2068 5394 2375 5452 versumem
2410 5394 2732 5466 Hebraicam
2762 5399 2988 5466 propius
3015 5397 3248 5452 accedit.
3282 5394 3389 5452 ΤΗ.

2150 5468 2162 5516 i
2206 5466 2564 5521 Deduxerunt.
2604 5465 2775 5519 Vatic.

2145 5536 2352 5609 iMnre
2396 5538 2629 5609 Graeci»,
2655 5551 2756 5609 prp
2806 5551 2910 5609 non
2950 5544 3024 5591 est
3071 5537 3299 5609 aliquid,
3333 5540 3421 5597 vel
3462 5557 3564 5597 non
3606 5554 3682 5600 est

2076 5608 2375 5681 quidquam.
2411 5609 2516 5681 'lil.
2537 5618 2590 5662 et
2620 5607 2668 5659 la
2701 5604 2900 5681 cerdo.

2156 5680 2174 5719 ι
2206 5677 2258 5758 l_d
2274 5694 2361 5758 ρει
2383 5678 2604 5758 ,_ca:lt_tm
2633 5677 2958 5758 tenebrosum
2971 5682 3328 5758 _e_t_obscurum
3349 5686 3541 5758 factum
3569 5698 3644 5743 est
3668 5730 3683 5755 ,

2080 5753 2239 5811 sicuti
2268 5754 2324 5808 lit
2353 5752 2679 5809 adveniente
2698 5751 2899 5821 pluvia.
2929 5750 3071 5810 Ibid.

3123 5848 3203 5909 27
