4148 6186
501 286 505 288 ‘
559 264 664 324 8i?

1653 244 1976 311 LUCIFERI
2015 243 2321 307 EPISCOPI
2360 242 2785 303 CALARITANI

3752 233 3861 293 848

559 399 655 452 per
678 396 761 436 eos
783 379 955 432 dicens
984 392 1001 430 :
1025 372 1112 428 lla
1141 371 1342 442 facietis
1372 373 1425 424 in
1454 369 1636 424 timore
1665 368 1896 432 Domini,
1922 369 1978 423 in
1999 366 2153 422 corde
2180 369 2226 427 A
2254 380 2369 419 cum
2393 363 2500 417 illis
2526 358 2759 427 librumf
2791 358 2918 432 legis
2946 356 3178 424 Domini,
3204 366 3251 411 et
3274 355 3681 429 pertransierunt
3704 355 3760 409 in
3786 356 3866 409 ci-

560 475 811 546 perfecto;
832 481 877 522 et
910 483 1059 522 omne
1072 466 1339 539 judicium
1360 464 1498 530 quod
1522 472 1789 534 acceptum
1817 462 1971 533 fuerit
2000 476 2152 531 super

556 583 643 622 vos
672 584 702 619 a
732 562 981 635 fratribus
1013 561 1211 623 vestris,
1242 560 1331 628 qui
1358 558 1591 612 habitant
1612 558 1666 611 in
1697 558 1983 611 civitatibus
2020 556 2149 622 suis,

556 662 690 715 inter
736 658 962 712 medium
1011 655 1282 726 sanguinis
1331 664 1378 708 et
1424 654 1709 725 sanguinis,
1760 654 1891 707 inter
1928 651 2152 705 medium

557 755 706 825 legis,
730 754 783 806 in
812 750 1071 805 mandatis
1108 767 1168 803 ac
1204 747 1688 818 justiﬁeationibus,
1727 756 1773 801 et
1811 747 1880 800 ad
1898 746 2103 820 judicia
2133 761 2153 799 :

557 857 604 901 et
626 844 953 915 distinguetis
977 844 1052 898 eis
1080 851 1128 907 α,
1160 851 1208 895 et
1242 857 1345 896 non
1388 843 1676 911 peccabunt
1709 840 1951 906 Domino,
1978 849 2023 894 et
2051 855 2154 893 non

556 943 652 996 erit
678 941 758 994 ira
783 954 940 1007 super
970 952 1058 989 vos
1084 944 1132 989 et
1170 938 1359 1005 fratres
1393 944 1585 988 restros
1607 949 1625 987 :
1650 934 1724 988 sic
1752 934 1928 1001 facite,
1975 940 2023 985 et
2051 947 2156 984 non

560 1034 867 1107 peccabitis.
894 1031 1033 1085 Ecce
1054 1028 1297 1083 Amarias
1320 1028 1560 1082 sacerdos
1593 1029 1836 1096 princeps
1864 1041 2021 1096 super
2062 1040 2151 1079 vos

557 1131 614 1184 in
631 1144 781 1183 omne
797 1125 1006 1180 verbum
1024 1122 1263 1187 Domini,
1281 1132 1325 1176 et
1345 1120 1597 1175 Jabadias
1614 1119 1641 1159 ι)
1659 1121 1798 1188 [ilius
1815 1118 2047 1178 Zmabel.
2066 1116 2155 1187 qui

557 1223 797 1294 princeps
810 1228 885 1273 est
901 1218 1077 1271 domui
1093 1214 1303 1269 Judain
1316 1229 1466 1268 omne
1478 1206 1686 1267 verbuin
1705 1212 1839 1282 regis
1855 1228 1872 1264 :
1890 1221 1936 1265 et
1951 1209 2152 1275 scribw,

557 1325 603 1369 et
627 1314 795 1369 levita:
822 1313 881 1365 in
902 1318 1183 1378 conspectu
1212 1317 1402 1361 vestro.
1430 1304 1808 1376 Confortamini
1834 1312 1883 1358 et
1906 1304 2083 1375 facite,
2108 1311 2157 1355 et

557 1409 654 1462 erit
678 1405 937 1460 Dominus
970 1402 1232 1457 uobiscum
1252 1415 1369 1454 cum
1392 1398 1524 1452 bono
1552 1398 1620 1471 (ll
1654 1396 1893 1465 Paralip.
1927 1410 2045 1461 XIX,
2074 1391 2154 1462 4).

555 1497 828 1569 Numquid
854 1496 993 1552 dixit
1012 1494 1078 1548 ad
1100 1490 1672 1556 Dominisacerdotes,
1694 1488 1781 1544 vel
1799 1487 1864 1542 ad
1893 1487 2044 1556 regni
2074 1485 2157 1541 sui

555 1594 857 1665 principes,
878 1591 965 1644 vel
980 1588 1048 1643 ad
1062 1596 1295 1643 caeteros
1308 1584 1524 1656 judices
1542 1601 1556 1637 :
1572 1581 1924 1636 Condtmnate
1929 1580 2153 1650 justum,

555 1688 925 1765 persequimini
973 1687 1326 1749 innocentem,
1363 1682 1639 1744 damnate;
1674 1676 1945 1746 interﬁcite
1984 1689 2158 1729 omnes

2252 451 2433 511 vitales
2457 454 2621 521 Iuda,
2647 463 2698 509 et
2720 451 2970 507 docebant
3001 452 3273 523 populum.
3309 450 3377 528 Et
3402 455 3571 523 factus
3599 459 3670 504 est
3695 463 3863 516 pavor

2255 550 2464 605 Domini
2508 550 2562 603 in
2604 542 2785 619 regnis
2820 555 2993 613 terrm,
3039 554 3085 599 et
3125 546 3179 598 in
3216 546 3441 599 circuitu
3474 542 3639 608 Iuda,
3676 551 3722 595 et
3752 558 3863 595 nou

2254 643 2570 698 bellaverunt
2613 628 2915 709 Josaphat.‘
2964 646 3010 691 et
3057 638 3119 692 ab
3171 637 3479 709 alienigenis
3520 635 3807 702 offerebant
3833 643 3859 681 ε

2248 735 2504 809 Jasaphat
2548 752 2786 798 munera,
2840 744 2891 788 et
2931 740 3243 803 argentum,
3272 740 3318 786 et
3369 730 3531 795 dona,
3572 740 3621 784 et
3665 728 3863 784 Arabes

2253 830 2537 898 a/ferebant
2558 830 2639 884 illi
2673 830 2858 883 arietes
2881 828 3054 882 ouium
3076 838 3272 897 septem
3293 826 3459 880 millia
3480 824 3864 895 septingentos;

2253 933 2301 977 et
2340 932 2449 978 erat
2492 922 2749 993 Josaphat
2794 920 3070 976 ambulans
3097 918 3464 992 magniﬁcatus
3494 932 3657 987 usque
3697 916 3749 969 in
3781 916 3866 969 al-

2254 1025 2363 1069 tum
2392 1013 2557 1085 (Ibid.
2588 1015 2666 1085 8).
2702 1012 2845 1081 Quid
2877 1021 2935 1067 tu
2966 1011 3077 1066 tale
3107 1010 3281 1065 iacis?
3313 996 3509 1075 nempe
3536 1007 3735 1062 misisti
3764 1021 3867 1077 per

2256 1123 2419 1164 omne
2450 1122 2682 1178 regnum
2705 1116 2881 1171 tuum,
2913 1113 2972 1159 ut
2997 1103 3183 1160 cuncti
3214 1101 3472 1157 mandata
3497 1100 3594 1156 Dei
3618 1101 3865 1171 despue-

2256 1216 2464 1269 remus,
2513 1200 3030 1268 susciperemusque
3080 1204 3419 1266 prmeeptum
3470 1204 3659 1257 tuum,
3712 1190 3865 1264 quod

2257 1301 2497 1349 tentaret
2542 1293 2863 1362 impugnare
2910 1288 3131 1344 Domini
3187 1295 3548 1359 praeceptum.
3598 1285 3867 1357 Josaphat

2260 1386 2414 1442 misit
2445 1386 2724 1457 principes
2754 1383 2971 1439 virtutis
2997 1383 3151 1454 regni
3185 1382 3292 1449 sui,
3328 1382 3481 1437 misit
3510 1378 3865 1436 consiliarios

2260 1498 2412 1549 suos,
2449 1483 2595 1537 misit
2626 1482 2828 1538 levitas
2856 1495 2920 1536 ac
2954 1478 3166 1534 Domini
3193 1476 3531 1543 sacerdotes,
3560 1476 3864 1531 obsecrans

2259 1584 2322 1632 ut
2350 1574 2535 1631 cuncti
2561 1574 2806 1629 cultores
2839 1571 3052 1627 Domini
3085 1568 3322 1625 fuissent
3355 1570 3408 1625 in
3442 1582 3615 1640 regno
3642 1581 3762 1631 suo,
3803 1574 3862 1621 ut

2261 1682 2457 1723 omnes
2491 1666 2778 1721 unanimes
2822 1665 2938 1719 Deo
2980 1670 3189 1718 tantum
3220 1669 3398 1717 semet
3430 1662 3740 1731 praberent
3782 1659 3865 1712 ia-

555 1752 817 1840 credentes
844 1782 898 1835 in
934 1779 1139 1835 Deum?
1164 1774 1432 1846 Numquid
1458 1773 1596 1827 dixit
1622 1788 1637 1824 :
1660 1772 1862 1832 Amate,
1890 1768 2029 1838 quod
2056 1783 2157 1821 non
2187 1761 2236 1820 B
2264 1760 2438 1815 mulos
2464 1775 2477 1825 ;
2512 1758 2680 1813 mittit
2700 1758 2866 1813 etiam
2896 1756 3094 1811 librum
3132 1769 3309 1810 sacra:
3344 1753 3482 1823 legis
3519 1767 3617 1822 per
3655 1752 3864 1822 glorio-

556 1888 699 1934 amat
727 1876 892 1941 Deus;
916 1874 1054 1928 odite
1073 1872 1359 1944 justitiam,
1395 1868 1597 1940 diligite
1624 1863 1961 1938 injustitiam,
1992 1860 2156 1915 sicuti

557 1972 701 2028 dicis
748 1968 841 2024 tu?
870 1970 980 2022 Aut
1026 1962 1292 2034 numquid
1324 1974 1527 2031 negare
1576 1956 1785 2028 poteris
1830 1965 1883 2010 te
1924 1952 2153 2020 dixisse,

558 2063 819 2119 Damnate
849 2057 1196 2113 Athanasium
1227 2054 1514 2116 absentem,
1538 2047 1866 2104 inauditum?
1892 2044 2158 2114 Josaphat

555 2156 670 2211 Deo
699 2146 910 2208 dicatus
946 2164 1041 2205 rex
1082 2146 1241 2201 ludas
1275 2144 1411 2199 dicit
1437 2139 1733 2198 secundum
1767 2136 1984 2191 Domini
2011 2132 2157 2205 judi-

552 2247 789 2305 candum
822 2244 999 2314 legem
1024 2257 1039 2307 ;
1070 2249 1126 2294 et
1154 2247 1209 2293 tu
1237 2237 1379 2292 dicis
1400 2232 1464 2288 in
1488 2232 1824 2303 apostasiam
1851 2240 2160 2286 conversus

559 2354 680 2400 rex,
710 2332 969 2389 Damnate
1010 2330 1324 2385 inauditum.
1375 2327 1526 2381 Pone
1570 2325 1805 2389 interea,
1846 2320 2155 2388 Constanti,

562 2431 727 2488 hodie
761 2431 814 2484 in
846 2440 1083 2497 corpore
1113 2438 1241 2478 esse
1278 2420 1546 2489 Josaphat
1575 2432 1787 2487 regem,
1818 2424 1873 2470 et
1899 2426 2158 2483 utrosque

559 2540 660 2582 vos
689 2525 875 2579 dicere
902 2520 970 2576 ad
999 2534 1121 2583 nos,
1147 2517 1242 2571 ille
1268 2513 1487 2586 quidem
1516 2512 1633 2567 hrec
1665 2527 1678 2563 :
1714 2507 1892 2584 Videte
1920 2505 2043 2575 quid
2070 2520 2158 2559 vos

559 2617 763 2689 facietis
796 2632 814 2669 :
845 2630 948 2668 non
978 2611 1114 2666 enim
1135 2608 1334 2664 homini
1352 2603 1680 2680 judicabitis,
1709 2600 1799 2656 sed
1824 2599 2077 2661 Domino,
2111 2606 2160 2651 et

558 2709 820 2765 vobiscum
848 2713 920 2760 est
941 2706 998 2758 in
1026 2703 1204 2767 verbo,
1229 2709 1276 2754 et
1309 2714 1447 2752 nunc
1482 2697 1547 2751 sit
1583 2696 1735 2749 timor
1769 2690 1979 2746 Domini
2005 2705 2161 2760 super

559 2820 669 2869 vos,
698 2812 752 2856 ut
775 2798 981 2854 servetis
1007 2805 1055 2849 et
1077 2794 1305 2866 faciatis.
1336 2789 1521 2860 Neque
1545 2788 1681 2842 enim
1702 2795 1775 2840 est
1793 2800 1912 2839 cum
1935 2782 2158 2837 Domino

565 2896 669 2951 Deo
702 2902 877 2949 nostro
904 2890 1171 2960 iniquitas,
1198 2901 1358 2954 neque
1378 2896 1612 2954 personce
1633 2879 1865 2945 acceptio
1890 2874 2055 2948 (Ibid.
2076 2872 2157 2945 6);

564 2998 624 3043 tu
649 2996 842 3044 contra
864 2998 988 3040 esse
1014 2978 1383 3037 damnandum
1418 2976 1571 3031 dicas
1601 2972 1926 3035 inauditum,
1952 2977 2008 3023 et
2035 2980 2159 3023 eum

561 3085 781 3158 quidem
815 3094 977 3151 quem
1007 3078 1171 3134 etiam
1195 3075 1312 3144 ipse
1339 3071 1481 3127 scias
1508 3071 1858 3124 innocentem
1880 3080 1895 3130 ;
1916 3065 2003 3119 cui
2030 3063 2159 3119 obe-

2258 1867 2377 1908 sum
2407 1853 2645 1925 llloysem
2670 1851 2979 1914 ’traditum,
3017 1856 3075 1904 ut
3120 1848 3255 1904 nihil
3311 1858 3471 1904 extra
3519 1845 3782 1902 fecissent
3810 1842 3860 1913 ιι,

2254 1962 2416 2019 quam
2441 1962 2565 2016 qua:
2590 1945 2711 2001 ﬁeri
2738 1946 3057 2000 mandasset
3080 1943 3249 2000 Deus.
3274 1942 3357 1997 Tu
3398 1956 3511 1997 non
3556 1941 3736 1995 solum
3785 1940 3864 1995 le-

2257 2056 2379 2111 gem
2398 2041 2621 2096 Domini
2646 2040 2911 2095 inveniris
2936 2040 3311 2110 impugnasse,
3340 2053 3463 2108 quae
3493 2036 3756 2108 praecepit
3780 2036 3865 2091 in-

2259 2146 2549 2191 nocentem
2591 2144 2647 2190 et
2682 2134 2888 2205 justum
2923 2150 3029 2188 non
3064 2130 3406 2195 necandum,
3442 2129 3539 2185 sed
3584 2139 3641 2186 et
3683 2130 3863 2200 ipsum

2258 2230 2617 2301 dereliquisse
2650 2230 2815 2284 Deum
2839 2244 2853 2293 ;
2880 2226 3147 2296 siquidem
3170 2241 3278 2281 non
3304 2225 3382 2279 sis
3403 2223 3756 2294 apostolicam
3782 2234 3867 2279 te-

2260 2337 2397 2378 nens
2428 2322 2613 2387 (idem,
2643 2320 2741 2377 sed
2772 2320 2889 2376 Arii
2918 2319 3224 2389 perfidiam.
3256 2317 3355 2373 Ille
3383 2317 3646 2387 populum
3672 2332 3865 2373 erran-

2263 2423 2373 2469 tem
2406 2414 2476 2467 ab
2507 2412 2670 2467 idolis
2706 2414 2980 2467 convertit
3024 2410 3089 2464 ad
3126 2408 3319 2477 Deum,
3354 2417 3410 2464 tu
3456 2408 3716 2480 pupulum
3751 2409 3866 2465 Deo

2261 2505 2501 2561 dicatum
2542 2513 2773 2559 conatus
2814 2518 2874 2558 es
2918 2503 3096 2558 facere
3143 2510 3477 2573 apostatant,
3507 2501 3652 2573 quod
3690 2517 3749 2557 es
3779 2511 3863 2569 tu,

2264 2599 2369 2653 hoc
2394 2606 2497 2662 est,
2532 2597 2855 2666 sacrilegus.
2882 2595 3215 2650 Persecutus
3240 2608 3302 2649 es
3324 2601 3489 2664 atque
3516 2595 3867 2665 persequeris

2262 2690 2646 2757 Athanasium,
2680 2689 2804 2759 ejus
2850 2690 3048 2744 sitiens
3086 2703 3369 2743 cruorem.
3420 2688 3527 2744 Sed
3567 2689 3693 2744 vide
3734 2689 3865 2760 quid

2262 2784 2502 2855 Spiritus
2550 2793 2774 2839 sanctus
2813 2782 2961 2837 dicat
3003 2783 3056 2836 in
3098 2795 3248 2837 nono
3288 2780 3525 2853 psalmo,
3570 2783 3624 2837 in
3664 2798 3772 2854 quo
3806 2792 3868 2839 tu

2262 2876 2396 2932 mihi
2443 2875 2755 2944 specialiter
2796 2874 3108 2946 descriptus
3152 2889 3278 2932 esse
3320 2874 3573 2930 videris:
3616 2873 3764 2930 Dixit
3814 2874 3867 2927 in

2263 2971 2417 3025 corde
2438 2987 2529 3025 suo
2558 2985 2579 3024 :
2611 2968 2735 3024 Non
2774 2968 3013 3025 movebar
3039 2987 3069 3024 a
3107 2968 3118 3006 ί
3153 2969 3346 3025 siccqu
3379 2970 3436 3023 in
3469 2970 3720 3025 saeculum
3756 2971 3867 3026 sine

2262 3047 2423 3133 malo,
2449 3069 2601 3139 cujus
2624 3082 2682 3120 os
2702 3064 3071 3119 maledictione
3093 3065 3302 3135 plenum
3325 3072 3420 3130 est,
3448 3073 3497 3118 et
3520 3063 3869 3119 amaritudine

562 3150 683 3235 dire
705 3174 1010 3246 poterimus
1038 3183 1141 3226 nos
1161 3164 1437 3222 antistites
1458 3160 1589 3217 Dei?
1610 3174 1731 3225 nos,
1749 3173 1889 3229 quos
1907 3165 2035 3211 ante
2057 3170 2155 3225 po-

2262 3172 2311 3218 et
2340 3162 2461 3217 dolo
2491 3178 2509 3216 :
2539 3161 2633 3216 sub
2669 3162 2847 3233 lingua
2875 3162 2990 3229 eius
3020 3160 3165 3215 labor
3192 3169 3239 3215 et
3267 3160 3421 3214 dolor
3451 3176 3470 3214 :
3493 3160 3634 3214 sedet
3662 3162 3716 3214 in
3742 3161 3870 3215 insi-

562 3276 694 3346 pqu
711 3287 810 3327 suo
824 3285 922 3325 ore
935 3264 1188 3323 Jeremiae
1205 3259 1532 3332 promiserat
1549 3256 1738 3311 dicens
1756 3272 1769 3306 :
1788 3252 1854 3307 Et
1869 3251 2001 3305 dabo
2018 3250 2156 3304 uobis

562 3381 795 3441 pastores
817 3362 1101 3420 secundum
1121 3374 1210 3413 εον
1228 3370 1418 3417 meum,
1446 3362 1491 3405 et
1515 3356 1724 3417 poscent
1757 3364 1864 3414 vos,
1896 3353 2159 3441 pascentes

567 3435 686 3515 cum
727 3454 1009 3527 disciplina
1039 3449 1175 3522 (Jer.
1208 3464 1289 3511 ιιι,
1320 3444 1435 3516 i5).
1473 3442 1593 3505 Cui,
1628 3441 1874 3510 inquam,
1907 3435 2161 3491 obedire-

566 3568 713 3620 mus,
731 3550 827 3607 tibi
852 3563 923 3603 ne
954 3562 1021 3599 an
1044 3542 1306 3611 Josaphat
1336 3537 1518 3592 dicato
1551 3534 1665 3589 Deo
1692 3531 1835 3598 viro,
1858 3528 1955 3599 qui
1983 3528 2034 3582 id
2059 3540 2159 3581 nos

561 3648 742 3702 facere
768 3638 1151 3708 compelleret,
1184 3630 1328 3703 quod
1375 3626 1820 3683 meminissemus
1851 3621 1972 3677 ﬁeri
2001 3635 2159 3674 man-

567 3738 730 3794 dasse
765 3729 972 3789 Deum?
1003 3728 1061 3785 Si
1089 3726 1273 3795 itaque
1304 3721 1457 3775 illum
1485 3717 1774 3789 cognoscis
1811 3713 2024 3768 Domini
2053 3713 2160 3767 im-

470 3862 479 3871 ~
567 3831 719 3904 plere
766 3820 1100 3897 praecepisse
1142 3814 1421 3878 mandata,
1473 3821 1525 3866 te
1564 3825 1697 3865 vero
1737 3806 2013 3864 exstitisse
2050 3820 2161 3860 non

394 5852 497 5919 Ἦ

567 3896 744 3979 solum
770 3896 868 3973 Dei
898 3911 1282 3968 mandatorum
1308 3906 1734 3966 destructorem,
1766 3914 1957 3957 verum
1990 3896 2156 3952 etiam

566 4015 741 4084 ipsius
768 4010 1134 4067 desertorem,
1163 4008 1421 4069 superest
1448 4004 1510 4050 ut
1537 3993 1743 4056 videas,
1772 3991 1894 4061 quis
1921 3997 2162 4043 vestrum

571 4080 739 4161 fuerit
766 4102 931 4153 homo
966 4096 1083 4155 Dei.
1112 4092 1235 4162 quis
1264 4090 1387 4159 ejus
1417 4084 1725 4141 clementia:
1750 4082 1939 4136 fecerit
1968 4080 2162 4135 volun~

570 4204 762 4252 tatem.
799 4188 1053 4256 Legimus
1082 4182 1346 4251 scriptum
1387 4177 1470 4232 sic
1512 4175 1580 4230 de
1617 4175 1712 4229 illo
1742 4192 1754 4227 :
1789 4171 1857 4227 Et
1887 4177 2052 4244 factus
2090 4182 2164 4228 est

568 4288 819 4347 Dominus
845 4297 961 4337 cum
989 4277 1267 4347 Josaphat,
1295 4273 1539 4343 quoniam
1564 4270 1841 4324 ambulavit
1869 4270 1923 4323 in
1948 4270 2044 4323 viis
2066 4286 2161 4339 pa-

566 4384 659 4439 tris
686 4380 769 4435 sui
801 4389 823 4417 ο
846 4374 1048 4449 primis,
1080 4380 1128 4425 et
1156 4386 1260 4424 non
1288 4367 1521 4437 quaesiuit
1544 4364 1845 4431 simulacra,
1871 4353 1966 4418 sed
1984 4361 2165 4417 Domi-

564 4491 691 4531 num
722 4471 889 4526 Deum
929 4465 1094 4539 patris
1123 4462 1225 4528 sui,
1261 4469 1308 4516 et
1337 4460 1391 4513 in
1426 4456 1686 4511 mandatis
1716 4456 1831 4525 ejus
1860 4454 2158 4521 ambulavit,

2261 3256 2364 3311 diis
2391 3271 2509 3309 cum
2554 3254 2796 3310 divitibus
2837 3255 2889 3308 in
2927 3254 3171 3320 occultis,
3218 3263 3276 3308 ut
3317 3254 3600 3323 interficiat
3625 3254 3869 3308 innocen-

2263 3357 2381 3403 tem.
2411 3347 2564 3402 Oculi
2598 3351 2711 3421 ejus
2736 3347 2789 3400 in
2827 3361 3109 3417 pauperem
3141 3345 3429 3415 respiciunt
3459 3361 3477 3399 :
3507 3346 3783 3399 insidiatur
3812 3347 3869 3399 in

2261 3440 2508 3495 absconso
2535 3440 2668 3495 sicut
2711 3440 2789 3493 leo
2824 3440 2878 3493 in
2925 3440 3175 3509 spelunca
3203 3438 3635 3509 sua;‘_insidiatur
3674 3449 3730 3492 ut
3778 3456 3870 3493 ra-

2262 3532 2372 3603 piat
2409 3546 2712 3603 pauperem,
2750 3548 2935 3603 rapere
2966 3546 3269 3604 pauperem,
3306 3530 3469 3585 donec
3496 3530 3724 3584 adducat
3751 3547 3871 3584 eum

2261 3625 2316 3678 in
2342 3624 2729 3678 conversatione
2746 3640 2839 3678 sua
2861 3640 2879 3677 :
2907 3624 2961 3678 in
2983 3625 3167 3691 laqueo
3188 3639 3281 3678 suo
3303 3621 3596 3677 humiliauit
3624 3639 3765 3688 eum,
3787 3624 3871 3677 in-

2264 3716 2473 3771 clinavit
2502 3732 2578 3782 se,
2615 3724 2662 3769 et
2692 3716 2839 3769 cadet
2877 3716 3004 3769 dum
3032 3716 3334 3770 dominatur
3370 3733 3679 3789 pauperum.
3718 3714 3871 3771 Dixit

2262 3808 2318 3862 in
2347 3807 2503 3863 corde
2531 3823 2624 3861 suo
2650 3823 2669 3860 :
2698 3805 2900 3862 Oblitus
2944 3817 3017 3861 est
3049 3806 3208 3874 Deus,
3240 3809 3423 3863 avertit
3464 3809 3655 3879 faciem
3693 3824 3867 3875 suam,

2264 3918 2328 3956 ne
2350 3902 2521 3957 videat
2540 3917 2701 3968 usque
2729 3902 2783 3955 in
2812 3902 2967 3970 ﬁnem
2992 3899 3122 3975 (Ps.
3147 3919 3220 3969 tx,
3245 3902 3301 3969 6,
3332 3913 3446 3972 post
3472 3903 3601 3975 21).
3631 3905 3711 3957 An
3738 3904 3786 3959 si
3813 3903 3869 3960 in

2265 3992 2368 4048 hac
2390 3991 2829 4063 perseveraveris
2851 3993 3116 4063 nequitia,
3146 4009 3252 4047 non
3277 3994 3386 4049 erit
3408 3993 3516 4048 dici
3550 3993 3773 4065 dignum
3796 3993 3867 4048 de

2267 4095 2320 4142 te
2371 4103 2385 4141 :
2429 4087 2622 4141 Arertit
2667 4087 2861 4158 [aciem
2908 4104 3055 4140 suam
3095 4104 3158 4141 ne
3196 4087 3364 4141 uideat
3409 4103 3571 4154 usque
3614 4088 3670 4141 in
3712 4088 3867 4156 ﬁnem

2265 4176 2496 4251 (Ibid.)?
2529 4178 2700 4234 Tanta
2745 4187 2873 4234 sunt
2916 4178 3105 4235 funera
3137 4188 3251 4247 tua,
3291 4179 3601 4245 Constanti,
3636 4189 3692 4234 ut
3740 4195 3865 4235 cum

2266 4270 2468 4327 dicitur
2499 4271 2552 4326 in
2586 4272 2798 4343 psalmo
2827 4272 3048 4328 decimo
3076 4288 3144 4329 ex
3168 4286 3401 4343 persona
3430 4273 3618 4345 populi
3653 4274 3824 4329 nostri
3849 4290 3865 4328 :

2267 4363 2335 4419 In
2383 4364 2606 4419 Domino
2636 4364 2867 4434 conﬁdo,
2912 4364 3170 4435 quomodo
3220 4365 3392 4419 dicitis
3435 4365 3449 4415 ἰ
3489 4366 3679 4420 anime
3716 4381 3863 4430 πιειε,

2270 4454 2607 4527 Transmigra
2627 4456 2679 4509 in
2702 4465 2927 4510 montem
2950 4457 3084 4510 sicut
3106 4458 3318 4527 passer?
3337 4457 3583 4528 quoniam
3607 4473 3722 4512 ecce
3749 4473 3868 4527 pec-

565 4578 614 4623 et
646 4582 747 4621 non
775 4562 849 4618 sic
868 4556 896 4596 ἀ
926 4574 1082 4630 opera
1114 4553 1280 4609 Ῑδναει
1307 4567 1325 4606 -‘
1351 4560 1396 4606 ει
1427 4549 1615 4605 direxit
1646 4546 1903 4602 Ποιηὶηιιε
1943 4562 2157 4618 regnum
2183 4552 2239 4613 D
2262 4562 2458 4606 catores
2479 4549 3066 4616 intenderuntkarcum,
3098 4562 3405 4622 paraverunt
3430 4552 3648 4625 sagittas
3668 4568 3788 4606 suas
3811 4552 3865 4605 in

566 4662 680 4731 ejus
710 4672 728 4709 :
753 4663 802 4708 et
829 4649 969 4704 dedit
997 4649 1161 4703 omnis
1194 4644 1225 4698 J
1235 4643 1339 4697 uda
1371 4659 1585 4695 munera
1605 4638 1861 4708 Josaphat
1884 4655 1902 4693 :
1927 4648 1975 4693 et
2009 4639 2161 4708 {actce

563 4758 683 4802 sunt
722 4745 801 4799 illi
827 4741 1019 4795 divitia:
1059 4748 1105 4792 et
1141 4736 1310 4807 gloria
1338 4733 1505 4786 multa
1526 4748 1546 4785 :
1573 4742 1619 4787 et
1651 4731 1935 4785 exaltatum
1973 4740 2047 4785 est
2072 4746 2162 4784 cor

562 4842 674 4906 eius
693 4838 748 4892 in
763 4835 856 4889 viis
872 4831 1101 4895 Domini,
1124 4838 1169 4883 et
1188 4827 1359 4880 adhuc
1375 4824 1658 4895 amputavit
1674 4833 1719 4877 et
1742 4833 1765 4860 θ
1784 4826 1926 4878 lucos
1943 4840 1972 4876 a
1988 4822 2023 4876 J
2027 4823 2130 4878 uda
2146 4840 2164 4877 :

564 4942 613 4988 et
644 4929 792 4985 tertio
819 4941 956 4980 anno
984 4921 1127 4993 regni
1160 4920 1237 4974 sui
1266 4918 1405 4971 misit
1443 4917 1598 4970 duces
1633 4932 1774 4980 suos,
1808 4925 1855 4970 et
1885 4916 2025 4984 ﬁlios
2051 4917 2158 4970 vir-

566 5033 730 5079 tutum
751 5018 817 5092 (ΙΙ
843 5016 1079 5083 Paralip.
1109 5027 1240 5075 xvu,
1271 5008 1348 5081 5).
1384 5009 1450 5063 Et
1472 5008 1610 5064 infra
1638 5028 1651 5064 :
1678 5007 1747 5062 Et
1773 5025 1893 5063 cum
1920 5010 2026 5063 illis
2050 5008 2167 5063 Eli-

567 5125 754 5183 masat,
802 5122 849 5169 et
894 5109 1078 5165 Joram
1126 5105 1438 5172 sacerdotes,
1485 5112 1537 5158 et
1576 5103 1825 5159 docebant
1871 5101 2088 5171 Iudam,
2121 5115 2168 5160 et

631 5286 659 5313 λ
692 5274 796 5330 Eos
822 5270 961 5344 apud
990 5268 1199 5344 Sabat.,
1234 5262 1337 5344 sed
1359 5263 1534 5344 Quae.
1560 5266 1760 5344 abiete.

635 5347 664 5387 ι)
694 5333 952 5401 Zabadias
975 5340 1115 5409 ﬁlius
1142 5333 1354 5409 Ismael.
1390 5334 1719 5409 Latin._cum
1752 5333 1966 5390 (ἐι-(1360.

641 5430 661 5457 ε
698 5416 869 5471 Patris
898 5404 984 5467 sui
1004 5410 1193 5465 David.
1230 5407 1306 5462 ω.
1340 5422 1462 5459 cum
1500 5404 1655 5476 Vulg.

633 5486 660 5525 δ
693 5489 864 5543 Sicut.
894 5484 973 5540 ltl.
1010 5496 1061 5536 et
1093 5481 1199 5535 Til.

639 5570 661 5596 ε
694 5559 961 5612 Particttla
989 5563 1035 5605 et
1057 5555 1213 5607 deest
1234 5548 1373 5620 apud
1403 5548 1590 5604 Sabat.
1617 5549 1709 5619 qui
1732 5548 1861 5619 legit
1893 5548 2056 5605 etiam
2090 5549 2155 5603 de

547 5625 701 5680 ‘Juda
727 5644 822 5693 pro
852 5644 881 5677 a
909 5624 1073 5677 Iuda.

638 5694 655 5731 ί
688 5690 968 5764 Eratjiber
997 5692 1144 5764 legis,
1168 5690 1310 5764 apud
1339 5690 1524 5764 Sabat.

640 5772 663 5810 ε
692 5761 769 5815 Ita
799 5762 1021 5819 Graecus
1045 5758 1198 5817 ΞᾺπὸ
1220 5769 1321 5815 τῶν
1346 5760 1627 5835 ἀλλοφύλων
1646 5758 1840 5834 ἔφερον.

2266 4644 2533 4716 pharetra,
2552 4642 2927 4714 utsagittentin
2946 4644 3160 4697 obscuro
3174 4654 3336 4697 rectos
3351 4642 3535 4713 corde(
3546 4642 3693 4698 Psal.
3710 4658 3764 4707 ι,
3779 4641 3860 4713 2);

2266 4744 2321 4790 tu
2345 4736 2475 4793 milii
2498 4734 2805 4805 descriptus
2822 4748 2943 4790 esse
2962 4750 3086 4789 cum
3107 4735 3375 4791 scelerum
3398 4743 3617 4789 tuorum
3642 4733 3863 4805 partici-

2269 4829 2427 4900 pibus
2474 4828 2729 4885 videaris.
2789 4827 3179 4900 Cognoscimus
3226 4829 3433 4885 etenim
3486 4843 3585 4884 vos
3631 4827 3866 4883 Arianos

2269 4938 2393 4978 esse
2419 4922 2680 4992 temporis
2711 4921 2880 4976 nostri
2918 4922 3279 4977 antichristus
3309 4938 3322 4974 :
3355 4930 3449 4976 aut
3487 4921 3533 4975 si
3567 4935 3676 4976 non
3710 4919 3757 4975 is
3780 4935 3862 4979 es.

2270 5015 2361 5083 qui
2390 5014 2654 5069 merearis
2702 5013 2979 5068 numerari
3018 5013 3163 5068 inter
3185 5011 3568 5079 antichristos,
3599 5012 3808 5068 aestima
3840 5008 3859 5048 ι

2273 5107 2372 5163 Dei
2420 5107 2567 5163 unici
2613 5104 2737 5162 Filii
2771 5117 3021 5178 negator.
3050 5107 3191 5163 Dicit
3234 5106 3478 5177 Spiritus
3508 5119 3731 5163 sanctus
3764 5120 3862 5178 per

2340 5264 2367 5303 ιι
2396 5267 2499 5321 Pro
2530 5270 2757 5337 facerent
2782 5282 2882 5323 suo
2913 5283 3084 5323 more.
3117 5268 3226 5325 Til.

2336 5338 2349 5373 ί
2391 5336 2546 5410 Vers.
2580 5336 2710 5397 Ant.
2742 5337 2818 5393 De
2850 5342 3182 5409 generatione
3221 5341 3275 5394 in
3314 5340 3773 5410 generationem...
3808 5339 3863 5393 in

2256 5409 2529 5463 occulto...
2564 5410 2619 5462 in
2652 5411 2851 5464 occulto
2880 5412 3011 5464 sicut
3044 5413 3122 5464 leo
3157 5412 3212 5465 in
3250 5409 3409 5465 cubili
3452 5429 3617 5466 suo...
3662 5427 3858 5477 paupe-

2255 5495 2364 5554 rem
2388 5482 2512 5554 dum
2536 5480 2787 5554 abstrahit
2825 5480 2994 5536 illum.
3022 5480 3091 5536 In
3129 5482 3312 5553 laqueo
3346 5483 3603 5554 aﬂlictabit
3636 5480 3855 5537 illum...

2258 5550 2381 5605 dum
2409 5552 2777 5612 dominabitur,
2811 5565 2917 5607 etc.

2334 5622 2347 5672 i
2394 5624 2548 5677 Vers.
2574 5623 2702 5677 Ant.
2738 5621 2958 5677 Dicetis.

2330 5691 2357 5768 ιξ
2392 5693 2546 5768 Υρτε.
2578 5693 2706 5748 Atil.
2734 5692 3156 5768 Tetenderunt...
3186 5697 3413 5768 sagittas
3427 5697 3482 5753 in
3512 5698 3833 5768 pharetram.

2338 5761 2356 5800 1
2388 5761 2463 5819 Es
2490 5774 2655 5820 tamen
2686 5781 2705 5820 :
2731 5763 2912 5822 Latin.
2947 5773 3004 5821 et
3030 5775 3219 5835 recte;
3247 5761 3345 5824 sed
3373 5766 3476 5823 Til.
3502 5761 3751 5834 Phrasis,
3783 5768 3864 5822 in-
