4148 6186
301 263 401 324 849

1322 263 1458 321 PRO
1498 261 1768 320 SANCTO
1808 262 2210 322 ATHANASIO
2251 265 2455 321 LIBER
2495 265 2536 320 ι.

3483 263 3591 323 850

292 382 620 454 prophetam
651 401 663 437 :
700 382 954 438 Dominus
982 383 1033 437 in
1057 382 1246 453 templo
1274 391 1453 436 sancto
1479 397 1597 450 suo,
1633 379 1887 435 Dominus
1913 386 1965 444 Α
1990 384 2151 445 malo,
2184 392 2232 435 et
2269 384 2403 438 labia
2449 394 2537 437 tua
2577 400 2639 439 ne
2683 384 2963 452 loquantur
3005 384 3183 439 dolum
3222 400 3241 438 :
3269 392 3318 438 et
3362 394 3531 438 averte
3561 400 3594 437 a

301 484 327 512 ⁸
356 477 409 530 in
453 478 579 531 caelo
620 478 764 532 sedes
798 479 912 544 ejus
942 493 961 531 :
990 477 1135 531 oculi
1173 477 1287 546 ejus
1325 475 1379 528 in
1409 489 1691 544 pauperem
1731 474 1894 544 respi-

300 568 463 633 ciunt,
500 579 548 622 et
576 566 606 606 ι)
635 568 893 640 palpebra:
920 571 1033 641 ejus
1078 568 1401 637 interrogant
1434 566 1573 634 ﬁlios
1602 564 1892 618 hominum.

302 659 557 716 Dominus
577 663 861 733 interrogat
880 664 1089 733 justum
1109 671 1154 715 et
1178 660 1441 733 impium:
1466 661 1554 730 qui
1581 670 1751 712 autent
1771 659 1893 713 dili-

301 757 379 827 git
402 757 747 828 iniquitatem,
772 755 883 810 odit
912 757 1146 810 animam
1172 772 1319 809 suam
1351 753 1520 823 (Psal.
1552 770 1607 819 Σ,
1637 752 1718 824 5).
1743 753 1809 808 Ει
1842 764 1895 808 ιιι

300 851 543 907 statuisti
569 866 690 906 eum
724 849 1082 920 puniendum,
1114 864 1273 918 quem
1310 864 1410 903 nec
1439 848 1555 919 ipse
1581 847 1899 918 cognoveris

303 960 484 1007 reum,
518 944 619 999 nisi
646 953 851 999 tantum
883 946 937 998 in
976 957 1064 1009 eo,
1094 942 1236 1013 quod
1275 949 1381 997 tua:
1419 940 1775 1012 blasphemiiu
1806 956 1896 995 rc-

305 1040 526 1103 stiterit,
575 1038 782 1093 lactum
816 1038 956 1108 apud
997 1045 1054 1094 te
1096 1038 1287 1092 mortis
1317 1051 1490 1091 reum.
1532 1036 1670 1090 Audi
1714 1035 1901 1090 dicere

305 1130 399 1186 Dei
430 1129 683 1200 spiritum
710 1147 724 1184 :
756 1131 858 1199 Qui
885 1140 1056 1185 autent
1079 1130 1250 1199 diligit
1281 1129 1626 1199 iniquitatem,
1659 1127 1766 1181 odit
1787 1128 1902 1181 ani-

302 1238 443 1276 mam
488 1238 638 1276 suant
677 1220 845 1294 (Ibid.
880 1222 937 1293 6)
984 1231 1084 1277 :et
1128 1223 1280 1291 cogis
1328 1220 1669 1291 iniquitatem
1716 1234 1902 1275 amare

301 1315 477 1385 magis
499 1330 660 1385 quam
687 1314 983 1384 justitiam.
1013 1313 1069 1368 Si
1098 1329 1203 1367 non
1229 1325 1313 1368 est
1343 1312 1606 1383 iujustum
1638 1312 1902 1368 damnare

304 1406 639 1472 inauditum,
690 1404 1076 1460 accusantibus
1123 1404 1282 1459 vobis
1328 1403 1622 1469 liaareticis,
1665 1402 1902 1457 catholi-

304 1516 430 1556 cum
461 1501 750 1556 convince.
785 1500 899 1571 Ego
923 1503 1126 1555 etenim
1161 1515 1281 1555 cum
1313 1499 1493 1553 adhuc
1528 1499 1790 1568 scriptum
1822 1498 1905 1552 in-

306 1594 469 1650 venio
503 1612 515 1646 :
546 1592 706 1649 Pluet
732 1610 890 1665 super
920 1603 1220 1665 peccatores
1244 1595 1453 1665 laqueos
1480 1612 1494 1647 :
1526 1593 1682 1665 ignis,
1712 1604 1759 1647 et
1791 1593 1903 1647 sul-

305 1690 466 1758 plinr,
499 1696 547 1741 et
572 1687 786 1755 spiritus
811 1688 1184 1759 procellarum,
1217 1699 1262 1741 et
1290 1696 1312 1725 ο
1336 1702 1456 1758 pars
1479 1686 1657 1739 colicis
1684 1701 1863 1739 eorum
1888 1700 1906 1739 :

1999 477 2160 549 malo,
2200 488 2245 530 et
2286 480 2371 548 fac
2410 478 2597 532 bonum
2630 478 2747 547 (Ps.
2777 495 2972 546 χχχιιι,
3007 478 3129 549 15);
3180 488 3232 533 ιιι
3270 490 3448 533 tamen
3481 494 3591 533 non

1986 569 2238 639 quietem
2264 572 2448 640 capias
2474 570 2589 626 haec
2617 571 2880 642 gerendo,
2911 589 3031 642 quae
3058 585 3106 626 te
3129 572 3469 643 prohibuerit
3494 588 3590 642 ge-

2000 677 2123 716 rere
2157 664 2319 718 Dens.
2356 663 2467 717 lloc
2497 674 2581 718 est
2615 664 2760 719 nolle
2793 664 2981 720 videre
3014 664 3130 719 dies
3159 666 3352 729 bonos,
3384 663 3487 718 hoc
3509 672 3597 717 est

2001 754 2149 807 nolle
2176 756 2366 818 vitam,
2401 754 2502 810 hoc
2526 766 2611 810 est
2633 767 2821 825 petere
2844 755 2946 810 sibi
2983 757 3142 811 tribui
3172 767 3426 811 mortem.
3457 756 3592 810 Cum

2002 846 2185 913 itaque
2213 848 2288 900 sis
2320 848 2463 912 talis,
2489 848 2581 917 qui
2606 848 2673 901 ad
2698 859 2935 922 mortem
2955 859 3213 905 a-ternam
3238 849 3593 906 hauriendam

2004 956 2217 1007 curras,
2242 942 2407 995 etiam
2441 941 2492 995 iu
2519 958 2660 996 xxxv
2692 954 2745 995 ιιι
2770 943 2898 996 milii
2924 943 3128 998 videris
3151 958 3275 998 esse
3299 955 3598 1013 pratosten-

2003 1050 2119 1091 sus.
2154 1033 2298 1089 Dixit
2322 1036 2569 1104 injustus,
2601 1046 2655 1088 ut
2684 1036 2947 1104 delinquat
2970 1038 3025 1091 in
3050 1039 3385 1109 semetipsum
3408 1048 3431 1085 8
3458 1057 3471 1092 :
3496 1054 3600 1092 non

2005 1138 2077 1183 est
2108 1128 2259 1181 timor
2286 1126 2385 1182 Dei
2405 1138 2523 1183 ante
2544 1128 2721 1187 oculos
2752 1132 2865 1201 ejus
2896 1146 2915 1183 :
2942 1132 3187 1200 quoniam
3214 1129 3392 1184 dolose
3417 1131 3521 1200 egit
3547 1129 3603 1183 in

2006 1229 2283 1290 conspectu
2311 1224 2446 1292 ejus,
2483 1230 2537 1274 ut
2569 1221 2863 1274 inveniatur
2894 1222 3139 1293 iniquitas
3168 1225 3281 1295 ejus
3324 1233 3369 1276 et
3397 1222 3597 1276 odium.

2016 1311 2181 1366 Verba
2224 1313 2328 1365 oris
2356 1320 2467 1382 ejus
2504 1313 2752 1381 iniquitas
2788 1324 2835 1367 et
2862 1313 3014 1367 dolus
3048 1330 3066 1368 :
3098 1315 3263 1368 uoluit
3294 1314 3605 1384 intelligere,

2008 1413 2063 1457 ut
2092 1404 2213 1457 bene
2236 1414 2404 1475 ageret
2432 1405 2796 1474 :iniquitatem
2818 1407 3094 1460 meditatus
3122 1416 3197 1461 est
3222 1407 3277 1459 in
3308 1407 3464 1460 cubili
3486 1421 3604 1471 suo,

2007 1501 2201 1553 assistit
2221 1500 2360 1552 omni
2392 1500 2485 1553 vita
2512 1516 2615 1553 non
2656 1501 2823 1566 bonaz,
2858 1501 3111 1555 malitiam
3131 1512 3305 1555 autem
3327 1517 3428 1554 non
3451 1500 3609 1553 adivit

2010 1590 2131 1663 (Ps.
2164 1608 2328 1658 xxxv,
2356 1593 2435 1665 2).
2465 1592 2653 1661 Qualis
2676 1608 2735 1648 es
2764 1595 3008 1662 adverte,
3036 1596 3340 1665 justissima
3370 1592 3397 1631 ιι
3429 1594 3608 1664 impe-

2010 1696 2181 1751 rator,
2219 1697 2442 1756 propter
2472 1702 2631 1756 quem
2660 1702 2787 1742 esse
2816 1687 2959 1744 dicta
2993 1688 3303 1743 sentiantur
3326 1689 3489 1743 etiam
3520 1688 3611 1743 illa

305 1781 551 1851 quoniam
564 1783 744 1854 justus
775 1779 1053 1847 Dominus,
1084 1790 1130 1835 et
1143 1780 1407 1851 justitiam
1434 1779 1613 1833 dilexit
1645 1796 1662 1831 :
1686 1778 1903 1850 tequita-
1939 1786 1984 1845 B
2012 1792 2131 1848 qua:
2172 1778 2226 1832 in
2258 1777 2564 1833 Scariotem
2605 1777 2616 1814 ί
2648 1779 2843 1835 ludam
2887 1789 2943 1835 et
2996 1781 3251 1851 p0pulum
3295 1780 3614 1837 Judzeornm

309 1882 409 1927 tem
428 1872 552 1926 vidit
577 1872 743 1927 vultus
765 1876 877 1945 ejus
909 1871 1075 1945 (Ibid.
1110 1872 1198 1942 7);
1238 1880 1289 1926 te
1312 1882 1478 1941 atque
1503 1885 1695 1925 omnes
1728 1881 1904 1923 tecum

308 1966 576 2039 facientes
603 1967 655 2021 in
690 1967 791 2021 hac
819 1977 975 2037 parte
1013 1981 1136 2022 esse
1172 1980 1465 2037 cognosco.
1495 1964 1691 2020 Veniet
1719 1963 1907 2034 utique

308 2075 479 2131 super
506 2075 606 2115 vos
634 2060 773 2130 ignis
804 2071 858 2116 et
883 2060 1133 2131 sulphur,
1168 2069 1224 2115 et
1253 2061 1479 2132 spiritus
1512 2057 1905 2130 procellarum,

311 2156 414 2211 nisi
444 2155 698 2211 conversi
725 2152 939 2209 fueritis
969 2153 1037 2209 ad
1072 2153 1265 2218 Deum,
1299 2153 1424 2223 quia
1456 2153 1530 2206 sit
1561 2164 1685 2221 pars
1718 2150 1909 2203 calicis

309 2247 480 2304 vestri
516 2255 838 2317 negatorum
882 2245 1025 2301 unici
1067 2244 1193 2300 Filii
1235 2244 1356 2309 Dei,
1391 2245 1511 2315 ejus
1550 2244 1749 2298 divinae
1789 2258 1906 2295 ma-

306 2341 523 2414 jestatis
570 2339 874 2395 dicatorum
908 2336 1364 2408 persecutoribus
1406 2355 1418 2390 :
1452 2337 1541 2406 qui
1571 2350 1694 2391 cum
1722 2334 1911 2388 sciatis

310 2434 485 2489 Deum
511 2432 740 2502 justum,
769 2430 1039 2501 justitiam
1073 2429 1322 2500 diligere,
1351 2444 1537 2483 amare
1568 2428 1907 2500 mquitatem,

311 2540 408 2581 vos
437 2524 769 2582 censueritis
812 2522 1076 2578 damnare
1109 2523 1485 2585 innocentem,
1510 2520 1765 2590 persequi
1802 2519 1911 2573 Do-

310 2621 447 2676 mini
480 2619 856 2675 ﬁdelissimum
888 2616 1253 2672 sacerdotem.
1286 2614 1521 2685 Diligile,
1555 2612 1755 2683 inquit,
1800 2611 1909 2666 Do-

311 2720 529 2785 minum,
582 2717 636 2771 in
694 2716 911 2786 psalmo
960 2729 1092 2769 xxx.
1142 2713 1381 2783 Spiritus
1437 2720 1682 2776 sanctus,
1729 2726 1908 2762 omnes

309 2813 478 2869 sancti
499 2813 633 2883 ejus,
661 2809 907 2879 quoniam
933 2808 1197 2862 ueritatem
1222 2804 1437 2876 requirit
1466 2802 1743 2868 Dominus,
1771 2810 1819 2855 et
1839 2817 1913 2855 re-

310 2907 499 2962 tribuet
540 2904 844 2977 facientibus
875 2898 901 2938 δ
930 2902 1257 2956 abundanter
1287 2899 1583 2968 superbiant
1622 2898 1742 2968 (Ps.
1769 2913 1909 2963 xxx,

308 3000 429 3073 Ἡ).
462 2999 534 3055 Ει
562 3008 617 3055 ιιι
663 3013 763 3052 nos
806 2994 1113 3067 impuleras
1156 2993 1223 3049 ad
1264 2991 1710 3047 interﬁciendum
1753 2992 1913 3046 inno-

308 3104 545 3159 centem,
572 3091 637 3146 ad
664 3090 981 3161 superbiam
1007 3099 1153 3144 tuam
1184 3085 1597 3156 possidendam.
1622 3083 1739 3139 Non
1763 3085 1912 3140 enim

2014 1870 2239 1925 fuerint-
2275 1871 2438 1926 dicta.
2495 1872 2782 1941 Quomodo
2834 1883 3234 1944 potueramus,
3289 1876 3610 1941 Constanti,

2012 1963 2271 2019 damnare
2319 1965 2666 2021 innocentem
2710 1966 2775 2021 ad
2824 1967 3103 2035 superbia:
3148 1977 3254 2021 tua:
3285 1968 3617 2022 consilium?

2012 2074 2134 2114 cum
2166 2061 2431 2117 sciremus
2457 2063 2720 2133 scriptum
2753 2061 2896 2132 apud
2927 2062 3094 2116 David
3122 2079 3135 2115 :
3172 2059 3430 2115 Ostendei
3463 2063 3617 2115 mise-

2011 2155 2291 2209 ricordiam
2333 2167 2479 2210 tuam
2517 2157 2799 2211 scientibus
2842 2167 2911 2221 te,
2951 2167 2999 2209 et
3031 2157 3296 2229 justitiam
3337 2166 3479 2210 luant
3511 2155 3614 2225 Itis,

2012 2248 2099 2317 qui
2128 2259 2264 2302 recto
2290 2259 2411 2302 sunt
2439 2249 2613 2303 corde.
2644 2248 2769 2303 Non
2790 2251 2968 2304 veniat
2996 2249 3125 2303 mihi
3152 2266 3243 2317 pes
3270 2250 3548 2320 superbiat,
3571 2260 3621 2305 et

2013 2359 2197 2397 manus
2248 2346 2530 2411 peccatoris
2569 2343 2595 2381 ¹ί
2641 2362 2743 2400 non
2794 2359 2992 2399 moueat
3034 2362 3113 2399 me
3157 2360 3176 2399 :
3205 2344 3275 2397 ibi
3323 2345 3621 2399 ceciderunt

2014 2454 2188 2492 omnes
2217 2440 2304 2507 qni
2334 2450 2621 2507 operantur
2652 2439 2999 2510 iniquitatem,
3025 2440 3236 2510 expulsi
3257 2449 3376 2494 sunt
3402 2456 3495 2494 nec
3523 2456 3619 2510 po-

2014 2540 2184 2585 terunt
2218 2528 2236 2567 1
2268 2541 2406 2586 stare
2433 2530 2601 2601 (Ibid.
2638 2531 2748 2602 11).
2783 2532 2926 2598 Quid
2966 2530 3147 2587 dicis?
3181 2532 3307 2587 talis
3336 2541 3422 2587 est
3451 2532 3621 2588 mise-

2012 2624 2249 2680 ricordia
2281 2626 2374 2680 Dei
2403 2640 2467 2680 ac
2488 2625 2723 2694 justitia,
2752 2635 2811 2679 ut
2840 2625 3097 2680 absentes
3127 2632 3182 2679 et
3204 2620 3431 2679 inauditi
3462 2625 3617 2679 dam-

2015 2716 2252 2771 nentur?
2304 2725 2359 2770 et
2412 2716 2636 2785 quidem
2686 2717 3029 2783 innocentes,
3078 2730 3216 2786 quos
3264 2716 3459 2785 punire
3517 2732 3621 2773 nec

2017 2821 2317 2880 prmsentes
2348 2810 2500 2865 licet.
2539 2808 2647 2864 Sed
2679 2810 2809 2879 quid
2841 2810 3038 2865 mirum
3068 2808 3116 2866 si
3154 2809 3274 2865 haec
3304 2808 3421 2865 ﬁeri
3458 2825 3614 2865 man-

2018 2904 2184 2969 dasti,
2220 2904 2381 2957 homo
2411 2904 2920 2977 nesciens‘Deum?
2950 2904 3088 2972 Quid
3127 2906 3350 2973 mirum,
3381 2906 3427 2961 si
3458 2906 3616 2977 igno-

2018 3009 2146 3049 rans
2171 2994 2288 3062 ejus
2317 2995 2751 3051 misericordiam
2784 3006 2947 3067 atque
2963 2996 3252 3068 justitiam,
3280 3000 3611 3069 prieceperis

2019 3101 2285 3156 perversa
2320 3088 2461 3151 ﬁeri,
2487 3087 2691 3158 iniqua,
2720 3088 2919 3157 injusta
2940 3089 2963 3143 ἲ
2985 3088 3100 3144 Non
3134 3100 3187 3144 te
3209 3105 3239 3144 a
3272 3099 3423 3144 tanto
3447 3092 3623 3158 potuit

311 3198 363 3244 ιε
393 3201 596 3255 negare
622 3184 801 3256 possis
828 3197 952 3239 esse
980 3183 1301 3251 superbum,
1339 3193 1464 3234 cum
1494 3187 1549 3232 et
1575 3177 1626 3231 in
1668 3176 1763 3231 Dei
1792 3174 1910 3229 cul-
1941 3183 1986 3246 ί]
2019 3196 2304 3238 removere
2328 3182 2538 3237 scelere
2570 3182 2977 3254 psalmographi
3006 3197 3191 3238 sermo
3222 3182 3457 3237 dicentis
3490 3202 3504 3238 :
3537 3182 3619 3238 Ibi

312 3292 459 3338 tores
488 3279 732 3334 funestas
764 3277 984 3332 miseris
1010 3290 1224 3340 manus,
1257 3282 1311 3328 et
1339 3271 1711 3341 cvangelicam
1745 3268 1909 3324 ﬁdem

310 3374 604 3431 destruere
632 3372 799 3427 fueris
826 3378 1074 3434 conatus,
1114 3378 1279 3439 atque
1315 3368 1531 3422 ﬁrmare
1571 3363 1904 3418 haereticam.

309 3469 367 3525 ln
400 3483 553 3523 nam
581 3467 789 3538 psalmo
824 3480 932 3519 non
965 3464 1179 3535 legeras
1212 3481 1225 3517 :
1256 3461 1442 3533 Diligit
1471 3460 1727 3514 Dominus
1759 3468 1782 3496 ι’
1810 3458 1907 3511 mi-

309 3560 646 3617 sericordiam
672 3570 720 3614 et
740 3560 1024 3629 judicium,
1048 3569 1097 3611 et
1120 3556 1479 3611 misericordia
1510 3552 1723 3608 Domini
1750 3553 1906 3624 plena

308 3663 387 3711 est
421 3664 557 3707 terra
584 3650 707 3720 (Ps.
746 3666 920 3717 xxxii,
952 3649 1041 3720 5);
1076 3658 1136 3703 ut
1169 3647 1391 3717 juberes
1431 3646 1678 3701 damnari
1710 3644 1907 3698 absen-

312 3746 463 3801 tem?
493 3746 780 3815 Cognosce
809 3758 907 3813 per
943 3742 1061 3796 haec
1088 3755 1254 3811 opera
1287 3750 1373 3793 tua
1408 3754 1568 3808 quam
1598 3738 1676 3792 sis
1716 3736 1911 3791 incon-

310 3837 609 3902 sideratus,
656 3849 929 3907 quamque
980 3843 1086 3888 tua:
1137 3832 1325 3886 salutis
1380 3829 1575 3895 hostis,
1637 3829 1727 3898 qui
1784 3843 1906 3883 cum

310 3932 576 4002 scriptum
609 3929 930 3985 memineris
964 3943 977 3981 :
1006 3928 1134 3994 Quis
1176 3935 1252 3981 est
1280 3925 1435 3979 homo
1474 3924 1563 3993 qui
1592 3923 1703 3977 vult
1727 3923 1904 3985 vitam,

309 4034 359 4080 et
386 4034 524 4079 amat
550 4025 572 4062 τ
612 4023 782 4078 ridere
821 4023 930 4077 dies
964 4021 1153 4075 bonos?
1182 4019 1396 4090 prohibe
1437 4018 1671 4090 linguam
1697 4027 1839 4071 tuam
1877 4033 1908 4069 a

311 4170 454 4242 quit,
485 4165 765 4242 rudiscst,
789 4163 943 4242 quasi
974 4163 1121 4242 dicat
1153 4179 1164 4214 :
1198 4160 1426 4242 ΤυριΗῄ
1452 4157 1910 4242 uideriinlle‘ess‘e,

312 4227 376 4295 de
405 4227 503 4310 quo
534 4227 820 4310 Psalmista
843 4235 1055 4305 loquens
1084 4234 1148 4288 de
1172 4230 1515 4310 .Anlichristis
1551 4230 1706 4308 verba
1743 4227 1869 4296 facit
1894 4244 1911 4279 :

312 4312 399 4366 vel
417 4298 592 4365 'eliam
631 4326 643 4361 :
676 4298 1053 4362 zEstima'num
1079 4314 1131 4356 tu
1166 4304 1214 4372 is,
1238 4319 1292 4356 es
1318 4305 1405 4372 qui
1446 4298 1691 4372 mergaris
1735 4312 1916 4349 nume-

310 4384 421 4436 rari
470 4382 605 4435 inter
647 4378 1014 4442 Antio/tristes,
1067 4375 1153 4445 qui
1192 4371 1291 4427 Dei
1330 4368 1476 4426 unici
1524 4368 1655 4422 Filii
1701 4376 1918 4439 negator

313 4454 510 4509 existis.

386 4534 409 4560 α
437 4523 722 4578 Omittitur
749 4518 1006 4573 Dominus
1034 4517 1085 4572 iu
1116 4515 1274 4571 Vers.
1307 4512 1462 4579 Ant.,
1494 4511 1589 4568 sed
1621 4511 1824 4581 legitur
1855 4510 1907 4566 in

311 4595 507 4651 Grmco
536 4605 587 4647 et
615 4594 863 4663 Vulgata.
1013 4661 1020 4663 _
1242 4655 1283 4663 ῃ
1328 4654 1341 4663 _
1492 4625 1499 4633 .

384 4666 411 4705 ι)
440 4665 509 4719 Et
536 4666 693 4718 deest
721 4654 777 4717 in
810 4662 969 4717 γεγε.
995 4661 1123 4715 Ant.
1156 4666 1211 4712 et
1242 4654 1497 4725 Vulgata.

388 4750 408 4776 ε
442 4736 507 4791 Et
535 4738 804 4789 omittitur
834 4732 885 4786 in
919 4731 1071 4785 Vers.
1104 4731 1231 4785 Ant.
1262 4737 1319 4781 et
1349 4724 1603 4797 Vulgata,
1635 4724 1726 4779 ubi
1746 4725 1912 4796 justi-

316 4808 416 4862 tias
445 4808 646 4875 legitur
674 4821 772 4877 pro
795 4804 1082 4877 justitiam;
1189 4872 1199 4877 _
1274 4808 1279 4815 ’
1386 4875 1397 4877 ,
1465 4872 1476 4877 _
1756 4867 1797 4877 ..

383 4826 416 4862 ιδ
445 4824 646 4875 tegitur
674 4824 772 4877 pro
829 4824 1082 4857 usuuam.
1786 4867 1797 4876 _

383 4877 410 4917 ά
444 4879 599 4932 Vers.
627 4878 754 4932 Ant.
792 4824 888 4929 Dis
911 4872 1349 4949 qui_abundanler
1371 4872 1572 4949 faciunt
1591 4868 1878 4949 superbius.

388 4960 410 4988 ε
446 4950 697 5003 Dominus
721 4941 981 5001 omittunt
1010 4943 1168 4999 Vers.
1193 4942 1321 4997 Ant.
1352 4952 1407 4996 et
1439 4941 1596 5011 Vulg.
1634 4943 1721 4995 ubi
1755 4941 1909 4993 mise-

311 5022 545 5076 ricordia
573 5030 781 5074 tantum
812 5019 1006 5087 legitur
1035 5031 1133 5087 pro
1164 5024 1211 5087 et
1236 5014 1619 5087 misericordiq.

391 5091 412 5130 ί
445 5093 599 5148 Vers.
630 5090 759 5145 Ant.
796 5083 1309 5158 (lupina—Cohibe...
1341 5084 1539 5158 dolum.
1570 5083 1804 5137 Deverte.

388 5172 412 5209 κ
444 5164 602 5220 Vers.
630 5166 755 5218 Ant.
784 5156 969 5215 Sibi...
994 5169 1047 5211 ut
1069 5158 1316 5213 inveniret
1342 5156 1668 5225 iniquitatem
1691 5169 1912 5209 suam...

314 5238 465 5292 adiit.

390 5306 415 5344 δ
448 5308 559 5363 11οε
609 5306 741 5381 dicit
790 5308 1078 5381 εἰρωγικιςις,
1126 5316 1262 5381 cum.
1298 5316 1420 5381 eum
1473 5298 1914 5381 injustissimum2

314 5390 480 5445 atque
513 5368 894 5449 in'tpiissimu'm
920 5375 1145 5449 judicet,
1176 5374 1299 5449 quia
1328 5368 1637 5449 absentem,
1662 5378 1737 5434 et,
1772 5368 1915 5449 quod

313 5442 472 5520 pejus
496 5442 606 5516 est,
630 5442 976 5504 innocentem
1005 5446 1252 5499 damnari
1275 5442 1510 5497 voluerit
1533 5443 1912 5496 Athanasium.

315 5521 425 5579 Til.

402 5594 417 5633 ί
456 5593 770 5656 Scariotem,
820 5590 928 5644 iota
971 5586 1179 5651 ablato,
1212 5584 1365 5647 dicit,
1407 5596 1461 5641 et
1509 5586 1580 5638 ita
1618 5579 1921 5656 saepissime

327 5667 552 5722 nomina
585 5651 802 5733 propria
834 5657 1158 5733 corrumpit,
1196 5666 1258 5733 ut_
1283 5656 1633 5733 tunc_vulg_ns
1666 5651 1922 5733 loqueba-

332 5720 443 5793 tur.
477 5735 561 5796 ld.
587 5720 703 5789 Ῥι-ιῖ
736 5720 1084 5789 Ιθεὴανίοιεγί,
1119 5728 1362 5798 gaudens
1406 5720 1718 5798 dimidiare.
1770 5720 1923 5798 Unde

336 5792 584 5861 sti'icultts
614 5806 755 5873 apud
789 5802 1085 5858 Arnobium
1115 5792 1209 5868 pro
1232 5792 1555 5863 Itistricnlus,
1587 5796 1803 5849 trionem
1828 5792 1923 5861 prd

2019 3275 2310 3329 ceciderunt
2342 3292 2521 3329 ontnes
2567 3277 2659 3345 qui
2702 3285 2989 3345 operantur
3031 3276 3375 3345 iniquitatem,
3418 3278 3625 3344 expulsi

2016 3380 2137 3425 sunt
2166 3387 2257 3425 nec
2285 3381 2559 3439 potuerunt
2584 3380 2726 3425 stare
2752 3369 2917 3443 (Ibid.
2958 3371 3085 3442 15)?
3115 3386 3217 3426 nec
3246 3371 3339 3427 ille
3371 3373 3424 3427 in
3459 3373 3625 3445 trige-

2015 3463 2156 3516 simo
2193 3471 2351 3516 sexto
2388 3480 2400 3515 :
2435 3461 2621 3516 Desine
2655 3461 2719 3515 ab
2757 3463 2857 3530 ira,
2886 3474 2933 3516 et
2965 3463 3260 3533 derelinque
3283 3473 3322 3500 ω
3355 3466 3625 3536 furorem;

2016 3552 2124 3607 noli
2147 3552 2388 3607 wntulari
2415 3564 2468 3606 ut
2498 3553 2821 3626 maligneris,
2847 3555 3092 3622 quoniam
3128 3554 3217 3624 qui
3243 3553 3621 3626 malignantur,

2016 3644 2502 3699 exterminabuntur
2533 3644 2651 3717 (Ps.
2681 3661 2873 3711 χχχιιι,
2909 3645 3003 3717 8)Ὶ
3036 3646 3163 3701 Hinc
3198 3646 3382 3717 itaque
3410 3646 3621 3717 legens,

2016 3739 2143 3807 quia
2195 3752 2294 3807 pro
2331 3738 2502 3793 nihilo
2547 3738 2801 3794 habenda
2840 3746 3045 3793 statuta
3075 3740 3361 3794 censueris
3383 3739 3617 3805 Domini,

2020 3830 2225 3886 idcirco
2255 3841 2307 3886 te
2331 3846 2457 3886 esse
2478 3830 2666 3902 judico
2692 3832 2863 3899 illum,
2891 3831 2960 3887 de
2992 3846 3100 3902 quo
3127 3832 3332 3887 dictum
3361 3842 3444 3887 est
3468 3850 3482 3886 :
3516 3831 3624 3887 0b-

2016 3927 2236 3979 serrabit
2266 3936 2503 3995 peccator
2536 3930 2733 3996 justum
2762 3935 2811 3980 et
2839 3926 3078 3981 stridebit
3107 3934 3137 3961 ιι
3158 3942 3317 3997 super
3346 3941 3460 3979 eum
3490 3926 3618 3981 den-

2019 4017 2152 4072 tibus
2178 4018 2323 4085 suis;
2352 4015 2610 4072 Dominus
2642 4028 2817 4072 autem
2846 4016 3100 4072 deridebit
3124 4025 3148 4053 °
3175 4034 3315 4083 eum,
3338 4019 3458 4089 quia
3500 4034 3621 4089 pro-

2019 4156 2339 4212 ltistrionem.
2381 4156 2589 4213 Glossm
2640 4166 2857 4212 veteres
2900 4156 3041 4220 apud
3088 4155 3353 4210 lsidorum
3389 4173 3402 4208 :
3444 4155 3613 4222 Strio,

2018 4230 2312 4294 mimarius,
2362 4228 2535 4284 ferme
2570 4229 2822 4282 scenirus.
2868 4227 3111 4283 Scarioth
3158 4227 3321 4281 etiam
3372 4225 3509 4280 dixit
3554 4226 3615 4280 S.

2018 4296 2135 4353 Odo
2166 4300 2370 4354 Ahhas.
2404 4301 2648 4353 Cluniae.
2684 4314 2849 4353 εει-ιη.
2882 4304 2950 4352 de
2985 4298 3214 4364 Magdal.
3253 4315 3267 4351 :
3308 4296 3460 4363 Quod
3497 4312 3615 4350 vero

2020 4369 2191 4423 .Iudas
2224 4369 2465 4425 Scarioth
2488 4378 2667 4423 contra
2689 4370 2822 4422 hanc
2845 4369 3222 4421 sanctissimam
3248 4367 3514 4419 mulierem
3536 4368 3615 4419 in-

2024 4442 2267 4512 dignatus
2299 4439 2650 4512 dicerealnde
2688 4442 2851 4493 etiam
2882 4438 3171 4512 S‘paniscus
3202 4452 3314 4512 pro_
3336 4436 3614 4512 Hispanis-

2026 4504 2131 4571 σαῖς,
2164 4521 2256 4565 aut
2289 4509 2627 4577 llispanicus,
2656 4519 2708 4561 ut
2744 4524 2864 4563 cum
2898 4508 3035 4561 dixit
3066 4505 3384 4561 Anastasius
3423 4504 3475 4559 in
3517 4506 3617 4561 Be-

1942 4573 2238 4636 Dnedicto
2291 4573 2400 4645 Ill,'
2436 4580 2738 4651 Spaniscas,
2791 4595 2907 4645 qua:
2958 4578 3613 4651 p'endentsupergaltare.

2015 4653 2153 4706 ltcm
2201 4661 2387 4706 vestem
2431 4648 2493 4705 de
2546 4650 2802 4719 Spanisco
2843 4660 3079 4703 ornatam
3107 4666 3125 4702 :
3160 4648 3209 4703 id
3242 4660 3349 4714 est,
3380 4648 3451 4704 de
3495 4650 3618 4719 velo

2018 4724 2343 4794 Hispanico;
2376 4731 2433 4776 ut
2455 4722 2599 4794 enini
2625 4731 2780 4794 e_raut
2812 4724 2925 4775 vela
2952 4720 3114 4789 Tyria
3137 4729 3194 4775 et
3222 4720 3613 4787 Alexandrina,

2014 4795 2088 4849 ita
2115 4792 2164 4850 et
2195 4795 2507 4864 llispanica.
2536 4792 2610 4845 La
2632 4792 2817 4847 Cerdo.

2091 4866 2104 4915 i
2162 4862 2319 4921 νει-5⁷.
2366 4865 2494 4920 Ant.
2548 4864 2833 4918 Prwtendit
2882 4862 3238 4917 misericordia
3276 4870 3385 4917 tua.
3429 4862 3608 4920 Gneo.

2015 4952 2081 4993 cu
2087 4936 2455 5012 _In__LItciler0,
2489 4938 2791 5012 ςαράτεινον
2820 4937 2878 4992 τὸ
2897 4934 3039 4995 ἔλεός
3061 4957 3178 4990 σου.

2087 5008 2113 5045 ιε
2143 5007 2302 5062 Vers.
2336 5006 2462 5061 Ant.
2498 5006 2905 5062 Peccatorum...
2941 5022 3115 5061 omnes
3142 5013 3432 5069 operanles.

2096 5078 2114 5117 ι
2150 5080 2251 5134 Hic
2288 5095 2411 5135 cum
2449 5077 2777 5161 Vers.nAttt.
2824 5087 3103 5161 poterunt;
3134 5076 3229 5131 sed
3265 5074 3426 5145 paulo
3474 5072 3616 5161 infe-

2019 5152 2136 5206 rius
2168 5160 2443 5218 potuerunt
2472 5164 2597 5203 cum
2622 5147 3117 5205 ϐιωεσδύνωνται.

2092 5232 2132 5260 m
2154 5215 2311 5278 V'crs.
2341 5222 2470 5277 Ant.
2494 5220 2808 5292 Dereliuque
2835 5222 3244 5292 indignationem
3273 5233 3293 5271 :
3320 5233 3382 5270 ne
3409 5215 3622 5271 temule-

2018 5296 2094 5349 ris
2134 5304 2188 5367 ut
2231 5296 2457 5367 nequiter
2486 5294 2671 5367 facins,
2701 5290 2957 5367 quoniam
2987 5290 3273 5367 qui‘inique
3301 5296 3620 5367 agrmt,_elc.

2020 5366 2236 5420 Lucifer
2266 5358 2496 5436 propius
2517 5366 2580 5418 ad
2610 5358 2784 5419 Graec.
2817 5360 3262 5436 furoremﬂuptbv;
3294 5358 3347 5436 ut
3371 5358 3623 5436 maligne-

2021 5438 2114 5494 ris.
2141 5430 2281 5493 ὧστέ
2309 5430 2716 5513 πόνηρεύσσθαις
2745 5430 2832 5504 qui
2863 5430 3236 5502 malignantur,
3258 5432 3306 5486 oi
3344 5430 3628 5506 πονηρευό-

2089 5531 2182 5564 νοι.

2024 5530 2333 5654 “stagneo.
2364 5594 2488 5654 cum
2519 5576 2904 5654 I_.uci_l._epi£5u
2938 5573 3096 5629 Vers.
3131 5574 3259 5654 Aut.
3304 5574 3555 5654 fremebit.

2106 5660 2130 5687 ο
2161 5652 2315 5706 Vers.
2347 5649 2475 5705 Aut.
2519 5645 2772 5702 Irridebit'
2813 5664 2950 5708 eum,
2993 5648 3234 5716 quoniam
3284 5645 3533 5716 prospicit
3571 5660 3630 5700 eo

2034 5724 2174 5789 quod
2196 5724 2383 5777 veniat.
2414 5721 2596 5777 Sabat.
2627 5734 2843 5790 quoque
2875 5718 3019 5784 legit,
3054 5718 3297 5783 quoniam
3327 5716 3589 5785 prospicit.
