4148 6186
354 237 463 295 853

1377 235 1515 294 PRO
1548 234 1820 295 SANCTD
1857 235 2254 298 ATHANASIO
2294 237 2500 300 LIBER
2540 240 2578 298 1-

3543 239 3651 300 εει

352 350 467 403 bam
491 348 667 413 verba,
699 349 1152 404 necettendebatis
1185 365 1203 404 :
1229 349 1322 403 sed
1357 350 1510 404 irrita
1548 350 1813 421 faciebatis
1835 367 1948 407 utea
1975 355 2017 412 Α
2051 353 2183 422 peri,
2210 353 2379 408 irritat
2402 369 2540 420 eum,
2571 354 2662 423 qui
2698 355 2820 426 fecit
2848 353 2999 410 illum
3019 352 3196 442 (Ibid.
3231 351 3356 425 3i):
3396 360 3458 410 ut
3486 352 3647 408 inno-

349 441 588 506 consilia,
619 441 748 495 meis
771 451 946 496 autem
975 440 1412 511 increpationibus
1444 457 1546 496 non
1578 441 1941 496 intendebatis.

351 531 539 602 Itaque
579 541 629 585 et
675 547 770 605 ego
815 542 981 587 vestra
1031 531 1320 602 perditione
1365 531 1545 586 ridebo
1585 547 1604 588 :
1642 532 1945 602 gratulabor
1981 513 1990 526 ’

350 634 525 680 autem
542 625 791 681 adversus
811 642 920 692 vos,
952 644 1068 680 cum
1091 628 1284 681 venerit
1302 627 1444 682 vobis
1465 627 1636 684 subito
1663 628 1941 695 tumultus,

348 720 548 773 eversio
593 730 764 774 autem
801 719 990 774 similis
1025 720 1286 787 procellat,
1329 734 1446 774 cum
1475 719 1738 773 advenerit
1771 727 1944 774 autem

349 812 492 867 vobis
519 813 760 867 interitus
793 831 808 867 :
837 814 932 866 erit
958 813 1093 866 enim
1115 828 1234 865 cum
1259 829 1338 866 me
1359 811 1687 878 invocabitis,
1723 827 1816 883 ego
1843 827 1940 866 ttu-

351 915 452 958 tem
481 919 586 959 non
615 903 934 970 exaudiam;
961 915 1187 975 quaerent
1209 921 1290 959 me
1313 905 1437 960 mali
1457 914 1507 958 et
1534 921 1637 959 non
1655 904 1938 960 invenient.

353 999 588 1054 Oderunt
616 999 754 1053 enim
785 1000 1120 1069 sapientiam,
1157 999 1366 1054 verbum
1391 1008 1565 1054 autem
1599 997 1812 1053 Domini
1839 1015 1940 1052 non

347 1099 770 1158 assumpserunt,
812 1107 976 1161 neque
1018 1091 1294 1145 voluerunt
1334 1091 1459 1145 meis
1507 1091 1742 1144 consiliis
1775 1090 1940 1144 inten-

345 1179 472 1232 dere
511 1195 531 1234 :
569 1191 870 1250 spreverunt
901 1183 1039 1236 enim
1079 1198 1218 1235 meas
1256 1183 1640 1252 increpationes
1671 1199 1692 1237 .'
1723 1181 1941 1253 ideoque

343 1269 493 1324 edent
519 1271 615 1326 vite
634 1272 988 1341 amfractus,
1017 1283 1065 1326 et
1086 1289 1182 1328 sua
1203 1273 1466 1345 impietate
1489 1273 1798 1327 saturabunt
1823 1273 1940 1327 ani-

342 1378 471 1415 mas.
521 1361 662 1416 Nam
702 1364 824 1432 quia
875 1364 1201 1434 decipiebant
1251 1364 1518 1431 parvulos,
1563 1365 1940 1435 interﬁcientur

341 1451 527 1525 (Prov.
557 1470 596 1521 ι,
627 1454 743 1526 ει).
779 1454 1014 1512 interﬁci
1047 1465 1204 1512 certe
1232 1466 1408 1512 tecum
1461 1458 1837 1523 merebantur,
1884 1466 1940 1512 et

338 1548 561 1618 quidem
587 1565 616 1603 a
646 1550 782 1615 Deo,
806 1552 851 1605 si
870 1559 1048 1607 tecum
1069 1551 1165 1606 Dei
1193 1550 1468 1606 hominem
1494 1551 1791 1605 fuissemus
1812 1565 1935 1620 per-

337 1645 534 1700 secuti.
572 1645 679 1701 Sed
719 1647 996 1716 quomodo
1025 1647 1170 1702 istud
1201 1646 1568 1702 fecissemus?
1593 1645 1686 1715 qui
1723 1644 1939 1700 scieba-

2051 456 2264 501 centem
2298 455 2477 501 tecum
2511 461 2611 500 nos
2634 445 2946 502 interficere
2973 445 3246 500 traheris?
3277 445 3331 500 Si
3355 446 3501 500 enim
3525 458 3662 500 con~

2051 539 2324 594 tumeliam
2369 536 2590 594 facienti
2631 538 2884 592 irascitur
2927 537 3088 602 Deus,
3129 546 3332 606 quanto
3381 536 3552 606 magis
3598 535 3647 591 ei

2047 630 2138 700 qui
2192 629 2529 690 interfecerit
2571 628 2690 698 ejus
2737 630 3120 684 sacerdctem!
3157 629 3432 700 Scriptum
3474 626 3654 683 adhuc

2047 739 2154 776 non
2190 722 2466 778 retinebas
2497 740 2510 775 :
2544 721 2762 776 Initium
2801 725 2894 777 via:
2933 723 3099 792 bonae,
3130 724 3303 793 facere
3321 727 3475 797 justo
3501 739 3520 776 :
3553 739 3642 776 ac-

2046 824 2192 882 cepta
2219 823 2395 867 autem
2433 825 2555 868 sunt
2582 816 2726 884 apud
2757 813 3040 869 Domintm
3076 816 3238 887 magis
3270 831 3426 884 quam
3464 815 3650 868 immo-

2043 909 2152 964 lare
2178 908 2373 962 hostias
2401 907 2508 978 (Ib.
2543 924 2655 973 xu,
2677 907 2767 978 5);
2802 917 2859 962 ut
2891 919 2945 962 tu
2983 909 3179 978 iniusta
3213 925 3311 963 nos
3335 909 3519 964 facere
3544 923 3642 962 co-

2043 1000 2239 1071 geres?
2269 999 2373 1055 Sed
2400 999 2584 1054 etalio
2610 999 2766 1054 loco:
2798 1000 3120 1074 Quijustum
3141 1011 3288 1054 vocat
3310 1000 3336 1038 ι)
3367 1002 3642 1070 injustam,

2045 1094 2299 1162 iniustum
2351 1101 2521 1146 autem
2575 1102 2630 1146 ut
2677 1095 2924 1162 justum,
2973 1092 3334 1146 abominabilis
3387 1101 3460 1146 est
3502 1093 3644 1162 apud

2043 1182 2214 1239 Deum
2241 1183 2354 1257 (Ib.
2384 1200 2519 1250 xvii,
2554 1181 2664 1255 15).
2697 1184 3113 1240 Abominabiles
3149 1185 3268 1240 sine
3298 1183 3462 1239 dubio
3493 1199 3643 1239 esse-

2043 1294 2185 1344 mus,
2220 1279 2262 1331 si
2300 1288 2351 1332 te
2387 1277 2593 1346 justum
2649 1279 3168 1347 pronuntiaremus,
3211 1289 3263 1332 et
3312 1279 3485 1334 virum
3531 1278 3643 1334 Deo

2043 1380 2327 1441 acceptum
2354 1370 2710 1426 Athanasium
2733 1372 2991 1442 iniustum
3013 1372 3405 1442 iudicaremus.
3433 1371 3642 1439 Mirari,

2043 1466 2234 1535 inquit,
2265 1481 2541 1536 personam
2571 1464 2719 1534 impii
2748 1482 2849 1519 non
2881 1476 2955 1520 est
2986 1465 3199 1532 bonum,
3227 1482 3385 1536 neque
3405 1475 3642 1520 sanctum

2043 1561 2304 1615 declinare
2343 1561 2545 1628 justum
2589 1560 2643 1612 in
2679 1559 2888 1631 judicio
2936 1557 3046 1630 (Ib.
3081 1575 3234 1626 xvm,
3282 1559 3360 1629 5).
3398 1559 3475 1612 Tu
3506 1558 3643 1613 dicis

2041 1663 2236 1708 contra
2264 1652 2375 1722 -qui
2418 1653 2470 1706 iu
2525 1651 2676 1724 impii
2729 1666 2960 1720 persona
3015 1651 3216 1706 videris
3263 1651 3579 1721 descriptus
3619 1669 3634 1704 :

339 1757 460 1796 mus
492 1742 753 1812 scriptum
790 1761 801 1796 :
837 1742 964 1797 Noli
989 1744 1246 1814 fabricare
1273 1743 1327 1797 in
1353 1742 1579 1798 amicum
1598 1749 1746 1794 tuum
1769 1740 1927 1806 mala,
1963 1749 2010 1809 B
2035 1745 2292 1800 Damnata
2329 1747 2619 1810 insontem,
2652 1745 2842 1798 imitati
2869 1761 3037 1798 meam
3075 1745 3258 1816 injusti
3301 1760 3576 1814 personam
3619 1760 3637 1798 :

335 1833 390 1887 in
424 1835 649 1888 incolam
688 1846 737 1890 et
771 1837 1140 1904 conﬁdentem.
1181 1834 1310 1890 Noli
1347 1834 1650 1889 inimicitias
1688 1848 1928 1888 exercere

332 1924 582 1980 adversus
621 1928 880 1982 hominem
908 1929 1019 1982 sine
1065 1945 1243 1994 causa,
1285 1944 1349 1981 ne
1386 1927 1510 1997 quid
1549 1927 1642 1981 tibi
1687 1937 1928 1993 operetur

333 2019 532 2072 malum
575 2019 686 2088 (Ib.
733 2037 828 2086 In,
864 2019 982 2092 99).
1029 2013 1449 2091 Aut'numquid
1492 2034 1602 2074 non
1644 2026 1765 2073 erat
1809 2019 1929 2072 sine

331 2127 515 2179 causa,
543 2114 587 2168 si
613 2123 774 2184 prout
804 2115 1026 2170 insanus
1053 2115 1202 2168 furor
1227 2113 1680 2169 cobzereticorum
1708 2121 1925 2167 tuorum

333 2220 430 2272 per
473 2214 526 2258 te
560 2206 821 2274 jusserat,
868 2207 923 2262 in
971 2207 1322 2262 innocentem
1377 2207 1570 2262 mortis
1611 2203 1928 2260 tulissemus

328 2297 698 2351 sententiam?
726 2298 816 2354 Vae
845 2300 962 2360 tibi,
988 2299 1112 2368 quia
1141 2299 1356 2354 dictum
1387 2298 1458 2354 de
1488 2307 1537 2356 te
1569 2305 1927 2367 persecutore

333 2399 528 2443 nostro
566 2387 765 2448 video:
805 2391 1003 2446 Oculus
1034 2391 1471 2456 contumeliosus,
1507 2391 1688 2461 lingua
1723 2390 1922 2459 iniqua,

329 2499 511 2536 manus
535 2493 658 2538 sunt
683 2493 710 2521 ⁸
732 2484 1058 2552 infundentes
1081 2487 1388 2558 sanguinem
1400 2485 1558 2549 justi,
1579 2494 1627 2538 et
1643 2500 1737 2538 cor
1763 2482 1927 2552 fabri-

329 2591 452 2628 cans
492 2577 831 2646 cogitationes
861 2580 1052 2643 malas,
1079 2587 1128 2633 et
1170 2580 1324 2646 pedes
1352 2578 1655 2650 festinantes
1691 2577 1759 2629 ad
1789 2576 1925 2629 male

329 2669 624 2737 faciendum
651 2669 760 2740 (Ib.
797 2686 870 2736 vr,
909 2669 1022 2742 l7).
1057 2671 1256 2742 Legisti
1287 2687 1301 2724 :
1337 2669 1468 2736 Fili,
1499 2670 1701 2724 honora
1741 2667 1924 2723 Domi-

328 2776 475 2824 num,
521 2770 569 2814 et
613 2762 804 2817 valebis
825 2779 846 2817 :
876 2775 1065 2835 prater
1091 2780 1209 2817 eum
1238 2780 1301 2817 ne
1333 2765 1517 2818 timeas
1557 2764 1778 2816 alterunt
1808 2759 1919 2830 (Ib.

325 2868 421 2921 vn,
452 2853 539 2926 t);
567 2864 624 2910 et
652 2863 835 2911 tamen
863 2865 916 2912 te
946 2857 1124 2911 timeri
1157 2856 1400 2920 voluisti,
1433 2855 1600 2910 Deum
1632 2868 1764 2908 vero
1790 2868 1920 2908 cou-

325 2949 520 3002 temni.
559 2948 711 3005 Unde
736 2950 939 3006 etenim
972 2951 1151 3005 solum
1183 2951 1352 3005 Deum
1379 2949 1719 3019 potuerimus
1759 2962 1923 3017 repe-

325 3039 422 3096 riri
454 3051 787 3108 metuentes,
821 3043 864 3097 si
907 3043 1072 3098 minis
1102 3043 1208 3098 tuis
1237 3043 1685 3108 succumbentes,
1723 3041 1921 3096 absen-

2035 1851 2091 1896 et
2117 1841 2246 1895 licet
2275 1844 2390 1897 hazc
2415 1856 2516 1895 nos
2551 1840 2733 1896 facere
2771 1839 3038 1910 coegeris,
3071 1855 3192 1911 qua:
3217 1839 3378 1895 nobis
3413 1850 3639 1910 possent

2039 1936 2207 1990 Deum
2235 1949 2484 2006 quterere
2509 1934 2730 2000 iratum,
2753 1942 2933 1989 tamen
2960 1933 3245 1987 hortamur
3273 1941 3324 1987 te
3349 1931 3635 1988 inimicum

2033 2026 2315 2098 sospitatis
2364 2035 2587 2092 nostrae,
2627 2040 2696 2080 ex
2743 2024 2905 2096 impio
2948 2025 3095 2092 pium
3140 2022 3278 2091 ﬁeri,
3313 2023 3522 2078 salvum
3567 2037 3633 2077 ex

2033 2133 2202 2189 aegro,
2238 2119 2416 2173 vivum
2451 2133 2514 2172 ex
2561 2125 2802 2186 mortuo,
2850 2116 3166 2188 religiosum
3223 2131 3293 2171 ex
3335 2115 3632 2186 sacrilego.

2035 2211 2208 2280 Unde,
2257 2213 2459 2282 inquis,
2493 2210 2613 2266 bazc
2648 2209 2866 2280 assequi
2918 2209 3146 2281 potero?
3192 2208 3392 2278 quibus
3435 2209 3638 2264 rebus?

2030 2306 2227 2360 Desine
2257 2303 2509 2375 persequi
2529 2303 2623 2358 Dei
2646 2303 2906 2368 domum;
2932 2301 3122 2358 desine
3145 2301 3514 2372 proscribere,
3538 2300 3631 2361 de-

2028 2407 2268 2468 portare,
2300 2397 2614 2452 interficere
2644 2396 2763 2467 ejus
2795 2411 3020 2463 servos;
3053 2395 3230 2450 fatere
3265 2402 3322 2458 te,
3345 2393 3631 2450 [Christia-

2027 2507 2178 2559 num,
2206 2506 2496 2546 exsecrare
2525 2491 2814 2546 nobiscum
2845 2500 3124 2546 catervam
3161 2499 3481 2546 commento
3511 2489 3632 2543 dia—

2026 2585 2135 2641 boli
2187 2585 2474 2654 qumsitam
2524 2585 2898 2650 Arianorum;
2930 2583 3095 2638 crede
3142 2582 3303 2637 sicuti
3354 2581 3631 2638 credimus

2026 2693 2148 2745 nos,
2180 2678 2269 2748 qui
2303 2693 2370 2733 ex
2409 2677 2694 2732 beatorum
2727 2675 3112 2746 Apostolorum
3144 2673 3498 2730 successione
3530 2688 3626 2728 su-

2026 2784 2150 2823 mus
2195 2767 2444 2838 episcopi
2471 2784 2487 2833 ;
2513 2766 2778 2821 conlitere
2821 2765 3041 2819 unicum
3078 2763 3177 2818 Dei
3222 2762 3441 2830 Filium,
3474 2764 3635 2818 sicuti

2022 2861 2099 2916 illi
2127 2861 2365 2915 confessi
2394 2867 2542 2924 sunt,
2573 2873 2635 2913 ac
2656 2872 2757 2912 nos
2781 2856 3134 2923 confitemur;
3165 2863 3224 2912 et
3249 2856 3463 2910 veniam
3493 2870 3623 2910 con-

2023 2951 2272 3022 sequeris
2306 2958 2581 3006 tantorum
2610 2949 2907 3005 scelerum.
2939 2947 3142 3018 Legisti
3176 2947 3321 3002 enim
3351 2945 3491 3018 apud
3526 2947 3626 3001 Sa-

2023 3042 2297 3097 lomonem
2330 3058 2342 3094 :
2374 3039 2430 3094 Μ
2436 3057 2519 3102 ors
2540 3049 2587 3094 et
2614 3040 2720 3094 vita
2745 3040 2800 3093 in
2828 3038 3068 3092 manibus
3096 3037 3289 3108 lingua:
3310 3035 3474 3110 (Ibid.
3500 3035 3619 3109 2|),

328 3141 458 3199 lem,
491 3134 815 3197 inauditum.
837 3144 895 3190 et
921 3135 1142 3205 quidem
1165 3149 1316 3200 eum,
1347 3149 1510 3204 quem
1544 3134 1810 3188 sciremus
1827 3132 1912 3201 ju~
1945 3125 1989 3188 C
2021 3146 2077 3192 et
2121 3135 2260 3207 apud
2307 3136 2527 3192 beatum
2578 3134 2802 3188 Paulum
2839 3155 2850 3190 :
2888 3131 3060 3187 Corde
3092 3132 3323 3186 creditur
3359 3131 3427 3184 ad
3460 3133 3625 3202 justi-

325 3238 490 3289 stum.
543 3227 960 3284 damnaremus?
1005 3229 1263 3295 Salomon
1311 3228 1444 3284 dicit
1492 3245 1504 3281 :
1548 3227 1761 3284 Statera
1807 3227 1918 3282 doli

325 3319 640 3375 abominatio
666 3330 738 3376 est
763 3338 938 3375 coram
960 3321 1187 3378 Domino
1219 3339 1231 3377 :
1267 3324 1471 3394 pondus
1502 3332 1673 3377 autem
1713 3338 1917 3392 wquum

324 3420 594 3483 acceptum
619 3423 695 3468 est
727 3415 774 3466 ei
815 3412 922 3484 (Ib.
953 3429 1027 3480 ιι,
1061 3414 1137 3484 l).
1172 3413 1252 3468 Tu
1276 3423 1467 3469 contra
1507 3413 1766 3468 mandare
1808 3429 1914 3470 non

323 3503 565 3570 dubitas,
601 3504 854 3561 Dantnate
879 3507 1072 3577 injuste
1100 3507 1307 3579 judicio
1341 3508 1529 3570 virum,
1565 3506 1669 3560 hoc
1704 3514 1913 3561 rectum

325 3606 544 3666 putans,
573 3599 716 3669 quod
749 3615 1064 3668 perversum
1108 3612 1215 3655 est.
1249 3600 1442 3654 Adhuc
1476 3597 1734 3656 Salomon
1767 3597 1834 3653 de
1863 3606 1916 3652 te

321 3705 387 3746 ac
441 3690 541 3746 tibi
597 3692 866 3748 similibus
911 3710 922 3746 :
981 3692 1092 3748 Via:
1139 3693 1493 3764 insipientium
1545 3701 1696 3745 recte
1738 3707 1914 3746 coram

322 3783 451 3852 ipsis
479 3799 502 3838 :
530 3785 741 3840 exaudit
779 3795 952 3840 autem
993 3769 1217 3838 consilia
1253 3785 1463 3853 sapiens
1511 3782 1619 3853 (Ib.
1667 3798 1763 3851 xu,
1796 3784 1909 3852 15).

322 3875 600 3944 Damnata,
653 3879 854 3949 inquis,
904 3880 1291 3934 Athanasium:
1326 3890 1379 3934 et
1419 3879 1640 3949 quidem
1684 3878 1774 3935 ubi
1816 3893 1902 3935 va-

323 3969 436 4026 lere
485 3987 596 4028 non
651 3971 873 4042 potuisti
926 3973 1152 4042 ingenio
1199 3971 1538 4028 detestanda:
1590 3972 1914 4028 subtilitatis

322 4072 448 4132 tuae,
481 4064 690 4122 viribus
727 4067 942 4137 imperii
975 4069 1050 4124 tui
1083 4065 1322 4136 coepisti.
1355 4067 1429 4124 De
1468 4077 1519 4123 te
1559 4067 1741 4138 itaque
1777 4067 1914 4123 scri-

322 4165 474 4226 ptum
506 4159 733 4228 accipe:
766 4158 942 4214 Halus
979 4176 1096 4213 cum
1136 4160 1446 4214 contumelia
1485 4159 1591 4230 agit
1631 4158 1772 4213 mala
1801 4157 1908 4228 (Ib.

321 4265 438 4315 xm,
475 4248 593 4321 10);
622 4261 675 4306 et
699 4253 922 4314 iterum,
951 4253 1089 4321 quod
1113 4263 1280 4308 temet
1304 4252 1384 4307 sic
1407 4252 1598 4321 laqueo
1617 4252 1726 4321 jam
1754 4266 1916 4307 neca-

320 4345 486 4408 veris,
519 4344 780 4402 haerendo
806 4347 1048 4414 Arianis,
1083 4348 1244 4404 sicuti
1273 4358 1325 4402 et
1356 4348 1522 4402 Iudas
1543 4345 1797 4403 Scarioth
1821 4346 1918 4402 Ju-

319 4435 455 4490 dteis
489 4452 501 4489 :
533 4435 642 4492 Lex
663 4439 886 4506 sapit-nti
909 4441 1024 4508 fons
1047 4449 1118 4492 est
1150 4439 1285 4505 vitaz,
1311 4439 1502 4494 stultus
1528 4448 1702 4494 autem
1737 4440 1919 4508 laqueo

2027 3228 2172 3291 tiam,
2193 3243 2282 3282 ore
2305 3236 2475 3281 autem
2500 3227 2754 3298 confessio
2771 3226 2830 3296 ﬁt
2845 3225 2914 3279 ad
2935 3225 3150 3279 salutem
3175 3232 3196 3259 ο
3222 3221 3400 3292 (Rom.
3424 3237 3480 3283 χ,
3509 3223 3620 3291 10).

2029 3319 2320 3376 Meministi
2353 3318 2616 3389 scriptum
2641 3337 2652 3373 :
2674 3319 2840 3372 Testis
2865 3316 3033 3388 falsus
3060 3331 3161 3369 non
3186 3313 3467 3384 impunitus
3487 3315 3620 3379 erit;

2024 3424 2070 3469 et
2093 3415 2182 3485 qui
2211 3421 2421 3468 accusat
2452 3413 2642 3481 inique,
2679 3427 2780 3468 non
2812 3408 3018 3482 e/fugiet
3061 3406 3247 3480 (Prov.
3286 3421 3399 3474 nx,
3434 3406 3494 3476 5)
3525 3423 3538 3458 :
3570 3415 3624 3461 et

2026 3518 2205 3561 tamen
2239 3504 2384 3560 fuisti
2416 3518 2579 3558 ausus
2610 3502 2834 3558 inliciari
2859 3500 2886 3538 ἀ
2909 3501 3292 3557 Athanasium.
3325 3497 3444 3552 Non
3472 3499 3616 3552 enim

2023 3597 2178 3653 nobis
2228 3598 2401 3652 fuerat
2451 3596 2632 3664 aliqua
2681 3607 2844 3649 causa
2890 3608 3012 3648 cum
3058 3591 3285 3662 collegis
3314 3599 3477 3644 secta:
3509 3598 3610 3644 tum

2020 3691 2260 3756 Arianis,
2287 3705 2408 3744 cum
2437 3687 2661 3744 eosdem
2687 3686 2798 3757 jam
2829 3686 3039 3758 pridem
3076 3685 3170 3740 Dei
3205 3683 3447 3754 potentia
3487 3698 3605 3736 cum

2020 3784 2151 3838 Ario
2180 3781 2320 3852 apud
2353 3781 2609 3844 Nicazam,
2643 3791 2890 3848 tempore
2920 3792 3028 3850 quo
3068 3791 3175 3830 non
3218 3774 3399 3828 solum
3420 3781 3609 3827 contra

2020 3875 2410 3947 blasphemiam
2441 3883 2699 3938 vestram.
2725 3872 2820 3928 sed
2853 3880 2906 3928 et
2935 3879 3127 3928 contra
3154 3882 3350 3924 omnes
3374 3867 3614 3920 haereses

2021 3972 2155 4026 ﬁdes
2185 3969 2458 4040 descripta
2485 3975 2589 4036 est,
2618 3966 2990 4038 prnuniverit.
3017 3963 3157 4028 Non,
3187 3961 3431 4031 inquam,
3459 3957 3618 4015 nobis

2019 4084 2142 4126 cum
2189 4067 2297 4122 illis
2350 4062 2854 4137 pseudoepiscopis.
2906 4058 3144 4114 inimicis
3185 4054 3305 4119 Dei,
3340 4051 3620 4123 magistris

2022 4167 2150 4232 tuis,
2188 4165 2370 4234 aliqua
2417 4161 2591 4215 fuerat
2628 4159 2880 4230 quaestio,
2923 4165 2981 4210 ut
3020 4153 3220 4208 iterum
3261 4157 3448 4205 contra
3490 4161 3615 4202 eos-

2021 4259 2144 4316 dem
2176 4254 2611 4326 conﬂigeremus,
2651 4265 2787 4322 quos
2822 4248 2994 4304 semel
3029 4247 3174 4302 Deus
3220 4241 3510 4316 pepulerat
3548 4239 3617 4294 de

2020 4350 2218 4421 populo
2265 4361 2386 4402 suo.
2434 4345 2622 4416 Itaque
2669 4358 2810 4396 nunc
2857 4340 3013 4395 nobis
3065 4347 3242 4392 tecum
3287 4343 3372 4388 est
3427 4331 3616 4398 ratio,

2023 4443 2145 4515 quia
2191 4450 2246 4495 te
2290 4444 2568 4491 auctorem
2618 4432 2944 4495 institueris,
2986 4426 3131 4498 quod
3181 4424 3326 4479 enim
3377 4421 3621 4515 Atham-

318 4533 565 4588 morictur
598 4529 762 4604 (Ibid.
795 4532 906 4605 Μ).
933 4534 1131 4591 Adhuc
1157 4535 1357 4590 dicitur
1385 4535 1452 4590 de
1477 4544 1529 4592 te
1554 4553 1567 4589 :
1599 4534 1712 4590 Rex
1735 4535 1914 4590 audax
1943 4519 1989 4579 ί)
2019 4511 2131 4589 sius
2154 4531 2344 4585 fuisset
2367 4525 2494 4582 reus
2517 4535 2568 4580 ετ
2593 4537 2754 4595 quem
2792 4519 3098 4575 inauditum
3136 4515 3262 4586 quia
3292 4511 3487 4605 punire
3520 4523 3620 4564 no-

318 4623 510 4678 incidet
551 4625 606 4678 in
637 4626 777 4679 mala
811 4625 979 4695 (Ibid.
1025 4626 1135 4696 i7).
1168 4624 1364 4696 Utique
1411 4625 1661 4681 incidisti
1702 4626 1754 4680 in
1796 4625 1912 4680 bro

321 4717 485 4780 mala,
515 4717 639 4786 quia
673 4717 812 4772 nihil
849 4718 1139 4788 sapientiae
1169 4717 1263 4774 tibi
1307 4717 1628 4788 reliqueris,
1661 4717 1910 4789 negando

321 4809 540 4864 unicum
593 4809 689 4865 Dei
734 4809 953 4874 Filium,
998 4809 1092 4866 sed
1146 4818 1316 4865 totum
1364 4817 1531 4865 temet
1583 4809 1818 4864 verteris
1859 4810 1912 4869 in

318 4901 631 4964 stultitiam,
666 4918 785 4972 qua:
810 4917 901 4957 res
928 4901 1169 4956 effecerit
1203 4912 1252 4955 te
1285 4909 1532 4955 mat-tare
1560 4900 1671 4955 Deo
1694 4901 1912 4954 charos.

318 4995 593 5068 Scriptum
641 5008 722 5051 est
756 5015 768 5050 :
803 4996 1028 5065 Sapiens
1071 4994 1298 5049 timendo
1344 4995 1623 5050 declinabit
1665 5011 1701 5047 ο
1745 4993 1910 5061 male,

317 5089 573 5156 insipiens
591 5099 761 5143 autem
785 5090 1023 5141 miscetur
1044 5087 1308 5153 conﬁdens
1322 5088 1501 5155 iniquo
1520 5085 1624 5159 (Ib.
1654 5102 1769 5152 xw,
1798 5086 1908 5158 16).

317 5179 436 5238 Non
463 5181 678 5251 legeras
717 5181 983 5252 scriptum
1021 5197 1034 5234 :
1073 5180 1175 5246 Qui
1219 5181 1586 5238 contumeliam
1614 5181 1741 5251 facit
1778 5198 1909 5250 pau-

391 5335 415 5360 ’ί
450 5323 586 5379 Sunt
612 5323 759 5378 delet
780 5323 967 5380 Sabat.

391 5393 606 5478 b‘Yers.
643 5400 772 5454 Ant.
795 5395 1075 5456 Iudicat...
1106 5395 1357 5466 injustam
1383 5410 1501 5449 vero
1518 5399 1738 5467 justum,
1765 5409 1915 5449 exse-

322 5466 551 5522 crabilis.

395 5551 415 5578 ε
449 5538 604 5592 Vers.
633 5538 764 5594 Ant.
799 5535 866 5590 In
891 5537 1132 5592 salutem.

329 5684 341 5696 -
391 5609 426 5693 ἀ.
453 5608 708 5696 Pro‘falti
733 5609 966 5696 criminis
1001 5625 1248 5664 accusare
1285 5607 1646 5672 Athanasium,
1679 5616 1728 5659 et
1763 5606 1809 5660 ei
1837 5606 1918 5660 in-

322 5682 514 5751 iuriam
545 5684 733 5751 facere.
764 5680 872 5738 Til.

400 5761 423 5788 ο
455 5752 531 5816 Ex
560 5751 741 5821 Latin.
770 5761 825 5807 et
851 5751 954 5818 Til.
991 5762 1150 5808 antea
1183 5769 1342 5812 metu.

2021 4625 2302 4688 luerimus,
2353 4619 2516 4674 homo
2539 4617 2628 4687 qui
2663 4624 2832 4670 temet
2869 4619 3062 4666 testem
3103 4608 3276 4665 scires
3304 4604 3526 4665 falsum,
3558 4611 3619 4656 ut

2022 4715 2131 4771 fera
2161 4711 2414 4769 immanis
2447 4724 2510 4764 ac
2548 4707 2723 4762 bellua
2763 4701 2976 4772 cmpisti
3011 4714 3110 4754 uos
3151 4712 3277 4753 cum
3311 4693 3614 4751 Athanasio

2016 4809 2158 4864 velle
2206 4791 2424 4879 punire,
2487 4812 2758 4872 tamquam
2816 4795 3162 4854 frendoribus
3208 4794 3227 4832 ί
3281 4791 3386 4846 tuis
3439 4787 3617 4860 possis

1961 4935 1964 4938 -
2017 4915 2301 4958 servorum
2336 4897 2430 4952 Dei
2464 4895 2701 4966 vigorem
2747 4905 3024 4962 superare.
3070 4888 3227 4943 Licet
3264 4884 3412 4941 enim
3455 4881 3611 4938 Salo-

2019 5011 2142 5050 mou
2171 4993 2347 5047 dicat:
2381 4989 2540 5059 Regis
2564 4997 2589 5036 8
2610 4988 2765 5041 mina:
2795 4971 2988 5040 similes
3018 4989 3135 5036 sunt
3158 4976 3430 5051 gemitibus
3448 4971 3611 5026 leonis

2018 5085 2181 5158 (Ibid.
2212 5084 2300 5151 μὶ)
2321 5123 2335 5149 ,
2358 5091 2541 5136 tamen
2571 5079 2808 5150 gemitus
2828 5075 2904 5130 tui
2937 5071 3140 5129 leonini
3169 5075 3363 5126 contra
3391 5077 3492 5120 nos
3517 5064 3615 5115 lia-

2018 5183 2148 5238 bere
2173 5179 2428 5235 virtutem
2455 5191 2560 5232 non
2593 5180 2869 5245 poterunt.
2895 5168 3110 5239 Quare?
3137 5165 3261 5238 quia
3285 5163 3362 5216 sis
3383 5169 3440 5215 tu
3475 5172 3616 5228 pree-

2095 5318 2112 5357 ῐ
2147 5317 2202 5375 Id
2233 5326 2336 5380 est,
2362 5315 2559 5371 rabidis
2597 5311 2926 5366 clamoribus.
2953 5305 3081 5380 (Vox
3112 5299 3342 5380 barbara
3381 5295 3611 5380 af'erblo

2019 5367 2210 5446 Latiub
2497 5367 2735 5462 frendens
2757 5381 2907 5462 enim
2933 5377 3156 5462 dicitur,
3185 5369 3332 5443 quod
3363 5367 3614 5421 minando

2022 5447 2470 5534 frangat'dentes';
2497 5447 2730 5534 itaisid-
2756 5447 3152 5534 in.EW{“f’_‘-.,_
3206 5511 3385 5534 ‘_,_‘_,,_._
3417 5508 3537 5534 ψη,

2097 5507 2478 5585 evasisti.
2505 5507 2688 5592 an...
2725 5522 2862 5593 regis
2902 5507 3158 5593 τῖμίηεςαιίο
3199 5511 3385 5593 emite
3417 5507 3614 5593 me"?

2025 5605 2210 5659 leonis.
2243 5602 2392 5656 Alius
2424 5585 2693 5662 Interpres
2720 5585 2894 5648 Gr'aac.
2931 5585 3242 5662 inillexapl.
3274 5596 3372 5652 pro
3395 5585 3611 5662 rugitui,

2026 5650 2448 5754 eiecisset
2470 5650 2737 5754 «me
2751 5663 2983 5754 ,υνξιξὶίιέδ
2999 5650 3619 5754 istiisti???”

2029 5723 2452 5808 illréi‘iiis'ciac.
2475 5723 2558 5794 est
2583 5723 2786 5802 ἀτὲὲιλήζ
2815 5723 2976 5798 mina,
3005 5731 3094 5786 ubi
3112 5727 3269 5786 Vera.
3291 5723 3418 5781 Ant.
3443 5723 3543 5780 ira.
