4148 6186
506 242 614 300 853

1587 242 1912 301 LUCIFERI
1952 242 2263 301 EPISCOPI
2303 242 2723 301 CALARITANI

3708 245 3822 304 858

501 375 696 416 cursor
742 358 1081 425 antichristi,
1137 368 1192 413 et
1237 372 1338 413 nos
1385 371 1575 413 sumus
1625 358 1826 414 milites
1873 357 2098 414 Christi.
2129 362 2181 423 Α
2206 367 2356 430 ptum
2384 378 2396 414 :
2427 358 2611 414 Libera
2635 377 2719 415 eos
2745 361 2831 430 qui
2859 361 3120 416 ducuntur
3148 362 3218 416 ad
3238 370 3475 429 mortem,
3500 371 3546 417 el
3566 364 3822 419 redimere

502 453 723 522 Quare?
752 452 875 522 quia
901 451 1150 506 homines
1176 450 1272 505 Dei
1304 450 1527 505 vincere
1558 465 1663 506 non
1693 452 1874 507 valeas
1897 461 1952 506 tu
1980 466 2102 521 per-

502 554 723 602 secutor
753 544 870 614 ejus
896 544 1197 615 religionis.
1233 544 1362 599 Item
1388 544 1495 597 alio
1523 544 1662 611 loco,
1698 542 1871 611 Nihil,
1902 545 2099 616 inquit,

500 641 712 693 interest
733 639 866 693 inter
889 640 1057 692 minos
1087 638 1221 709 regis
1248 649 1293 691 et
1312 641 1442 693 iram
1461 639 1626 692 leonis
1653 640 1710 708 ἰ(
1721 638 1876 695 Prov.
1899 656 1989 705 xx,
2017 639 2098 712 ἓ).

502 732 644 801 Quid
679 734 779 785 hoc
810 731 875 785 ad
910 732 1004 786 Dei
1035 746 1250 799 servos,
1281 731 1371 801 qui
1404 743 1602 802 praater
1632 732 1802 801 Deum
1829 736 2101 789 neminem

500 840 624 880 esse
649 824 950 880 timendum
981 824 1366 879 statuerimus?
1388 826 1477 895 qui
1503 826 1555 880 in
1579 841 1740 881 manu
1774 827 1863 881 Dei
1892 828 2102 883 animas

502 922 707 990 positas
740 928 958 975 nostras
992 919 1441 974 meminerimus?
1475 930 1703 990 possunt
1743 922 1950 993 rugitus
1982 931 2102 978 tuos

505 1015 697 1069 timere
726 1013 966 1068 coariani
1000 1013 1070 1066 tui
1095 1054 1109 1079 ,
1140 1012 1266 1081 quia
1300 1012 1420 1067 sitis
1447 1013 1566 1067 siue
1597 1013 1785 1068 notitia
1816 1014 1943 1080 Dei,
1977 1015 2100 1083 quia

499 1107 604 1160 sint
636 1106 856 1160 minime
879 1121 1027 1160 arma
1053 1105 1080 1143 ι)
1118 1106 1211 1159 Dei
1241 1104 1432 1160 induti.
1453 1105 1722 1163 Caeterum
1759 1108 1849 1163 Dei
1880 1108 2101 1165 domes-

503 1201 592 1255 tici
628 1199 871 1254 ridemus
905 1200 1111 1269 rugitus
1152 1210 1274 1255 tuos
1304 1200 1446 1256 leoni
1478 1202 1704 1257 similes.
1735 1202 1953 1269 Quare?
1976 1204 2101 1275 quia

504 1294 678 1350 feram
715 1302 766 1349 te
795 1303 1210 1364 cognoscentes,
1241 1295 1398 1363 cujus
1429 1297 1640 1366 rugitus
1667 1296 1867 1352 habere
1896 1298 2104 1353 descri-

500 1388 667 1449 beris.
701 1387 976 1442 rideamus
1006 1396 1060 1442 te
1091 1388 1265 1458 magis
1293 1390 1395 1445 sub
1427 1388 1597 1460 figura
1629 1388 1867 1445 hominis
1897 1392 2102 1446 consti-

500 1488 671 1534 tutam
698 1479 942 1534 rabidam
992 1480 1160 1535 feram
1209 1489 1529 1547 cernentes,
1571 1497 1731 1552 quam
1781 1482 2100 1551 timeamus,

502 1590 729 1630 necesse
752 1585 853 1629 est.
889 1576 995 1629 Sed
1021 1574 1066 1628 si
1115 1590 1221 1630 non
1269 1590 1329 1630 es
1372 1576 1483 1630 fera
1522 1575 1624 1629 sub
1666 1576 1901 1647 imagine
1929 1577 2103 1633 latens

501 1667 774 1733 hominis,
804 1667 994 1722 dicito.
1038 1667 1237 1737 Legisti
1282 1667 1422 1735 apud
1456 1666 1805 1722 Salomonem
1836 1686 1848 1720 :
1895 1667 2101 1722 Miseri-

500 1761 682 1814 cordia
711 1770 757 1813 et
798 1767 985 1813 veritas
1016 1761 1181 1814 tutela
1221 1769 1298 1814 est
1334 1761 1476 1830 regi,
1528 1770 1575 1814 et
1614 1762 1931 1815 circumeunt
1966 1763 2103 1835 justi

497 1852 669 1907 sedem
700 1855 809 1924 ejus
857 1850 1029 1920 (Ibid.
1060 1849 1185 1922 28).
1220 1851 1353 1906 Cum
1400 1860 1451 1906 te
1491 1863 1680 1907 contra
1722 1863 1937 1908 caterva
1990 1868 2104 1908 ma-

500 1945 771 2016 lignorum
801 1946 1246 2013 circnmsepserit
1278 1944 1604 1999 Arianorum
1630 1986 1644 2009 ,
1673 1955 1729 1999 et
1758 1960 1879 2000 esse
1910 1960 2104 2000 cerna-

499 2051 621 2094 mus
669 2038 1061 2093 misericordiae
1110 2038 1452 2108 punitorem,
1498 2037 1745 2092 veritatis
1786 2046 2104 2094 exsecratu-

502 2145 617 2186 rem
645 2174 659 2190 .
688 2131 816 2200 quid
850 2145 971 2185 esse
1000 2130 1146 2184 aliud
1181 2138 1232 2185 te
1256 2129 1625 2199 iudicabimus
1646 2172 1662 2199 ,
1696 2131 1798 2185 nisi
1841 2130 2007 2186 feram
2042 2147 2106 2186 ac

500 2225 777 2281 belluam?
801 2225 1058 2280 excitaris
1087 2225 1139 2279 in
1170 2240 1300 2291 nos,
1332 2234 1391 2279 ut
1422 2225 1505 2279 leo
1537 2226 1789 2296 rugiens,
1824 2226 1969 2295 quod
2004 2226 2107 2280 mi-

499 2317 857 2372 sericordiam
887 2326 942 2370 et
972 2318 1259 2370 veritatem
1290 2316 1611 2385 diligamus,
1640 2316 1787 2387 quod
1815 2331 1919 2371 non
1948 2317 2104 2371 inno-

498 2416 711 2464 centem
735 2416 793 2463 et
818 2408 1023 2477 justum
1066 2408 1468 2475 puniverimus,
1496 2418 1550 2462 et
1591 2410 1877 2464 arbitraris
1909 2425 2016 2463 non
2054 2419 2106 2465 te

502 2518 624 2558 esse
664 2502 957 2557 immanem
1000 2500 1173 2556 feram
1213 2516 1275 2555 ac
1303 2500 1540 2567 belluam
1575 2501 1969 2558 saevissimam?
1998 2501 2106 2557 Sed

502 2611 626 2667 quae
676 2606 727 2651 te
770 2596 1025 2650 voluntas
1073 2595 1141 2648 ad
1184 2594 1302 2651 htec
1342 2598 1704 2667 perpetranda
1758 2597 2105 2667 perduxerit,

504 2704 730 2761 prorsus
761 2690 946 2745 videre
968 2706 1072 2745 non
1099 2705 1344 2759 possum,
1373 2701 1432 2745 ut
1460 2692 1871 2760 totiusjustilite
1899 2694 2110 2764 episco—

502 2796 631 2852 pum
684 2780 1050 2845 ratholicum,
1105 2780 1319 2836 Domini
1366 2783 1706 2838 sacerdotem
1762 2784 1960 2841 fuisses
2013 2786 2108 2841 tali

502 2873 670 2929 exitio
690 2882 1028 2942 persecutus.
1051 2872 1320 2944 Numquid
1342 2890 1449 2930 non
1470 2876 1800 2931 memineras
1819 2878 2105 2946 scriptum:

502 2963 701 3018 Facere
709 2965 994 3035 justitiam,
1011 2975 1055 3018 et
1081 2982 1307 3019 ueracem
1323 2983 1450 3031 esse,
1470 2968 1637 3037 placet
1654 2966 1763 3023 Deo
1780 2970 1943 3039 magis
1956 2987 2111 3040 quam

507 3058 794 3112 hostiarum
829 3059 1039 3129 sanguis
1064 3056 1231 3130 (Ibid.
1262 3075 1373 3125 χχι,
1407 3060 1499 3128 5)?
1527 3060 1790 3132 Displicet
1819 3063 1911 3116 tibi
1936 3062 2109 3117 Atha-

2204 470 2292 508 eos
2320 453 2407 522 qui
2435 454 2818 523 interﬁciuntur
2839 496 2854 520 ,
2886 472 2950 510 ne
2975 472 3163 525 parcas
3190 452 3237 510 ά.
3270 456 3333 513 Si
3371 467 3543 511 autem
3584 457 3778 512 dixeris
3799 499 3817 524 ,

2206 544 2397 601 Nescio
2437 546 2605 614 hunc,
2635 550 2761 602 scito
2808 549 3058 619 quoniam
3092 548 3346 605 Dominus
3386 550 3547 605 corda
3578 551 3815 605 omnium

2206 641 2343 694 novit
2365 656 2384 694 :
2415 651 2461 695 et
2488 642 2577 711 qui
2601 641 2844 711 ﬁguravit
2876 644 3118 713 spiritum
3140 645 3378 700 omnibus
3405 646 3532 712 illis,
3564 646 3659 699 scit
3692 663 3809 700 om-

2206 737 2293 790 nia
2312 779 2326 803 ,
2355 738 2442 807 qui
2463 738 2634 792 reddit
2678 739 2953 810 unicuique
2979 740 3264 794 secundum
3306 758 3465 811 Opera
3490 742 3608 811 ejus
3640 741 3815 812 (Ibid.

2207 845 2355 894 xxiv,
2392 830 2518 902 11).
2549 832 2630 886 Ad
2661 832 2810 897 hazc,
2848 843 2898 887 te
2929 833 3178 900 dicente,
3208 832 3464 889 Damnate
3505 833 3606 889 Dei
3647 838 3823 890 cultor

2204 939 2331 988 rem,
2349 922 2685 995 derelinquite
2705 924 2860 994 ﬁdem
2884 926 3246 996 apostolicam,
3271 928 3516 997 suscipite
3537 929 3823 1000 perﬁdiam

2206 1031 2402 1080 meam,
2437 1018 2623 1087 utique
2662 1026 2714 1071 te
2754 1020 2932 1088 aperit
2979 1033 3101 1074 esse
3128 1018 3405 1076 hominem
3439 1022 3816 1087 pestilentem.

2207 1106 2351 1162 Deus
2382 1108 2537 1163 nobis
2579 1109 2871 1165 subvenire
2903 1120 2925 1146 ε’
2959 1112 3074 1167 vult
3113 1112 3165 1166 in
3214 1111 3491 1181 pressuris
3520 1122 3686 1180 atque
3714 1128 3819 1167 an-

2205 1198 2397 1268 gustiis
2422 1199 2771 1266 constitutis;
2806 1211 2863 1257 et
2891 1211 2947 1256 tu
2974 1217 3094 1269 eos,
3127 1217 3267 1272 quos
3299 1202 3624 1259 benefacere
3654 1219 3824 1274 opor-

2206 1297 2307 1356 tet,
2340 1293 2478 1347 male
2507 1293 2683 1347 facere
2708 1310 2891 1364 urges,
2924 1304 2979 1349 et
3006 1294 3225 1364 quidem
3252 1295 3556 1351 admovens
3578 1311 3664 1359 ea,
3694 1312 3818 1366 qua:

2206 1384 2401 1439 timere
2436 1383 2455 1421 τ
2490 1400 2651 1454 posse
2676 1385 3035 1441 existimaris.
3060 1386 3305 1442 Adverte
3330 1386 3446 1458 jam
3476 1388 3522 1442 si
3547 1402 3654 1442 non
3686 1389 3737 1443 in
3766 1397 3821 1444 te

2206 1477 2277 1532 sit
2300 1477 2521 1532 morbus
2546 1478 2637 1534 ille
2658 1480 2750 1549 qui
2778 1488 3004 1535 vocatur
3031 1481 3227 1551 pestis,
3258 1488 3343 1535 est
3374 1479 3600 1535 morbus
3620 1479 3687 1536 ad
3711 1480 3819 1537 hoc

2208 1569 2419 1635 valens,
2448 1580 2507 1624 ut
2533 1587 2640 1625 non
2674 1571 2847 1626 solum
2880 1587 3139 1642 corpora,
3169 1572 3262 1627 sed
3287 1582 3343 1627 et
3372 1572 3585 1627 animas
3613 1573 3822 1627 morbi-

2206 1663 2303 1718 das
2332 1665 2511 1734 possis
2537 1663 2759 1720 efﬁcere
2782 1708 2796 1731 ,
2822 1681 3009 1720 eorum
3043 1666 3296 1721 videlicet
3325 1667 3415 1736 qui
3443 1676 3495 1721 te
3522 1666 3696 1722 velint
3722 1682 3821 1721 au-

2132 1761 2180 1820 B
2206 1756 2325 1813 dire
2350 1757 2626 1814 dicentem
2655 1777 2667 1812 :
2701 1758 2954 1814 Damnate
2979 1759 3186 1814 Domini
3215 1760 3519 1827 antistitem,
3545 1761 3823 1828 repudiate

2207 1850 2363 1919 ﬁdem
2394 1867 2547 1921 quam
2576 1866 2775 1919 semper
2807 1851 2969 1903 tenuit
2998 1851 3212 1905 ecclesia
3233 1892 3248 1917 ,
3283 1860 3330 1904 et
3375 1850 3623 1915 suscipite
3648 1868 3818 1907 meam

2206 1957 2362 2011 quam
2413 1941 2625 1995 tradidit
2674 1942 2846 1995 Arius.
2892 1941 3238 2007 Erubescere,
3267 1942 3441 2013 inquit
3469 1953 3655 1999 sancta
3686 1946 3824 2000 scri-

2210 2046 2389 2106 ptura.
2422 2051 2696 2105 personam
2722 2036 2776 2089 in
2792 2030 3130 2105 judicio'non
3157 2045 3230 2090 est
3257 2036 3447 2091 bonum
3469 2053 3487 2091 :
3513 2047 3563 2092 et
3583 2039 3672 2107 qui
3697 2039 3823 2092 dicit

2209 2129 2426 2199 impium
2442 2132 2648 2202 justum
2677 2145 2815 2197 esse,
2846 2130 3156 2184 maledictus
3180 2131 3276 2184 erit
3306 2131 3359 2183 in
3385 2130 3609 2202 papulis,
3634 2141 3680 2184 et
3706 2132 3826 2185 odi—

2211 2223 2326 2277 bilis
2351 2223 2607 2295 gentibus.
2643 2221 2781 2277 Nam
2810 2225 2896 2294 qui
2924 2232 3171 2293 arguunt,
3197 2223 3412 2278 meliora
3445 2232 3469 2270 8
3500 2222 3777 2295 sperabunt
3802 2238 3824 2277 :

2210 2316 2263 2369 in
2305 2316 2447 2384 ipsos
2497 2324 2670 2369 autem
2715 2317 2884 2371 veniet
2915 2315 3200 2370 benedictio
3243 2315 3439 2387 optimo
3489 2314 3654 2386 (Ibid.
3696 2313 3818 2385 23).

2211 2410 2277 2466 Et
2311 2421 2365 2466 tu
2396 2412 2723 2468 existimaui
2745 2413 3073 2469 erubescere
3111 2429 3212 2467 nos
3245 2414 3489 2484 potuisse
3528 2427 3819 2483 personam

2212 2512 2380 2569 tuam,
2414 2513 2469 2558 et
2499 2504 2761 2559 damnare
2786 2520 2915 2560 eum
2936 2520 3099 2575 quem
3126 2505 3300 2560 scires
3329 2505 3494 2559 etiam
3523 2505 3637 2575 ipse
3659 2503 3819 2559 inuo-

2212 2605 2425 2651 centem
2447 2636 2463 2662 ,
2489 2610 2649 2664 quem
2689 2597 2962 2651 retineres
2992 2610 3114 2651 esse
3156 2612 3315 2651 reum
3349 2597 3404 2651 in
3437 2596 3539 2651 hoc
3570 2605 3776 2651 tantum
3801 2638 3815 2661 ,

2212 2693 2355 2763 quod
2399 2692 2635 2747 noluerit
2677 2706 2736 2746 se
2784 2706 2910 2747 esse
2952 2706 3154 2762 negare
3197 2689 3575 2746 christianum.
3605 2690 3821 2746 Interea

2213 2784 2335 2856 quia
2369 2794 2422 2840 te
2452 2799 2742 2853 arguamus
2778 2786 2973 2838 mortis
3012 2784 3115 2838 iter
3147 2792 3456 2848 tenentem,
3489 2782 3613 2852 quia
3642 2782 3819 2837 corri~

2215 2876 2457 2946 piamus,
2491 2874 2765 2944 conspicis
2803 2888 2928 2946 quae
2973 2874 3131 2928 nobis
3174 2888 3388 2928 merces
3432 2874 3815 2944 promittatur:

2214 2970 2395 3040 Aperi,
2427 2972 2558 3027 dicit
2588 2971 2883 3041 Pmpheta,
2932 2986 2987 3024 os
3027 2980 3173 3025 tuum
3214 2968 3368 3023 verbo
3411 2967 3530 3034 Dei,
3555 2978 3605 3021 et
3634 2968 3819 3041 judico

2216 3064 2448 3118 omnibus
2469 3064 2663 3135 integre
2683 3080 2701 3117 :
2734 3064 2880 3133 aperi
2903 3080 2960 3117 os
2990 3072 3131 3116 tuum
3154 3072 3200 3116 et
3216 3062 3403 3133 judico
3437 3064 3589 3134 justo
3630 3059 3807 3133 (Ibid.

503 3149 872 3217 nasius,quod
893 3149 1243 3205 traditionem
1280 3151 1561 3206 beatorum
1593 3155 1964 3223 apostolorum
1992 3169 2116 3209 cus—
2141 3154 2186 3217 C
2221 3173 2370 3222 xxxr,
2395 3157 2472 3229 8).
2502 3156 2571 3211 Et
2601 3166 2653 3211 tu
2693 3157 2826 3212 dicis
2847 3198 2861 3223 ,
2898 3155 3152 3211 Damnate
3189 3156 3561 3211 innocentem?
3592 3155 3822 3211 Retineo

506 3243 709 3310 todiat,
733 3243 877 3314 quod
910 3258 970 3299 se
999 3242 1353 3298 christianum
1379 3244 1633 3310 fateatur,
1657 3246 1801 3316 quod
1831 3247 1965 3300 nolit
1993 3262 2113 3303 esse

503 3347 811 3409 coapostata
847 3349 988 3392 tuus.
1017 3337 1133 3392 Non
1165 3339 1491 3405 mirandum;
1522 3340 1955 3411 quandoquidem
1980 3344 2116 3398 scri-

509 3440 659 3501 ptum
704 3439 987 3484 teneamus
1027 3449 1039 3484 :
1084 3431 1305 3486 Sanctus
1348 3442 1517 3486 autem
1546 3434 1842 3488 immundus
1873 3445 1945 3489 est
1976 3436 2115 3506 apud

511 3524 675 3578 malos
697 3521 865 3593 (Ibid.
898 3522 1008 3593 15).
1037 3523 1201 3578 Vobis
1233 3525 1483 3595 malignis
1512 3526 1766 3597 displicet
1798 3528 1862 3594 is,’
1887 3530 1975 3599 qui
2004 3529 2115 3585 Deo

510 3616 752 3685 placeat,
789 3615 879 3669 tibi
929 3617 1232 3684 praesertim
1282 3619 1576 3674 temerario
1620 3635 1683 3675 ac
1722 3622 1992 3690 superbo,
2024 3623 2116 3694 qui

513 3708 836 3763 temerarius
877 3707 1004 3762 hinc
1040 3723 1162 3763 esse
1188 3709 1512 3780 intelligeris
1550 3726 1614 3764 ac
1640 3714 1945 3783 superbus,
1971 3715 2115 3786 quod

514 3811 701 3856 contra
752 3802 845 3857 Dei
891 3802 1290 3859 ordinationem
1335 3804 1632 3861 tetenderis
1675 3822 1931 3874 manum,
1973 3807 2117 3879 quod

506 3895 863 3965 apostolicam
881 3895 1226 3951 traditionem
1248 3898 1526 3966 putaveris
1546 3897 1953 3965 destruendam,
1974 3899 2116 3970 quod

510 3988 798 4060 episcopos
819 4031 833 4055 ,
862 3991 965 4044 sub
1005 4006 1236 4059 quorum
1285 4003 1335 4046 te
1367 3992 1733 4049 sollicitudine
1764 4010 1924 4064 agerc
1954 4010 2116 4064 opor-

512 4087 722 4139 tuerat.
769 4081 870 4133 sub
922 4090 1064 4134 tuam
1112 4082 1377 4137 ditionem
1429 4085 1709 4139 censueris
1760 4086 2114 4155 redigendos.

510 4171 650 4241 Quid
692 4172 857 4241 igitur
905 4172 982 4226 sis
1035 4174 1308 4243 intellige,
1343 4176 1573 4230 audiens
1618 4191 1717 4246 per
1756 4177 2114 4245 (Salomonem

512 4263 658 4335 quod
692 4263 787 4317 tibi
816 4264 885 4318 sit
908 4264 1145 4334 superbo
1176 4283 1372 4322 nomen
1400 4286 1412 4320 :
1448 4268 1775 4324 Temerarius
1793 4282 1843 4327 et
1870 4275 2118 4343 superbus

511 4358 801 4429 pestilentia
845 4358 1108 4414 vocabitur
1143 4360 1325 4429 (Ibid.
1376 4361 1507 4435 24).
1553 4363 1826 4421 Pestilens
1873 4367 2000 4423 licet
2042 4369 2119 4424 sis

508 4450 704 4519 homo,
742 4460 921 4506 tamen
971 4453 1163 4507 morbo
1195 4463 1286 4508 tuo
1328 4471 1526 4512 vexare
1567 4472 1669 4513 nos
1714 4473 1822 4513 non
1873 4463 2113 4530 poteris,

2219 3251 2435 3323 quidem
2461 3252 2635 3307 sacris
2660 3249 2685 3286 ιι
2710 3250 2998 3306 continens
3030 3251 3316 3321 scripturis
3343 3269 3356 3305 :
3387 3249 3515 3305 Noli
3556 3251 3825 3323 superbire

2220 3361 2395 3399 coram
2414 3362 2530 3418 rege
2572 3344 2739 3415 (Ibid.
2770 3361 2896 3412 xxv,
2927 3344 2985 3416 6)
3016 3362 3029 3399 :
3065 3343 3159 3400 sed
3189 3345 3235 3398 si
3265 3345 3406 3399 intra
3440 3345 3696 3399 terminos
3724 3359 3827 3414 po-

2222 3439 2434 3493 testatis
2461 3447 2563 3491 tusc
2590 3452 2712 3492 esse
2738 3437 3025 3504 voluisses,
3052 3445 3106 3491 et
3135 3436 3407 3504 superbus
3434 3434 3449 3472 ί
3485 3435 3821 3491 exstitissem

2222 3542 2275 3586 te
2303 3538 2489 3585 contra
2509 3572 2524 3597 ,
2558 3546 2615 3584 re
2645 3545 2773 3586 vera
2815 3531 2932 3599 ipse
2972 3544 3059 3584 me
3090 3538 3147 3583 ut
3177 3528 3655 3599 praevaricatorem
3686 3528 3825 3600 legis

2222 3625 2691 3681 condemnassem.
2752 3623 2905 3679 Nunc
2952 3638 3083 3678 vero
3126 3624 3251 3693 quia
3293 3621 3580 3677 homicidae
3622 3622 3718 3677 tibi
3758 3637 3827 3679 ac

2223 3718 2490 3788 sacrilego
2511 3733 2639 3772 vera
2668 3716 2941 3777 dicamus.
2961 3732 3067 3771 non
3091 3716 3282 3787 utique
3307 3725 3582 3787 tamquam
3603 3716 3827 3786 superbi

2224 3812 2400 3883 puniri
2432 3811 2790 3877 merebimur,
2817 3812 2913 3867 sed
2939 3812 3111 3881 magis
3136 3810 3372 3882 prarmiis
3393 3809 3697 3866 afﬁciemur
3714 3824 3827 3867 cce-

2224 3906 2485 3971 lestibus,
2516 3904 2660 3975 quod
2687 3904 2790 3959 tibi
2816 3904 3023 3959 erranti
3056 3918 3164 3957 non
3209 3902 3637 3973 pepercerimus.
3671 3901 3823 3958 Scri-

2222 4007 2373 4070 ptum
2396 4008 2514 4054 esr:
2543 3998 2841 4070 Flagellum
2862 4015 3010 4070 equo,
3026 4008 3073 4053 et
3094 3998 3362 4054 stimulum
3387 3998 3400 4049 i
3433 4000 3606 4063 asino,
3627 3998 3825 4071 uirgam

2223 4106 2393 4148 autem
2419 4098 2555 4164 genti
2580 4094 2845 4163 insipienti
2867 4092 2893 4131 ¹ί
2922 4092 3089 4166 (Ibid.
3118 4108 3265 4159 xsvt,
3292 4092 3370 4164 ὃ).
3402 4092 3516 4148 Vos
3539 4102 3825 4163 negatores

2224 4187 2319 4243 Dei
2352 4187 2494 4243 unici
2529 4186 2650 4242 Filii
2684 4195 2834 4242 recte
2878 4187 3206 4256 insipientes
3248 4200 3542 4254 vocamus,
3574 4201 3713 4258 quos
3744 4188 3827 4241 vi-

2223 4280 2447 4337 deamus
2476 4282 2528 4336 in
2571 4290 2725 4335 tanto
2755 4280 2955 4335 versari
3002 4278 3310 4350 sacrilegio.
3358 4278 3493 4335 Nam
3538 4295 3662 4336 cum
3703 4296 3827 4337 esse

2224 4375 2489 4444 scriptum
2519 4372 2711 4437 video,
2739 4372 2882 4443 quod
2926 4372 3059 4426 sicut
3089 4372 3237 4425 canis
3276 4372 3364 4442 qui
3404 4373 3721 4428 conuertitur
3755 4375 3827 4427 ad

2222 4468 2655 4528 vomitumsuum,
2680 4474 2727 4519 et
2754 4464 2961 4519 odibilis
2983 4464 3234 4536 efﬁcitur,
3256 4464 3329 4518 ita
3360 4465 3551 4519 stultus
3589 4482 3687 4518 suo
3715 4481 3827 4518 mo-

512 4545 638 4614 quia
685 4545 909 4599 tutelam
964 4544 1119 4601 nobis
1164 4547 1236 4602 sit
1277 4549 1526 4619 praebens
1569 4550 1749 4605 divina
1798 4553 2111 4609 clementia.
2142 4550 2196 4609 D
2222 4562 2336 4616 Iitia
2362 4576 2634 4615 conversus
2672 4559 2741 4612 ad
2783 4574 2933 4612 suum
2973 4567 3244 4630 peccatum
3284 4556 3450 4628 (Ibid.
3496 4558 3627 4628 ll);
3660 4558 3732 4613 de
3772 4567 3827 4613 te

513 4637 755 4694 'I‘cntasti
780 4640 1017 4711 denique
1044 4642 1309 4712 pestilens
1332 4642 1513 4700 facere
1535 4661 1636 4700 nos
1665 4649 2115 4717 compestilentes

510 4739 673 4793 tuos;
707 4730 803 4784 sed
842 4731 963 4797 ille,
995 4734 1079 4787 cui
1125 4732 1294 4790 dicati
1340 4736 1615 4806 vivimus;
1641 4753 1747 4791 non
1792 4741 1919 4794 sivit
1968 4752 1990 4780 ο
2026 4752 2114 4796 tua

509 4831 848 4878 tentamenta
891 4823 1042 4880 adire
1082 4826 1248 4880 corda
1276 4837 1423 4883 recta
1456 4846 1471 4883 :
1513 4831 1760 4900 suggerit
1794 4832 1940 4888 enim
1973 4835 2113 4889 scri-

583 4997 610 5061 ξι
639 4987 798 5061 Yers.
832 4987 1117 5061 Ant._Non
1144 4989 1311 5061 distat
1328 4990 1407 5043 ira
1431 4989 1565 5061 regis
1590 4990 1654 5043 ab
1679 4991 1757 5044 ira
1790 4991 1972 5046 leonis.

582 5059 612 5097 δ
643 5060 748 5114 Pro
772 5060 931 5113 armis
962 5058 1054 5115 Dei
1081 5060 1269 5125 induti,
1299 5059 1353 5115 in
1382 5058 1688 5117 accusativo
1714 5078 1867 5118 more
1887 5063 2107 5118 Graeco-

507 5148 653 5207 rum.
687 5131 788 5186 Til.
834 5131 1113 5207 Poeticqu
1143 5142 1244 5207 est.
1286 5132 1487 5207 lterum
1513 5134 1622 5198 ait,
1652 5146 1923 5203 coepertus
1956 5134 2111 5207 judi-

508 5204 683 5275 cium,
703 5220 798 5271 pro
815 5202 1041 5275 judicio.
1072 5202 1145 5256 La
1174 5204 1364 5275 Cerda.

582 5286 604 5313 ο
638 5274 689 5329 Id
718 5271 830 5339 est,
852 5271 1014 5340 Deus,
1043 5277 1124 5327 cui
1161 5274 1320 5328 dicati
1349 5275 1596 5339 vivimus,
1630 5291 1732 5328 non
1764 5276 1995 5340 permisit
2024 5291 2111 5330 co-

506 5356 662 5399 natus
690 5355 804 5399 tuos
831 5346 1102 5416 pestiferos
1129 5347 1327 5416 ingredi
1352 5344 1511 5398 corda
1538 5357 1735 5411 nostra;
1760 5347 1996 5400 liberavit
2018 5362 2113 5403 nos

507 5416 1161 5541 apagislconatibusduis;
1192 5417 1281 5471 ubi
1312 5425 1619 5471 teutameuta
1650 5432 1748 5487 pro
1777 5429 1990 5471 conatus
2021 5418 2109 5472 di-

512 5501 606 5541 cit.
686 5506 703 5539 ι
731 5526 744 5539 .

512 5488 606 5543 cit.
638 5488 744 5541 Tit.

581 5557 608 5596 ἀ
641 5557 737 5629 Ne
756 5573 941 5623 cesses,
970 5558 1099 5629 legit
1133 5557 1316 5615 Sabat.

585 5640 608 5665 ε
641 5628 933 5684 Subveniri.
964 5628 1139 5684 Latin.

588 5696 605 5734 τ
638 5698 848 5751 Timeri.
882 5699 960 5753 Id.

579 5776 601 5811 Β
636 5766 875 5821 Meliores
924 5765 1190 5837 parebunt.
1255 5772 1330 5825 id.
1401 5778 1519 5831 cum
1580 5768 1807 5847 Graeco,
1866 5775 2102 5837 lerioue

2223 4654 2534 4724 specialiter
2569 4652 2776 4707 dictum
2811 4650 3019 4721 judico.
3046 4650 3261 4718 Quare?
3288 4652 3499 4722 inquis;
3527 4653 3650 4722 quia
3681 4652 3827 4707 litte-

2224 4746 2299 4800 ris
2336 4742 2355 4781 ι
2390 4744 2497 4798 tuis
2520 4744 2714 4814 jurasti
2747 4742 3129 4799 Alexandrinis
3158 4744 3291 4799 nihil
3323 4751 3374 4797 te
3408 4743 3539 4798 mali
3566 4743 3827 4816 deinceps

2224 4836 2489 4891 facturum
2519 4835 2837 4905 Athanasio,
2861 4844 2916 4891 et
2939 4850 3085 4892 nunc
3110 4836 3307 4907 quzeris
3332 4850 3459 4891 eum
3488 4835 3827 4894 interﬁcere.

2247 5016 2505 5050 ανουνται.

2211 5016 2313 5191 φΐιῖ
2340 5062 2616 5191 ϐοηὲηεηε
2652 5064 2781 5120 dicit
2810 5079 2906 5135 pro
2933 5074 3231 5121 contentum
3266 5083 3395 5135 esse,
3429 5069 3514 5124 vel
3542 5070 3823 5125 contineri.

2220 5136 2232 5155 '
2272 5136 2283 5189 i
2318 5176 2331 5189 .
2364 5149 2415 5190 et
2493 5137 2625 5190 atin.

2220 5136 2331 5190 'l‘il.
2364 5149 2415 5190 et
2448 5137 2625 5190 Latin.

2295 5206 2309 5243 ί
2340 5206 2558 5281 Clarius
2588 5206 2799 5271 fuisset,
2828 5207 2871 5281 si
2901 5206 3159 5274 dixisset,
3194 5219 3241 5264 et
3270 5220 3451 5266 contra
3488 5220 3537 5266 te
3572 5213 3826 5281 superbus

2218 5279 2520 5354 exstitissem
2545 5294 2563 5332 :
2588 5293 2773 5354 verum
2798 5278 2875 5332 sic
2891 5294 3273 5354 gepenumero
3301 5285 3606 5354 transponit
3631 5278 3820 5349 verba,

2221 5360 2276 5404 et
2303 5350 2543 5417 implicat
2574 5350 2859 5405 dictiones.
2888 5349 2995 5406 Til.

2291 5419 2305 5470 i
2349 5421 2602 5493 Stimulus
2630 5430 2679 5475 et
2711 5422 2873 5493 virga.
2898 5421 3076 5477 Latin.
3105 5434 3160 5479 et
3185 5424 3345 5483 Vers.
3374 5426 3504 5482 Ant.
3532 5428 3693 5482 Asino
3723 5428 3821 5481 im-

2214 5502 2381 5563 perat.
2415 5491 2571 5547 Vers.
2599 5495 2726 5547 Ant.

2286 5563 2313 5643 ξι
2344 5564 2496 5643 Veis.
2529 5565 2665 5643 Ant.
2693 5564 2913 5643 Nationi
2952 5566 3300 5643 imprudenti;
3328 5584 3513 5626 vocem
3549 5572 3826 5643 insipienti

2213 5634 2380 5709 habet
2407 5635 2725 5709 Tlieodotio.
2759 5636 2854 5691 sed
2884 5634 3229 5709 conjunctam
3259 5644 3487 5709 corpori.

2289 5705 2515 5782 1_ln_uuit
2566 5708 2773 5782 litteras
2806 5723 2840 5782 a_
2881 5706 3205 5782 Coristantio
3252 5705 3483 5782 scriptas
3532 5713 3825 5768 Catholica-

2210 5777 2458 5834 Ecclesite
2480 5778 2673 5850 populo
2697 5779 2841 5849 apud
2868 5779 3235 5835 Alexandriam
3255 5798 3342 5838 an.
3364 5777 3491 5853 349,
3515 5796 3621 5858 quo
3647 5786 3823 5841 Atlia‘
