4148 6186
348 279 451 339 857

1418 282 1555 342 Ι)Βο
1594 284 1867 343 SANCTO
1904 286 2305 348 ATIIANASIO
2344 287 2476 346 LIB.
2520 290 2560 347 I.

3540 292 3645 352 858

346 398 454 455 Sed
486 399 705 470 inquis:
738 398 899 457 Pater
920 409 947 439 α
976 418 1119 458 meus
1143 402 1296 457 illum
1331 403 1539 457 miserat
1562 402 1632 456 ad
1674 402 1943 470 exsilium,
1978 408 2028 470 Α
2051 420 2173 461 cum
2206 405 2403 461 talibus
2436 406 2633 462 litteris
2670 402 2933 464 divinitus
2972 407 3077 463 sibi
3115 408 3422 465 commissis
3452 423 3654 480 reprae-

346 502 395 549 et
424 510 503 548 me
526 494 755 563 oportuit
784 494 943 563 patris
970 497 1067 550 mei
1093 511 1275 566 parere
1296 496 1525 551 statutis.
1558 495 1727 565 Pone,
1759 504 1819 551 ut
1838 498 1941 564 vis,

348 585 663 641 Inereticum
689 601 811 643 esse
836 586 1192 643 Athanasium
1221 608 1233 643 :
1266 591 1311 643 si
1356 600 1503 645 recte
1536 588 1714 643 fuerat
1746 591 1945 644 missus

348 679 413 734 ad
444 680 724 741 exsilium.
746 696 845 736 cur
870 696 994 737 eum
1016 698 1213 753 passus
1233 698 1292 739 es
1313 692 1502 739 contra
1533 683 1704 753 patris
1733 683 1807 737 tui
1834 691 1947 737 sta-

347 780 463 827 tuta
510 775 753 842 recipere
789 773 1147 843 dignitatem,
1192 792 1355 846 quam
1402 777 1451 831 ei
1478 790 1539 831 se
1586 775 1948 829 tulisse'tuus

347 869 646 924 arbitratus
692 868 867 924 fuerat
899 871 1085 940 pater?
1130 870 1237 927 Sed
1266 870 1295 910 δ
1347 872 1526 939 inquis
1558 888 1570 925 :
1617 871 1825 925 Fratris
1851 870 1949 924 mei

348 954 654 1015 Constantis-
683 964 878 1030 factum
920 971 995 1015 est
1021 964 1324 1017 interventu.
1355 964 1462 1019 Sed
1501 965 1724 1033 potuisti
1756 980 1949 1019 occur-

347 1067 472 1108 rere
500 1051 785 1108 Constanti
809 1096 824 1121 ,
854 1053 1045 1110 dicens
1074 1073 1087 1109 :
1137 1054 1296 1110 Pater
1341 1066 1511 1110 noster
1537 1073 1687 1127 quem
1714 1057 1950 1128 probavit

345 1142 647 1198 htcreticum
675 1147 777 1200 nisi
801 1164 855 1202 se
880 1148 1190 1215 correxerit,
1220 1153 1448 1215 recipere
1491 1150 1541 1202 in
1586 1158 1759 1220 partes
1800 1151 1948 1222 regni

346 1240 443 1292 mei
462 1255 563 1293 non
587 1255 816 1309 possum.
844 1240 951 1296 Sed
978 1241 1177 1311 inquis,
1206 1240 1379 1295 Timui
1406 1252 1427 1279 ο
1456 1257 1521 1296 ns
1538 1241 1671 1295 inter
1693 1257 1785 1295 nos
1814 1242 1949 1296 bella

344 1332 567 1402 fuissent
604 1344 738 1387 orta.
771 1333 914 1404 Ergo
961 1335 1084 1406 quia
1123 1336 1428 1405 SOporinus
1471 1332 1498 1371 (ι
1526 1335 1810 1391 Persarum
1851 1352 1948 1391 rex

345 1440 489 1479 nunc
532 1435 722 1480 contra
755 1435 809 1482 te
848 1426 989 1498 gerit
1039 1428 1307 1497 praelium,
1342 1429 1387 1482 si
1420 1428 1515 1483 tibi
1548 1429 1747 1484 dixerit
1775 1446 1787 1482 :
1819 1429 1952 1483 Sus-

345 1517 461 1587 cipe
489 1518 763 1588 religiones
805 1536 945 1575 meas
985 1529 1032 1573 et
1058 1536 1145 1574 ero
1174 1529 1340 1574 tecum
1370 1530 1608 1588 pacatus;
1637 1531 1689 1575 te
1733 1529 1949 1591 Oportet

343 1622 469 1663 cum
515 1611 769 1664 omnibus
810 1611 861 1665 in
911 1611 1140 1681 imperio
1184 1621 1275 1667 tuo
1314 1613 1730 1667 demorantibus
1772 1612 1949 1669 facere

346 1704 632 1758 transitum
663 1704 729 1759 ad
770 1705 1067 1775 religiones
1108 1706 1459 1761 dmmonum?
1487 1707 1772 1763 dmmoniis
1800 1708 1945 1763 enim

2051 498 2375 554 sentaveris.
2406 497 2477 553 At
2508 513 2651 554 nunc
2681 514 2803 555 cum
2832 514 2955 556 esse
2986 500 3365 571 comprobaris
3390 500 3647 569 Ariauus,

2050 602 2103 646 et
2133 593 2355 662 cupiens
2382 593 2627 649 haeresen
2655 605 2800 648 tuam
2828 580 3075 650 invenire
3104 594 3284 651 locum
3304 638 3319 663 ,
3344 595 3520 650 virum
3544 596 3656 666 jus-

2050 693 2163 739 tum
2188 687 2553 755 persequaris,
2577 686 2701 757 quia
2728 687 2823 742 ille
2851 687 3105 743 videlicet
3130 689 3199 743 sit
3229 688 3477 744 eamdem
3504 688 3652 743 omni

2051 779 2172 833 nisu
2206 779 2564 850 impugnans,
2594 788 2743 835 recte
2774 795 2835 836 es
2864 791 3212 851 comparatus
3241 783 3360 837 cani
3413 781 3647 838 redienti

2049 872 2117 927 ad
2147 887 2302 927 suum
2333 873 2613 926 vomitum.
2644 872 2777 927 [tem
2810 872 2972 927 etiam
3002 874 3054 926 in
3084 872 3181 928 illo
3212 873 3352 929 facto
3376 882 3467 928 tuo
3494 889 3651 945 egre-

2049 966 2137 1037 gio
2164 976 2314 1020 recte
2339 966 2736 1034 comparandus
2756 967 2897 1031 cani,
2926 967 3015 1036 qui
3044 966 3267 1022 redierit
3295 966 3360 1021 ad
3387 967 3647 1022 vomitum

2049 1074 2228 1124 suum,
2252 1060 2394 1130 quod
2420 1061 2565 1114 enim
2597 1060 2878 1128 acceperis
2906 1061 3213 1127 veritatem,
3235 1076 3341 1115 non
3367 1076 3489 1116 esse
3515 1071 3539 1108 ε
3562 1075 3653 1117 ca-

2052 1151 2307 1207 tholicum
2332 1152 2597 1206 Adoxium
2626 1151 3151 1207 Germaniciensium
3168 1195 3179 1217 ,
3198 1161 3253 1208 et
3279 1152 3496 1208 dederis
3520 1168 3654 1209 con-

2050 1252 2131 1298 tra
2162 1244 2410 1299 eumdem
2438 1246 2644 1299 litteras
2672 1244 2738 1299 ad
2779 1242 3180 1310 Antiocheuos,
3214 1254 3265 1298 et
3298 1256 3482 1314 poswa
3510 1245 3652 1301 hunc

2051 1337 2299 1393 eumdem
2336 1337 2604 1391 Adoxium
2652 1336 2949 1392 defendere
2988 1338 3229 1405 cmperis
3258 1336 3502 1391 veritatis
3530 1352 3653 1394 esse

2050 1428 2348 1490 domorem.
2374 1429 2543 1498 ipsius
2566 1430 2810 1483 hmresen
2839 1429 3164 1484 catholicam
3188 1428 3436 1498 judicans
3464 1428 3647 1485 ﬁdem.

2047 1520 2260 1589 Quare,
2308 1520 2621 1587 Constanti,
2654 1531 2760 1575 tam
2809 1522 2977 1576 levis?
3002 1521 3355 1591 quamobrem
3403 1522 3457 1576 in
3490 1537 3653 1577 causa

2051 1612 2208 1677 ﬁdei,
2252 1622 2311 1667 ut
2361 1614 2537 1668 ventis
2598 1614 2935 1683 pulsantibus
2980 1613 3218 1680 arundo,
3270 1613 3504 1669 ﬁecteris
3548 1614 3654 1669 huc

2050 1718 2211 1777 atque
2237 1707 2399 1762 illuc?
2420 1707 2546 1777 quid
2576 1708 2773 1763 mirum
2802 1708 2847 1761 si
2878 1718 2987 1763 tam
3011 1707 3185 1763 facilis
3214 1707 3385 1773 fuisti,
3409 1710 3475 1765 ad
3502 1708 3656 1765 dam-

342 1797 657 1853 sacriﬁcans
694 1807 777 1853 est
816 1799 1141 1869 Soporinus.
1183 1798 1471 1869 Conspicis
1508 1802 1653 1856 enim
1700 1812 1723 1839 ε
1754 1818 1858 1857 non
1894 1811 1946 1857 te
1976 1802 2022 1861 B
2052 1801 2286 1855 nandum
2317 1800 2691 1866 Athanasium,
2721 1802 2885 1857 etiam
2917 1809 3147 1856 cunctos
3176 1802 3268 1857 Dei
3294 1803 3526 1859 invitare
3554 1817 3654 1856 sa-

344 1890 525 1960 egissc
555 1900 611 1945 ut
633 1891 725 1946 Dei
750 1907 990 1960 servum,
1013 1892 1361 1963 suscipiendo
1387 1908 1531 1959 eum,
1564 1900 1619 1948 et
1644 1893 1763 1948 loco
1789 1908 1948 1960 revo-

344 1984 521 2039 cando
563 1999 664 2040 suo
694 2000 855 2055 quem
898 1986 1242 2041 meminisses
1274 1987 1326 2040 in
1355 2000 1571 2040 causam
1602 1986 1722 2041 ﬁdei
1753 1986 1949 2056 depor-

346 2085 538 2131 tatum.
572 2077 752 2131 Primo
781 2078 926 2147 quod
971 2078 1322 2148 impotentem
1368 2077 1701 2147 judicaveris
1743 2079 1943 2142 Deum,

344 2176 616 2238 tamquam
662 2179 714 2224 te
757 2170 891 2225 tueri
926 2185 1032 2226 non
1068 2170 1336 2241 potuerit,
1369 2180 1612 2227 tuentem
1637 2174 1945 2239 veritatem,

344 2262 620 2320 haereticis
650 2265 1034 2332 resiSIentem;
1067 2264 1263 2321 deinde
1294 2266 1435 2336 quod
1482 2267 1652 2336 magis
1695 2266 1792 2321 tibi
1823 2281 1949 2337 pro-

346 2359 535 2431 pitium
586 2375 709 2416 esse
749 2360 988 2416 volueris
1067 2358 1454 2426 Constantem,
1502 2376 1661 2431 quam
1719 2361 1883 2417 Deum
1933 2380 1943 2413 :

344 2466 507 2521 quem
540 2452 724 2522 utique
746 2452 1096 2508 Constantem
1127 2468 1307 2524 regem
1338 2453 1382 2507 si
1414 2453 1725 2508 haereticum
1750 2454 1946 2509 factum
1982 2450 1985 2453 ⁷

345 2547 675 2601 memineras
719 2545 951 2601 favendo
986 2547 1300 2611 Athanasio,
1334 2562 1494 2617 quem
1529 2555 1584 2601 tu
1610 2547 1721 2617 jam
1754 2547 1947 2619 proba-

347 2649 460 2693 tum
506 2638 744 2694 habebas
791 2640 1148 2709 sacrilegum,
1191 2654 1295 2695 non
1344 2642 1521 2695 solum
1570 2656 1678 2696 non
1720 2657 1944 2713 regnum

346 2741 495 2795 tuum
524 2731 637 2786 Deo
658 2732 925 2787 debueras
967 2747 1285 2802 prmponere
1311 2775 1324 2797 ,
1354 2733 1447 2788 sed
1474 2747 1573 2788 nec
1604 2734 1772 2802 ipsam
1799 2742 1945 2787 tuam

346 2826 603 2880 animam.
629 2824 707 2879 Tn
736 2826 937 2901 etenim
978 2828 1092 2895 ipsc
1134 2827 1288 2881 testis
1329 2841 1389 2881 es
1426 2827 1783 2881 conscientia:
1809 2836 1946 2892 tuae,

344 2920 490 2991 quod
515 2920 659 2975 cnim
684 2930 902 2991 propter
924 2921 1082 2976 ﬁdem
1108 2938 1266 2992 quam
1291 2936 1507 2993 semper
1530 2923 1700 2977 tenuit
1717 2923 1948 2978 ecclesia

345 3027 408 3068 ac
442 3023 612 3078 tenet,
640 3014 783 3084 quod
812 3030 930 3068 eam
970 3014 1230 3068 damnare
1259 3014 1529 3079 noluerit,
1565 3017 1761 3071 missus
1791 3015 1951 3071 fuerit

345 3105 412 3161 ad
440 3106 725 3172 exsilium,
758 3108 880 3177 quia
926 3106 1181 3162 videlicet
1224 3107 1459 3162 noluerit
1503 3123 1624 3162 esse
1668 3110 1945 3163 Arianus:

2050 1894 2335 1949 ccrdotes?
2363 1893 2800 1964 quandoquidem
2853 1896 3015 1950 etiam
3070 1895 3123 1949 in
3177 1904 3320 1951 statu
3372 1897 3654 1968 religionis

2052 1996 2195 2043 tanta
2238 2002 2400 2058 agerc
2454 2004 2549 2058 per
2598 1998 2744 2043 tuam
2798 2004 2905 2042 non
2954 1988 3218 2045 dubitaris
3263 1992 3648 2047 temeritatem.

2052 2081 2360 2137 Eﬁ'erbuisti
2394 2082 2458 2136 ad
2498 2081 2805 2137 innocentis
2836 2083 3169 2137 fundendum
3204 2086 3521 2154 sanguinem
3555 2100 3653 2141 rex

2052 2174 2346 2245 piissimus.
2369 2183 2644 2244 tamquam
2672 2189 2781 2229 non
2803 2176 3153 2230 meminisses
3176 2177 3464 2247 scriptum:
3496 2175 3651 2247 Regis

2050 2270 2103 2323 in
2133 2269 2343 2322 veritate
2358 2266 2649 2341 judieantis
2671 2269 2734 2323 de
2762 2268 3095 2338 pauperibus,
3118 2268 3262 2322 sedes
3292 2272 3403 2340 ejus
3430 2269 3483 2322 in
3513 2270 3653 2323 testi—

2051 2362 2278 2415 monium
2309 2370 2537 2432 resurget
2568 2359 2732 2433 (Ibid.
2767 2359 3072 2431 nm“);
3098 2359 3193 2416 sed
3222 2371 3275 2415 tu
3303 2360 3429 2415 hinc
3452 2362 3654 2430 putasti

2053 2463 2104 2509 te
2134 2469 2445 2518 summum,
2492 2454 2537 2508 si
2586 2464 2775 2508 contra
2829 2453 3043 2507 divinas
3093 2454 3203 2507 ires
3248 2454 3653 2524 scripturas,si

2048 2559 2243 2601 cuncta
2259 2562 2380 2617 qum
2408 2546 2696 2616 prohibent
2715 2545 2957 2601 fecisses.
2974 2546 3106 2601 Odis
3131 2545 3484 2601 Athanasium
3507 2546 3652 2615 quod

2050 2641 2380 2695 christianus
2410 2640 2519 2705 sit;
2545 2639 2689 2710 quod
2720 2654 2843 2694 csse
2875 2639 3113 2694 noluerit
3143 2639 3285 2705 Arii,
3323 2649 3379 2693 ut
3408 2650 3463 2694 tu
3489 2638 3648 2706 dicis,

2051 2732 2368 2802 discipulus,
2392 2748 2606 2787 summo
2632 2748 2753 2786 eum
2789 2734 3130 2803 persequeris
3158 2732 3284 2787 odio
3314 2751 3327 2787 :
3360 2732 3455 2787 sed
3490 2733 3651 2789 talem

2052 2838 2107 2884 te
2132 2829 2275 2884 circa
2306 2844 2428 2883 eum
2462 2829 2695 2881 futurum
2724 2827 2852 2881 olim
2883 2826 3119 2897 Spiritus
3149 2836 3372 2883 sanctus
3399 2827 3653 2883 ostende-

2051 2929 2156 2985 rat,
2188 2934 2284 2974 ore
2313 2918 2623 2974 Salomonis
2643 2919 2829 2974 dicens
2854 2938 2867 2971 ε
2900 2920 3222 2973 Abominatio
3243 2929 3317 2973 est
3342 2922 3517 2992 justus
3544 2920 3652 2973 viro

2050 3014 2224 3085 iniquo
2256 3012 2418 3085 (Ibid.
2451 3011 2564 3085 27).
2591 3012 2731 3077 Noli,
2755 3012 3065 3078 Constanti,
3094 3012 3271 3068 adhuc
3298 3012 3571 3069 demorari
3596 3012 3650 3067 in

2053 3109 2139 3165 his
2172 3110 2357 3173 malis,
2384 3109 2501 3164 noli
2548 3110 2638 3163 Dei
2670 3108 2816 3163 abuti
2844 3108 3101 3179 patientia
3124 3150 3137 3175 ,
3172 3109 3351 3163 retine
3391 3108 3648 3177 scriptum

347 3199 554 3255 idcirco
594 3215 828 3267 namque
862 3200 1217 3255 Athanasium
1265 3214 1517 3271 perosum
1564 3202 1806 3256 habitum
1861 3200 1879 3238 ί
1918 3218 1947 3257 a
1975 3184 2020 3245 Ο
2055 3205 2107 3258 in
2142 3219 2327 3259 Lxxvu
2372 3206 2621 3273 psalmo:
2653 3202 2924 3258 Excitatus
2969 3211 3041 3256 est
3092 3212 3353 3270 tamquam
3393 3202 3651 3256 dormiens

348 3301 501 3363 patre
524 3303 616 3347 tuo
640 3306 744 3347 non
771 3291 904 3362 fugit
928 3303 999 3357 te;
1024 3292 1460 3364 quandoquidem
1490 3304 1542 3350 et
1567 3305 1620 3348 tu
1650 3296 1701 3349 in
1733 3310 1793 3349 ea
1823 3311 1945 3351 eum

347 3384 589 3455 digneris
630 3387 879 3457 persequi
920 3402 1080 3441 causa
1100 3428 1113 3448 ,
1150 3386 1201 3441 in
1230 3402 1331 3455 qua
1366 3386 1528 3443 fuerit
1556 3399 1610 3443 et
1639 3398 1761 3443 tuus
1789 3398 1944 3461 pater

346 3486 685 3548 persecutus.
720 3478 874 3533 Dicat
904 3478 1139 3549 denique
1174 3494 1235 3534 se
1267 3496 1375 3534 non
1400 3495 1522 3536 esse
1549 3481 1907 3536 christianum
1931 3523 1947 3548 ,

348 3572 584 3627 fateatur
612 3588 673 3627 se
699 3572 978 3639 Ariannm,
1013 3583 1068 3628 et
1107 3573 1212 3629 erit
1236 3575 1374 3644 apud
1406 3585 1457 3630 te
1484 3566 1949 3646 Sapientissimns,

347 3681 597 3736 magnus.
627 3667 791 3736 Digne
822 3668 1001 3737 itaque
1025 3677 1377 3736 comparatus
1413 3682 1472 3722 es
1494 3658 1639 3733 cani,
1662 3671 1751 3739 qui
1774 3669 1953 3725 redie-

347 3759 421 3813 rit
463 3744 535 3813 ad
574 3761 831 3814 vomitum
860 3775 1014 3814 suum
1056 3780 1068 3814 ;
1107 3760 1219 3829 jam
1258 3762 1401 3815 enim
1447 3762 1779 3817 christianus
1807 3764 1954 3818 aesti-

350 3852 617 3921 mabaris,
647 3865 702 3910 et
734 3869 841 3910 non
886 3870 1011 3911 esse
1043 3855 1307 3921 Arianus,
1341 3872 1406 3911 ex
1448 3873 1554 3927 quo
1598 3856 1954 3913 Athanasium

351 4036 535 4092 nasius
560 4035 820 4092 Ecclesia:
842 4050 957 4091 sum
974 4036 1255 4091 restitutus
1275 4034 1395 4100 fuit;
1410 4034 1760 4105 iisqnejussit
1778 4037 1960 4091 omnia

348 4109 404 4164 in
433 4108 834 4164 sanctissimum
864 4108 1171 4163 Antistitem
1203 4106 1408 4161 nefarie
1437 4107 1655 4163 decreta
1687 4108 1959 4178 abrogari.

424 4188 448 4217 ⁸
476 4180 531 4235 Id
576 4181 803 4248 contigit
850 4194 939 4233 an.
992 4179 1096 4234 556
1131 4195 1252 4233 cum
1284 4178 1638 4241 Constantius
1680 4178 1749 4232 Μ.
1791 4180 1961 4233 Euse-

350 4251 634 4307 bianorum
676 4250 921 4317 insidiis,
954 4264 1016 4303 ac
1047 4250 1327 4305 fraudibus
1358 4248 1764 4303 circumventus
1793 4250 1960 4305 Atha-

352 4325 586 4381 nasium.
615 4323 708 4393 qui
737 4322 1267 4386 ConstantinOpolim
1293 4321 1505 4393 adierat
1532 4319 1650 4388 ejus
1680 4334 1839 4388 Opem
1867 4323 1960 4373 im-

349 4391 691 4466 ploratttrus,
719 4394 968 4466 exsulem
1000 4393 1289 4466 in_Gallias
1320 4391 1487 4466 tn_isit.

2056 3295 2339 3359 Dominus,
2366 3308 2624 3365 tamquam
2651 3306 2829 3365 potens
2865 3294 3171 3363 crapulatus
3213 3310 3244 3346 a
3274 3293 3391 3347 vino
3412 3333 3426 3357 ,
3460 3302 3507 3345 et
3538 3308 3654 3362 per-

2054 3389 2212 3442 cussit
2241 3404 2413 3442 omnes
2433 3388 2669 3443 inimicos
2693 3402 2811 3441 suos
2840 3384 2867 3423 ξι
2896 3388 2949 3440 in
2975 3386 3291 3454 posteriora;
3323 3384 3653 3456 opprobrium

2054 3480 2415 3551 sempiternum
2461 3480 2602 3534 dedit
2646 3480 2751 3533 illis
2798 3478 2925 3549 (Ps.
2960 3494 3168 3541 Lxxvn,
3215 3477 3339 3546 65).
3392 3477 3448 3531 In
3496 3493 3657 3532 Lxxn

2059 3571 2290 3641 psalmo,
2324 3569 2618 3641 Quousque,
2652 3570 2783 3624 dicit
2810 3569 3047 3636 Spiritus
3071 3578 3316 3633 sanctus,
3327 3568 3606 3641 judicastis
3634 3568 3649 3605 ί

2056 3663 2411 3734 iniquitatem,
2454 3672 2502 3717 et
2556 3664 2741 3732 faciem
2783 3664 3108 3733 peccantium
3146 3662 3389 3717 sumitis?
3415 3660 3662 3716 Judicate

2062 3758 2319 3829 pupillum
2346 3770 2392 3812 et
2417 3774 2664 3829 egenum,
2691 3758 2940 3811 humilem
2968 3766 3011 3810 et
3040 3770 3321 3825 pauperem
3342 3755 3655 3826 justiﬁcate.

2065 3850 2264 3921 Eripite
2291 3866 2584 3921 pauperem,
2619 3861 2666 3905 et
2696 3865 2913 3920 egenum
2939 3849 3003 3902 de
3038 3864 3193 3903 manu
3221 3848 3503 3921 peccatoris
3536 3846 3661 3900 libe—

2062 4036 2188 4089 anni
2236 4043 2485 4091 coactum
2538 4049 2728 4091 mense
2774 4034 3037 4099 Octobri,
3091 4049 3214 4089 cum
3271 4033 3662 4102 Imperatorem

2061 4104 2534 4177 Constantinopoli
2562 4106 2806 4173 adiisset,
2832 4115 2887 4161 et
2903 4106 3204 4177 doctrinam
3234 4101 3377 4177 Aetii
3392 4101 3667 4177 IIClefjtl-

2061 4190 2235 4233 rasset
2268 4196 2280 4231 :
2318 4171 2464 4233 anno
2497 4194 2627 4234 vero
2669 4171 2978 4248 insequenti
3023 4177 3149 4241 560,
3197 4176 3492 4231 Ecclesium
3521 4171 3666 4248 Con-

2062 4250 2468 4319 stantinopolitn
2479 4266 2599 4304 nam
2615 4245 2869 4303 obtinuit.
2889 4249 3055 4320 Igitur
3068 4249 3285 4303 Lucifer
3318 4252 3538 4320 ineunte
3557 4245 3666 4297 cir-

2063 4320 2200 4374 citer
2242 4315 2386 4375 anno
2443 4321 2570 4377 360.
2614 4322 2785 4374 libros
2824 4315 2989 4373 hos'ce
3030 4320 3325 4373 scribebat.
3352 4315 3488 4370 Cum
3537 4329 3671 4368 vero

2063 4391 2268 4451 subdit.
2297 4390 2673 4445 Constantium
2708 4391 2947 4445 Eudoxii
2988 4390 3238 4444 haeresim
3272 4390 3439 4442 veluti
3473 4386 3666 4439 catho-

424 4466 451 4505 δ
471 4448 857 4521 [intercesserat
884 4465 1024 4519 enim
1051 4462 1324 4518 Constans
1343 4460 1649 4517 Constantii
1669 4460 1837 4515 frater
1861 4477 1957 4530 pro
1984 4448 2039 4509 D
2065 4460 2220 4515 licam
2253 4448 2409 4515 ﬁdem
2441 4462 2723 4529 probasse,
2755 4462 2994 4530 intellige
3020 4461 3275 4514 Arianain
3303 4453 3663 4530 _lmeresim,_in

352 4537 633 4592 Athanasii
657 4537 834 4592 reditu
857 4551 947 4590 an.
969 4534 1075 4590 548
1090 4554 1104 4599 ;
1121 4549 1353 4603 cumque
1375 4531 1727 4588 Constantius
1744 4531 1966 4587 Persico

351 4609 498 4665 bello
525 4617 883 4676 premeretur,
910 4623 976 4660 ne
998 4603 1310 4660 Constantis
1332 4605 1529 4658 auxilia
1553 4606 1656 4659 sibi
1683 4604 1966 4669 deessent,

353 4680 514 4749 hujus
545 4680 791 4749 petitioni
819 4678 1009 4733 maluit
1040 4677 1319 4749 assentiri.

429 4745 598 4805 illoc
622 4766 837 4821 quoque
864 4749 1217 4803 Constantius
1243 4746 1439 4812 timuit,
1471 4762 1539 4800 nc
1564 4745 1835 4801 Constans
1863 4746 1967 4801 Ca-

353 4822 588 4879 tholicus
618 4822 997 4892 Imperatorin
1027 4835 1086 4875 se
1114 4834 1263 4872 arma
1286 4826 1653 4892 converteret.

425 4891 451 4930 ἀ
480 4887 714 4963 Vigebat'
726 4892 903 4947 adhuc
924 4891 1204 4945 Persicum
1227 4891 1449 4963 bellum,
1466 4887 1825 4963 cnmLucifer
1848 4888 1963 4943 huc

354 4957 623 5021 scriberet
657 4984 670 5019 :
703 4972 759 5018 et
798 4964 999 5033 ingenti
1032 4971 1291 5031 apparatu
1318 4959 1678 5015 Constantius
1710 4962 1759 5013 in
1792 4957 1961 5028 Sapo-

352 5052 471 5093 rem
528 5037 815 5090 Persarum
866 5032 1049 5104 regem
1104 5034 1369 5089 militares
1422 5034 1607 5102 copias
1660 5032 1966 5086 instruebat

356 5124 502 5163 anno
528 5117 762 5162 exeunte
792 5107 920 5161 560.

432 5189 456 5217 ο
486 5178 689 5246 Itaque.
706 5177 886 5233 Vatic.

436 5250 453 5287 τ
490 5244 648 5318 Vide,
682 5264 804 5321 quae
832 5251 884 5303 in
918 5246 1079 5303 Prtef.
1111 5246 1180 5302 de
1211 5247 1312 5301 hac
1339 5261 1401 5301 re
1436 5245 1659 5303 uberius
1696 5244 1965 5302 disserui-

364 5338 505 5379 mus.

432 5404 457 5441 κ
489 5397 653 5450 Gesta
687 5394 802 5447 lnnc
831 5400 957 5446 sunt
982 5406 1073 5445 an.
1106 5388 1234 5456 558,
1264 5403 1386 5443 cum
1435 5388 1745 5454 Eudoxius,
1775 5387 1973 5443 Antio-

357 5467 532 5521 chena
577 5466 707 5519 sede
736 5472 1024 5532 occupata,
1070 5476 1269 5515 novum
1318 5461 1458 5514 Aetii
1509 5459 1704 5527 dogma
1747 5473 1968 5532 secutus

358 5547 443 5593 est
472 5556 483 5589 :
519 5539 620 5591 hac
653 5536 722 5589 de
762 5531 926 5589 causa
959 5534 1102 5603 apud
1124 5532 1504 5587 Constantium
1529 5540 1816 5603 accusatus
1837 5545 1865 5583 a
1894 5531 1970 5586 le-

357 5608 500 5679 gatis
530 5607 803 5677 Ancyrani
837 5601 1173 5679 Conventus,
1205 5618 1305 5679 per
1346 5604 1556 5679 litteras
1589 5601 1965 5679 Imperatoris,

358 5672 410 5735 Et
457 5672 701 5749 ejusdem
732 5679 957 5733 decreto
987 5680 1054 5731 ab
1086 5677 1173 5730 illa
1206 5672 1335 5749 sede
1376 5673 1648 5749 dejicitur.
1682 5677 1963 5749 annoan-

362 5742 634 5815 tem'559.
670 5752 1063 5815 Acacinnornm
1108 5760 1211 5815 ope
1244 5745 1412 5803 fretus
1444 5742 1513 5815 ain
1558 5743 1785 5815 gratiam
1812 5742 1955 5815 Cone

365 5811 551 5879 stantii
580 5814 741 5879 rediit
787 5816 911 5891 post
955 5811 1385 5876 Concilialntlum
1420 5811 1767 5876 Seleuciense
1796 5814 1955 5885 hujus

2070 4548 2174 4597 qua
2208 4525 2508 4585 Eudosiani
2542 4534 2609 4584 ab
2636 4530 2878 4584 Eudoxio
2908 4525 2979 4584 ita
3014 4531 3142 4583 dicti
3175 4528 3467 4597 plurimum
3497 4525 3668 4597 polle-

2071 4596 2231 4666 bant;
2265 4605 2331 4655 ab
2359 4617 2425 4656 ea
2468 4610 2645 4657 tamen
2678 4601 2819 4655 Aetii
2849 4603 3039 4671 dogma
3068 4601 3412 4671 discrepabat
3448 4614 3460 4648 :
3494 4596 3580 4671 vel
3614 4596 3666 4648 in

2069 4687 2133 4727 ea
2164 4672 2385 4727 Lucifer
2411 4673 2673 4741 opinione
2724 4673 2845 4736 fuit,
2880 4668 3048 4727 novas
3094 4670 3233 4725 Aetii
3270 4668 3638 4741 blasphemiae
3660 4710 3675 4731 ,

2067 4760 2202 4814 quas
2236 4736 2513 4799 Eudoxius
2542 4759 2712 4814 usque
2739 4745 2805 4797 ad
2832 4746 3040 4799 obitum
3060 4736 3444 4814 propugnavi’t,
3470 4754 3498 4793 a
3526 4736 3669 4793 Con-

2069 4818 2271 4870 Stantio
2302 4816 2587 4870 damnatas
2634 4832 2739 4870 non
2785 4816 2988 4879 fuisse;
3038 4830 3158 4869 cum
3194 4815 3360 4884 probe
3391 4818 3578 4867 nosset
3617 4819 3673 4865 et

2071 4887 2377 4942 Eudoxitnn
2422 4888 2476 4941 in
2523 4889 2789 4942 sententia
2830 4898 3097 4950 perstare,
3127 4894 3183 4940 ct
3209 4884 3511 4940 Constantii
3545 4896 3669 4951 gra-

2073 4957 2199 5012 tiam
2251 4958 2428 5012 adhuc
2484 4960 2749 5013 obtinere.
2806 4960 3162 5013 Constantius
3209 4968 3387 5011 tamen
3442 4955 3671 5009 Aeliano

2071 5032 2242 5084 errori
2272 5045 2563 5096 numquam
2586 5030 2834 5084 adhaesit.
2861 5031 2955 5084 llic
2977 5030 3190 5083 Lucifer
3221 5027 3519 5082 Eudoxium
3542 5020 3675 5077 Cer-

2072 5101 2487 5165 mauiciensium,
2513 5103 2722 5155 scilicet
2741 5102 3077 5161 Antistitem,
3101 5101 3357 5169 appellat,
3392 5098 3533 5165 quia,
3558 5096 3670 5146 An-

2075 5171 2817 5247 gochenunrEpiscopatum
2851 5188 2972 5227 cum
3019 5170 3073 5247 vi
3114 5171 3437 5247 arripuisset
3480 5172 3671 5247 contra

2072 5242 2353 5299 Canouum
2382 5237 2711 5307 decretajet
2737 5243 3095 5310 Imperatoris
3121 5237 3481 5310 voluntatem,
3516 5237 3675 5310 hujus

2072 5325 2419 5391 episcopatus
2461 5308 3051 5391 tituloappcllarijure
3082 5328 3188 5367 non
3216 5308 3437 5391 debuit;
3464 5318 3532 5391 .et
3560 5308 3669 5391 for-

2075 5380 2219 5443 tasse
2247 5380 2486 5442 nondum
2519 5380 2767 5441 audierat
2796 5380 3033 5447 aniler,
3068 5399 3193 5439 cum
3225 5383 3343 5437 huic
3373 5380 3670 5441 scriberet,

2076 5458 2227 5513 illum
2292 5462 2343 5514 in
2410 5460 2608 5515 Sedcm
2673 5457 3331 5525 Constantinopolitanam
3402 5452 3669 5525 introsum

2073 5530 2263 5591 fuisse.
2292 5530 2607 5584 Macedonio
2629 5528 2864 5597 dejecto,
2896 5520 3082 5581 mense
3108 5526 3367 5580 Januario
3389 5525 3513 5577 anni
3540 5520 3668 5597 560.

2142 5599 2166 5637 ι’
2201 5602 2354 5657 Vers.
2386 5602 2513 5656 Ant.
2550 5594 2879 5655 Meos'retro.
2915 5598 3133 5653 Lucifer
3165 5613 3231 5653 ex
3262 5597 3477 5663 Graeco,
3510 5594 3668 5649 αὐτοῦ

2068 5674 2141 5734 εἰς
2165 5676 2232 5729 τὰ
2256 5675 2443 5728 ὀπίσω.

2143 5744 2153 5779 ί
2194 5743 2344 5799 Vcrs.
2376 5746 2501 5799 Ant.
2530 5738 2857 5797 lndicatis...
2884 5742 3119 5814 judicate
3144 5742 3345 5813 pupillo
3372 5750 3419 5793 et
3446 5751 3625 5810 egenot
