4148 6186
483 242 589 300 859

1567 244 1887 303 LUCiFERi
1928 240 2242 303 EPISCOPI
2278 244 2699 308 CALsRlTANl

3670 254 3782 309 860

485 377 595 421 rate
622 365 741 437 (Ps.
774 380 967 432 usu,
999 364 1091 434 2).
1121 364 1199 419 Tu
1225 405 1238 427 ,
1288 363 1573 434 Interﬁcite
1613 380 1806 419 mecum
1828 403 1842 425 ,
1866 362 2078 433 inquis,
2106 364 2161 429 Α
2187 371 2314 417 neat
2336 363 2571 435 Spiritus
2592 374 2832 433 sanctus,
2847 376 2906 423 ut
2928 367 3408 439 omnisinjuslitia!
3436 384 3558 439 pars
3582 370 3781 426 vitetur

482 458 593 514 Deo
618 460 878 521 dicatum,
912 458 1138 525 cupiens
1185 472 1284 512 nos
1332 467 1505 513 tecum
1550 456 1739 512 haberi
1778 472 1901 513 cum
1928 456 2076 523 illis,

477 562 697 622 propter
711 565 846 621 quos
868 551 1063 607 dicitur
1081 570 1094 607 :
1120 552 1448 615 Nescierttnt,
1472 568 1633 620 neque
1647 561 1674 589 ι
1698 551 2075 616 intellexerunt,

472 646 527 699 in
559 644 777 698 tenebris
802 644 1069 699 ambulant
1113 644 1277 717 (Ibid.
1311 643 1386 713 5).
1420 643 1635 701 Mandat
1668 644 1811 699 Deus
1844 660 1911 700 ne
1936 644 2082 713 judi-

476 739 616 792 cium
650 737 991 807 proferamus
1021 738 1299 808 injustum,
1322 754 1389 794 ne
1412 750 1561 793 tuam
1595 740 1896 808 peccatoris
1924 753 2079 795 reve-

474 831 561 885 riti
578 830 769 885 faciem
780 873 794 895 ,
812 834 1120 888 sineremus
1139 840 1191 887 te
1204 832 1396 902 punire
1408 844 1531 887 eum
1555 848 1715 903 quem
1733 833 2077 903 persequeris

474 920 694 991 injuste.
730 924 995 992 Prmcepit
1027 924 1170 979 Deus
1218 923 1474 979 humilem
1505 924 1790 993 iustiﬁcari
1821 939 1851 978 a
1882 924 2074 987 nobis.

473 1014 608 1082 eripi
634 1028 951 1083 pauperem,
976 1024 1033 1070 et
1054 1031 1285 1085 egenttm
1309 1016 1377 1071 de
1404 1032 1562 1072 manu
1594 1026 1680 1073 tua
1713 1016 1931 1073 liberari
1956 1032 2078 1073 car-

476 1106 670 1159 niﬁcis.
692 1106 757 1161 Et
788 1117 843 1162 tu
875 1108 1071 1179 inquis,
1090 1108 1348 1165 Damnate
1374 1126 1659 1180 cumquem
1686 1112 1843 1165 mluit
1857 1110 1996 1166 Deus
2013 1112 2078 1169 de

472 1214 583 1252 mea
614 1215 768 1251 mauu
800 1202 1081 1268 peccatoris
1101 1204 1233 1255 erui.
1267 1201 1383 1257 Neu
1414 1204 1642 1265 mirum;
1672 1217 1772 1259 nec
1796 1205 1941 1261 enim
1976 1220 2073 1274 po-

475 1298 617 1343 teras
641 1290 721 1344 ire
749 1286 937 1345 contra
963 1302 1082 1346 tuas
1103 1294 1472 1349 exsecrabiles
1502 1294 1909 1364 dispositiones.
1940 1297 2075 1353 Dicit

474 1380 710 1448 Spiritus
740 1393 958 1438 sanctus
986 1384 1039 1438 in
1071 1399 1212 1440 XCVI:
1244 1385 1347 1453 Qui
1374 1386 1593 1458 diligtiis
1618 1386 1916 1454 Dominum,
1936 1390 2076 1446 adite

477 1474 667 1526 malum
699 1472 724 1511 δ
758 1473 877 1544 (Ps.
904 1491 1047 1540 xcvi,
1081 1476 1169 1547 l0)
1200 1496 1213 1531 :
1245 1487 1299 1531 et
1331 1488 1420 1533 tua
1453 1479 1693 1533 indicant
1723 1489 1990 1550 prmeepta
2022 1492 2075 1536 te

476 1570 658 1626 dicere
691 1586 703 1624 :
734 1571 916 1625 Amata
941 1573 1077 1641 quod
1116 1583 1188 1628 est
1217 1572 1429 1628 malum.
1458 1573 1517 1628 Si
1545 1575 1689 1629 enim
1720 1575 1922 1630 malum
1954 1590 2073 1633 esse

477 1662 687 1720 videtur
720 1665 831 1719 Deo
852 1664 1097 1720 damnari
1123 1666 1467 1722 innocentem
1492 1707 1505 1731 ,
1536 1666 1670 1722 dare
1697 1668 1956 1723 adversus
1978 1668 2071 1724 ab-

2184 470 2210 507 η
2257 457 2414 514 nobis
2462 460 2765 517 cultoribus
2805 477 2951 517 verte
2994 462 3328 517 divinitatis?
3371 463 3489 518 Non
3536 464 3780 535 legeras,

2181 544 2483 614 Constanti,
2506 551 2710 606 dictum
2742 553 2808 608 ad
2834 569 2927 608 vos
2951 570 3108 625 reges
3134 572 3161 607 ιι
3187 555 3299 609 Deo
3324 574 3335 609 :
3372 555 3550 612 Nolite
3573 565 3785 629 tangere

2180 641 2397 696 christos
2427 636 2601 708 meos,
2634 656 2682 700 et
2726 646 2780 701 in
2820 650 3096 718 prophetas
3126 664 3264 703 meos
3304 649 3462 703 nolite
3504 650 3783 718 malignari

2180 732 2310 803 (Ps.
2341 749 2449 799 etv,
2482 736 2624 806 £5);
2672 745 2732 792 ut
2771 738 2838 792 ad
2882 739 3101 795 domum
3148 740 3243 796 Dei
3285 741 3515 796 auderes
3554 741 3784 797 tendere

2182 826 2400 879 manus?
2436 826 2573 882 Dicit
2598 828 2792 896 plenus
2824 828 3028 897 Spiritu
3055 840 3245 886 sancto
3285 832 3453 887 David
3486 832 3537 886 iu
3577 843 3769 888 cente-

2179 917 2319 972 simo
2344 918 2533 987 quinto
2556 920 2798 988 psalmo:
2828 920 2975 977 Beati
2993 924 3083 993 qui
3112 924 3406 979 custodth
3422 925 3706 995 judicium.
3728 934 3781 981 es

2178 1010 2374 1077 faciunt
2405 1012 2665 1081 justitiam
2694 1013 2747 1067 in
2768 1016 2907 1069 omni
2932 1024 3159 1086 tempore
3185 1014 3305 1085 (Ps.
3338 1031 3427 1081 (ιν,
3459 1017 3552 1086 ‘5);
3582 1026 3639 1071 et
3676 1026 3734 1071 tu
3763 1034 3777 1071 :

2180 1103 2373 1171 Facite,
2398 1106 2802 1177 inquismtecum
2828 1110 3156 1182 injustitiam.
3174 1112 3523 1180 Persequeris
3540 1111 3787 1167 Athana-

2176 1198 2341 1262 sium.
2375 1200 2571 1268 impius
2601 1201 2771 1270 piunt,
2800 1202 3093 1258 haereticus
3117 1202 3477 1259 christianum
3510 1222 3523 1257 :
3557 1204 3653 1259 sed
3683 1219 3783 1261 oro

2178 1299 2250 1355 te,
2281 1290 2452 1357 dicas,
2478 1293 2570 1363 qui
2616 1304 2853 1351 vestrum
2900 1296 3009 1351 Deo
3037 1311 3160 1352 esse
3198 1298 3367 1366 possit
3399 1297 3693 1367 acceptus?
3723 1306 3782 1353 tu

2178 1392 2403 1452 negator
2460 1394 2678 1441 aeternae
2728 1387 3026 1453 maiestatis
3088 1388 3231 1443 unici
3278 1387 3399 1444 Filii
3461 1388 3594 1453 Dei,
3649 1388 3781 1445 tedi-

2175 1472 2367 1530 ﬁcator
2395 1477 2539 1531 falsa:
2579 1477 2857 1548 religionis
2893 1490 3057 1549 atque
3094 1478 3404 1547 institutor,
3436 1495 3505 1534 an
3540 1479 3779 1536 Athana-

2173 1567 2325 1623 sius?
2360 1568 2555 1641 Legisti
2603 1571 2656 1627 in
2698 1573 2906 1641 psnlmo
2947 1588 3151 1629 cxvtn:
3182 1572 3332 1628 Beati
3379 1573 3699 1628 immutati
3726 1575 3782 1630 in

2176 1658 2295 1726 via,
2342 1660 2430 1726 qui
2489 1661 2752 1717 ambulant
2799 1663 2854 1717 in
2900 1663 3011 1735 lege
3069 1662 3296 1717 Domini.
3337 1661 3482 1717 Beati
3531 1666 3618 1732 qui
3664 1681 3781 1732 per-

476 1767 687 1811 seutetn
708 1800 723 1824 ,
754 1767 810 1813 et
849 1758 1066 1827 quidem
1093 1759 1297 1827 justum
1333 1761 1527 1823 virum,
1551 1763 1905 1825 sententiam,
1936 1761 2066 1831 quid
2105 1750 2145 1808 Β
2172 1761 2468 1806 “milia!”
2508 1762 2531 1802 ⁸
2563 1755 2852 1810 “almam-0
2896 1758 3044 1827 ei“.
3077 1756 3131 1809 δη
3174 1764 3279 1809 ιοεο
3314 1758 3472 1811 corde
3511 1756 3782 1826 ε-τφάηυ

472 1860 551 1904 est
575 1849 718 1904 aliud
743 1850 888 1918 quod
908 1865 1009 1905 nos
1030 1851 1180 1919 cogis
1207 1851 1405 1916 facere,
1433 1853 1534 1908 nisi
1563 1853 1705 1923 quod
1730 1854 1854 1909 odio
1877 1854 2073 1911 habeat

475 1943 617 1996 Deus
636 1949 655 1993 ‘.-'
678 1942 734 1998 Si
760 1943 921 2012 igitur
943 1944 1087 2013 quod
1112 1944 1225 2001 odit
1249 1945 1391 1999 Deus
1416 1944 1730 2012 fecerimus,
1756 1948 1940 2016 utique
1967 1962 2073 2005 non

474 2040 681 2092 erimus
706 2052 775 2092 ex
808 2038 933 2100 illis,
967 2037 1032 2092 ad
1062 2052 1198 2106 quos
1227 2038 1465 2094 dicitur:
1506 2040 1609 2105 Qui
1645 2040 1863 2113 diligitis
1895 2041 2077 2095 Densi-

474 2145 618 2194 num,
644 2129 784 2185 odite
809 2130 1000 2184 malum
1031 2129 1249 2201 (lbid.).
1282 2130 1486 2200 Nempe
1513 2142 1566 2189 tu
1597 2133 1800 2188 idcirco
1823 2148 1928 2189 non
1956 2133 2076 2191 odis

473 2223 675 2276 malum
699 2264 714 2286 ,
742 2223 868 2293 quia
900 2238 1007 2278 non
1041 2224 1233 2293 diligas
1259 2224 1545 2281 Dominum
1573 2243 1587 2279 :
1615 2226 1709 2283 sed
1739 2242 1837 2283 nos
1871 2227 2077 2285 idcirco

472 2314 651 2369 lacere
679 2314 930 2369 nolumus
954 2314 1096 2384 quod
1119 2314 1237 2369 odit
1268 2316 1427 2378 Deus.
1454 2317 1578 2385 quia
1613 2333 1735 2372 eum
1763 2317 2073 2387 diligamus.

476 2405 633 2461 Facis
659 2406 775 2462 haec
805 2408 930 2477 quia
958 2424 1065 2463 non
1098 2409 1174 2463 sis
1204 2423 1397 2465 servus
1424 2410 1564 2479 ejus,
1592 2411 1749 2477 cujus
1781 2421 1955 2467 metus
1996 2421 2076 2467 at-

468 2514 575 2570 que
597 2515 750 2554 amor
768 2501 1057 2570 compellat
1079 2515 1179 2558 nos
1200 2502 1352 2556 odire
1384 2503 1607 2557 malum.
1632 2502 1819 2575 Neque
1848 2505 1991 2559 enim
2020 2505 2074 2562 in

469 2592 701 2647 ecclesia
734 2592 981 2657 Domini,
1023 2604 1337 2663 perseeutor
1366 2594 1484 2663 ejus
1514 2595 1762 2651 ecclesiae
1788 2595 2072 2662 inveniris,

471 2693 530 2740 ut
559 2692 711 2753 putes
753 2684 821 2740 ad
853 2699 949 2740 vos
975 2686 1188 2741 dixisse
1216 2686 1544 2754 Prophetam
1575 2686 1627 2742 in
1670 2688 1879 2757 psalmo
1906 2704 1921 2743 :
1970 2689 2076 2755 Qui

473 2779 691 2851 diligitis
714 2778 1014 2845 Dominum,
1038 2781 1173 2835 adite
1214 2781 1409 2835 malum
1437 2779 1657 2853 (Ibid.);
1700 2781 1917 2850 quando
1939 2790 1994 2839 et
2014 2782 2073 2839 iu

421 2890 429 2899 ’
470 2876 770 2930 centesimo
796 2875 943 2929 dicat
970 2891 982 2928 :
1021 2874 1141 2929 Non
1176 2886 1197 2913 ο
1227 2874 1423 2929 habitat
1449 2876 1503 2930 in
1531 2876 1698 2933 medio
1737 2874 1924 2929 domus
1950 2892 2076 2933 mea

470 2969 559 3038 qui
582 2969 704 3036 facit
731 2970 1061 3036 superbiam;
1088 2968 1175 3035 qui
1216 2969 1441 3038 loquitur
1476 2970 1651 3039 iniqua
1675 2986 1777 3029 non
1802 2971 1995 3029 direxit
2019 2972 2075 3030 ist

474 3062 1046 3133 conspectu'oculorum
1087 3079 1315 3117 meorum
1340 3061 1460 3131 (Ps.
1490 3079 1542 3127 c,
1578 3063 1653 3131 Ἰ).
1689 3065 1805 3119 Non
1850 3080 1981 3134 ergo
2007 3066 2075 3125 ad

2179 1860 2294 1898 eum
2324 1843 2442 1915 (Ps.
2474 1860 2662 1911 cxvm,
2702 1846 2752 1913 l)
2783 1864 2795 1898 :
2829 1854 2884 1902 et
2910 1846 3098 1912 dicito,
3131 1846 3253 1916 quis
3280 1856 3521 1902 vestrum
3548 1846 3785 1917 exquirit

2181 1935 2366 2004 Deum,
2398 1938 2519 2006 quis
2549 1938 2779 1993 ﬁdeliter
2807 1938 2925 2008 ejus
2972 1938 3245 2009 majeStati
3277 1939 3596 1994 famulatum
3642 1956 3783 2009 pra:-

2180 2028 2303 2084 bet?
2330 2039 2481 2097 tune,
2508 2030 2600 2100 qui
2646 2030 2781 2085 facis
2815 2033 3254 2102 persecutionem
3288 2031 3607 2100 Athanasio,
3641 2034 3783 2103 quod

2178 2138 2238 2177 se
2264 2124 2620 2179 christianum
2654 2124 2921 2189 fateatur;
2954 2140 3022 2180 an
3048 2126 3144 2183 ille
3168 2126 3261 2196 qui
3294 2136 3347 2182 te
3374 2127 3505 2182 velit
3535 2142 3784 2195 persecu—

2180 2223 2353 2268 torem
2406 2230 2561 2270 suum
2601 2232 2631 2269 e
2665 2215 2872 2285 laqueis
2916 2215 3055 2286 eripi
3106 2215 3350 2273 diaboli!
3387 2225 3550 2283 tunc,
3582 2219 3675 2287 qui
3708 2218 3783 2273 sis

2178 2304 2487 2360 destructor
2532 2306 2817 2363 catholica:
2862 2308 3114 2375 lidei;an
3166 2310 3257 2364 ille
3299 2311 3617 2379 apostolica:
3661 2309 3781 2367 ﬁdei

2180 2397 2537 2467 przcdicstor?
2562 2398 2632 2463 ,Si
2676 2409 2727 2454 tu
2761 2414 2819 2455 es
2858 2402 3106 2457 serviens
3147 2401 3296 2467 Deo,
3324 2402 3599 2472 quomodo
3642 2403 3779 2460 infra

2178 2488 2309 2545 dicit
2338 2490 2571 2560 Spiritus
2612 2492 2878 2546 saueius?
2921 2491 3043 2547 Non
3071 2494 3207 2548 enim
3246 2495 3335 2561 qui
3373 2504 3657 2565 operantur
3686 2497 3782 2553 ini-

2178 2586 2442 2653 quitatem,
2470 2586 2522 2639 iu
2549 2587 2642 2638 viis
2671 2589 2782 2658 ejus
2810 2587 3199 2642 ambulaverunt
3234 2586 3395 2657 (Ibid.
3428 2588 3507 2659 5).
3556 2587 3665 2643 Vos
3689 2588 3782 2660 igi-

2181 2686 2267 2732 tur
2299 2676 2537 2734 haeretici
2569 2680 2803 2747 operarii
2840 2677 3164 2749 iniquitatis,
3194 2694 3319 2733 cum
3345 2693 3454 2734 non
3488 2680 3544 2735 in
3573 2680 3673 2735 siis
3702 2680 3781 2734 in-

2178 2771 2471 2827 veniantini
2503 2770 2747 2837 Domini,
2779 2772 2966 2840 utique
3006 2770 3366 2826 manilestatis
3398 2786 3496 2826 vos
3526 2772 3781 2843 operibus

2180 2864 2373 2918 vestris
2391 2878 2514 2919 esse
2537 2863 2589 2918 in
2616 2865 2697 2918 via
2717 2863 2940 2919 diaboli.
2959 2864 3158 2935 Legisti
3179 2883 3190 2917 :
3221 2864 3399 2920 Nolite
3418 2866 3579 2921 κιαι-ἰ
3598 2862 3623 2901 ¹ι
3648 2882 3782 2920 mor-

2178 2964 2275 3009 tem
2308 2956 2361 3010 in
2391 2972 2618 3011 errorem
2645 2957 2763 3011 vita:
2798 2966 2996 3025 vestrm,
3032 2973 3190 3024 neque
3220 2957 3505 3027 acquiratis
3537 2959 3780 3025 perditio-

2179 3066 2291 3104 nem
2310 3051 2362 3103 in
2384 3050 2622 3116 operibus
2640 3067 2881 3106 manuum
2898 3061 3203 3119 vestrarum;
3226 3054 3468 3118 quoniam
3491 3050 3630 3107 Deus
3649 3070 3781 3108 utor-

477 3169 572 3208 vos
602 3153 734 3209 furis
772 3155 979 3224 positos
1021 3154 1243 3218 dicitur,
1276 3154 1371 3209 sed
1418 3156 1485 3210 ad
1529 3170 1666 3212 nos:
1712 3156 1816 3222 Qui
1852 3157 2074 3229 diligitis

2180 3154 2277 3199 tem
2307 3161 2409 3199 non
2433 3147 2574 3215 fecit,
2606 3161 2697 3199 nec
2732 3146 2932 3200 lwtatur
2959 3147 3010 3199 in
3036 3147 3323 3217 perditione
3352 3146 3581 3200 vivorum
3620 3146 3777 3217 (Sep.

477 3244 775 3311 Dominum,
806 3246 944 3301 adite
971 3247 1165 3302 malum
1195 3246 1316 3313 (Ps.
1351 3261 1497 3313 XCVI,
1534 3248 1645 3317 ιο).
1664 3248 1895 3305 0dimus
1920 3248 2077 3305 deni-

472 3353 577 3406 que
600 3339 798 3392 malum
820 3338 965 3407 quod
995 3353 1090 3394 vos
1114 3339 1314 3395 idcirco
1339 3340 1554 3402 amatis,
1578 3341 1703 3410 quia
1736 3341 1855 3397 sitis
1880 3357 1991 3398 non
2022 3346 2077 3403 in

474 3430 705 3484 ecclesia
748 3430 865 3484 Dei.
915 3431 1199 3497 Quomodo
1241 3432 1441 3488 etenim
1491 3440 1543 3488 te
1589 3434 1642 3488 in
1680 3434 1912 3495 ecclesia
1955 3450 2079 3493 esse

477 3525 681 3592 poteris
716 3532 968 3579 astruere
994 3524 1115 3590 Dei,
1146 3524 1310 3579 homo
1334 3526 1422 3595 qui
1453 3541 1558 3581 non
1582 3527 1759 3585 solum
1785 3528 2076 3587 ecclesiam

472 3616 547 3669 sis
581 3629 936 3685 persequens.
961 3615 1054 3670 sed
1084 3626 1138 3669 et
1164 3617 1341 3685 ipsum
1373 3632 1575 3688 negans
1603 3620 1693 3685 qui
1725 3618 1965 3679 fundarit
1988 3634 2074 3678 eeo

472 3708 694 3763 etesiam
718 3707 743 3761 i
767 3711 847 3763 Au
878 3724 986 3765 non
1016 3724 1077 3767 es
1104 3712 1372 3779 superbus
1392 3752 1406 3775 ,
1436 3720 1491 3767 et
1515 3711 1758 3769 habitare
1782 3713 1995 3781 poteris
2021 3713 2077 3769 in

472 3800 637 3856 domo
673 3801 905 3866 Domini,
938 3802 1193 3871 quamdiu
1227 3803 1279 3858 in
1311 3805 1411 3858 hoc
1441 3805 1711 3861 manseris
1741 3804 2078 3873 supercilia?

473 3891 606 3959 Quis
634 3894 777 3947 enim
810 3895 1006 3947 merito
1038 3895 1233 3962 poterit
1264 3893 1369 3948 diei
1401 3896 1700 3964 superbus.
1729 3897 1773 3950 si
1817 3905 1868 3949 tu
1903 3896 2077 3965 possis

476 3984 695 4039 humilis
718 3984 977 4051 iudicari,
1009 3986 1101 4055 qui
1129 3986 1299 4042 dicis:
1336 3986 1587 4041 Damnata
1615 3997 1795 4042 contra
1830 3989 2077 4044 mandata

474 4073 646 4127 divina
675 4075 1013 4139 innocentem,
1048 4075 1243 4129 calcate
1268 4088 1523 4144 precepts
1556 4077 1669 4144 Dei,
1701 4094 1815 4133 mea
1838 4082 2076 4135 seruate?

474 4163 582 4219 Sed
614 4162 845 4219 fortasse
878 4181 984 4219 non
1017 4166 1257 4237 loqueris
1290 4168 1494 4240 iniqua,
1526 4179 1581 4224 et
1610 4170 1813 4241 poteris
1843 4173 2077 4230 inveniri

476 4257 618 4313 inter
638 4257 965 4313 christianos
993 4266 1048 4313 tu
1078 4268 1302 4330 negator
1327 4260 1527 4330 Patris,
1561 4276 1786 4334 negator
1817 4266 1957 4321 unici
1987 4267 2077 4322 Fi-

472 4349 526 4403 lii
570 4350 706 4418 ejus,
759 4360 987 4420 negator
1034 4351 1271 4422 Spiritus
1312 4355 1488 4409 sancti
1529 4356 1823 4424 paracieti.
1855 4357 2076 4415 Arium

473 4444 695 4500 lizeresis
744 4445 1016 4511 fundator,
1050 4446 1365 4504 destructor
1408 4450 1724 4520 apostolica;
1764 4449 1929 4520 ﬁdei;
1964 4468 2071 4509 non

2180 3252 2220 3301 ι,
2255 3237 2368 3305 i2).
2393 3236 2476 3291 An
2507 3238 2798 3293 meministi
2830 3238 3066 3308 legisse?
3097 3239 3204 3293 Cur
3234 3240 3538 3307 praecepisti
3568 3254 3778 3310 qu:ch-

2181 3343 2363 3385 remus
2391 3329 2797 3399 nobismetipsis
2830 3332 3102 3386 mortem?
3132 3331 3187 3387 Si
3214 3346 3319 3386 non
3354 3331 3554 3402 legisti,
3581 3346 3781 3399 cogno-

2180 3436 2271 3479 sce
2301 3420 2429 3493 quid
2463 3438 2563 3479 nos
2593 3422 2772 3479 facere
2804 3422 2973 3480 fueris
3003 3424 3271 3489 hortatus,
3296 3432 3352 3478 tu
3375 3424 3464 3494 qui
3494 3423 3545 3477 in
3575 3432 3780 3482 sortem

2180 3514 2453 3585 deiegeris
2490 3531 2613 3573 esse
2653 3517 2910 3582 illorum,
2951 3531 3180 3586 quorum
3224 3514 3463 3571 facinora
3504 3515 3783 3571 describat

2180 3624 2274 3673 ore
2303 3608 2608 3665 Salomonis
2638 3608 2873 3680 Spiritus
2902 3619 3120 3665 sanctus
3158 3608 3345 3665 dicens
3376 3627 3388 3661 :
3425 3607 3607 3679 Neque
3644 3625 3777 3663 mer-

2179 3704 2353 3759 cedem
2394 3712 2727 3772 speraverant
2750 3704 2964 3772 iustitia:
2984 3745 2997 3766 ,
3031 3720 3121 3757 nec
3138 3702 3505 3773 judicaverunt
3534 3704 3780 3759 honorent

2179 3797 2467 3849 animarum
2505 3805 2824 3863 sanctarum;
2855 3796 3097 3865 quoniam
3134 3793 3275 3849 Deus
3305 3797 3492 3850 creavit
3524 3796 3779 3851 hominem

2179 3888 2707 3953 inexterminabilent,
2749 3898 2794 3942 et
2834 3888 2902 3940 ad
2950 3887 3226 3957 imaginem
3265 3902 3373 3940 sua:
3419 3886 3777 3940 similitudinis

2176 3983 2296 4053 fecit
2322 3984 2469 4039 illum
2502 3998 2521 4037 :
2546 3983 2743 4038 inuidia
2770 3991 2943 4037 autem
2972 3981 3167 4037 diaboli
3195 3998 3329 4035 mars
3359 3981 3585 4035 introivit
3612 3981 3664 4033 in
3686 3995 3777 4034 or-

2180 4076 2290 4130 bent
2318 4085 2574 4133 terrarum
2616 4074 2781 4145 (Ibid.
2812 4090 2871 4141 ll,
2901 4075 3013 4144 22).
3036 4073 3327 4130 Imitantur
3353 4088 3485 4145 ergo
3515 4076 3664 4129 illum
3686 4073 3777 4144 qui

2178 4178 2306 4224 sunt
2334 4184 2403 4225 ex
2434 4176 2589 4239 parte
2638 4168 2798 4223 illius.
2839 4168 3121 4239 Conspicis
3176 4177 3231 4222 te
3280 4167 3606 4222 imitatorem
3655 4179 3775 4222 esse

2178 4261 2400 4325 diaboli,
2427 4262 2479 4317 in
2503 4269 2654 4333 parte
2678 4276 2801 4317 esse
2827 4260 3179 4316 constitutum
3211 4258 3388 4324 illius;
3412 4258 3699 4328 cognoscis
3723 4265 3777 4313 tu

2177 4356 2318 4427 quod
2351 4357 2559 4410 tibimet
2599 4355 2889 4425 conquiras
2918 4362 3185 4416 mortem,
3224 4360 3279 4407 tu
3318 4352 3413 4420 qui
3454 4350 3695 4407 nolueris
3718 4348 3775 4406 in

2180 4448 2469 4519 imaginem
2506 4447 2625 4512 Dei,
2668 4446 2941 4517 quomodo
2983 4460 3042 4500 es
3071 4443 3261 4514 factus
3290 4459 3319 4498 a
3364 4444 3498 4505 Deo,
3530 4457 3773 4509 manere,

474 4537 712 4608 loqueris
737 4540 913 4611 iniqua
937 4540 1095 4597 labiis
1122 4542 1226 4598 tuis
1242 4543 1700 4611 venenatis,nibil
1722 4561 1815 4600 ore
1832 4545 1923 4605 illo
1946 4562 2075 4616 pro-
2099 4530 2150 4589 D
2178 4542 2274 4603 sed
2304 4552 2467 4598 temet
2496 4541 2792 4598 contuleris
2820 4540 2883 4594 ad
2913 4539 3262 4610 illum,cujus
3288 4538 3487 4592 invidia
3521 4550 3667 4591 mors
3696 4536 3778 4591 iu-

470 4629 581 4685 iers
607 4632 872 4701 sacrilego
899 4634 1040 4701 quod
1072 4636 1142 4688 sit
1165 4635 1430 4704 iniquum.
1460 4636 1750 4705 ignorabas
1776 4638 1829 4693 in
1857 4639 2071 4706 psalmo

468 4723 769 4776 centesimo
790 4726 1030 4779 secundo
1058 4726 1320 4795 Spiritum
1352 4737 1602 4783 sanctum
1633 4730 1836 4786 dixissze
1862 4730 1932 4785 de
1964 4732 2073 4786 Do.

472 4812 618 4868 mino
648 4831 658 4865 :
702 4811 921 4869 Faciem
942 4812 967 4850 ἀ
998 4818 1404 4871 misericordiam
1440 4818 1713 4883 Dominus,
1740 4832 1786 4874 et
1805 4822 2070 4896 judicium

467 4904 703 4959 omnibus
740 4908 983 4980 injuria»:
1026 4911 1340 4975 patientibus
1384 4911 1503 4983 (Ps.
1536 4928 1632 4979 cu,
1663 4913 1751 4983 6);
1782 4925 1842 4973 ut
1870 4914 2073 4984 injuste

472 4998 760 5052 mandares
782 4999 1011 5069 judicari
1045 5002 1111 5055 εἳ
1140 5003 1306 5073 Cujus
1334 5006 1604 5061 mandatis
1638 5022 1831 5077 parere
1862 5022 1961 5062 nos
1992 5008 2075 5063 di-

462 5107 626 5163 gnum
656 5104 740 5149 est
768 5096 979 5151 Domini
1005 5097 1352 5155 sacerdmes?
1374 5100 1551 5159 tuisne
1580 5101 1815 5157 nondum
1840 5102 2011 5175 erepti
2044 5103 2063 5140 ¹

460 5189 529 5244 ab
554 5188 850 5245 immundis
875 5191 1174 5259 spiritibus,
1199 5208 1268 5247 an
1297 5194 1609 5263 prophetae?
1634 5210 1731 5263 per
1762 5209 1925 5263 quem
1952 5208 2068 5251 mo-

537 5361 561 5390 η
596 5352 752 5409 Vere.
786 5355 913 5410 Ant.
947 5354 1077 5422 Quae
1115 5355 1496 5410 intellexerunt.
1528 5352 1705 5410 Graec.
1733 5370 1858 5410 cum
1887 5352 2066 5409 Lucii.

462 5423 577 5479 οὐδε
608 5435 855 5485 συνῆκαν.

535 5494 558 5531 ι’
597 5496 751 5575 Xers.
790 5505 915 5575 Ant.
941 5499 1243 5575 nequitiamt
1265 5497 1451 5575 βενε.
1476 5499 1700 5575 πονηρρν
1732 5497 1995 5575 utLucii'.

536 5577 561 5639 ς
598 5566 752 5639 Yers.
789 5572 915 5623 Ant.
949 5568 1071 5623 Non
1098 5570 1488 5624 inhabitabat...
1522 5566 1620 5639 qui'
1638 5570 1959 5639 loquebatur.

534 5632 560 5671 ά
605 5636 760 5691 Vcrs.
791 5643 915 5694 Ant.
953 5639 1134 5693 Facies
1176 5632 1559 5696 misericordias
1602 5632 1831 5695 Domini.
1877 5639 2058 5697 nm.

464 5719 586 5789 cum
618 5707 791 5789 Ducit.
824 5726 975 5789 vers.
1002 5720 1159 5767 ποιῶν
1185 5714 1526 5783 ἐλεημοσύνας
1554 5713 1581 5770 ὁ
1608 5716 1812 5789 Κύριος.

494 5788 515 5809 ’⁵
548 5776 818 5834 Judicure.
862 5781 1018 5833 L'tlitl
1053 5822 1063 5835 .

2179 4638 2411 4691 traverit
2442 4636 2491 4689 in
2532 4636 2718 4689 orbem
2752 4642 3039 4691 terrarum.
3073 4631 3273 4688 Contra
3302 4632 3491 4701 accipe
3518 4637 3775 4699 Quantam

2178 4727 2491 4783 felicitatem
2514 4728 2700 4796 cupiat
2716 4726 2975 4795 consequi
3009 4724 3358 4788 Athanasius;
3391 4724 3534 4777 unde
3561 4734 3617 4775 et
3646 4720 3779 4775 nolit

2173 4836 2316 4884 esse,
2350 4820 2490 4891 quod
2522 4820 2599 4877 sis
2632 4828 2712 4882 tu,
2742 4817 2975 4874 Arianus
3001 4825 3279 4889 apostata;
3308 4815 3492 4885 accipe
3518 4822 3775 4883 quautam

2174 4915 2375 4969 fuerint
2398 4916 2561 4973 etiam
2592 4913 2843 4982 illi,qucs
2862 4911 2973 4981 jam
2998 4909 3139 4980 quod
3166 4926 3224 4964 se
3250 4907 3593 4964 Chrisdanos
3617 4906 3776 4963 dise-

2175 5006 2303 5069 rint,
2323 5022 2383 5060 es
2410 5005 2717 5060 interlicere
2744 5003 3016 5073 dignatus,
3040 5003 3318 5057 consecuti
3342 4998 3769 5057 beatitudinem:

2176 5098 2448 5155 Justorum
2479 5108 2649 5152 autent
2676 5098 2861 5151 animo:
2884 5099 2936 5150 in
2965 5113 3118 5149 manu
3150 5094 3249 5148 Dei
3277 5104 3414 5158 sunt,
3448 5104 3495 5148 et
3526 5110 3625 5147 non
3656 5103 3770 5146 (ano

2173 5203 2253 5264 get
2292 5193 2413 5247 illos
2458 5200 2764 5245 tormentum
2800 5188 2841 5242 ί.
2888 5189 3000 5245 Visi
3046 5199 3163 5245 sunt
3210 5188 3376 5245 oculis
3422 5187 3774 5257 insipientium

2247 5349 2277 5435 τ.
2304 5350 2405 5417 Qui
2434 5330 2661 5409 nondum
2693 5359 2892 5421 ereptus
2921 5365 2995 5415 ας
3024 5363 3147 5419 quae
3172 5348 3425 5407 Lucifero
3465 5347 3662 5407 usitata
3693 5346 3773 5402 lo-

2170 5432 2459 5549 wroifers.
2493 5493 2621 5550 Ant.
2652 5491 2990 5555 Scrutatur,
3016 5501 3077 5549 et
3103 5492 3390 5559 exquirant.

2244 5563 2271 5602 ιι
2300 5564 2459 5620 Vers.
2492 5567 2617 5619 Ant.
2646 5563 2900 5619 Zelare...
2930 5565 2985 5617 in
3009 5579 3201 5619 errore.

2252 5636 2266 5673 ί
2303 5637 2459 5691 Vers.
2508 5639 2634 5693 Aut.
2687 5636 3020 5697 Tormentunt
3070 5638 3276 5701 mortis;
3315 5634 3495 5697 mortis
3543 5632 3694 5687 abest
3740 5646 3770 5686 a

2172 5706 2385 5774 Graec,
2400 5718 2459 5763 ut
2478 5722 2509 5762 a
2530 5706 2798 5764 Lucifero.
2829 5706 3015 5763 Sabat.
3038 5707 3192 5779 legit,
3209 5714 3516 5769 tormentum
3534 5702 3765 5767 malitia.
