4148 6186
396 243 489 299 961

1477 240 1617 301 PRO
1655 236 1928 301 SANCTO
1968 238 2368 305 ATHANASIO
2411 242 2536 306 LIB.
2577 250 2618 307 Ι.

3588 256 3693 313 862

390 362 541 424 mori,
582 371 629 413 et
658 361 907 415 wstimata
931 371 1005 415 est
1041 362 1240 415 malitia
1267 368 1291 398 ³
1324 362 1491 415 exitus
1517 360 1729 414 illorum
1754 360 1821 413 ab
1845 357 1873 398 δ
1899 359 1985 413 iti-
2012 378 2058 436 Α
2086 362 2764 439 erravimusaviaveritatis,
2780 381 2826 426 et
2830 374 3049 446 jnstitia:
3066 374 3236 429 lumen
3254 393 3358 439 non
3378 375 3508 430 luxit
3525 376 3687 443 nobis,

388 467 510 507 nere
525 454 691 522 justo.
719 454 962 507 Abierunt
989 456 1041 507 in
1063 454 1418 508 exterminium
1438 495 1452 517 ,
1479 453 1557 507 illi
1594 460 1766 506 autem
1785 460 1903 505 sunt
1928 452 1983 506 in

386 562 530 617 pace.
558 544 764 600 Etenim
790 557 812 585 ε
840 548 884 599 si
908 562 1081 600 coram
1102 546 1390 600 hominibus
1412 552 1663 599 tormenta
1685 543 1825 615 passi
1844 553 1982 609 sunt,

384 652 502 707 spes
512 637 727 691 illorum
745 639 1129 693 immortalitate
1140 640 1291 710 plena
1305 646 1401 701 est,
1425 634 1509 691 etd
1523 638 1576 689 in
1589 640 1768 708 paucis
1789 636 1979 702 uexati,

384 733 440 785 in
465 732 638 786 multis
659 731 1150 803 benedispouentur,
1172 734 1416 800 quoniam
1442 730 1583 785 Deus
1600 728 1810 783 tentavit
1840 729 1980 797 illos,

385 834 434 879 et
460 826 651 879 inuenit
688 826 808 879 illos
832 826 1017 896 dignos
1046 841 1119 879 se.
1150 824 1435 895 Tamquam
1472 836 1657 878 aurum
1696 822 1749 875 in
1770 822 1984 892 fornace

384 916 618 989 probavit
656 916 808 983 illos,
849 918 1000 987 quasi
1042 925 1065 955 ο
1113 917 1469 971 bolocaustam
1520 915 1741 969 hostium
1785 914 1985 982 accepit

384 1010 525 1071 illos,
553 1016 603 1062 et
632 1009 688 1061 in
716 1016 942 1080 tempore
970 1011 1065 1064 erit
1094 1019 1354 1075 respectus
1378 1010 1588 1064 illorum
1618 1008 1929 1079 :fulgebunt
1960 1005 1978 1045 τ

385 1113 643 1170 tamquam
664 1102 921 1167 scintilla,
940 1105 993 1157 in
1015 1104 1321 1158 arundineto
1343 1104 1653 1167 discurrent,
1670 1101 1984 1174 judicabant

383 1194 638 1255 nationes,
663 1202 711 1246 et
735 1194 1134 1248 dominabuntur
1154 1195 1382 1265 papulis,
1403 1203 1448 1247 et
1472 1194 1703 1265 regnabit
1728 1191 1982 1246 Dominus

387 1301 563 1339 eorum
593 1287 645 1339 in
680 1296 979 1358 perpetuum
1029 1285 1186 1358 (Sap.
1218 1303 1306 1353 In,
1340 1288 1413 1356 l).
1447 1286 1735 1364 Desideras
1780 1284 1984 1339 interli-

378 1394 505 1436 cere
530 1380 904 1448 Athanasium,
933 1382 1251 1437 existimans
1290 1382 1435 1454 ψιοά
1464 1383 1515 1438 ei
1542 1384 1586 1435 si
1618 1397 1740 1437 eum
1778 1392 1981 1437 macta-

387 1472 527 1527 veris
556 1473 733 1543 possis
759 1483 1020 1529 aeternum
1064 1474 1197 1529 dare
1239 1476 1472 1538 malum,
1504 1475 1761 1543 ignorans
1802 1476 1980 1544 scrip-

386 1577 536 1638 ptum
563 1586 576 1622 :
603 1568 921 1624 Condemnat
951 1573 1128 1643 justus
1156 1578 1390 1625 mortuus
1410 1570 1550 1624 vinos
1574 1570 1783 1637 impios,
1822 1579 1870 1624 et
1889 1573 1983 1644 ju-

380 1669 561 1714 ventus
604 1662 821 1715 celerius
864 1671 1248 1726 consummata,
1298 1661 1673 1733 longwoitatem
1704 1668 1730 1709 Β
1776 1662 1979 1733 injusti.

2088 464 2135 507 et
2147 456 2226 509 sol
2246 473 2347 511 non
2362 468 2391 509 (ι
2411 470 2639 516 estortus
2657 466 2824 533 nobis;
2846 468 3025 522 lassati
3036 484 3215 523 sumus
3233 468 3519 539 iniquitatis
3544 468 3597 522 in
3611 470 3693 523 uia

2086 559 2133 602 et
2148 552 2470 619 perditionis,
2487 564 2535 609 et
2555 558 2928 615 ambulavimus
2946 562 3197 617 heremias
3218 571 3243 599 ν
3267 560 3530 635 difficiles,
3560 562 3693 616 viam

2085 652 2254 696 autem
2275 644 2862 719 Dominiignorarimus.
2891 654 3028 721 Quid
3053 654 3198 708 nobis
3215 655 3411 724 profuit
3435 655 3693 723 superbia,

2085 746 2172 789 aut
2198 739 2322 806 quid
2350 739 2542 795 divitiae
2577 748 2599 777 ⁸
2634 760 2748 797 cum
2778 748 3114 800 exsultatione
3154 747 3484 800 contulerunt
3510 745 3696 799 nobis?

2089 827 2404 880 transierunt
2438 832 2611 883 omnia
2659 833 2751 886 illa
2795 842 3054 902 tamquam
3090 836 3303 903 umbra,
3338 843 3387 889 et
3432 845 3693 904 tamquam

2085 919 2305 971 nuncius
2333 935 2634 987 percurrens
2661 922 2838 994 (Ibid.
2868 925 2960 996 6).
2988 928 3185 980 Contra
3218 922 3570 980 Athanasium
3610 926 3692 979 vi-

2084 1023 2243 1063 surus
2272 1028 2330 1065 es
2354 1013 2494 1067 inter
2515 1014 2657 1080 illos,
2685 1031 2914 1083 quorum
2944 1019 3171 1089 gloriam
3202 1034 3427 1073 narrans
3456 1018 3690 1086 Spiritus

2083 1115 2303 1157 sanctas
2330 1105 2501 1159 dicit:
2542 1106 2684 1162 Justi
2721 1119 2893 1163 autem
2929 1112 2983 1164 in
3031 1105 3586 1180 perpetuum‘oivent,
3642 1118 3691 1164 et

2084 1198 2223 1267 apud
2261 1196 2540 1253 Dominum
2568 1213 2640 1255 est
2667 1218 2863 1257 merces
2890 1204 3100 1258 illorum
3123 1246 3134 1269 ,
3166 1214 3216 1259 et
3243 1205 3487 1275 cogitatio
3513 1219 3689 1258 eorum

2084 1291 2222 1362 apud
2271 1295 2610 1349 Altissimum.
2656 1296 2785 1351 Ideo
2829 1301 3084 1368 accipient
3122 1316 3340 1371 regnum
3386 1300 3615 1362 decoris,
3645 1307 3696 1353 el

2084 1381 2326 1437 diadema
2356 1385 2373 1420 ί
2409 1387 2473 1439 de
2497 1403 2655 1440 manu
2683 1387 2915 1455 Domini,
2940 1389 3185 1458 quoniam
3213 1391 3423 1445 dextera
3447 1407 3543 1445 sua
3572 1405 3695 1462 pro-

2084 1482 2215 1541 teget
2243 1475 2361 1529 illos
2399 1487 2444 1529 et
2486 1478 2541 1530 in
2589 1479 2799 1534 brachio
2830 1496 2925 1534 suo
2955 1482 3193 1551 defendet
3228 1482 3350 1536 illos
3377 1482 3543 1548 (Ibid.
3579 1482 3690 1553 16).

2085 1567 2162 1621 Tu
2190 1576 2385 1624 contra
2416 1570 2461 1625 si
2500 1571 2553 1625 in
2582 1571 2685 1627 hac
2712 1573 2980 1628 manseris
3012 1573 3178 1628 animi
3210 1574 3609 1639 obstinatione,
3641 1576 3690 1629 si

2083 1663 2361 1718 censueris
2379 1663 2533 1719 linire
2547 1663 2948 1735 frogilemhanc
2967 1667 3133 1720 vitam
3155 1667 3297 1721 inter
3318 1664 3686 1730 Arianos,eris

390 1754 646 1808 Videbunt
671 1755 855 1808 etenim
879 1755 1033 1824 linem
1062 1756 1332 1825 sapientis,
1350 1766 1397 1809 et
1418 1771 1522 1809 non
1548 1753 1832 1824 intelligent
1853 1754 1980 1825 quid
2009 1770 2054 1829 Β
2087 1754 2230 1809 inter
2270 1755 2416 1818 illos,
2447 1756 2512 1809 ad
2540 1772 2678 1823 quos
2707 1758 2833 1812 item
2866 1758 3104 1828 loquitur
3128 1773 3226 1813 ore
3256 1759 3530 1828 prOpheta:
3562 1758 3655 1829 Spi

375 1850 665 1920 cognouerit
693 1847 721 1885 ιι
748 1850 814 1902 de
841 1848 953 1914 illo,
983 1858 1031 1907 et
1058 1865 1215 1920 quare
1239 1850 1482 1903 munierit
1510 1849 1761 1903 Dominus
1788 1865 1806 1903 :
1836 1850 1976 1903 vide-

376 1942 502 1995 bunt
533 1953 577 1995 et
607 1950 955 2009 contemnent,
980 1943 1103 1997 illos
1141 1951 1311 1997 autem
1345 1942 1592 1998 Dominus
1619 1944 1855 1997 irridebit
1881 1957 1899 1997 :
1930 1952 1978 1998 et

374 2042 523 2085 erunt
551 2042 664 2102 post
691 2034 800 2087 lucc
819 2032 1113 2088 decidentes
1140 2036 1250 2088 sine
1273 2033 1491 2098 honore,
1517 2042 1564 2089 et
1589 2037 1642 2089 in
1666 2036 1978 2089 contumelia

373 2127 555 2181 mortis
594 2127 649 2180 in
680 2136 954 2199 perpetuo,
987 2128 1229 2197 quoniam
1257 2127 1543 2197 disrumpet
1573 2128 1693 2183 illos
1720 2129 1830 2182 sine
1860 2143 1978 2182 voce

373 2220 611 2288 inﬂatos,
644 2230 691 2274 et
729 2220 1060 2274 commouebit
1091 2221 1210 2276 illos
1249 2238 1281 2274 a
1314 2221 1698 2289 fundamentis,
1733 2229 1782 2274 et
1813 2237 1978 2288 usque

373 2314 441 2365 ad
469 2328 764 2383 supremum
792 2312 1094 2379 deserentur
1118 2352 1132 2377 ,
1169 2324 1218 2367 et
1256 2321 1406 2367 erunt
1449 2314 1503 2365 in
1538 2313 1748 2377 dolore,
1781 2322 1829 2367 et
1872 2328 1978 2367 me-

374 2407 537 2459 moria
562 2407 770 2461 illorum
813 2410 975 2474 periei
1021 2406 1037 2443 ί
1089 2423 1103 2462 :
1134 2407 1334 2460 uenient
1360 2409 1413 2459 in
1442 2406 1781 2476 cognitionem
1810 2406 1825 2456 i
1858 2422 1977 2476 pec-

373 2508 607 2551 catorum
630 2512 840 2551 suorum
869 2498 1059 2561 timidi,
1091 2508 1138 2551 et
1166 2499 1497 2552 transducent
1523 2498 1643 2552 illos
1668 2514 1733 2552 ea:
1756 2498 1975 2554 aduerso

371 2590 669 2661 iniquitates
694 2602 871 2643 eorum
901 2588 1065 2659 (ibid.
1102 2605 1174 2655 Iv,
1209 2588 1324 2658 l6).
1348 2589 1545 2645 Cernis
1570 2591 1715 2645 inter
1739 2604 1876 2659 quos
1901 2592 1974 2646 sit

376 2695 502 2753 pars
545 2693 631 2735 tua
675 2681 1009 2737 constituta:
1050 2682 1230 2737 cernis
1260 2696 1380 2736 cum
1413 2683 1664 2752 qualibus
1694 2691 1862 2739 temet
1892 2684 1969 2739 le-

377 2773 519 2829 ceris
552 2784 697 2828 stare
719 2772 1035 2840 conti-anei
1060 2773 1312 2838 domum;
1349 2773 1701 2829 Athanasium
1732 2790 1864 2831 vero
1890 2778 1972 2830 vi-

373 2866 531 2921 dabis
561 2868 698 2920 inter
730 2868 897 2931 istos,
934 2866 1003 2922 de
1031 2867 1230 2937 quibus
1268 2866 1404 2920 infra
1435 2870 1697 2937 scriptum
1740 2870 1925 2939 accipe
1955 2888 1968 2924 :

373 2959 521 3012 Tum:
558 2961 761 3013 stabunt
793 2960 929 3033 justi
967 2961 1021 3013 in
1064 2975 1249 3030 magna
1283 2962 1568 3013 constantia
1606 2961 1847 3017 adversus
1884 2977 1973 3015 eos

372 3053 461 3121 qui
487 3069 543 3106 se
569 3062 966 3125 angustaverunt
996 3054 1047 3120 ιι,
1074 3063 1125 3108 et
1155 3054 1476 3107 abstulerunt
1522 3054 1720 3109 labores
1746 3072 1921 3109 eorum
1953 3072 1972 3110 :

2084 1847 2217 1901 ritus
2240 1856 2489 1904 sanctus:
2519 1848 2706 1903 Audite
2724 1862 2869 1921 ergo,
2895 1866 3059 1921 reges,
3085 1860 3134 1905 et
3156 1851 3458 1923 intelligite;
3483 1852 3685 1920 discite,

2069 1942 2277 2008 judices
2297 1942 2479 2012 [inium
2501 1953 2648 1998 terra:
2676 1961 2695 2000 :
2726 1948 2943 2012 prccbete
2974 1962 3143 2011 aures,
3168 1962 3275 2011 ros,
3307 1947 3396 2017 qui
3418 1947 3690 2001 continetis

2084 2035 2466 2089 multitudinem
2488 2044 2539 2102 ιι,
2582 2046 2629 2089 et
2662 2037 2873 2106 placetis
2904 2038 3045 2092 vobis
3082 2038 3136 2091 in
3179 2040 3341 2091 turbis
3384 2038 3687 2104 nationum;

2081 2128 2323 2195 quoniam
2352 2127 2477 2181 data
2506 2138 2579 2181 est
2610 2143 2641 2181 a
2672 2127 2893 2182 Domino
2922 2138 3142 2195 potestas
3173 2128 3331 2193 vobis,
3365 2137 3411 2182 et
3438 2129 3598 2182 uirtus
3622 2127 3688 2181 ab

2084 2219 2369 2285 Altissimo,
2400 2223 2488 2290 qui
2517 2222 2854 2293 interrogabit
2874 2238 3034 2295 Opera
3061 2232 3244 2285 vestra,
3272 2232 3323 2277 et
3349 2223 3686 2296 cogitationes

2078 2312 2383 2367 scrutabitur
2404 2315 2548 2385 regni
2570 2324 2619 2381 ν,
2650 2317 2894 2385 quoniam
2915 2331 3027 2368 cum
3048 2316 3225 2370 essetis
3250 2316 3473 2369 ministri
3496 2318 3609 2389 ejus
3632 2324 3684 2381 ι,

2078 2421 2181 2459 non
2226 2415 2361 2460 recte
2387 2407 2663 2478 iudicastis
2683 2447 2697 2473 ,
2727 2424 2890 2474 neque
2917 2410 3216 2463 custodistis
3247 2409 3406 2481 legem
3436 2418 3487 2474 Υ,
3518 2424 3689 2478 iisque

2076 2499 2361 2552 secundum
2393 2500 2702 2554 uoluntate»:
2726 2500 2825 2555 Dei
2852 2502 3175 2561 ambul‘stis.
3211 2501 3479 2557 Horrende
3508 2513 3555 2556 et
3583 2506 3686 2559 cito

2076 2590 2343 2661 apparebit
2370 2591 2529 2654 vobis,
2552 2594 2796 2662 quoniam
2806 2593 3070 2665 judicium
3090 2595 3424 2648 durissimum
3447 2596 3501 2649 in
3531 2603 3551 2630 τ
3577 2595 3677 2663 Itis,

2074 2684 2163 2750 qui
2194 2694 2442 2751 praesunt,
2472 2686 2559 2753 ﬁet
2589 2702 2607 2737 :
2654 2686 2841 2755 exiguo
2878 2687 3015 2739 enim
3054 2688 3353 2741 conceditur
3393 2689 3689 2743 misericor-

2075 2776 2164 2829 dia
2187 2818 2202 2842 ,
2232 2786 2461 2845 potentes
2489 2788 2662 2831 autem
2692 2786 2925 2848 potenter
2955 2788 3207 2834 tormenta
3239 2782 3521 2849 patientur.
3559 2779 3684 2836 Non

2076 2880 2102 2907 ⁸
2130 2873 2440 2925 subtransiet
2481 2889 2750 2943 personam
2777 2875 3026 2943 cujusque
3051 2873 3303 2929 Dominus
3324 2916 3338 2939 ,
3366 2891 3459 2928 nec
3486 2891 3685 2930 reuere-

2075 2965 2211 3018 bitur
2241 2966 2646 3036 magnitudinem
2676 2970 3003 3036 cujusquam,
3033 2968 3276 3035 quoniam
3306 2976 3353 3020 et
3383 2966 3682 3037 pupillum”

2074 3071 2118 3113 et
2170 3076 2417 3130 magnum
2464 3062 2573 3133 ipse
2619 3063 2773 3132 fecit,
2809 3064 2857 3114 et
2899 3061 3167 3130 teqttaliter
3212 3076 3339 3115 cura
3378 3072 3450 3114 est
3494 3061 3575 3114 illi
3611 3060 3680 3113 de

374 3133 604 3197 videntes
628 3146 970 3199 turbabuntur
998 3148 1182 3199 timore
1215 3146 1451 3200 horribili
1475 3156 1523 3200 et
1544 3148 1884 3211 mirabuntur,
1917 3150 1973 3202 ist
2003 3148 2046 3209 C
2081 3154 2313 3207 omnibus
2339 3170 2357 3207 :
2384 3154 2680 3223 fortioribus
2708 3160 2878 3209 autem
2910 3155 3091 3225 fortior
3118 3155 3273 3206 instat
3300 3154 3567 3206 cruciatio.
3599 3152 3679 3207 Ad

374 3238 686 3291 subitatione
709 3239 983 3310 insperata:
1010 3237 1192 3293 salutis
1230 3239 1403 3293 dicent
1440 3238 1456 3278 ι
1485 3243 1619 3294 inter
1640 3258 1696 3295 se
1728 3242 1973 3314 poeniteno

371 3330 498 3383 tiam
526 3329 769 3383 habentes
798 3339 867 3395 ω,
898 3342 941 3383 et
987 3345 1076 3399 per
1105 3333 1395 3401 angustiam
1434 3334 1649 3401 spiritus
1674 3348 1927 3404 gementes
1956 3352 1975 3391 :

378 3423 446 3479 Hi
476 3435 592 3477 sunt
619 3442 745 3495 quos
786 3426 1057 3480 habuimus
1080 3428 1363 3497 aliquando
1393 3430 1446 3482 in
1475 3437 1501 3465 η
1533 3430 1642 3482 risu
1671 3441 1715 3483 et
1754 3432 1807 3483 in
1833 3432 1973 3483 simi-

371 3516 642 3571 litudinem
672 3519 992 3587 improperii.
1028 3518 1139 3573 Nos
1181 3521 1431 3575 iusensati
1457 3522 1611 3576 vitam
1634 3524 1843 3576 illorum
1876 3538 1976 3577 tes-

346 3609 680 3689 _timabnmus
724 3612 1011 3677 insaniant,
1042 3623 1089 3666 et
1107 3613 1281 3682 (ﬁnem
1322 3615 1530 3669 illorum
1578 3616 1686 3670 sine
1726 3615 1922 3679 honore
1950 3634 1971 3672 :

373 3705 627 3771 quomodo
646 3714 671 3740 ο
688 3708 970 3776 computati
982 3708 1241 3761 suntinler
1257 3706 1395 3776 ﬁlios
1417 3706 1532 3773 Dei,
1556 3720 1602 3762 et
1619 3710 1752 3762 inter
1771 3722 1973 3765 sanctos

376 3811 487 3849 sors
524 3795 737 3850 illorum
764 3807 837 3851 est
866 3795 1042 3868 (ibid.
1076 3814 1130 3863 ν,
1168 3805 1188 3853 l
1218 3802 1265 3869 )l
1295 3800 1445 3854 Tunc
1477 3800 1592 3854 haec
1616 3802 1863 3855 dicturus
1888 3816 1970 3869 es,

376 3890 478 3942 nisi
504 3889 597 3943 tibi
619 3891 967 3947 consulueris
984 3933 997 3957 ,
1020 3892 1237 3962 quando
1258 3893 1463 3947 videris
1497 3904 1548 3948 te
1572 3894 1885 3949 demersum
1918 3896 1972 3950 in

376 3982 450 4035 Ta
461 3992 662 4037 rtarnm
685 3980 843 4039 :tunc
857 3984 1094 4040 dicturus
1116 3988 1251 4050 haec,
1267 4002 1385 4056 quae
1403 3987 1531 4041 dicit
1548 3989 1785 4041 dicturos
1803 4003 1931 4044 suos
1947 4000 1974 4039 ι)

375 4085 751 4143 persecutores
781 4076 1009 4130 militum
1042 4075 1242 4131 Christi
1274 4078 1542 4148 scriptura
1575 4089 1795 4134 sancta:
1833 4079 1977 4151 Ergo

444 4222 471 4287 β
501 4214 806 4287 ζᾷκωσινςὶη
834 4216 1046 4287 Graeco.
1081 4216 1235 4271 Vers.
1267 4218 1394 4270 Ant.
1422 4218 1665 4287 afﬂictio.

446 4284 473 4323 δ
501 4285 658 4343 Vers.
692 4286 820 4343 Ant.
854 4286 919 4343 Et
947 4288 1087 4353 quod
1114 4303 1145 4340 a
1170 4288 1311 4341 nobis
1338 4298 1411 4342 est
1437 4284 1551 4352 iter,
1584 4285 1967 4355 exterminium;

482 4367 683 4443 autem,
703 4359 946 4443 etc...Sed
971 4361 1043 4443 ita
1070 4359 1562 4429 interpungendum
1599 4360 1812 4416 videtur
1845 4377 1858 4413 :
1892 4362 1966 4416 Ab

370 4431 551 4482 itinere
570 4431 716 4498 justo
747 4431 1003 4484 abierunt.

445 4509 471 4582 ξ
500 4499 598 4582 ρι’.
619 4506 725 4582 .χαί
751 4500 1311 4582 7a9.__Vers.-Ant.nsi.

440 4567 467 4607 ⁸
500 4570 570 4647 Et
599 4567 833 4647 deest'iti
860 4574 1024 4647 fers.
1058 4571 1575 4647 Ant._Grtecns,_3cal
1605 4574 1766 4647 ὀλίγα.

442 4653 468 4726 ς
690 4645 818 4726 Ant.
850 4642 913 4726 (ξε
939 4644 1421 4726 φρεαεὶλιοιοοααειό.
1458 4640 1969 4726 Holoca'u'stanhostia

375 4713 537 4799 habet
566 4713 707 4799 idem
744 4715 912 4799 Lucii.
942 4716 1038 4770 lib.
1085 4712 1219 4768 Mor.
1249 4728 1357 4769 esse
1389 4731 1481 4783 pro
1513 4715 1611 4771 Dei
1641 4715 1746 4771 Fit.
1783 4717 1966 4771 Sabat.

372 4785 524 4854 legit,
564 4785 892 4841 Holocausti.

446 4854 466 4893 ί
496 4855 794 4941 Yers.Ant.
823 4858 1267 4941 Fulgebuntjusti
1289 4869 1336 4941 et
1364 4857 1898 4941 tamquam'sci‘ntilltz
1915 4859 1970 4913 in

369 4929 692 4981 arundinem.
723 4929 792 4983 Et
819 4928 1037 4983 additur
1066 4928 1227 4983 etiam
1258 4944 1287 4983 a
1315 4930 1529 4984 Latinio
1556 4940 1611 4985 et
1635 4932 1689 4983 in
1716 4928 1814 4985 Gr.

444 5007 470 5045 ε
502 4998 657 5053 Vers.
690 5003 819 5055 Ant.
847 5000 1080 5067 Longam
1101 5002 1326 5055 vitam...
1350 5002 1507 5055 enim.

440 5066 468 5105 δ
505 5069 658 5124 Vers.
690 5072 817 5126 Ant.
853 5070 1233 5126 Coaitaverit...
1267 5072 1330 5125 de
1356 5073 1449 5125 illo
1489 5071 1696 5125 Deus...
1723 5072 1971 5125 munierit

440 5090 468 5105 -
512 5090 658 5124 vers.
690 5090 817 5126 AM.
853 5090 1233 5143 cogitaverit...
1267 5090 1330 5125 ae
1356 5090 1449 5125 tuo
1489 5090 1696 5125 ueus...
1723 5090 1969 5125 mummt

367 5139 612 5195 illum...
646 5152 966 5196 contemnenl
998 5159 1208 5199 eum....
1239 5142 1547 5197 contumelia
1578 5146 1710 5199 inter
1739 5153 1969 5197 mortuos

368 5214 421 5265 in
449 5222 825 5284 perpetuum...
857 5214 1224 5267 dcsolabuntur
1247 5225 1296 5269 et
1325 5224 1477 5269 erunt
1504 5224 1775 5281 gementes.

444 5282 473 5368 ί,
504 5282 604 5337 Pro
628 5285 851 5368 peribit,
882 5296 939 5339 ut
968 5294 1093 5340 ante
1124 5286 1259 5339 exiet
1302 5301 1401 5355 pro
1442 5286 1617 5341 exibit.
1665 5287 1769 5342 'I‘il.
1809 5286 1965 5342 Vers.

369 5354 497 5408 Ant.
566 5356 731 5410 eribit.
1304 5354 1319 5355 “

444 5428 457 5501 ξ
500 5373 654 5501 fers.
686 5428 814 5482 Ant.
844 5425 911 5481 In
940 5426 1255 5501 cogitatione
1282 5427 1535 5501 ipsorum.

443 5494 467 5569 ‘_*
500 5497 653 5569 γεγε.
688 5504 812 5554 Αηι.
850 5508 903 5553 et
932 5494 1116 5555 Sahat.
1149 5494 1605 5569 Angustiauerunt,
1636 5510 1683 5552 et
1712 5499 1822 5567 qui.

448 5567 464 5604 ι
495 5566 741 5647 Graecus,
764 5569 1195 5647 _bpo§o't_v._VerB‘._
1224 5566 1349 5626 Ant.
1367 5569 1619 5647 _0icen_tes
1656 5566 1793 5622 intra
1821 5586 1894 5623 se.

437 5648 479 5677 π’
515 5642 729 5723 Agentes
763 5637 891 5713 legit
932 5641 1117 5697 Sabat.
1156 5637 1307 5696 Vers.
1352 5638 1479 5696 Ant.
1512 5642 1729 5711 Agentes
1772 5652 1822 5695 et
1863 5655 1971 5712 pro

374 5721 636 5843 angustia;
663 5783 889 5855 Graeco,
919 5787 991 5848 εἰς·
1017 5786 1231 5863 γέλωτα.
1272 5785 1427 5846 Vers.
1460 5788 1585 5845 Ant.
1628 5788 1680 5851 in
1711 5786 1969 5854 derisum;

2081 3264 2166 3301 vos
2193 3263 2334 3318 ergo,
2364 3264 2395 3301 ο
2421 3250 2547 3303 mali
2574 3250 2781 3319 tyranni
2811 3261 2856 3314 υ,
2888 3258 3011 3301 sunt
3038 3263 3297 3301 sermones
3339 3248 3457 3306 mei.
3492 3258 3547 3301 ut
3573 3249 3684 3301 dis-

2079 3342 2205 3393 catis
2232 3342 2535 3411 sapientiam
2549 3350 2595 3393 rt
2622 3357 2722 3393 non
2752 3340 3004 3394 excidatis
3032 3338 3197 3409 (Ibid.
3225 3353 3297 3405 rt,
3320 3338 3401 3410 2).
3432 3340 3604 3407 Tunc,
3633 3341 3681 3395 si

2081 3447 2179 3486 nec
2206 3435 2330 3486 dum
2354 3448 2453 3487 nos
2479 3432 2732 3498 audieris,
2757 3431 3076 3495 Constanti,
3108 3434 3351 3498 visurus,
3381 3449 3499 3502 qum
3529 3448 3675 3490 nunc

2078 3524 2262 3578 videre
2291 3525 2434 3578 tales
2457 3525 2680 3579 minime
2706 3539 2803 3593 per
2825 3524 3260 3579 incredulitatem
3286 3534 3453 3589 tuum,
3470 3525 3678 3582 videbis

2066 3628 2208 3685 tunc
2231 3631 2350 3671 cum
2379 3618 2522 3671 inter
2560 3627 2928 3687 etuttyrannos
2952 3624 3073 3671 tuos
3101 3616 3269 3671 fueris
3298 3616 3596 3671 collocatus
3621 3617 3677 3671 in

2083 3711 2191 3765 illis
2218 3711 2348 3764 locis
2373 3720 2914 3780 tormenttmtm,‘non
2934 3710 3108 3765 solum
3131 3709 3274 3778 quod
3295 3709 3490 3778 injustn
3523 3724 3677 3763 ams-

2080 3806 2220 3860 veris
2244 3804 2479 3874 judicia,
2511 3803 2605 3858 sed
2633 3803 2853 3871 etquod
2887 3804 2979 3857 Dei
3019 3803 3239 3857 domum
3275 3802 3557 3855 destruere
3584 3815 3682 3854 vo-

2080 3898 2267 3962 lueris,
2287 3897 2431 3968 quod
2464 3907 2687 3967 negator
2711 3896 2805 3950 Dei
2831 3895 2956 3950 Filii
3000 3895 3274 3951 esStiteris
3294 3936 3309 3959 ,
3336 3893 3478 3961 quod
3517 3894 3679 3949 aliter

2084 3988 2242 4043 ﬁdem
2276 3988 2554 4058 praedicari
2578 3988 2824 4042 sanxeris
2863 4002 2958 4056 per
2987 3997 3295 4042 manentem
3328 3984 3353 4022 ἀ
3386 3986 3680 4056 potentiam

2084 4092 2250 4147 tuam,
2274 4096 2432 4152 quam
2468 4084 2742 4159 prophetze
2758 4078 3055 4149 etapostoli
3082 4077 3529 4146 prmdicaverunt.
3572 4076 3681 4132 Nec

2072 4223 2126 4276 in
2156 4226 2340 4285 risum,
2371 4221 2547 4277 Latin.
2578 4229 2629 4275 et
2661 4219 2847 4276 Sabat.

2143 4302 2168 4329 ο
2198 4292 2330 4381 Ecce
2356 4292 2611 4381 quomodo
2636 4291 2799 4345 habet
2828 4290 2956 4346 Sal).
2991 4298 3046 4345 et
3075 4289 3233 4345 Vers.
3263 4288 3391 4344 Aut.
3432 4368 3444 4381 .

2144 4375 2169 4412 Ρ
2208 4365 2329 4417 Vos.
2369 4364 2546 4416 Latin.
3432 4368 3444 4381 '

2145 4445 2173 4484 ιι
2206 4435 2359 4489 Vers.
2392 4434 2522 4487 Ant.
2568 4432 2665 4487 Sol
2695 4431 3066 4502 intelligentiae.
3103 4431 3145 4484 A
3176 4428 3374 4484 (ἑτερο
3413 4428 3568 4483 abest
3598 4429 3681 4482 in-

1991 4535 2045 4596 D
2073 4504 2388 4596 tellig'entite.

2145 4586 2165 4613 τ
2186 4570 2255 4630 ἸιΙ
2286 4586 2391 4641 est,
2419 4575 2531 4627 loca
2554 4573 2776 4636 deserta,
2801 4574 2989 4634 ardua,
3012 4584 3072 4625 ac
3094 4571 3369 4642 difﬁcilia.
3394 4570 3590 4624 Iterum
3618 4579 3677 4625 ιιι

2070 4662 2232 4713 supra
2260 4647 2502 4703 Graecam
2526 4644 3002 4712 dictionem,quod
3027 4644 3330 4713 stepissime
3350 4641 3497 4704 facit,
3516 4657 3674 4697 usur-

2074 4729 2180 4788 pat.
2200 4717 2301 4772 Tit.
2320 4729 2365 4772 et
2382 4718 2457 4771 La
2472 4718 2657 4772 tierda.
2674 4715 2851 4772 Grtec.
2878 4717 3118 4790 ἐρήμους,
3137 4718 3188 4768 in
3206 4714 3371 4790 Vers.
3384 4717 3513 4770 Ant.
3532 4714 3667 4790 uias.

2143 4798 2162 4823 ⁸
2202 4790 2279 4863 Ex
2321 4790 2494 4845 Graec.
2532 4791 2765 4863 Πλοῦτος
2792 4786 2923 4863 μετᾷ
2966 4789 3294 4863 ἀλαζῳνείας.
3331 4786 3485 4841 Vers.
3534 4788 3663 4842 Ant.

2073 4862 2173 4915 Aut
2201 4862 2494 4915 divitiarum
2511 4862 2770 4932 jactantia
2793 4861 2917 4931 quid
2948 4862 3187 4914 contulit.

2150 4933 2169 4968 ⁸
2205 4932 2360 4987 Vers.
2396 4928 2524 4986 Ant:
2560 4928 2814 4985 Dindemd
2836 4932 3046 5000 speciei.
3076 4940 3123 4984 et
3145 4940 3278 5000 teget
3301 4945 3419 4993 eos,
3451 4935 3500 4981 et
3541 4928 3666 4980 bra-

2073 5004 2190 5058 chia
2219 5014 2395 5057 sancto
2426 5020 2540 5057 suo.
2572 5004 2629 5059 lu
2661 5000 2853 5057 Grmcn
2877 5005 3055 5057 omitt.
3090 5013 3266 5056 sancto
3294 5017 3409 5053 suo.

2146 5085 2173 5111 υ
2209 5076 2361 5130 Vers.
2397 5076 2525 5129 Ant.
2561 5073 2949 5128 Multitudines.

2147 5157 2173 5184 ν
2212 5146 2361 5202 Vers.
2391 5150 2516 5200 Ant.
2542 5146 2888 5210 Cogitationes
2909 5145 3241 5209 scrutabitur,
3269 5142 3471 5196 omisso
3494 5141 3663 5211 regni.

2076 5217 2320 5273 Demitur
2351 5218 2513 5273 etiam
2546 5233 2573 5271 a
2606 5216 2784 5271 Latin.
2819 5228 2871 5271 et
2899 5218 3081 5272 Sabat.

2148 5298 2173 5325 ι
2207 5288 2435 5345 Ministri
2464 5290 2608 5360 regni
2639 5290 2803 5344 illius.
2838 5289 2970 5343 Vers
3025 5289 3150 5341 Ant.
3184 5285 3397 5360 et_Salt.

2144 5369 2172 5409 γ
2207 5361 2356 5415 Vers.
2384 5354 2720 5431 AnL'Legem
2738 5360 2978 5429 justitiw;
2994 5361 3147 5412 abest
3170 5372 3198 5411 a
3220 5357 3412 5413 Graeco
3426 5354 3669 5428 justitite.

2148 5440 2170 5467 ⁸
2204 5430 2270 5485 In
2300 5430 2500 5486 omittit
2528 5430 2843 5485 Vers.-Ant.

2147 5511 2175 5540 ⁸
2209 5503 2363 5558 Vers.
2406 5502 2552 5578 Ant._
2589 5500 2709 5554 Non
2753 5503 2905 5555 enin!
2934 5500 3316 5555 subtrahet.....
3360 5510 3671 5578 cujusquam

2079 5573 2240 5637 Deus,
2272 5592 2364 5629 nec
2390 5574 2658 5628 verebitur.

2148 5647 2176 5686 δ
2209 5646 2485 5701 Pusillum.
2523 5645 2692 5700 Vatia.
2722 5654 2780 5699 et
2811 5644 2968 5702 Vers.
3012 5648 3138 5700 Ant.

2152 5732 2173 5801 ξ
2192 5718 2262 5801 ι
2276 5720 2327 5773 in
2344 5717 2965 5801 Grtecorbpmoz.‘Vers.
2978 5721 3101 5775 Ant.
3119 5718 3305 5801 Reges,
3327 5730 3444 5776 sunt
3458 5720 3510 5774 hi
3524 5735 3677 5781 sernt.

2149 5789 2175 5827 δ
2204 5792 2490 5855 Amentem.
2523 5789 2701 5849 Latin.
