4148 6186
232 5802 383 5873 ’Ἄ

445 262 555 325 865

1518 263 1841 323 LUCIFERI
1878 261 2185 321 EPISCOPI
2226 262 2647 321 CALARITANI

3609 259 3747 326 i864

447 380 651 453 poteris
672 379 856 437 dicere
885 396 898 434 :
926 378 1048 434 No'n
1086 395 1203 433 sum
1233 378 1365 434 inter
1395 378 1509 434 illos
1528 380 1656 449 quos
1681 379 1918 433 describit
1957 390 2047 449 per
2072 387 2128 447 Α
2151 380 2354 448 quando
2382 396 2484 434 non
2512 380 2711 450 fuerit:
2746 388 2934 435 contra
2975 388 3164 435 noster
3196 378 3450 437 Salvator
3482 379 3747 435 Dominus

452 473 785 530 Salomonem
808 473 1039 546 Spiritus
1065 472 1529 541 sanctus;quando
1546 473 1734 529 audias
1750 474 1933 529 dicere
1950 493 1962 527 :
1979 474 2060 530 Ad

388 634 391 635 ν
452 582 544 622 vos
564 583 707 637 ergo,
726 582 756 619 ο
771 566 897 620 mali
912 567 1138 636 tyranni,
1157 575 1276 620 sunt
1298 582 1556 620 sermones
1574 568 1671 620 mei
1690 566 1844 638 (Sap.
1863 567 2057 638 vtAtl).

449 660 567 716 Non
598 659 805 729 poteris
834 659 1019 730 itaque
1060 675 1260 731 negare
1285 670 1337 716 te
1358 662 1600 716 omnium
1628 675 1749 715 esse
1772 672 2065 732 contyran-

452 769 649 810 norum
681 763 898 808 tuorum
926 754 1247 823 principem,
1283 754 1327 808 si
1370 754 1531 809 modo
1561 756 1779 825 penitus
1800 754 2061 810 intuearis

450 861 614 918 opera
641 857 751 902 tua.
777 844 1087 913 Custoditio,
1116 847 1291 919 inquit
1317 847 1611 918 Pr0pbeta,
1653 848 1843 920 legam,
1871 850 2062 918 conﬁr-

451 941 609 994 matio
640 950 665 976 τι
706 940 1110 1009 incorruptianis
1146 951 1240 1005 est,
1260 942 1581 1011 incorruptio
1603 950 1773 995 autem
1823 942 1974 1009 faciet
2016 951 2063 995 te

455 1033 753 1102 proximum
780 1029 891 1085 Deo
916 1030 1080 1103 (Ibid.
1122 1030 1232 1103 19).
1254 1031 1333 1086 Tu
1358 1032 1424 1086 ad
1444 1031 1580 1099 haec,
1609 1030 1954 1103 Carrumpite,
1982 1034 2063 1088 in-

459 1126 603 1196 quis,
621 1124 720 1179 Dei
749 1125 1027 1197 legem;ut
1051 1125 1374 1196 corrupistis
1406 1140 1523 1192 vos,
1557 1138 1937 1197 persecutores
1967 1142 2063 1183 no-

464 1218 582 1274 stri.
610 1218 742 1285 Quis
772 1227 879 1272 tam
908 1232 1101 1275 vecors
1130 1228 1234 1285 est,
1264 1218 1354 1289 qui
1386 1218 1514 1273 velit
1537 1227 1830 1289 corruptus
1859 1234 1890 1275 a
1923 1230 1976 1275 te
2007 1222 2061 1275 in

457 1318 722 1366 :eternum
755 1310 974 1379 perire?
1023 1311 1112 1379 qui
1169 1309 1304 1365 nolit
1353 1310 1622 1365 manendo
1670 1311 1722 1365 in
1753 1310 2065 1381 integritate

458 1404 740 1475 proximus
781 1402 899 1458 fieri
940 1402 1091 1459 Deo?
1118 1402 1228 1458 Cur
1266 1402 1384 1457 haec
1412 1410 1505 1457 aut
1550 1402 1670 1473 ipse
1713 1402 1921 1469 fecisti,
1970 1413 2064 1457 aut

458 1514 560 1554 nos
622 1498 800 1553 facere
862 1497 1044 1553 fueras
1120 1498 1457 1568 compellere
1532 1498 1736 1553 ausus?
1792 1498 2063 1569 Numquid

459 1607 569 1648 non
602 1593 813 1662 legeras
860 1591 1071 1647 dixisse
1103 1592 1156 1645 in
1204 1592 1345 1646 libro
1375 1591 1672 1662 Sapientiae
1710 1592 2063 1649 Salonionem

462 1684 527 1739 ad
562 1684 767 1739 Deum:
799 1683 943 1738 Deus
963 1695 1236 1754 parentant
1262 1682 1313 1747 δ,
1344 1694 1392 1752 et
1423 1684 1646 1741 Domine
1674 1686 2065 1742 misericordia-

2160 488 2224 528 ac
2250 473 2390 529 Deus
2419 474 2511 528 Dei
2537 474 2732 528 unicus
2759 472 2961 541 Filius,
2992 488 3097 528 non
3128 481 3232 539 est,
3268 484 3325 529 ut
3359 484 3413 529 tu
3443 474 3551 540 vis,
3578 473 3755 529 Cons-

2163 568 2320 635 tanti,
2347 577 2598 625 creatura
2625 612 2639 633 ,
2664 570 2758 626 sed
2787 580 2870 625 est
2917 570 3177 626 Dominus
3219 580 3515 637 creatum;
3560 580 3650 625 est.
3674 585 3755 624 ae-

2164 669 2372 726 ternus,
2407 660 2832 728 inaestimabilis,
2860 662 3003 717 sicut
3026 672 3145 728 est,
3179 670 3236 717 et
3256 662 3412 732 cujus
3440 672 3526 716 est
3546 662 3757 726 Filius;

2165 754 2339 809 induit
2369 769 2502 809 sane
2552 756 2852 825 perfectum
2909 756 3186 812 hominem
3220 757 3528 812 novissimis
3563 757 3763 812 diebus

2164 845 2233 901 de
2262 858 2419 901 utero
2442 848 2703 917 virginis;
2734 848 2827 903 sed
2856 858 2910 903 et
2937 863 3058 903 cum
3086 849 3423 919 suscepisset
3455 848 3760 916 hominem,

2168 938 2288 993 talis
2316 947 2402 993 est
2430 939 2807 1005 immutabilis,
2847 942 3305 1011 incorruptibilis,
3334 941 3718 997 inenarrabilis
3747 983 3765 1006 ,

2164 1039 2217 1084 et
2240 1030 2697 1098 inconvertibilis,
2720 1032 2897 1102 qualis
2925 1041 3010 1086 est
3036 1041 3095 1086 et
3128 1032 3287 1102 cujus
3315 1042 3401 1087 est
3422 1031 3621 1099 Filius;
3653 1048 3767 1087 non

2165 1136 2288 1177 cum
2343 1124 2582 1193 suscepti
2638 1123 2877 1178 hominis
2909 1139 3068 1178 causa
3101 1125 3155 1178 iu
3200 1124 3347 1179 aliud
3377 1165 3392 1191 ,
3422 1139 3584 1195 quam
3617 1124 3767 1193 quod

2166 1230 2383 1286 semper
2414 1216 2515 1271 fuit
2540 1258 2554 1281 ,
2590 1218 2767 1287 potuit
2806 1229 3160 1282 convertere;
3216 1217 3659 1288 quandoquidem
3707 1218 3767 1273 in

2166 1308 2340 1365 forma
2372 1310 2444 1364 sit
2475 1309 2573 1364 Dei
2604 1310 2770 1379 patris
2794 1309 2877 1364 sui
2903 1349 2918 1375 ,
2962 1309 3408 1379 quandoquidem
3464 1310 3537 1363 sit
3585 1324 3770 1379 mqua—

2167 1403 2236 1457 lis
2261 1402 2433 1457 Filius
2482 1388 2760 1469 Patri,'ut
2818 1402 2989 1458 refert
3038 1402 3391 1457 beatissimus
3434 1402 3767 1472 Apostolus:

2170 1494 2272 1559 Qui
2296 1511 2412 1548 cam
2442 1495 2496 1549 in
2528 1497 2698 1566 forma
2726 1492 2825 1549 Dei
2855 1504 2985 1549 esset
3022 1504 3071 1561 ε,
3102 1512 3204 1548 non
3234 1505 3312 1549 est
3357 1496 3600 1566 rapinam
3628 1496 3775 1548 arbi-

2168 1594 2331 1641 tratus
2358 1603 2465 1641 esse
2490 1603 2544 1641 se
2573 1588 2820 1656 (aqualem
2852 1585 2990 1654 Deo,
3016 1587 3108 1641 sed
3128 1588 3457 1659 semetipsum
3486 1587 3773 1642 exinanivit

2167 1684 2387 1751 formam
2403 1680 2662 1749 accipiens
2678 1681 2807 1735 serui
2842 1679 3071 1751 (Philip.
3096 1696 3158 1747 tt,
3193 1679 3412 1750 6).N0n
3454 1681 3599 1736 enim
3646 1680 3773 1749 quia

459 1793 599 1841 rum,
632 1777 719 1847 qui
746 1776 914 1846 fecisti
943 1778 1117 1831 omnia
1160 1778 1310 1832 verba
1342 1788 1460 1844 tuo,
1506 1788 1554 1833 et
1587 1779 1840 1850 sapientia
1884 1790 1905 1817 ε
1935 1795 2057 1833 can-
2087 1768 2135 1827 B
2161 1773 2319 1837 dixit,
2348 1776 2682 1845 semetipsum
2711 1774 3012 1839 exinanivit,
3062 1779 3287 1846 formam
3334 1776 3468 1829 servi
3513 1775 3774 1845 accipiens

458 1867 671 1922 stituisti
696 1868 970 1934 hominem,
995 1880 1049 1923 ut
1078 1870 1369 1925 dominetur
1386 1880 1636 1925 creatura:
1659 1888 1772 1941 quae
1795 1890 1828 1925 a
1850 1882 1897 1927 te
1923 1873 2059 1941 facta

464 1970 561 2026 est,
590 1970 647 2013 at
668 1960 911 2032 disponat
937 1963 1110 2016 orbem
1137 1971 1392 2017 terrarum
1422 1964 1473 2017 in
1487 1964 1701 2037 justitia
1726 1973 1772 2018 et
1797 1966 2058 2033 aequitate,

465 2065 510 2110 et
542 2055 596 2108 in
627 2054 911 2111 directione
934 2058 1097 2111 animi
1119 2058 1385 2131 judicium
1413 2059 1617 2131 judicet
1643 2058 1754 2129 (Ib.
1784 2075 1857 2125 Ix,
1890 2058 1966 2129 1).
1994 2057 2063 2113 ΕΙ.

466 2149 693 2205 iterum:
727 2146 967 2204 Docuisti
997 2151 1253 2221 papulam
1280 2161 1429 2205 tuum
1456 2168 1546 2222 per
1570 2152 1701 2207 talia
1727 2169 1909 2223 opera,
1938 2169 2059 2223 quo-

470 2242 614 2296 niam
660 2252 863 2313 oportet
881 2248 1088 2317 justum
1120 2260 1231 2300 esse
1259 2287 1273 2312 ,
1304 2256 1351 2298 et
1382 2245 1629 2301 humana:
1656 2243 1683 2282 ἀ
1711 2256 1758 2300 et
1790 2246 1934 2301 bona:
1960 2248 2069 2315 spei

469 2337 641 2409 fecisti
671 2338 809 2406 filios
839 2347 952 2393 tuas
980 2336 1092 2410 (Ib.
1122 2355 1219 2405 xu,
1250 2338 1362 2411 19).
1390 2338 1506 2393 Νοη
1528 2381 1542 2405 ,
1579 2340 1799 2409 inquam
1832 2383 1846 2407 ,
1875 2341 1922 2395 si
1952 2340 2069 2397 11ωο

469 2430 670 2499 scripta
700 2430 1020 2499 inveneras,
1046 2431 1281 2486 auderes
1304 2431 1371 2486 ad
1402 2439 1610 2487 tantam
1642 2446 1944 2500 provocare
1973 2448 2072 2488 nos

472 2520 955 2577 inhumanitatem.
1011 2520 1302 2591 Quomodo
1331 2537 1465 2579 vero
1510 2524 1668 2580 bona:
1698 2524 1811 2593 spei
1841 2524 1937 2580 lilii
1965 2524 2072 2579 eri-

475 2618 630 2672 mus?
659 2615 950 2684 Quomodo
974 2617 1159 2687 justos
1192 2632 1293 2672 nos
1324 2626 1379 2673 et
1406 2617 1680 2673 humanos
1726 2627 1853 2673 ante
1905 2619 2073 2673 Deum

478 2724 672 2764 servos
700 2710 841 2765 illius
865 2710 1289 2766 exhibebimus?
1316 2726 1438 2766 cum
1464 2712 1914 2782 praevaricatores
1941 2710 2076 2778 legis

478 2819 655 2873 neque
683 2801 814 2873 justi
840 2819 1020 2876 neque
1047 2806 1139 2861 lilii
1161 2806 1256 2861 Dei
1284 2806 1561 2861 dicantur.
1586 2807 1868 2877 Cognosce
1897 2807 2077 2877 itaque

477 2912 507 2952 a
534 2896 683 2968 quali
713 2911 814 2951 nos
842 2898 989 2953 bono
1019 2898 1262 2955 volueris
1304 2900 1626 2968 pertrahere
1648 2900 1713 2955 ad
1740 2909 1998 2967 mortem,
2026 2908 2081 2953 et

478 2990 697 3063 quidem
738 2993 1154 3061 sempiternam.
1193 2992 1479 3063 Siquidem
1533 2996 1718 3050 omnis
1745 2995 1838 3066 qui
1879 2995 2082 3051 desinit

476 3099 599 3141 esse
624 3086 764 3139 inter
796 3100 914 3152 eos,
942 3101 1081 3156 quos
1115 3087 1167 3141 in
1199 3085 1436 3142 filiorum
1468 3090 1818 3158 adoptionem
1849 3104 2081 3145 vocave-

2164 1867 2307 1922 Deus
2324 1867 2415 1921 Dei
2432 1868 2622 1921 unicus
2635 1866 2957 1922 Filiusaliud
2978 1866 3093 1923 fieri
3114 1868 3288 1938 potuit
3308 1884 3375 1924 ex
3396 1868 3511 1935 illo,
3530 1868 3675 1939 quod
3691 1867 3776 1923 est

2160 1960 2595 2030 incorruptibilis
2620 2002 2634 2027 ,
2662 1962 3048 2017 inenarrabilis
3078 2005 3093 2029 ,
3129 1962 3512 2029 immutabilis,
3542 1977 3665 2018 cum
3704 1962 3777 2018 sit

2163 2068 2384 2124 semper
2416 2054 2472 2109 in
2502 2068 2571 2109 eo
2593 2062 2739 2109 statu
2768 2066 2991 2110 aeternae
3019 2056 3413 2126 magnitudinis
3436 2072 3693 2123 manens,
3722 2057 3779 2112 in

2166 2162 2274 2218 quo
2312 2148 2383 2201 sit
2417 2161 2645 2202 manens
2674 2158 2728 2203 et
2765 2148 2883 2217 ejus
2911 2148 3100 2205 Pater.
3141 2149 3249 2205 Sed
3284 2128 3470 2221 utique
3514 2150 3780 2222 intelligi-

2170 2256 2290 2295 mus
2331 2241 2476 2311 quod
2500 2241 2572 2295 sit
2596 2238 2649 2306 ιι,
2683 2244 2773 2296 sed
2801 2243 3132 2313 semetipsum
3177 2244 3483 2309 exinanirit,
3511 2243 3616 2300 hoc
3644 2254 3729 2300 est
3762 2287 3778 2310 ,

2170 2346 2293 2387 cum
2328 2332 2343 2369 ί
2378 2334 2449 2388 sit
2480 2333 2675 2388 similis
2696 2342 2858 2404 atque
2912 2334 3327 2407 aequalisPatri
3358 2335 3568 2401 Filius,
3595 2347 3779 2392 tamen

2173 2426 2318 2499 quod
2340 2436 2395 2481 et
2442 2424 2715 2481 hominem
2748 2441 2806 2481 se
2860 2436 3090 2497 propter
3119 2438 3366 2483 nostram
3397 2428 3627 2483 salutem
3658 2427 3780 2485 ﬁeri

2174 2520 2433 2575 voluerit.
2492 2517 2627 2574 Cum
2685 2519 2868 2590 itaque
2930 2529 2984 2574 tu
3036 2522 3421 2576 anticliristum
3470 2522 3781 2590 susceperis

2178 2628 2278 2684 pro
2298 2612 2541 2675 Christo,
2574 2611 2699 2679 quia
2727 2627 2785 2667 re
2808 2627 2937 2666 vera
2963 2612 3057 2667 ille
3088 2614 3268 2684 fuerit,
3305 2614 3514 2683 quando
3537 2630 3640 2668 non
3662 2618 3780 2685 fue—

2177 2708 2270 2771 rit,
2300 2720 2404 2777 qua
2432 2706 2612 2760 fronte
2659 2704 2841 2759 adhuc
2883 2720 2941 2759 es
2972 2706 3240 2761 resistens
3282 2706 3633 2761 cliristianis?
3675 2706 3785 2761 nisi

2180 2798 2274 2854 illa
2301 2840 2315 2863 ,
2359 2814 2466 2870 qua
2514 2799 2693 2853 solent
2726 2807 2781 2854 et
2832 2798 3097 2854 adultera:
3126 2798 3373 2868 pudicis?
3418 2801 3598 2853 Ausus
3628 2798 3785 2854 luisti

2182 2904 2431 2964 tentare,
2463 2896 2734 2951 dominari
2769 2894 2911 2950 velle
2940 2894 3035 2949 Dei
3069 2893 3302 2963 populo,
3334 2893 3608 2960 subjicere
3640 2892 3785 2948 velle

2155 2991 2474 3048 -ecclesiam
2509 2991 2603 3046 Dei
2633 2999 2723 3045 tuo
2748 3004 2941 3059 regno,
2974 2987 3212 3043 divinam
3256 2987 3607 3058 majestatem
3638 2986 3786 3041 illius

2187 3093 2396 3141 tantum
2427 3093 2759 3141 metuentem
2788 3092 2883 3137 tuo
2934 3081 3074 3136 futili
3106 3080 3378 3150 imperio:
3425 3088 3481 3135 et
3530 3078 3635 3134 hoc
3664 3078 3787 3148 qui-

481 3177 552 3233 rit
581 3178 755 3245 Deus,
794 3179 868 3233 sit
902 3180 1161 3234 amittens
1190 3180 1388 3247 vitam,
1418 3181 1488 3235 sit
1531 3192 1847 3252 perpetuam
1902 3184 2079 3251 possi-
2109 3160 2153 3222 Ο
2187 3179 2310 3235 dem
2336 3179 2512 3235 fecisti
2540 3218 2555 3244 ,
2586 3178 2710 3248 quia
2742 3175 2997 3230 nesciens
3022 3174 3099 3229 sis
3128 3173 3390 3240 scriptum
3439 3187 3565 3227 esse
3595 3171 3664 3227 de
3690 3186 3785 3226 vo-

480 3267 618 3324 dens
648 3278 906 3325 mortem.
963 3269 1100 3325 Cum
1134 3271 1297 3341 igitur
1348 3272 1471 3327 sitis
1501 3273 1691 3327 Ariani
1747 3272 2028 3328 inhumani
2061 3315 2077 3339 ,

480 3362 656 3433 impii,
697 3362 968 3431 crudeles,
1004 3363 1308 3433 homicidae,
1345 3366 1626 3436 quomodo
1647 3366 1753 3421 dici
1795 3367 2079 3423 christiani

484 3456 778 3525 poteritis?
809 3454 907 3511 sed
931 3466 986 3511 et
1011 3471 1136 3511 cum
1171 3460 1381 3529 negetis
1416 3458 1693 3515 Christum
1729 3460 1946 3515 unicum
1992 3460 2086 3515 Dei

484 3546 704 3612 Filium,
736 3556 793 3603 et
816 3549 1195 3604 confiteamini
1227 3550 1531 3607 credidisse
1576 3567 1673 3605 vos
1700 3552 1752 3607 in
1790 3552 2086 3608 antichris-

486 3648 595 3695 tum
624 3681 639 3707 ,
672 3641 817 3696 unde
860 3652 954 3696 aut
984 3643 1260 3713 quomodo
1293 3659 1391 3699 vos
1436 3645 1686 3713 peteritis
1713 3644 1917 3701 Christi
1950 3660 2077 3716 pro.

482 3734 622 3791 bare
660 3750 851 3791 servos
884 3778 898 3803 ,
942 3751 1067 3791 cum
1123 3739 1548 3794 manifestaretis
1576 3747 1602 3779 ο
1642 3749 1857 3795 vosmet
1901 3752 2082 3796 vestra

480 3826 825 3897 professione
863 3844 985 3885 esse
1028 3828 1262 3885 famulos
1316 3831 1664 3887 antichristi?
1711 3832 2083 3889 Antichristus

487 3919 713 3989 etenim,
744 3920 797 3977 in
828 3937 992 3994 quem
1039 3924 1204 3979 Arius
1240 3924 1583 3991 crediderit,
1629 3940 1688 3979 re
1719 3940 1848 3981 vera
1881 3923 1900 3961 τ
1938 3926 2039 3995 fuit
2070 3967 2083 3991 ,

559 4164 785 4221 llGraec.
835 4163 1134 4235 βεϐαίωσις.
1194 4162 1349 4217 Vers.
1397 4166 1527 4219 Ant.
1570 4168 1974 4221 consummatio.
2025 4169 2091 4224 Et

493 4237 659 4309 paulo
682 4245 826 4309 post,
858 4235 982 4305 facit
1011 4248 1140 4297 esse,
1174 4250 1272 4304 pro
1295 4235 1453 4303 faciet
1485 4246 1553 4289 te.

560 4308 587 4347 ι)
618 4306 771 4362 Vers.
800 4306 933 4361 Ant.
962 4314 1170 4376 patrum
1200 4321 1466 4361 meorum:
1492 4322 1729 4361 meorum
1754 4309 1910 4366 abest
1928 4310 2089 4366 etiam

489 4396 519 4436 a
800 4450 930 4505 Ant.
954 4447 1232 4516 Sapientia
1254 4458 1346 4503 tua
1520 4460 1577 4505 ut
1598 4450 1952 4506 dominaretur

493 4523 775 4577 directione
798 4521 993 4585 cordis,
1026 4530 1131 4576 etc.

2182 3272 2267 3330 bis
2298 3272 2574 3344 tyrannis:
2625 3268 2847 3341 PrOpter
2870 3269 2967 3322 hac
2993 3267 3401 3335 indiscipliuataz
3425 3265 3611 3321 anima:
3640 3281 3785 3319 erra-

2182 3362 2543 3419 verant:dum
2566 3362 2699 3415 enim
2735 3375 3040 3431 persuasum
3082 3357 3272 3411 habent
3301 3357 3469 3427 iniqui
3511 3372 3659 3428 posse
3682 3358 3768 3410 sei

2182 3459 2443 3513 dominari
2472 3456 2671 3511 nationi
2696 3465 3017 3520 sanctorum,
3044 3453 3202 3507 uincti
3223 3451 3546 3505 tenebrarum
3566 3450 3782 3517 catenis,

2187 3562 2235 3607 et
2256 3554 2415 3625 longa
2456 3560 2603 3604 nocte
2634 3548 2913 3615 compediti
2944 3589 2960 3613 ,
3011 3546 3201 3601 inclusi
3230 3545 3323 3599 sub
3354 3546 3499 3599 tectis
3525 3587 3540 3611 ,
3582 3544 3785 3615 fugitivi

2189 3643 2346 3715 (Sap.
2370 3656 2503 3709 xvn,
2536 3638 2611 3712 1).
2645 3638 2938 3709 Conspicis
2956 3638 3064 3707 jam
3099 3648 3151 3692 te
3187 3652 3313 3692 esse
3348 3634 3493 3690 inter
3536 3634 3659 3691 illos
3688 3634 3786 3690 Dei

2188 3734 2375 3808 pepuli
2404 3742 2813 3805 persecutores,
2837 3730 2906 3787 de
2935 3729 3135 3800 quibus
3166 3728 3366 3799 legisti,
3400 3726 3546 3795 quod
3575 3743 3679 3779 una
3700 3743 3786 3779 ca-

2189 3840 2305 3885 tena
2338 3829 2664 3883 tenebrarum
2708 3823 2877 3881 suntk
2929 3840 3106 3878 omnes
3151 3822 3383 3893 colligati
3414 3820 3521 3892 (Ib.
3556 3819 3671 3891 17).
3720 3819 3787 3874 Et

2189 3922 2423 3978 iterum:
2457 3919 2615 3989 Digni
2641 3919 2847 3988 quidem
2892 3916 2971 3971 illi
3004 3913 3019 3951 ι
3053 3930 3231 3970 carere
3270 3914 3442 3967 lumen
3466 3923 3515 3967 et
3544 3912 3650 3983 pati
3668 3927 3784 3965 car-

2195 4168 2475 4225 Catholica
2496 4179 2551 4225 et
2573 4169 2767 4225 Ariona
2794 4178 3000 4239 poterat
3032 4170 3279 4234 censeri;
3300 4172 3367 4225 et
3414 4169 3724 4239 complures
3754 4185 3785 4225 e

2198 4241 2580 4300 Setniarianis.
2609 4241 2879 4309 explicato
2907 4256 3019 4296 suae
3052 4244 3250 4297 mentis
3277 4256 3443 4296 sensu
3471 4284 3486 4302 .
3522 4244 3663 4296 inter
3684 4239 3787 4295 Ca-

2197 4312 2431 4368 tholicos
2481 4325 2767 4382 propterea
2820 4313 3089 4385 admissi,
3122 4329 3243 4368 cum
3298 4313 3588 4385 dumodo-iw
3631 4312 3785 4385 idem

2196 4386 2356 4454 plane
2386 4400 2508 4439 esse
2532 4400 2594 4438 ac
2624 4385 2894 4454 ὁμοοὺσιον
2919 4384 3335 4440 confiterentur.
3369 4384 3585 4440 Lucifer
3628 4384 3787 4452 igitur

2197 4408 2356 4454 pliIIIC
2386 4408 2508 4439 Q3558
2532 4408 2594 4438 at:
2624 4408 2649 4439 ο
2692 4408 2894 4440 οουσιον
2919 4408 3331 4440 ιςυιοιιιετειιιιιτ.
3369 4408 3585 4440 ιλυυιιετ
3630 4408 3786 4452 ιειιιιτ

2197 4456 2417 4510 similem
2444 4455 2587 4509 Patri
2619 4408 2813 4509 FIi‘ltutn
2847 4456 2979 4509 dicit
3006 4458 3154 4523 juxta
3188 4456 3489 4524 perfectam
3532 4455 3786 4509 similitu-

2196 4527 2401 4593 dinem,
2435 4542 2539 4595 qua
2573 4527 2797 4596 proinde
2827 4536 2883 4581 et
2908 4529 3134 4596 aequalis
3162 4536 3266 4590 est,
3305 4536 3361 4581 et
3388 4526 3634 4595 ejusdem
3659 4542 3784 4580 cum

563 4592 590 4631 ἀ
622 4594 689 4647 Et
718 4595 1021 4667 humanum.
1054 4592 1174 4647 Lat.
1205 4601 1261 4647 et
1295 4591 1445 4667 Vers.
1478 4592 1609 4667 Ant.
1634 4592 1740 4650 Sed
1772 4608 1987 4667 vereor,
2021 4611 2090 4650 ne
2114 4588 2168 4649 D
2195 4597 2356 4652 Patre
2383 4588 2626 4661 naturai;
2675 4596 2818 4651 unde
2861 4588 3110 4665 mqualem
3156 4588 3309 4651 etiam
3336 4588 3575 4667 appellat
3603 4640 3617 4661 ,
3648 4605 3790 4651 tam-

497 4666 754 4720 mendum
787 4666 1092 4733 irrepserit,
1117 4678 1238 4718 cum
1272 4663 1433 4732 paulo
1476 4662 1706 4719 inferius
1754 4664 1903 4719 dicat
1932 4666 2090 4721 Luci-

496 4737 578 4791 fer
598 4777 612 4799 ,
644 4736 1089 4805 quomodojustas
1120 4751 1213 4788 nos
1240 4745 1286 4787 et
1328 4734 1579 4805 humanas
1611 4776 1625 4797 ,
1675 4746 1785 4790 etc.
1830 4737 1971 4793 unde
2000 4752 2087 4793 ar-

495 4803 781 4878 guasgieunt
814 4806 1098 4878 St‘l‘lpSlSSC
1117 4809 1320 4878 justum
1343 4816 1388 4858 et
1418 4803 1718 4861 humanum.

573 4888 596 4914 ε
625 4876 753 4930 Cum
780 4876 1135 4945 manifesti-tis.
1168 4876 1348 4929 Latin.

575 4948 593 4986 ί
626 4947 807 5003 Utitur
844 4962 905 5000 ea
954 4948 1179 5001 formula
1215 4946 1430 5006 Lucifer
1470 4949 1729 5007 adversus
1785 4949 2089 5006 Antichris-

499 5030 636 5086 tttm,
668 5034 771 5089 qua
804 5018 1162 5089 Ari:ini,_cutn
1196 5016 1325 5073 Jesu
1369 5023 1566 5078 Christi
1611 5019 1849 5077 divinam
1874 5023 2091 5077 aeterni-

498 5101 660 5148 tatem
689 5087 1169 5160 itcgat'ent:_Fuit,
1198 5096 1406 5159 quando
1427 5112 1528 5150 non
1555 5106 1685 5147 erat.

573 5174 597 5236 ξι
636 5158 786 5236 Ych:
814 5158 1290 5236 Ant._Coustitutas
1323 5182 1417 5236 pro
1448 5174 1598 5220 esset.

572 5232 598 5271 δ
624 5234 761 5299 Quid
791 5235 877 5286 sit.
914 5232 1085 5288 Valte.

582 5308 818 5363 lJesutn
869 5305 1147 5361 Christum
1214 5310 1361 5365 Patri
1438 5307 1785 5363 solummodo
1851 5305 2085 5361 similem

500 5380 675 5454 apem
702 5394 848 5454 esse.
881 5378 1101 5454 quidam
1144 5394 1211 5434 ex
1239 5381 1456 5454 Arianis
1480 5378 1759 5454 dicebant,
1794 5376 1940 5454 nulla
1962 5381 2086 5431 sub-

500 5447 707 5505 siantia:
736 5450 815 5504 vel
867 5450 995 5503 asia:
1044 5447 1185 5504 faeta
1235 5453 1509 5507 mentione
1540 5470 1553 5504 :
1580 5452 1712 5505 κατὰ
1758 5449 1931 5507 πάντα
1962 5465 2091 5504 vero

500 5521 671 5593 ὅμοιον
701 5535 821 5576 esse
850 5520 1223 5593 FiliumPatri
1249 5522 1604 5587 Semiariani,
1638 5536 1692 5576 et
1726 5522 2095 5578 llotnmusias-

508 5592 577 5647 tae
612 5593 997 5656 affirmabant,
1031 5592 1268 5663 Eusebio
1315 5594 1641 5650 (Stesaricnsi
1690 5596 1969 5663 magistro.
2030 5596 2096 5647 At

510 5678 634 5718 cuin
667 5663 901 5732 perfecta
928 5662 1229 5718 similitudo
1261 5665 1397 5721 nihil
1422 5672 1491 5720 ab
1519 5662 1827 5732 atqualitate
1856 5676 1909 5718 et
1943 5662 2097 5719 iden-

510 5735 665 5794 titate
714 5732 1139 5798 naturmdiﬂera
1173 5777 1187 5801 ,
1230 5736 1358 5803 ideo
1388 5740 1504 5804 haec
1542 5735 1839 5806 propositio
1868 5774 1884 5801 ,
1920 5732 2092 5789 Filius

513 5802 684 5859 ὅμοιοι-
710 5800 854 5855 Patri
883 5800 977 5859 est.
1012 5814 1109 5859 oro
1133 5745 1354 5859 diverso
1399 5807 1734 5859 enuntiantis
1771 5796 2000 5859 consilio
2038 5817 2092 5859 et

513 5802 684 5867 ὅμοιος
710 5800 854 5855 Patri
883 5800 977 5867 esi,
1012 5796 1109 5871 pro
1133 5796 1354 5861 diverso
1399 5796 1734 5863 cittttiliaititis
1771 5796 2000 5865 consilio
2038 5817 2092 5861 et

2189 4684 2350 4739 quam
2379 4684 2471 4735 per
2490 4668 2800 4740 a'qualitatis
2828 4670 3144 4740 vogalutlutn
3173 4674 3452 4738 perfectam
3481 4669 3785 4740 similitudi-

2190 4756 2306 4793 nem
2334 4741 2573 4795 indicare
2602 4740 2856 4793 voluerit.
2888 4739 2992 4794 Sed
3030 4740 3235 4793 Hilario
3264 4739 3570 4795 Arelatensi
3601 4740 3787 4809 hujus-

2190 4810 2334 4865 modi
2370 4827 2531 4865 voces
2580 4821 2689 4864 tum
2716 4810 2930 4883 ὁμοίου,
2963 4819 3075 4864 tum
3109 4811 3409 4883 ὁμοιουσίου
3436 4812 3603 4883 valde
3631 4820 3789 4883 erant

2191 4892 2490 4949 suspecta};
2517 4898 2684 4951 quare
2711 4881 2766 4936 in
2793 4884 3072 4952 responsis
3112 4881 3479 4951 apoltigeticis
3506 4896 3602 4947 pro
3629 4882 3788 4936 libris

2192 4954 2305 5025 suis
2327 4954 2395 5008 de
2424 4954 2658 5025 Synodis
2716 4953 2829 5025 haec
2882 4954 2947 5025 a_d
2998 4952 3310 5007 Luciferum
3367 4953 3587 5008 scribit:
3645 4953 3790 5007 Satis

2191 5022 2681 5097 absolutefdamine
2702 5024 2863 5092 frater
2891 5022 3100 5093 Lucifer
3126 5026 3402 5097 ,Acagnosci
3432 5025 3617 5092 potuit,
3646 5026 3785 5076 inri-

2195 5105 2301 5150 tum
2328 5114 2405 5151 me
2434 5096 2702 5149 hommusii
2732 5097 3039 5148 mentionem
3078 5095 3281 5149 habere.
3328 5096 3434 5151 Sed
3469 5098 3593 5163 quia
3626 5105 3676 5147 tu
3718 5096 3791 5148 si-

2195 5168 2539 5222 militudinem
2566 5166 2692 5220 Filii
2733 5167 2800 5221 ad
2828 5165 3038 5221 Patrem
3069 5167 3387 5234 prtrdicobas
3415 5210 3429 5231 ,
3472 5168 3790 5220 demonstra-

2196 5240 2268 5310 tio
2298 5242 2408 5308 ejus
2430 5257 2459 5290 a
2486 5256 2563 5292 me
2587 5242 2685 5309 fuit
2717 5238 3021 5310 exponenda
3050 5240 3160 5293 sine
3188 5240 3343 5293 vitio:
3373 5238 3516 5309 quod
3546 5238 3790 5307 pluribus

2196 5309 2250 5366 in
2277 5311 2408 5364 locis
2440 5311 2555 5378 ipse
2585 5320 2824 5377 pra-stat.

2273 5382 2287 5431 i
2330 5382 2399 5436 Se
2423 5383 2624 5435 omittit
2655 5381 2813 5437 Vers.
2843 5381 2970 5436 Ant.
2999 5398 3118 5451 quae
3160 5391 3344 5450 postea
3374 5380 3561 5448 habet,
3596 5380 3790 5436 Vincu-

2200 5452 2616 5526 lis_tenebrarum
2643 5464 2690 5508 et
2712 5456 2881 5526 longw
2910 5455 3074 5508 noctis
3103 5454 3399 5523 compediti.

2272 5523 2297 5561 ¹ί
2329 5523 2513 5579 Erant.
2547 5525 2701 5580 Vers.
2734 5523 2863 5581 Alit.

2274 5594 2293 5634 1
2324 5597 2426 5651 Pro
2450 5600 2640 5651 tantine
2672 5609 2721 5652 et
2746 5600 2859 5652 luce
2885 5599 3114 5667 privari;
3161 5597 3252 5652 ubi
3299 5596 3665 5651 accusativum
3692 5610 3791 5666 pro

2197 5667 2445 5722 ablativo
2476 5679 2723 5738 usurpat.
2756 5668 2862 5723 Til.
2888 5682 2937 5723 et
2967 5668 3141 5723 Latin.
3166 5669 3306 5738 Sunt
3326 5670 3414 5737 qui
3445 5668 3742 5738 emendant
3768 5709 3784 5731 ,

2195 5754 2379 5881 ἱητὲνε
2407 5741 2598 5793 lumine
2616 5730 2642 5803 ’;
2682 5740 2822 5810 quod
2869 5756 2973 5797 non
3002 5741 3117 5796 fer‘o
3168 5730 3220 5795 in
3275 5730 3378 5795 hoc
3422 5747 3663 5798 auctoret
3710 5730 3791 5793 ss

2238 5820 2299 5861 er
2331 5820 2379 5862 α.

2238 5820 2379 5862 eruo.
