  <div class='ocr_page' id='page_1' title='image "/cluster/home/n/w/nwhite01/storage/ocr_20150623/13/hvd.32044096580428/438.png"; bbox 0 0 4148 6186; ppageno 0'>
   <div class='ocr_carea' id='block_1_1' title="bbox 407 280 511 341">
    <p class='ocr_par' dir='ltr' id='par_1_1' title="bbox 407 280 511 341">
     <span class='ocr_line' id='line_1_1' title="bbox 407 280 511 341; baseline -0.029 0"><span class='ocrx_word' id='word_1_1' title='bbox 407 280 511 341; x_wconf 83' lang='grc'><strong>865</strong></span> 
     </span>
    </p>
   </div>
   <div class='ocr_carea' id='block_1_2' title="bbox 1484 272 2617 342">
    <p class='ocr_par' dir='ltr' id='par_1_2' title="bbox 1484 272 2617 342">
     <span class='ocr_line' id='line_1_2' title="bbox 1484 272 2617 342; baseline -0.002 -2"><span class='ocrx_word' id='word_1_2' title='bbox 1484 276 1619 340; x_wconf 80' lang='lat' dir='ltr'><strong>PRO</strong></span> <span class='ocrx_word' id='word_1_3' title='bbox 1658 272 1926 342; x_wconf 74' lang='lat' dir='ltr'><strong>SANCTO</strong></span> <span class='ocrx_word' id='word_1_4' title='bbox 1966 276 2361 342; x_wconf 72' lang='lat' dir='ltr'><strong>ATIIANASIO</strong></span> <span class='ocrx_word' id='word_1_5' title='bbox 2404 276 2533 342; x_wconf 85' lang='lat' dir='ltr'><strong>LIB.</strong></span> <span class='ocrx_word' id='word_1_6' title='bbox 2578 278 2617 341; x_wconf 85' lang='grc'><strong>1.</strong></span> 
     </span>
    </p>
   </div>
   <div class='ocr_carea' id='block_1_3' title="bbox 3590 282 3695 343">
    <p class='ocr_par' dir='ltr' id='par_1_3' title="bbox 3590 282 3695 343">
     <span class='ocr_line' id='line_1_3' title="bbox 3590 282 3695 343; baseline 0 -1"><span class='ocrx_word' id='word_1_7' title='bbox 3590 282 3695 343; x_wconf 81' lang='grc'><strong>866</strong></span> 
     </span>
    </p>
   </div>
   <div class='ocr_carea' id='block_1_4' title="bbox 403 397 3699 474">
    <p class='ocr_par' dir='ltr' id='par_1_4' title="bbox 403 397 3699 474">
     <span class='ocr_line' id='line_1_4' title="bbox 403 397 3699 474; baseline 0.001 -19"><span class='ocrx_word' id='word_1_8' title='bbox 403 417 567 455; x_wconf 88' lang='lat' dir='ltr'><strong>cerem</strong></span> <span class='ocrx_word' id='word_1_9' title='bbox 597 400 944 468; x_wconf 77' lang='lat' dir='ltr'><strong>tenebrarum,</strong></span> <span class='ocrx_word' id='word_1_10' title='bbox 979 400 1067 474; x_wconf 88' lang='lat' dir='ltr'><strong>qui</strong></span> <span class='ocrx_word' id='word_1_11' title='bbox 1091 402 1318 458; x_wconf 88' lang='lat' dir='ltr'><strong>inclusos</strong></span> <span class='ocrx_word' id='word_1_12' title='bbox 1336 399 1633 455; x_wconf 87' lang='lat' dir='ltr'><strong>custodiunt</strong></span> <span class='ocrx_word' id='word_1_13' title='bbox 1654 408 1678 437; x_wconf 72' lang='grc' dir='ltr'><strong>δ</strong></span> <span class='ocrx_word' id='word_1_14' title='bbox 1703 401 1839 469; x_wconf 78' lang='lat' dir='ltr'><strong>ﬁlios</strong></span> <span class='ocrx_word' id='word_1_15' title='bbox 1866 410 2000 465; x_wconf 88' lang='lat' dir='ltr'><strong>tuos,</strong></span> <span class='ocrx_word' id='word_1_16' title='bbox 2032 414 2084 472; x_wconf 76' lang='grc' dir='ltr'><strong>Α</strong></span> <span class='ocrx_word' id='word_1_17' title='bbox 2114 399 2312 455; x_wconf 82' lang='lat' dir='ltr'><strong>venio?</strong></span> <span class='ocrx_word' id='word_1_18' title='bbox 2343 398 2447 454; x_wconf 85' lang='lat' dir='ltr'><strong>nisi</strong></span> <span class='ocrx_word' id='word_1_19' title='bbox 2481 410 2539 455; x_wconf 91' lang='lat' dir='ltr'><strong>ut</strong></span> <span class='ocrx_word' id='word_1_20' title='bbox 2563 399 2843 456; x_wconf 82' lang='lat' dir='ltr'><strong>crederem</strong></span> <span class='ocrx_word' id='word_1_21' title='bbox 2868 440 2881 464; x_wconf 91' lang='lat'><strong>,</strong></span> <span class='ocrx_word' id='word_1_22' title='bbox 2910 397 3031 463; x_wconf 84' lang='lat' dir='ltr'><strong>quia</strong></span> <span class='ocrx_word' id='word_1_23' title='bbox 3078 415 3202 456; x_wconf 86' lang='lat' dir='ltr'><strong>cum</strong></span> <span class='ocrx_word' id='word_1_24' title='bbox 3236 410 3290 457; x_wconf 92' lang='lat' dir='ltr'><strong>tu</strong></span> <span class='ocrx_word' id='word_1_25' title='bbox 3332 417 3417 458; x_wconf 90' lang='lat' dir='ltr'><strong>me</strong></span> <span class='ocrx_word' id='word_1_26' title='bbox 3449 418 3699 473; x_wconf 92' lang='lat' dir='ltr'><strong>premere</strong></span> 
     </span>
    </p>
   </div>
   <div class='ocr_carea' id='block_1_5' title="bbox 402 492 2002 566">
    <p class='ocr_par' dir='ltr' id='par_1_5' title="bbox 402 492 2002 566">
     <span class='ocr_line' id='line_1_5' title="bbox 402 492 2002 566; baseline 0 -19"><span class='ocrx_word' id='word_1_27' title='bbox 402 508 495 564; x_wconf 88' lang='lat' dir='ltr'><strong>per</strong></span> <span class='ocrx_word' id='word_1_28' title='bbox 528 509 653 560; x_wconf 88' lang='lat' dir='ltr'><strong>quos</strong></span> <span class='ocrx_word' id='word_1_29' title='bbox 709 495 988 563; x_wconf 74' lang='lat' dir='ltr'><strong>incipiebat</strong></span> <span class='ocrx_word' id='word_1_30' title='bbox 1041 496 1399 566; x_wconf 89' lang='lat' dir='ltr'><strong>incorruptum</strong></span> <span class='ocrx_word' id='word_1_31' title='bbox 1458 492 1584 565; x_wconf 88' lang='lat' dir='ltr'><strong>legis</strong></span> <span class='ocrx_word' id='word_1_32' title='bbox 1631 492 1804 547; x_wconf 86' lang='lat' dir='ltr'><strong>lumen</strong></span> <span class='ocrx_word' id='word_1_33' title='bbox 1831 492 2002 547; x_wconf 75' lang='lat' dir='ltr'><strong>vita:b</strong></span> 
     </span>
    </p>
   </div>
   <div class='ocr_carea' id='block_1_6' title="bbox 402 584 2003 661">
    <p class='ocr_par' dir='ltr' id='par_1_6' title="bbox 402 584 2003 661">
     <span class='ocr_line' id='line_1_6' title="bbox 402 584 2003 661; baseline 0.001 -19"><span class='ocrx_word' id='word_1_34' title='bbox 402 588 637 643; x_wconf 89' lang='lat' dir='ltr'><strong>omnibus</strong></span> <span class='ocrx_word' id='word_1_35' title='bbox 658 588 776 643; x_wconf 89' lang='lat' dir='ltr'><strong>dari</strong></span> <span class='ocrx_word' id='word_1_36' title='bbox 801 588 954 661; x_wconf 89' lang='lat' dir='ltr'><strong>(Sap.</strong></span> <span class='ocrx_word' id='word_1_37' title='bbox 983 606 1137 655; x_wconf 82' lang='lat' dir='ltr'><strong>xvm,</strong></span> <span class='ocrx_word' id='word_1_38' title='bbox 1158 588 1238 661; x_wconf 75' lang='grc'><strong>4).</strong></span> <span class='ocrx_word' id='word_1_39' title='bbox 1264 591 1348 643; x_wconf 84' lang='grc' dir='ltr'><strong>Αη</strong></span> <span class='ocrx_word' id='word_1_40' title='bbox 1378 586 1599 658; x_wconf 80' lang='lat' dir='ltr'><strong>negabis</strong></span> <span class='ocrx_word' id='word_1_41' title='bbox 1620 585 1709 641; x_wconf 90' lang='lat' dir='ltr'><strong>Dei</strong></span> <span class='ocrx_word' id='word_1_42' title='bbox 1732 584 2003 643; x_wconf 73' lang='lat' dir='ltr'><strong>antistites</strong></span> 
     </span>
    </p>
   </div>
   <div class='ocr_carea' id='block_1_7' title="bbox 402 678 2000 749">
    <p class='ocr_par' dir='ltr' id='par_1_7' title="bbox 402 678 2000 749">
     <span class='ocr_line' id='line_1_7' title="bbox 402 678 2000 749; baseline 0.001 -15"><span class='ocrx_word' id='word_1_43' title='bbox 402 687 456 735; x_wconf 90' lang='lat' dir='ltr'><strong>te</strong></span> <span class='ocrx_word' id='word_1_44' title='bbox 474 687 664 735; x_wconf 85' lang='lat' dir='ltr'><strong>tenere</strong></span> <span class='ocrx_word' id='word_1_45' title='bbox 694 690 715 719; x_wconf 77' lang='grc' dir='ltr'><strong>ο</strong></span> <span class='ocrx_word' id='word_1_46' title='bbox 745 680 801 735; x_wconf 88' lang='lat' dir='ltr'><strong>in</strong></span> <span class='ocrx_word' id='word_1_47' title='bbox 831 682 1126 736; x_wconf 84' lang='lat' dir='ltr'><strong>claustris?</strong></span> <span class='ocrx_word' id='word_1_48' title='bbox 1157 681 1222 736; x_wconf 87' lang='lat' dir='ltr'><strong>Et</strong></span> <span class='ocrx_word' id='word_1_49' title='bbox 1250 696 1372 735; x_wconf 92' lang='lat' dir='ltr'><strong>cum</strong></span> <span class='ocrx_word' id='word_1_50' title='bbox 1403 695 1465 736; x_wconf 90' lang='lat' dir='ltr'><strong>es</strong></span> <span class='ocrx_word' id='word_1_51' title='bbox 1486 678 1738 735; x_wconf 89' lang='lat' dir='ltr'><strong>detinens</strong></span> <span class='ocrx_word' id='word_1_52' title='bbox 1767 693 1836 734; x_wconf 89' lang='lat' dir='ltr'><strong>ne</strong></span> <span class='ocrx_word' id='word_1_53' title='bbox 1860 694 2000 749; x_wconf 70' lang='lat' dir='ltr'><strong>prte-</strong></span> 
     </span>
    </p>
   </div>
   <div class='ocr_carea' id='block_1_8' title="bbox 401 773 2002 845">
    <p class='ocr_par' dir='ltr' id='par_1_8' title="bbox 401 773 2002 845">
     <span class='ocr_line' id='line_1_8' title="bbox 401 773 2002 845; baseline -0.001 -15"><span class='ocrx_word' id='word_1_54' title='bbox 401 773 649 830; x_wconf 91' lang='lat' dir='ltr'><strong>dicemns</strong></span> <span class='ocrx_word' id='word_1_55' title='bbox 674 785 821 831; x_wconf 88' lang='lat' dir='ltr'><strong>certe</strong></span> <span class='ocrx_word' id='word_1_56' title='bbox 852 774 949 831; x_wconf 90' lang='lat' dir='ltr'><strong>Dei</strong></span> <span class='ocrx_word' id='word_1_57' title='bbox 980 776 1179 845; x_wconf 92' lang='lat' dir='ltr'><strong>populo</strong></span> <span class='ocrx_word' id='word_1_58' title='bbox 1212 776 1519 839; x_wconf 90' lang='lat' dir='ltr'><strong>veritatem,</strong></span> <span class='ocrx_word' id='word_1_59' title='bbox 1550 789 1647 830; x_wconf 92' lang='lat' dir='ltr'><strong>cur</strong></span> <span class='ocrx_word' id='word_1_60' title='bbox 1676 789 1775 829; x_wconf 92' lang='lat' dir='ltr'><strong>nos</strong></span> <span class='ocrx_word' id='word_1_61' title='bbox 1797 773 2002 829; x_wconf 80' lang='lat' dir='ltr'><strong>retines</strong></span> 
     </span>
    </p>
   </div>
   <div class='ocr_carea' id='block_1_9' title="bbox 403 848 2004 936">
    <p class='ocr_par' dir='ltr' id='par_1_9' title="bbox 403 848 2004 936">
     <span class='ocr_line' id='line_1_9' title="bbox 403 848 2004 936; baseline -0.001 -14"><span class='ocrx_word' id='word_1_62' title='bbox 403 866 458 922; x_wconf 90' lang='lat' dir='ltr'><strong>in</strong></span> <span class='ocrx_word' id='word_1_63' title='bbox 484 858 749 925; x_wconf 83' lang='lat' dir='ltr'><strong>carcere?</strong></span> <span class='ocrx_word' id='word_1_64' title='bbox 787 882 886 923; x_wconf 91' lang='lat' dir='ltr'><strong>cur</strong></span> <span class='ocrx_word' id='word_1_65' title='bbox 915 848 1180 922; x_wconf 29' lang='lat' dir='ltr'><strong>mittis‘ad</strong></span> <span class='ocrx_word' id='word_1_66' title='bbox 1209 867 1437 922; x_wconf 83' lang='lat' dir='ltr'><strong>exsilia?</strong></span> <span class='ocrx_word' id='word_1_67' title='bbox 1483 865 1585 921; x_wconf 90' lang='lat' dir='ltr'><strong>nisi</strong></span> <span class='ocrx_word' id='word_1_68' title='bbox 1634 866 1761 936; x_wconf 89' lang='lat' dir='ltr'><strong>quia</strong></span> <span class='ocrx_word' id='word_1_69' title='bbox 1788 868 1865 919; x_wconf 87' lang='lat' dir='ltr'><strong>sis</strong></span> <span class='ocrx_word' id='word_1_70' title='bbox 1889 880 2004 920; x_wconf 90' lang='lat' dir='ltr'><strong>me-</strong></span> 
     </span>
    </p>
   </div>
   <div class='ocr_carea' id='block_1_10' title="bbox 403 959 2001 1032">
    <p class='ocr_par' dir='ltr' id='par_1_10' title="bbox 403 959 2001 1032">
     <span class='ocr_line' id='line_1_10' title="bbox 403 959 2001 1032; baseline -0.001 -17"><span class='ocrx_word' id='word_1_71' title='bbox 403 970 565 1017; x_wconf 87' lang='lat' dir='ltr'><strong>tuens</strong></span> <span class='ocrx_word' id='word_1_72' title='bbox 593 978 662 1017; x_wconf 89' lang='lat' dir='ltr'><strong>ne</strong></span> <span class='ocrx_word' id='word_1_73' title='bbox 692 977 787 1016; x_wconf 86' lang='lat' dir='ltr'><strong>vos</strong></span> <span class='ocrx_word' id='word_1_74' title='bbox 819 961 976 1032; x_wconf 91' lang='lat' dir='ltr'><strong>lupos</strong></span> <span class='ocrx_word' id='word_1_75' title='bbox 1007 962 1243 1018; x_wconf 85' lang='lat' dir='ltr'><strong>Arianos</strong></span> <span class='ocrx_word' id='word_1_76' title='bbox 1266 1003 1280 1027; x_wconf 91' lang='lat'><strong>,</strong></span> <span class='ocrx_word' id='word_1_77' title='bbox 1314 975 1539 1031; x_wconf 84' lang='lat' dir='ltr'><strong>rapaces</strong></span> <span class='ocrx_word' id='word_1_78' title='bbox 1565 975 1736 1015; x_wconf 91' lang='lat' dir='ltr'><strong>canes</strong></span> <span class='ocrx_word' id='word_1_79' title='bbox 1780 959 2001 1014; x_wconf 87' lang='lat' dir='ltr'><strong>rabido-</strong></span> 
     </span>
    </p>
   </div>
   <div class='ocr_carea' id='block_1_11' title="bbox 405 1051 1998 1126">
    <p class='ocr_par' dir='ltr' id='par_1_11' title="bbox 405 1051 1998 1126">
     <span class='ocr_line' id='line_1_11' title="bbox 405 1051 1998 1126; baseline -0.003 -15"><span class='ocrx_word' id='word_1_80' title='bbox 405 1071 494 1111; x_wconf 91' lang='lat' dir='ltr'><strong>sos</strong></span> <span class='ocrx_word' id='word_1_81' title='bbox 520 1052 546 1092; x_wconf 74' lang='grc' dir='ltr'>ἀ</span> <span class='ocrx_word' id='word_1_82' title='bbox 566 1064 728 1126; x_wconf 88' lang='lat' dir='ltr'><strong>atque</strong></span> <span class='ocrx_word' id='word_1_83' title='bbox 754 1055 1111 1111; x_wconf 89' lang='lat' dir='ltr'><strong>antichristos</strong></span> <span class='ocrx_word' id='word_1_84' title='bbox 1153 1071 1275 1112; x_wconf 90' lang='lat' dir='ltr'><strong>esse</strong></span> <span class='ocrx_word' id='word_1_85' title='bbox 1307 1066 1412 1110; x_wconf 89' lang='lat' dir='ltr'><strong>tem</strong></span> <span class='ocrx_word' id='word_1_86' title='bbox 1425 1055 1574 1125; x_wconf 91' lang='lat' dir='ltr'><strong>poris</strong></span> <span class='ocrx_word' id='word_1_87' title='bbox 1596 1052 1788 1115; x_wconf 88' lang='lat' dir='ltr'><strong>nostri.</strong></span> <span class='ocrx_word' id='word_1_88' title='bbox 1821 1051 1998 1107; x_wconf 89' lang='lat' dir='ltr'><strong>mani-</strong></span> 
     </span>
    </p>
   </div>
   <div class='ocr_carea' id='block_1_12' title="bbox 404 1143 2001 1216">
    <p class='ocr_par' dir='ltr' id='par_1_12' title="bbox 404 1143 2001 1216">
     <span class='ocr_line' id='line_1_12' title="bbox 404 1143 2001 1216; baseline -0.001 -17"><span class='ocrx_word' id='word_1_89' title='bbox 404 1146 667 1201; x_wconf 83' lang='lat' dir='ltr'><strong>festemus</strong></span> <span class='ocrx_word' id='word_1_90' title='bbox 698 1147 876 1202; x_wconf 90' lang='lat' dir='ltr'><strong>sacris</strong></span> <span class='ocrx_word' id='word_1_91' title='bbox 904 1145 1278 1202; x_wconf 75' lang='lat' dir='ltr'><strong>revelantibus</strong></span> <span class='ocrx_word' id='word_1_92' title='bbox 1306 1144 1615 1216; x_wconf 86' lang='lat' dir='ltr'><strong>scripturis.</strong></span> <span class='ocrx_word' id='word_1_93' title='bbox 1643 1145 1830 1200; x_wconf 72' lang='lat' dir='ltr'><strong>Sacra:</strong></span> <span class='ocrx_word' id='word_1_94' title='bbox 1858 1143 2001 1199; x_wconf 91' lang='lat' dir='ltr'><strong>enim</strong></span> 
     </span>
    </p>
   </div>
   <div class='ocr_carea' id='block_1_13' title="bbox 341 1237 2003 1317">
    <p class='ocr_par' dir='ltr' id='par_1_13' title="bbox 341 1237 2003 1317">
     <span class='ocr_line' id='line_1_13' title="bbox 341 1237 2003 1317; baseline -0.001 -23"><span class='ocrx_word' id='word_1_95' title='bbox 341 1306 359 1317; x_wconf 30' lang='grc' dir='ltr'>θ</span> <span class='ocrx_word' id='word_1_96' title='bbox 395 1237 687 1309; x_wconf 80' lang='lat' dir='ltr'><strong>scripturae</strong></span> <span class='ocrx_word' id='word_1_97' title='bbox 716 1239 951 1308; x_wconf 87' lang='lat' dir='ltr'><strong>probant</strong></span> <span class='ocrx_word' id='word_1_98' title='bbox 982 1254 1077 1294; x_wconf 90' lang='lat' dir='ltr'><strong>vos</strong></span> <span class='ocrx_word' id='word_1_99' title='bbox 1106 1254 1172 1293; x_wconf 80' lang='lat' dir='ltr'><strong>ex</strong></span> <span class='ocrx_word' id='word_1_100' title='bbox 1222 1238 1435 1293; x_wconf 87' lang='lat' dir='ltr'><strong>actibus</strong></span> <span class='ocrx_word' id='word_1_101' title='bbox 1484 1237 1684 1293; x_wconf 80' lang='lat' dir='ltr'><strong>vestris</strong></span> <span class='ocrx_word' id='word_1_102' title='bbox 1729 1252 1835 1291; x_wconf 92' lang='lat' dir='ltr'><strong>non</strong></span> <span class='ocrx_word' id='word_1_103' title='bbox 1876 1250 2003 1294; x_wconf 89' lang='lat' dir='ltr'><strong>esse</strong></span> 
     </span>
    </p>
   </div>
   <div class='ocr_carea' id='block_1_14' title="bbox 401 1330 2000 1403">
    <p class='ocr_par' dir='ltr' id='par_1_14' title="bbox 401 1330 2000 1403">
     <span class='ocr_line' id='line_1_14' title="bbox 401 1330 2000 1403; baseline 0 -17"><span class='ocrx_word' id='word_1_104' title='bbox 401 1331 497 1387; x_wconf 87' lang='lat' dir='ltr'><strong>Dei</strong></span> <span class='ocrx_word' id='word_1_105' title='bbox 527 1346 738 1397; x_wconf 88' lang='lat' dir='ltr'><strong>servos,</strong></span> <span class='ocrx_word' id='word_1_106' title='bbox 763 1331 857 1387; x_wconf 86' lang='lat' dir='ltr'><strong>sed</strong></span> <span class='ocrx_word' id='word_1_107' title='bbox 892 1332 1051 1403; x_wconf 89' lang='lat' dir='ltr'><strong>plane</strong></span> <span class='ocrx_word' id='word_1_108' title='bbox 1080 1332 1219 1388; x_wconf 84' lang='lat' dir='ltr'><strong>ﬁlios</strong></span> <span class='ocrx_word' id='word_1_109' title='bbox 1261 1332 1486 1388; x_wconf 84' lang='lat' dir='ltr'><strong>diaboli.</strong></span> <span class='ocrx_word' id='word_1_110' title='bbox 1528 1330 1585 1388; x_wconf 87' lang='lat' dir='ltr'><strong>Si</strong></span> <span class='ocrx_word' id='word_1_111' title='bbox 1619 1331 1763 1387; x_wconf 91' lang='lat' dir='ltr'><strong>enim</strong></span> <span class='ocrx_word' id='word_1_112' title='bbox 1801 1347 1908 1385; x_wconf 93' lang='lat' dir='ltr'><strong>non</strong></span> <span class='ocrx_word' id='word_1_113' title='bbox 1940 1344 2000 1386; x_wconf 93' lang='lat' dir='ltr'><strong>es</strong></span> 
     </span>
    </p>
   </div>
   <div class='ocr_carea' id='block_1_15' title="bbox 396 1423 2002 1495">
    <p class='ocr_par' dir='ltr' id='par_1_15' title="bbox 396 1423 2002 1495">
     <span class='ocr_line' id='line_1_15' title="bbox 396 1423 2002 1495; baseline 0 -16"><span class='ocrx_word' id='word_1_114' title='bbox 396 1438 547 1479; x_wconf 89' lang='lat' dir='ltr'><strong>unus</strong></span> <span class='ocrx_word' id='word_1_115' title='bbox 582 1440 652 1479; x_wconf 82' lang='lat' dir='ltr'><strong>ex</strong></span> <span class='ocrx_word' id='word_1_116' title='bbox 706 1423 856 1490; x_wconf 88' lang='lat' dir='ltr'><strong>illis,</strong></span> <span class='ocrx_word' id='word_1_117' title='bbox 915 1439 1053 1495; x_wconf 90' lang='lat' dir='ltr'><strong>quos</strong></span> <span class='ocrx_word' id='word_1_118' title='bbox 1097 1424 1237 1479; x_wconf 84' lang='lat' dir='ltr'><strong>tales</strong></span> <span class='ocrx_word' id='word_1_119' title='bbox 1289 1424 1499 1479; x_wconf 84' lang='lat' dir='ltr'><strong>futuros</strong></span> <span class='ocrx_word' id='word_1_120' title='bbox 1553 1439 1722 1479; x_wconf 71' lang='lat' dir='ltr'><strong>sacra:</strong></span> <span class='ocrx_word' id='word_1_121' title='bbox 1763 1424 2002 1479; x_wconf 89' lang='lat' dir='ltr'><strong>clamant</strong></span> 
     </span>
    </p>
   </div>
   <div class='ocr_carea' id='block_1_16' title="bbox 395 1517 1996 1589">
    <p class='ocr_par' dir='ltr' id='par_1_16' title="bbox 395 1517 1996 1589">
     <span class='ocr_line' id='line_1_16' title="bbox 395 1517 1996 1589; baseline -0.001 -17"><span class='ocrx_word' id='word_1_122' title='bbox 395 1517 713 1585; x_wconf 70' lang='lat' dir='ltr'><strong>scriptum.</strong></span> <span class='ocrx_word' id='word_1_123' title='bbox 736 1533 860 1572; x_wconf 88' lang='lat' dir='ltr'><strong>eum</strong></span> <span class='ocrx_word' id='word_1_124' title='bbox 882 1518 1145 1589; x_wconf 88' lang='lat' dir='ltr'><strong>scriptum</strong></span> <span class='ocrx_word' id='word_1_125' title='bbox 1168 1517 1450 1573; x_wconf 89' lang='lat' dir='ltr'><strong>inveneris</strong></span> <span class='ocrx_word' id='word_1_126' title='bbox 1478 1518 1528 1572; x_wconf 91' lang='lat' dir='ltr'><strong>in</strong></span> <span class='ocrx_word' id='word_1_127' title='bbox 1553 1533 1715 1572; x_wconf 77' lang='lat' dir='ltr'><strong>cxxxr</strong></span> <span class='ocrx_word' id='word_1_128' title='bbox 1759 1518 1996 1587; x_wconf 77' lang='lat' dir='ltr'><strong>pSnImo:</strong></span> 
     </span>
    </p>
   </div>
   <div class='ocr_carea' id='block_1_17' title="bbox 400 1610 2001 1684">
    <p class='ocr_par' dir='ltr' id='par_1_17' title="bbox 400 1610 2001 1684">
     <span class='ocr_line' id='line_1_17' title="bbox 400 1610 2001 1684; baseline 0.001 -16"><span class='ocrx_word' id='word_1_129' title='bbox 400 1612 590 1684; x_wconf 84' lang='lat' dir='ltr'><strong>Surge,</strong></span> <span class='ocrx_word' id='word_1_130' title='bbox 608 1610 853 1680; x_wconf 83' lang='lat' dir='ltr'><strong>Domine,</strong></span> <span class='ocrx_word' id='word_1_131' title='bbox 885 1613 937 1667; x_wconf 90' lang='lat' dir='ltr'><strong>in</strong></span> <span class='ocrx_word' id='word_1_132' title='bbox 959 1616 1187 1683; x_wconf 79' lang='lat' dir='ltr'><strong>requiem</strong></span> <span class='ocrx_word' id='word_1_133' title='bbox 1216 1626 1381 1682; x_wconf 89' lang='lat' dir='ltr'><strong>tuam,</strong></span> <span class='ocrx_word' id='word_1_134' title='bbox 1404 1624 1456 1669; x_wconf 88' lang='lat' dir='ltr'><strong>tu</strong></span> <span class='ocrx_word' id='word_1_135' title='bbox 1484 1625 1533 1668; x_wconf 89' lang='lat' dir='ltr'><strong>et</strong></span> <span class='ocrx_word' id='word_1_136' title='bbox 1554 1632 1680 1669; x_wconf 91' lang='lat' dir='ltr'><strong>arca</strong></span> <span class='ocrx_word' id='word_1_137' title='bbox 1705 1616 2001 1684; x_wconf 79' lang='lat' dir='ltr'><strong>sancti/ica-</strong></span> 
     </span>
    </p>
   </div>
   <div class='ocr_carea' id='block_1_18' title="bbox 397 1706 1994 1782">
    <p class='ocr_par' dir='ltr' id='par_1_18' title="bbox 397 1706 1994 1782">
     <span class='ocr_line' id='line_1_18' title="bbox 397 1706 1994 1782; baseline 0.003 -23"><span class='ocrx_word' id='word_1_138' title='bbox 397 1706 554 1760; x_wconf 88' lang='lat' dir='ltr'><strong>tionis</strong></span> <span class='ocrx_word' id='word_1_139' title='bbox 601 1716 735 1760; x_wconf 76' lang='lat' dir='ltr'><strong>tute:</strong></span> <span class='ocrx_word' id='word_1_140' title='bbox 777 1708 1070 1762; x_wconf 79' lang='lat' dir='ltr'><strong>sacerdotes</strong></span> <span class='ocrx_word' id='word_1_141' title='bbox 1127 1708 1203 1761; x_wconf 90' lang='lat' dir='ltr'><strong>tui</strong></span> <span class='ocrx_word' id='word_1_142' title='bbox 1251 1708 1542 1762; x_wconf 87' lang='lat' dir='ltr'><strong>induantur</strong></span> <span class='ocrx_word' id='word_1_143' title='bbox 1578 1709 1841 1782; x_wconf 76' lang='lat' dir='ltr'><strong>justitiam</strong></span> <span class='ocrx_word' id='word_1_144' title='bbox 1874 1708 1994 1779; x_wconf 85' lang='lat' dir='ltr'><strong>(Ps.</strong></span> 
     </span>
    </p>
   </div>
   <div class='ocr_carea' id='block_1_19' title="bbox 2106 492 3701 565">
    <p class='ocr_par' dir='ltr' id='par_1_19' title="bbox 2106 492 3701 565">
     <span class='ocr_line' id='line_1_19' title="bbox 2106 492 3701 565; baseline 0 -15"><span class='ocrx_word' id='word_1_145' title='bbox 2106 502 2372 563; x_wconf 86' lang='lat' dir='ltr'><strong>tentares,</strong></span> <span class='ocrx_word' id='word_1_146' title='bbox 2407 494 2550 550; x_wconf 86' lang='lat' dir='ltr'><strong>Deus</strong></span> <span class='ocrx_word' id='word_1_147' title='bbox 2580 509 2733 550; x_wconf 89' lang='lat' dir='ltr'><strong>meus</strong></span> <span class='ocrx_word' id='word_1_148' title='bbox 2758 492 2900 565; x_wconf 83' lang='lat' dir='ltr'><strong>quod</strong></span> <span class='ocrx_word' id='word_1_149' title='bbox 2931 492 3012 547; x_wconf 90' lang='lat' dir='ltr'><strong>sic</strong></span> <span class='ocrx_word' id='word_1_150' title='bbox 3045 495 3333 564; x_wconf 88' lang='lat' dir='ltr'><strong>potuisset,</strong></span> <span class='ocrx_word' id='word_1_151' title='bbox 3364 494 3468 551; x_wconf 91' lang='lat' dir='ltr'><strong>uisi</strong></span> <span class='ocrx_word' id='word_1_152' title='bbox 3499 507 3549 549; x_wconf 88' lang='lat' dir='ltr'><strong>te</strong></span> <span class='ocrx_word' id='word_1_153' title='bbox 3571 510 3701 550; x_wconf 88' lang='lat' dir='ltr'><strong>eon-</strong></span> 
     </span>
    </p>
   </div>
   <div class='ocr_carea' id='block_1_20' title="bbox 2105 587 3706 660">
    <p class='ocr_par' dir='ltr' id='par_1_20' title="bbox 2105 587 3706 660">
     <span class='ocr_line' id='line_1_20' title="bbox 2105 587 3706 660; baseline 0.001 -17"><span class='ocrx_word' id='word_1_154' title='bbox 2105 590 2393 656; x_wconf 89' lang='lat' dir='ltr'><strong>vertisses,</strong></span> <span class='ocrx_word' id='word_1_155' title='bbox 2422 589 2807 660; x_wconf 85' lang='lat' dir='ltr'><strong>exstinguere,</strong></span> <span class='ocrx_word' id='word_1_156' title='bbox 2831 587 3103 659; x_wconf 89' lang='lat' dir='ltr'><strong>quomodo</strong></span> <span class='ocrx_word' id='word_1_157' title='bbox 3131 587 3494 657; x_wconf 89' lang='lat' dir='ltr'><strong>Pharaonem,</strong></span> <span class='ocrx_word' id='word_1_158' title='bbox 3536 598 3587 644; x_wconf 90' lang='lat' dir='ltr'><strong>ct</strong></span> <span class='ocrx_word' id='word_1_159' title='bbox 3619 604 3706 645; x_wconf 77' lang='lat' dir='ltr'><strong>me</strong></span> 
     </span>
    </p>
   </div>
   <div class='ocr_carea' id='block_1_21' title="bbox 2107 680 3706 754">
    <p class='ocr_par' dir='ltr' id='par_1_21' title="bbox 2107 680 3706 754">
     <span class='ocr_line' id='line_1_21' title="bbox 2107 680 3706 754; baseline 0 -17"><span class='ocrx_word' id='word_1_160' title='bbox 2107 682 2251 754; x_wconf 88' lang='lat' dir='ltr'><strong>quod</strong></span> <span class='ocrx_word' id='word_1_161' title='bbox 2284 683 2365 738; x_wconf 90' lang='lat' dir='ltr'><strong>sic</strong></span> <span class='ocrx_word' id='word_1_162' title='bbox 2406 681 2600 739; x_wconf 81' lang='lat' dir='ltr'><strong>luisset</strong></span> <span class='ocrx_word' id='word_1_163' title='bbox 2651 691 2944 753; x_wconf 87' lang='lat' dir='ltr'><strong>erepturus</strong></span> <span class='ocrx_word' id='word_1_164' title='bbox 2993 680 3063 737; x_wconf 88' lang='lat' dir='ltr'><strong>de</strong></span> <span class='ocrx_word' id='word_1_165' title='bbox 3110 681 3363 738; x_wconf 88' lang='lat' dir='ltr'><strong>manibus</strong></span> <span class='ocrx_word' id='word_1_166' title='bbox 3407 683 3535 748; x_wconf 90' lang='lat' dir='ltr'><strong>tuis,</strong></span> <span class='ocrx_word' id='word_1_167' title='bbox 3568 697 3706 750; x_wconf 91' lang='lat' dir='ltr'><strong>quo-</strong></span> 
     </span>
    </p>
   </div>
   <div class='ocr_carea' id='block_1_22' title="bbox 2106 772 3706 845">
    <p class='ocr_par' dir='ltr' id='par_1_22' title="bbox 2106 772 3706 845">
     <span class='ocr_line' id='line_1_22' title="bbox 2106 772 3706 845; baseline 0.001 -16"><span class='ocrx_word' id='word_1_168' title='bbox 2106 773 2269 830; x_wconf 92' lang='lat' dir='ltr'><strong>modo</strong></span> <span class='ocrx_word' id='word_1_169' title='bbox 2294 784 2349 829; x_wconf 89' lang='lat' dir='ltr'><strong>et</strong></span> <span class='ocrx_word' id='word_1_170' title='bbox 2377 774 2500 829; x_wconf 89' lang='lat' dir='ltr'><strong>illos</strong></span> <span class='ocrx_word' id='word_1_171' title='bbox 2523 774 2590 829; x_wconf 89' lang='lat' dir='ltr'><strong>de</strong></span> <span class='ocrx_word' id='word_1_172' title='bbox 2612 772 2918 829; x_wconf 90' lang='lat' dir='ltr'><strong>Pharaonis</strong></span> <span class='ocrx_word' id='word_1_173' title='bbox 2948 782 3237 845; x_wconf 87' lang='lat' dir='ltr'><strong>potestate.</strong></span> <span class='ocrx_word' id='word_1_174' title='bbox 3265 774 3473 830; x_wconf 90' lang='lat' dir='ltr'><strong>Idcirco</strong></span> <span class='ocrx_word' id='word_1_175' title='bbox 3501 774 3706 831; x_wconf 89' lang='lat' dir='ltr'><strong>etenim</strong></span> 
     </span>
    </p>
   </div>
   <div class='ocr_carea' id='block_1_23' title="bbox 2106 866 3705 938">
    <p class='ocr_par' dir='ltr' id='par_1_23' title="bbox 2106 866 3705 938">
     <span class='ocr_line' id='line_1_23' title="bbox 2106 866 3705 938; baseline -0.003 -14"><span class='ocrx_word' id='word_1_176' title='bbox 2106 868 2240 924; x_wconf 88' lang='lat' dir='ltr'><strong>dicit</strong></span> <span class='ocrx_word' id='word_1_177' title='bbox 2262 867 2329 921; x_wconf 92' lang='lat' dir='ltr'><strong>ad</strong></span> <span class='ocrx_word' id='word_1_178' title='bbox 2361 867 2605 938; x_wconf 90' lang='lat' dir='ltr'><strong>singulas</strong></span> <span class='ocrx_word' id='word_1_179' title='bbox 2634 868 2900 932; x_wconf 83' lang='lat' dir='ltr'><strong>virtutes,</strong></span> <span class='ocrx_word' id='word_1_180' title='bbox 2952 866 3198 937; x_wconf 88' lang='lat' dir='ltr'><strong>quoniam</strong></span> <span class='ocrx_word' id='word_1_181' title='bbox 3227 866 3281 920; x_wconf 92' lang='lat' dir='ltr'><strong>in</strong></span> <span class='ocrx_word' id='word_1_182' title='bbox 3326 867 3578 921; x_wconf 63' lang='lat' dir='ltr'><strong>saeculum</strong></span> <span class='ocrx_word' id='word_1_183' title='bbox 3610 867 3705 921; x_wconf 88' lang='lat' dir='ltr'><strong>mi-</strong></span> 
     </span>
    </p>
   </div>
   <div class='ocr_carea' id='block_1_24' title="bbox 2106 958 3705 1033">
    <p class='ocr_par' dir='ltr' id='par_1_24' title="bbox 2106 958 3705 1033">
     <span class='ocr_line' id='line_1_24' title="bbox 2106 958 3705 1033; baseline 0.001 -17"><span class='ocrx_word' id='word_1_184' title='bbox 2106 961 2391 1016; x_wconf 87' lang='lat' dir='ltr'><strong>sericordia</strong></span> <span class='ocrx_word' id='word_1_185' title='bbox 2416 964 2555 1033; x_wconf 84' lang='lat' dir='ltr'><strong>ejus,</strong></span> <span class='ocrx_word' id='word_1_186' title='bbox 2582 971 2641 1014; x_wconf 89' lang='lat' dir='ltr'><strong>ut</strong></span> <span class='ocrx_word' id='word_1_187' title='bbox 2683 958 2817 1014; x_wconf 88' lang='lat' dir='ltr'><strong>mihi</strong></span> <span class='ocrx_word' id='word_1_188' title='bbox 2864 959 3105 1029; x_wconf 90' lang='lat' dir='ltr'><strong>aperiret</strong></span> <span class='ocrx_word' id='word_1_189' title='bbox 3140 1000 3155 1026; x_wconf 92' lang='lat'><strong>,</strong></span> <span class='ocrx_word' id='word_1_190' title='bbox 3182 959 3441 1030; x_wconf 90' lang='lat' dir='ltr'><strong>quoniam</strong></span> <span class='ocrx_word' id='word_1_191' title='bbox 3487 960 3705 1017; x_wconf 89' lang='lat' dir='ltr'><strong>Domini</strong></span> 
     </span>
    </p>
   </div>
   <div class='ocr_carea' id='block_1_25' title="bbox 2105 1052 3703 1131">
    <p class='ocr_par' dir='ltr' id='par_1_25' title="bbox 2105 1052 3703 1131">
     <span class='ocr_line' id='line_1_25' title="bbox 2105 1052 3703 1131; baseline 0 -22"><span class='ocrx_word' id='word_1_192' title='bbox 2105 1052 2483 1109; x_wconf 89' lang='lat' dir='ltr'><strong>misericordia</strong></span> <span class='ocrx_word' id='word_1_193' title='bbox 2512 1068 2729 1108; x_wconf 90' lang='lat' dir='ltr'><strong>mecum</strong></span> <span class='ocrx_word' id='word_1_194' title='bbox 2781 1052 2854 1107; x_wconf 88' lang='lat' dir='ltr'><strong>sit</strong></span> <span class='ocrx_word' id='word_1_195' title='bbox 2883 1068 3102 1131; x_wconf 79' lang='lat' dir='ltr'><strong>semper</strong></span> <span class='ocrx_word' id='word_1_196' title='bbox 3141 1067 3496 1123; x_wconf 84' lang='lat' dir='ltr'><strong>permanens,</strong></span> <span class='ocrx_word' id='word_1_197' title='bbox 3533 1055 3623 1123; x_wconf 89' lang='lat' dir='ltr'><strong>qui</strong></span> <span class='ocrx_word' id='word_1_198' title='bbox 3652 1052 3703 1109; x_wconf 90' lang='lat' dir='ltr'><strong>ei</strong></span> 
     </span>
    </p>
   </div>
   <div class='ocr_carea' id='block_1_26' title="bbox 2106 1148 3699 1217">
    <p class='ocr_par' dir='ltr' id='par_1_26' title="bbox 2106 1148 3699 1217">
     <span class='ocr_line' id='line_1_26' title="bbox 2106 1148 3699 1217; baseline -0.002 -13"><span class='ocrx_word' id='word_1_199' title='bbox 2106 1157 2313 1204; x_wconf 92' lang='lat' dir='ltr'><strong>tantum</strong></span> <span class='ocrx_word' id='word_1_200' title='bbox 2342 1148 2447 1203; x_wconf 90' lang='lat' dir='ltr'><strong>sim</strong></span> <span class='ocrx_word' id='word_1_201' title='bbox 2481 1148 2727 1203; x_wconf 85' lang='lat' dir='ltr'><strong>serviens</strong></span> <span class='ocrx_word' id='word_1_202' title='bbox 2754 1188 2770 1213; x_wconf 94' lang='lat'><strong>,</strong></span> <span class='ocrx_word' id='word_1_203' title='bbox 2806 1155 2983 1202; x_wconf 88' lang='lat' dir='ltr'><strong>tecum</strong></span> <span class='ocrx_word' id='word_1_204' title='bbox 3014 1160 3147 1200; x_wconf 87' lang='lat' dir='ltr'><strong>vero</strong></span> <span class='ocrx_word' id='word_1_205' title='bbox 3190 1160 3311 1202; x_wconf 88' lang='lat' dir='ltr'><strong>esse</strong></span> <span class='ocrx_word' id='word_1_206' title='bbox 3356 1162 3465 1201; x_wconf 88' lang='lat' dir='ltr'><strong>non</strong></span> <span class='ocrx_word' id='word_1_207' title='bbox 3506 1161 3699 1217; x_wconf 84' lang='lat' dir='ltr'><strong>posse,</strong></span> 
     </span>
    </p>
   </div>
   <div class='ocr_carea' id='block_1_27' title="bbox 2104 1238 3702 1310">
    <p class='ocr_par' dir='ltr' id='par_1_27' title="bbox 2104 1238 3702 1310">
     <span class='ocr_line' id='line_1_27' title="bbox 2104 1238 3702 1310; baseline 0 -15"><span class='ocrx_word' id='word_1_208' title='bbox 2104 1242 2228 1310; x_wconf 85' lang='lat' dir='ltr'><strong>quia</strong></span> <span class='ocrx_word' id='word_1_209' title='bbox 2260 1240 2517 1297; x_wconf 84' lang='lat' dir='ltr'><strong>videlicet</strong></span> <span class='ocrx_word' id='word_1_210' title='bbox 2563 1240 2817 1295; x_wconf 89' lang='lat' dir='ltr'><strong>inimicus</strong></span> <span class='ocrx_word' id='word_1_211' title='bbox 2863 1238 3011 1294; x_wconf 89' lang='lat' dir='ltr'><strong>illius</strong></span> <span class='ocrx_word' id='word_1_212' title='bbox 3041 1239 3116 1294; x_wconf 91' lang='lat' dir='ltr'><strong>sis</strong></span> <span class='ocrx_word' id='word_1_213' title='bbox 3150 1280 3165 1306; x_wconf 93' lang='lat'><strong>,</strong></span> <span class='ocrx_word' id='word_1_214' title='bbox 3209 1238 3486 1309; x_wconf 88' lang='lat' dir='ltr'><strong>quomodo</strong></span> <span class='ocrx_word' id='word_1_215' title='bbox 3516 1238 3615 1294; x_wconf 89' lang='lat' dir='ltr'><strong>fuit</strong></span> <span class='ocrx_word' id='word_1_216' title='bbox 3646 1248 3702 1295; x_wconf 87' lang='lat' dir='ltr'><strong>et</strong></span> 
     </span>
    </p>
   </div>
   <div class='ocr_carea' id='block_1_28' title="bbox 2101 1331 3699 1396">
    <p class='ocr_par' dir='ltr' id='par_1_28' title="bbox 2101 1331 3699 1396">
     <span class='ocr_line' id='line_1_28' title="bbox 2101 1331 3699 1396; baseline 0 -8"><span class='ocrx_word' id='word_1_217' title='bbox 2101 1332 2334 1388; x_wconf 86' lang='lat' dir='ltr'><strong>Pharao.</strong></span> <span class='ocrx_word' id='word_1_218' title='bbox 2368 1332 2653 1387; x_wconf 87' lang='lat' dir='ltr'><strong>Noluimus</strong></span> <span class='ocrx_word' id='word_1_219' title='bbox 2678 1332 2940 1387; x_wconf 88' lang='lat' dir='ltr'><strong>damnare</strong></span> <span class='ocrx_word' id='word_1_220' title='bbox 2961 1331 3242 1387; x_wconf 85' lang='lat' dir='ltr'><strong>absentem</strong></span> <span class='ocrx_word' id='word_1_221' title='bbox 3274 1347 3288 1396; x_wconf 94' lang='lat'>;</span> <span class='ocrx_word' id='word_1_222' title='bbox 3336 1332 3611 1387; x_wconf 91' lang='lat' dir='ltr'><strong>noluimus</strong></span> <span class='ocrx_word' id='word_1_223' title='bbox 3644 1332 3699 1389; x_wconf 88' lang='lat' dir='ltr'><strong>in</strong></span> 
     </span>
    </p>
   </div>
   <div class='ocr_carea' id='block_1_29' title="bbox 2103 1424 3699 1498">
    <p class='ocr_par' dir='ltr' id='par_1_29' title="bbox 2103 1424 3699 1498">
     <span class='ocr_line' id='line_1_29' title="bbox 2103 1424 3699 1498; baseline -0.002 -15"><span class='ocrx_word' id='word_1_224' title='bbox 2103 1443 2226 1483; x_wconf 90' lang='lat' dir='ltr'><strong>eum</strong></span> <span class='ocrx_word' id='word_1_225' title='bbox 2257 1442 2417 1498; x_wconf 88' lang='lat' dir='ltr'><strong>quem</strong></span> <span class='ocrx_word' id='word_1_226' title='bbox 2446 1427 2648 1480; x_wconf 86' lang='lat' dir='ltr'><strong>scimus</strong></span> <span class='ocrx_word' id='word_1_227' title='bbox 2679 1427 3053 1490; x_wconf 90' lang='lat' dir='ltr'><strong>innocentem,</strong></span> <span class='ocrx_word' id='word_1_228' title='bbox 3073 1434 3127 1479; x_wconf 91' lang='lat' dir='ltr'><strong>et</strong></span> <span class='ocrx_word' id='word_1_229' title='bbox 3166 1424 3220 1479; x_wconf 91' lang='lat' dir='ltr'><strong>in</strong></span> <span class='ocrx_word' id='word_1_230' title='bbox 3251 1440 3374 1480; x_wconf 89' lang='lat' dir='ltr'><strong>eum</strong></span> <span class='ocrx_word' id='word_1_231' title='bbox 3404 1439 3565 1495; x_wconf 85' lang='lat' dir='ltr'><strong>quem</strong></span> <span class='ocrx_word' id='word_1_232' title='bbox 3595 1439 3699 1481; x_wconf 87' lang='lat' dir='ltr'><strong>no-</strong></span> 
     </span>
    </p>
   </div>
   <div class='ocr_carea' id='block_1_30' title="bbox 2104 1518 3705 1590">
    <p class='ocr_par' dir='ltr' id='par_1_30' title="bbox 2104 1518 3705 1590">
     <span class='ocr_line' id='line_1_30' title="bbox 2104 1518 3705 1590; baseline -0.001 -14"><span class='ocrx_word' id='word_1_233' title='bbox 2104 1522 2284 1578; x_wconf 90' lang='lat' dir='ltr'><strong>vimus</strong></span> <span class='ocrx_word' id='word_1_234' title='bbox 2311 1521 2598 1578; x_wconf 70' lang='lat' dir='ltr'><strong>catholica:</strong></span> <span class='ocrx_word' id='word_1_235' title='bbox 2632 1519 2755 1576; x_wconf 75' lang='lat' dir='ltr'><strong>fidei</strong></span> <span class='ocrx_word' id='word_1_236' title='bbox 2782 1518 3199 1590; x_wconf 71' lang='lat' dir='ltr'><strong>prmdicatorem</strong></span> <span class='ocrx_word' id='word_1_237' title='bbox 3226 1560 3240 1585; x_wconf 96' lang='lat'><strong>,</strong></span> <span class='ocrx_word' id='word_1_238' title='bbox 3267 1519 3403 1574; x_wconf 90' lang='lat' dir='ltr'><strong>dare</strong></span> <span class='ocrx_word' id='word_1_239' title='bbox 3425 1518 3576 1589; x_wconf 83' lang='lat' dir='ltr'><strong>juxta</strong></span> <span class='ocrx_word' id='word_1_240' title='bbox 3607 1519 3705 1575; x_wconf 88' lang='lat' dir='ltr'><strong>de-</strong></span> 
     </span>
    </p>
   </div>
   <div class='ocr_carea' id='block_1_31' title="bbox 2103 1612 3701 1684">
    <p class='ocr_par' dir='ltr' id='par_1_31' title="bbox 2103 1612 3701 1684">
     <span class='ocr_line' id='line_1_31' title="bbox 2103 1612 3701 1684; baseline -0.001 -12"><span class='ocrx_word' id='word_1_241' title='bbox 2103 1616 2365 1672; x_wconf 90' lang='lat' dir='ltr'><strong>siderium</strong></span> <span class='ocrx_word' id='word_1_242' title='bbox 2392 1627 2543 1671; x_wconf 90' lang='lat' dir='ltr'><strong>tuum</strong></span> <span class='ocrx_word' id='word_1_243' title='bbox 2594 1615 2944 1669; x_wconf 88' lang='lat' dir='ltr'><strong>sententiam.</strong></span> <span class='ocrx_word' id='word_1_244' title='bbox 2976 1612 3192 1680; x_wconf 79' lang='lat' dir='ltr'><strong>Quare?</strong></span> <span class='ocrx_word' id='word_1_245' title='bbox 3244 1614 3370 1684; x_wconf 89' lang='lat' dir='ltr'><strong>quia</strong></span> <span class='ocrx_word' id='word_1_246' title='bbox 3400 1628 3501 1670; x_wconf 88' lang='lat' dir='ltr'><strong>nos</strong></span> <span class='ocrx_word' id='word_1_247' title='bbox 3524 1614 3701 1670; x_wconf 87' lang='lat' dir='ltr'><strong>chris-</strong></span> 
     </span>
    </p>
   </div>
   <div class='ocr_carea' id='block_1_32' title="bbox 2101 1707 3699 1778">
    <p class='ocr_par' dir='ltr' id='par_1_32' title="bbox 2101 1707 3699 1778">
     <span class='ocr_line' id='line_1_32' title="bbox 2101 1707 3699 1778; baseline -0.001 -14"><span class='ocrx_word' id='word_1_248' title='bbox 2101 1710 2235 1764; x_wconf 89' lang='lat' dir='ltr'><strong>tiani</strong></span> <span class='ocrx_word' id='word_1_249' title='bbox 2266 1710 2319 1764; x_wconf 91' lang='lat' dir='ltr'><strong>in</strong></span> <span class='ocrx_word' id='word_1_250' title='bbox 2346 1708 2512 1763; x_wconf 90' lang='lat' dir='ltr'><strong>Deum</strong></span> <span class='ocrx_word' id='word_1_251' title='bbox 2544 1707 2894 1778; x_wconf 85' lang='lat' dir='ltr'><strong>porreximus</strong></span> <span class='ocrx_word' id='word_1_252' title='bbox 2922 1721 3072 1776; x_wconf 85' lang='lat' dir='ltr'><strong>spem</strong></span> <span class='ocrx_word' id='word_1_253' title='bbox 3104 1715 3371 1774; x_wconf 89' lang='lat' dir='ltr'><strong>nostram,</strong></span> <span class='ocrx_word' id='word_1_254' title='bbox 3405 1722 3515 1763; x_wconf 89' lang='lat' dir='ltr'><strong>non</strong></span> <span class='ocrx_word' id='word_1_255' title='bbox 3546 1707 3596 1762; x_wconf 92' lang='lat' dir='ltr'><strong>in</strong></span> <span class='ocrx_word' id='word_1_256' title='bbox 3627 1718 3699 1776; x_wconf 89' lang='lat' dir='ltr'><strong>te,</strong></span> 
     </span>
    </p>
   </div>
   <div class='ocr_carea' id='block_1_33' title="bbox 395 1794 3701 1873">
    <p class='ocr_par' dir='ltr' id='par_1_33' title="bbox 395 1794 3701 1873">
     <span class='ocr_line' id='line_1_33' title="bbox 395 1794 3701 1873; baseline 0.001 -18"><span class='ocrx_word' id='word_1_257' title='bbox 395 1814 582 1864; x_wconf 79' lang='lat' dir='ltr'><strong>cxxxr,</strong></span> <span class='ocrx_word' id='word_1_258' title='bbox 613 1801 700 1871; x_wconf 87' lang='lat'><strong>8);</strong></span> <span class='ocrx_word' id='word_1_259' title='bbox 733 1816 833 1854; x_wconf 91' lang='lat' dir='ltr'><strong>cur</strong></span> <span class='ocrx_word' id='word_1_260' title='bbox 862 1801 1112 1857; x_wconf 88' lang='lat' dir='ltr'><strong>damnari</strong></span> <span class='ocrx_word' id='word_1_261' title='bbox 1159 1817 1187 1855; x_wconf 92' lang='lat' dir='ltr'><strong>a</strong></span> <span class='ocrx_word' id='word_1_262' title='bbox 1236 1801 1396 1856; x_wconf 89' lang='lat' dir='ltr'><strong>nobis</strong></span> <span class='ocrx_word' id='word_1_263' title='bbox 1430 1801 1713 1857; x_wconf 87' lang='lat' dir='ltr'><strong>absentem</strong></span> <span class='ocrx_word' id='word_1_264' title='bbox 1744 1801 1996 1857; x_wconf 70' lang='lat' dir='ltr'><strong>voluisti&#39;l</strong></span> <span class='ocrx_word' id='word_1_265' title='bbox 2027 1794 2076 1857; x_wconf 84' lang='grc' dir='ltr'><strong>Β</strong></span> <span class='ocrx_word' id='word_1_266' title='bbox 2103 1818 2167 1857; x_wconf 92' lang='lat' dir='ltr'><strong>ac</strong></span> <span class='ocrx_word' id='word_1_267' title='bbox 2196 1817 2423 1873; x_wconf 78' lang='lat' dir='ltr'><strong>regnum</strong></span> <span class='ocrx_word' id='word_1_268' title='bbox 2458 1811 2603 1855; x_wconf 91' lang='lat' dir='ltr'><strong>tuum</strong></span> <span class='ocrx_word' id='word_1_269' title='bbox 2635 1802 2927 1856; x_wconf 86' lang='lat' dir='ltr'><strong>caducum.</strong></span> <span class='ocrx_word' id='word_1_270' title='bbox 2974 1800 3265 1856; x_wconf 85' lang='lat' dir='ltr'><strong>Noluimus</strong></span> <span class='ocrx_word' id='word_1_271' title='bbox 3295 1801 3362 1856; x_wconf 92' lang='lat' dir='ltr'><strong>de</strong></span> <span class='ocrx_word' id='word_1_272' title='bbox 3394 1801 3570 1871; x_wconf 77' lang='lat' dir='ltr'><strong>gloria</strong></span> <span class='ocrx_word' id='word_1_273' title='bbox 3615 1816 3701 1857; x_wconf 82' lang='lat' dir='ltr'><strong>re—</strong></span> 
     </span>
    </p>
   </div>
   <div class='ocr_carea' id='block_1_34' title="bbox 393 1892 1991 1965">
    <p class='ocr_par' dir='ltr' id='par_1_34' title="bbox 393 1892 1991 1965">
     <span class='ocr_line' id='line_1_34' title="bbox 393 1892 1991 1965; baseline 0.001 -17"><span class='ocrx_word' id='word_1_274' title='bbox 393 1902 547 1949; x_wconf 90' lang='lat' dir='ltr'><strong>certe</strong></span> <span class='ocrx_word' id='word_1_275' title='bbox 578 1893 644 1947; x_wconf 92' lang='lat' dir='ltr'><strong>ad</strong></span> <span class='ocrx_word' id='word_1_276' title='bbox 675 1892 779 1949; x_wconf 90' lang='lat' dir='ltr'><strong>hoc</strong></span> <span class='ocrx_word' id='word_1_277' title='bbox 812 1903 871 1949; x_wconf 85' lang='lat' dir='ltr'><strong>ut.</strong></span> <span class='ocrx_word' id='word_1_278' title='bbox 918 1895 1211 1964; x_wconf 89' lang='lat' dir='ltr'><strong>justitiam,</strong></span> <span class='ocrx_word' id='word_1_279' title='bbox 1241 1911 1349 1965; x_wconf 88' lang='lat' dir='ltr'><strong>qua</strong></span> <span class='ocrx_word' id='word_1_280' title='bbox 1387 1911 1486 1951; x_wconf 92' lang='lat' dir='ltr'><strong>nos</strong></span> <span class='ocrx_word' id='word_1_281' title='bbox 1520 1896 1773 1951; x_wconf 85' lang='lat' dir='ltr'><strong>induerat</strong></span> <span class='ocrx_word' id='word_1_282' title='bbox 1811 1896 1991 1950; x_wconf 90' lang='lat' dir='ltr'><strong>Domi-</strong></span> 
     </span>
    </p>
   </div>
   <div class='ocr_carea' id='block_1_35' title="bbox 394 1986 1993 2051">
    <p class='ocr_par' dir='ltr' id='par_1_35' title="bbox 394 1986 1993 2051">
     <span class='ocr_line' id='line_1_35' title="bbox 394 1986 1993 2051; baseline 0.001 -12"><span class='ocrx_word' id='word_1_283' title='bbox 394 1986 946 2051; x_wconf 88' lang='lat' dir='ltr'><strong>nus,amitteremus.</strong></span> <span class='ocrx_word' id='word_1_284' title='bbox 978 1986 1114 2042; x_wconf 89' lang='lat' dir='ltr'><strong>Cum</strong></span> <span class='ocrx_word' id='word_1_285' title='bbox 1141 1988 1287 2042; x_wconf 88' lang='lat' dir='ltr'><strong>enim</strong></span> <span class='ocrx_word' id='word_1_286' title='bbox 1333 1988 1481 2043; x_wconf 85' lang='lat' dir='ltr'><strong>dicat</strong></span> <span class='ocrx_word' id='word_1_287' title='bbox 1510 2005 1524 2041; x_wconf 89' lang='lat'><strong>:</strong></span> <span class='ocrx_word' id='word_1_288' title='bbox 1576 1988 1888 2044; x_wconf 83' lang='lat' dir='ltr'><strong>Sacerdotes</strong></span> <span class='ocrx_word' id='word_1_289' title='bbox 1916 1988 1993 2041; x_wconf 89' lang='lat' dir='ltr'><strong>tui</strong></span> 
     </span>
    </p>
   </div>
   <div class='ocr_carea' id='block_1_36' title="bbox 392 2078 1992 2151">
    <p class='ocr_par' dir='ltr' id='par_1_36' title="bbox 392 2078 1992 2151">
     <span class='ocr_line' id='line_1_36' title="bbox 392 2078 1992 2151; baseline 0.003 -21"><span class='ocrx_word' id='word_1_290' title='bbox 392 2078 684 2132; x_wconf 84' lang='lat' dir='ltr'><strong>induantur</strong></span> <span class='ocrx_word' id='word_1_291' title='bbox 704 2079 990 2151; x_wconf 84' lang='lat' dir='ltr'><strong>justitiam,</strong></span> <span class='ocrx_word' id='word_1_292' title='bbox 1020 2086 1075 2135; x_wconf 87' lang='lat' dir='ltr'><strong>et</strong></span> <span class='ocrx_word' id='word_1_293' title='bbox 1102 2088 1156 2135; x_wconf 91' lang='lat' dir='ltr'><strong>tu</strong></span> <span class='ocrx_word' id='word_1_294' title='bbox 1182 2079 1506 2150; x_wconf 89' lang='lat' dir='ltr'><strong>injustitiam</strong></span> <span class='ocrx_word' id='word_1_295' title='bbox 1533 2096 1634 2135; x_wconf 90' lang='lat' dir='ltr'><strong>nos</strong></span> <span class='ocrx_word' id='word_1_296' title='bbox 1662 2096 1885 2151; x_wconf 91' lang='lat' dir='ltr'><strong>urgeres</strong></span> <span class='ocrx_word' id='word_1_297' title='bbox 1909 2079 1992 2135; x_wconf 84' lang='lat' dir='ltr'><strong>fa-</strong></span> 
     </span>
    </p>
   </div>
   <div class='ocr_carea' id='block_1_37' title="bbox 392 2171 1992 2243">
    <p class='ocr_par' dir='ltr' id='par_1_37' title="bbox 392 2171 1992 2243">
     <span class='ocr_line' id='line_1_37' title="bbox 392 2171 1992 2243; baseline 0.001 -16"><span class='ocrx_word' id='word_1_298' title='bbox 392 2185 536 2235; x_wconf 85' lang='lat' dir='ltr'><strong>cere,</strong></span> <span class='ocrx_word' id='word_1_299' title='bbox 570 2171 700 2243; x_wconf 88' lang='lat' dir='ltr'><strong>quid</strong></span> <span class='ocrx_word' id='word_1_300' title='bbox 732 2172 880 2227; x_wconf 89' lang='lat' dir='ltr'><strong>aliud</strong></span> <span class='ocrx_word' id='word_1_301' title='bbox 912 2188 1162 2228; x_wconf 88' lang='lat' dir='ltr'><strong>essemus</strong></span> <span class='ocrx_word' id='word_1_302' title='bbox 1195 2214 1210 2240; x_wconf 94' lang='lat'><strong>,</strong></span> <span class='ocrx_word' id='word_1_303' title='bbox 1254 2174 1301 2228; x_wconf 92' lang='lat' dir='ltr'><strong>si</strong></span> <span class='ocrx_word' id='word_1_304' title='bbox 1340 2172 1665 2229; x_wconf 78' lang='lat' dir='ltr'><strong>fecissemus</strong></span> <span class='ocrx_word' id='word_1_305' title='bbox 1713 2173 1853 2243; x_wconf 80' lang='lat' dir='ltr'><strong>quod</strong></span> <span class='ocrx_word' id='word_1_306' title='bbox 1888 2182 1992 2228; x_wconf 57' lang='lat' dir='ltr'><strong>tua:</strong></span> 
     </span>
    </p>
   </div>
   <div class='ocr_carea' id='block_1_38' title="bbox 392 2263 1989 2333">
    <p class='ocr_par' dir='ltr' id='par_1_38' title="bbox 392 2263 1989 2333">
     <span class='ocr_line' id='line_1_38' title="bbox 392 2263 1989 2333; baseline -0.001 -14"><span class='ocrx_word' id='word_1_307' title='bbox 392 2263 799 2320; x_wconf 61' lang='lat' dir='ltr'><strong>malevolentiae</strong></span> <span class='ocrx_word' id='word_1_308' title='bbox 827 2264 1009 2320; x_wconf 83' lang='lat' dir='ltr'><strong>fuerat</strong></span> <span class='ocrx_word' id='word_1_309' title='bbox 1051 2265 1226 2320; x_wconf 87' lang='lat' dir='ltr'><strong>visum</strong></span> <span class='ocrx_word' id='word_1_310' title='bbox 1253 2307 1268 2333; x_wconf 93' lang='lat'><strong>,</strong></span> <span class='ocrx_word' id='word_1_311' title='bbox 1321 2266 1423 2320; x_wconf 91' lang='lat' dir='ltr'><strong>nisi</strong></span> <span class='ocrx_word' id='word_1_312' title='bbox 1465 2265 1821 2321; x_wconf 88' lang='lat' dir='ltr'><strong>conscelerati</strong></span> <span class='ocrx_word' id='word_1_313' title='bbox 1863 2267 1937 2319; x_wconf 92' lang='lat' dir='ltr'><strong>tui</strong></span> <span class='ocrx_word' id='word_1_314' title='bbox 1973 2306 1989 2333; x_wconf 92' lang='lat'><strong>,</strong></span> 
     </span>
    </p>
   </div>
   <div class='ocr_carea' id='block_1_39' title="bbox 392 2358 1994 2430">
    <p class='ocr_par' dir='ltr' id='par_1_39' title="bbox 392 2358 1994 2430">
     <span class='ocr_line' id='line_1_39' title="bbox 392 2358 1994 2430; baseline -0.001 -15"><span class='ocrx_word' id='word_1_315' title='bbox 392 2359 496 2415; x_wconf 89' lang='lat' dir='ltr'><strong>nisi</strong></span> <span class='ocrx_word' id='word_1_316' title='bbox 528 2360 692 2415; x_wconf 85' lang='lat' dir='ltr'><strong>totius</strong></span> <span class='ocrx_word' id='word_1_317' title='bbox 739 2359 1048 2430; x_wconf 79' lang='lat' dir='ltr'><strong>iniquitatis</strong></span> <span class='ocrx_word' id='word_1_318' title='bbox 1095 2358 1315 2414; x_wconf 84' lang='lat' dir='ltr'><strong>fontes?</strong></span> <span class='ocrx_word' id='word_1_319' title='bbox 1348 2359 1398 2411; x_wconf 88' lang='lat' dir='ltr'><strong>hi</strong></span> <span class='ocrx_word' id='word_1_320' title='bbox 1429 2358 1657 2423; x_wconf 85' lang='lat' dir='ltr'><strong>scilicet,</strong></span> <span class='ocrx_word' id='word_1_321' title='bbox 1694 2358 1787 2429; x_wconf 89' lang='lat' dir='ltr'><strong>qui</strong></span> <span class='ocrx_word' id='word_1_322' title='bbox 1827 2358 1994 2429; x_wconf 83' lang='lat' dir='ltr'><strong>depo-</strong></span> 
     </span>
    </p>
   </div>
   <div class='ocr_carea' id='block_1_40' title="bbox 389 2451 1993 2523">
    <p class='ocr_par' dir='ltr' id='par_1_40' title="bbox 389 2451 1993 2523">
     <span class='ocr_line' id='line_1_40' title="bbox 389 2451 1993 2523; baseline 0 -15"><span class='ocrx_word' id='word_1_323' title='bbox 389 2463 588 2508; x_wconf 89' lang='lat' dir='ltr'><strong>nentes</strong></span> <span class='ocrx_word' id='word_1_324' title='bbox 612 2452 843 2523; x_wconf 67' lang='lat' dir='ltr'><strong>justitire</strong></span> <span class='ocrx_word' id='word_1_325' title='bbox 874 2452 1138 2519; x_wconf 84' lang='lat' dir='ltr'><strong>officium,</strong></span> <span class='ocrx_word' id='word_1_326' title='bbox 1176 2452 1482 2520; x_wconf 65' lang='lat' dir='ltr'><strong>injustitim,</strong></span> <span class='ocrx_word' id='word_1_327' title='bbox 1518 2462 1576 2507; x_wconf 91' lang='lat' dir='ltr'><strong>ut</strong></span> <span class='ocrx_word' id='word_1_328' title='bbox 1611 2451 1707 2507; x_wconf 89' lang='lat' dir='ltr'><strong>tibi</strong></span> <span class='ocrx_word' id='word_1_329' title='bbox 1748 2453 1993 2522; x_wconf 88' lang='lat' dir='ltr'><strong>placere-</strong></span> 
     </span>
    </p>
   </div>
   <div class='ocr_carea' id='block_1_41' title="bbox 391 2544 1989 2614">
    <p class='ocr_par' dir='ltr' id='par_1_41' title="bbox 391 2544 1989 2614">
     <span class='ocr_line' id='line_1_41' title="bbox 391 2544 1989 2614; baseline -0.002 -12"><span class='ocrx_word' id='word_1_330' title='bbox 391 2561 534 2611; x_wconf 89' lang='lat' dir='ltr'><strong>mus,</strong></span> <span class='ocrx_word' id='word_1_331' title='bbox 567 2560 816 2603; x_wconf 88' lang='lat' dir='ltr'><strong>essemus</strong></span> <span class='ocrx_word' id='word_1_332' title='bbox 846 2544 1177 2614; x_wconf 85' lang='lat' dir='ltr'><strong>suscepturi.</strong></span> <span class='ocrx_word' id='word_1_333' title='bbox 1210 2544 1569 2614; x_wconf 89' lang='lat' dir='ltr'><strong>Perseqneris</strong></span> <span class='ocrx_word' id='word_1_334' title='bbox 1616 2544 1713 2599; x_wconf 90' lang='lat' dir='ltr'><strong>Dei</strong></span> <span class='ocrx_word' id='word_1_335' title='bbox 1744 2545 1989 2611; x_wconf 91' lang='lat' dir='ltr'><strong>domum,</strong></span> 
     </span>
    </p>
   </div>
   <div class='ocr_carea' id='block_1_42' title="bbox 392 2637 1992 2711">
    <p class='ocr_par' dir='ltr' id='par_1_42' title="bbox 392 2637 1992 2711">
     <span class='ocr_line' id='line_1_42' title="bbox 392 2637 1992 2711; baseline -0.002 -17"><span class='ocrx_word' id='word_1_336' title='bbox 392 2637 704 2705; x_wconf 81' lang='lat' dir='ltr'><strong>Constanti,</strong></span> <span class='ocrx_word' id='word_1_337' title='bbox 732 2640 992 2711; x_wconf 77' lang='lat' dir='ltr'><strong>ignorans</strong></span> <span class='ocrx_word' id='word_1_338' title='bbox 1014 2639 1243 2709; x_wconf 89' lang='lat' dir='ltr'><strong>teipsum</strong></span> <span class='ocrx_word' id='word_1_339' title='bbox 1265 2638 1435 2692; x_wconf 88' lang='lat' dir='ltr'><strong>Deum</strong></span> <span class='ocrx_word' id='word_1_340' title='bbox 1471 2637 1726 2707; x_wconf 89' lang='lat' dir='ltr'><strong>persequi</strong></span> <span class='ocrx_word' id='word_1_341' title='bbox 1755 2638 1806 2691; x_wconf 91' lang='lat' dir='ltr'><strong>in</strong></span> <span class='ocrx_word' id='word_1_342' title='bbox 1830 2637 1992 2692; x_wconf 90' lang='lat' dir='ltr'><strong>domo</strong></span> 
     </span>
    </p>
   </div>
   <div class='ocr_carea' id='block_1_43' title="bbox 392 2729 1993 2803">
    <p class='ocr_par' dir='ltr' id='par_1_43' title="bbox 392 2729 1993 2803">
     <span class='ocr_line' id='line_1_43' title="bbox 392 2729 1993 2803; baseline -0.002 -15"><span class='ocrx_word' id='word_1_343' title='bbox 392 2732 538 2803; x_wconf 89' lang='lat' dir='ltr'><strong>ejus:</strong></span> <span class='ocrx_word' id='word_1_344' title='bbox 576 2732 771 2793; x_wconf 85' lang='lat' dir='ltr'><strong>domus</strong></span> <span class='ocrx_word' id='word_1_345' title='bbox 798 2733 999 2787; x_wconf 90' lang='lat' dir='ltr'><strong>etenim</strong></span> <span class='ocrx_word' id='word_1_346' title='bbox 1038 2730 1132 2786; x_wconf 89' lang='lat' dir='ltr'><strong>Dei</strong></span> <span class='ocrx_word' id='word_1_347' title='bbox 1159 2740 1240 2785; x_wconf 89' lang='lat' dir='ltr'><strong>est</strong></span> <span class='ocrx_word' id='word_1_348' title='bbox 1272 2729 1537 2795; x_wconf 87' lang='lat' dir='ltr'><strong>ecclesia,</strong></span> <span class='ocrx_word' id='word_1_349' title='bbox 1571 2731 1625 2783; x_wconf 92' lang='lat' dir='ltr'><strong>in</strong></span> <span class='ocrx_word' id='word_1_350' title='bbox 1659 2745 1762 2799; x_wconf 90' lang='lat' dir='ltr'><strong>qua</strong></span> <span class='ocrx_word' id='word_1_351' title='bbox 1802 2740 1885 2785; x_wconf 90' lang='lat' dir='ltr'><strong>est</strong></span> <span class='ocrx_word' id='word_1_352' title='bbox 1910 2730 1993 2784; x_wconf 86' lang='lat' dir='ltr'><strong>in-</strong></span> 
     </span>
    </p>
   </div>
   <div class='ocr_carea' id='block_1_44' title="bbox 391 2822 1992 2894">
    <p class='ocr_par' dir='ltr' id='par_1_44' title="bbox 391 2822 1992 2894">
     <span class='ocr_line' id='line_1_44' title="bbox 391 2822 1992 2894; baseline -0.002 -13"><span class='ocrx_word' id='word_1_353' title='bbox 391 2826 648 2883; x_wconf 84' lang='lat' dir='ltr'><strong>habitans</strong></span> <span class='ocrx_word' id='word_1_354' title='bbox 690 2826 961 2881; x_wconf 90' lang='lat' dir='ltr'><strong>Dominus</strong></span> <span class='ocrx_word' id='word_1_355' title='bbox 996 2868 1011 2894; x_wconf 95' lang='lat'><strong>,</strong></span> <span class='ocrx_word' id='word_1_356' title='bbox 1065 2827 1207 2880; x_wconf 85' lang='lat' dir='ltr'><strong>sicut</strong></span> <span class='ocrx_word' id='word_1_357' title='bbox 1246 2824 1512 2893; x_wconf 91' lang='lat' dir='ltr'><strong>scriptum</strong></span> <span class='ocrx_word' id='word_1_358' title='bbox 1562 2833 1646 2878; x_wconf 88' lang='lat' dir='ltr'><strong>est</strong></span> <span class='ocrx_word' id='word_1_359' title='bbox 1694 2825 1747 2877; x_wconf 93' lang='lat' dir='ltr'><strong>in</strong></span> <span class='ocrx_word' id='word_1_360' title='bbox 1797 2822 1992 2878; x_wconf 89' lang='lat' dir='ltr'><strong>eodem</strong></span> 
     </span>
    </p>
   </div>
   <div class='ocr_carea' id='block_1_45' title="bbox 392 2915 1994 2991">
    <p class='ocr_par' dir='ltr' id='par_1_45' title="bbox 392 2915 1994 2991">
     <span class='ocr_line' id='line_1_45' title="bbox 392 2915 1994 2991; baseline -0.003 -18"><span class='ocrx_word' id='word_1_361' title='bbox 392 2919 639 2989; x_wconf 89' lang='lat' dir='ltr'><strong>psalmo:</strong></span> <span class='ocrx_word' id='word_1_362' title='bbox 669 2916 839 2991; x_wconf 85' lang='lat' dir='ltr'><strong>Elegit</strong></span> <span class='ocrx_word' id='word_1_363' title='bbox 863 2916 1123 2972; x_wconf 83' lang='lat' dir='ltr'><strong>Dominus</strong></span> <span class='ocrx_word' id='word_1_364' title='bbox 1150 2917 1306 2985; x_wconf 88' lang='lat' dir='ltr'><strong>Sion,</strong></span> <span class='ocrx_word' id='word_1_365' title='bbox 1337 2916 1602 2987; x_wconf 77' lang='lat' dir='ltr'><strong>prtcelegit</strong></span> <span class='ocrx_word' id='word_1_366' title='bbox 1632 2932 1743 2970; x_wconf 91' lang='lat' dir='ltr'><strong>eam</strong></span> <span class='ocrx_word' id='word_1_367' title='bbox 1768 2916 1821 2969; x_wconf 90' lang='lat' dir='ltr'><strong>in</strong></span> <span class='ocrx_word' id='word_1_368' title='bbox 1848 2915 1994 2969; x_wconf 81' lang='lat' dir='ltr'><strong>habi-</strong></span> 
     </span>
    </p>
   </div>
   <div class='ocr_carea' id='block_1_46' title="bbox 394 3010 1990 3083">
    <p class='ocr_par' dir='ltr' id='par_1_46' title="bbox 394 3010 1990 3083">
     <span class='ocr_line' id='line_1_46' title="bbox 394 3010 1990 3083; baseline -0.003 -18"><span class='ocrx_word' id='word_1_369' title='bbox 394 3012 647 3066; x_wconf 86' lang='lat' dir='ltr'><strong>tationem</strong></span> <span class='ocrx_word' id='word_1_370' title='bbox 669 3012 766 3066; x_wconf 87' lang='lat' dir='ltr'><strong>sibi</strong></span> <span class='ocrx_word' id='word_1_371' title='bbox 786 3021 808 3049; x_wconf 76' lang='grc' dir='ltr'><strong>ε</strong></span> <span class='ocrx_word' id='word_1_372' title='bbox 832 3027 852 3066; x_wconf 91' lang='lat'><strong><em>:</em></strong></span> <span class='ocrx_word' id='word_1_373' title='bbox 882 3012 994 3066; x_wconf 73' lang='lat' dir='ltr'><strong>lucc</strong></span> <span class='ocrx_word' id='word_1_374' title='bbox 1024 3011 1223 3083; x_wconf 81' lang='lat' dir='ltr'><strong>requies</strong></span> <span class='ocrx_word' id='word_1_375' title='bbox 1261 3026 1374 3065; x_wconf 90' lang='lat' dir='ltr'><strong>mea</strong></span> <span class='ocrx_word' id='word_1_376' title='bbox 1414 3011 1466 3064; x_wconf 91' lang='lat' dir='ltr'><strong>in</strong></span> <span class='ocrx_word' id='word_1_377' title='bbox 1496 3010 1744 3065; x_wconf 76' lang='lat' dir='ltr'><strong>swculum</strong></span> <span class='ocrx_word' id='word_1_378' title='bbox 1774 3010 1949 3064; x_wconf 75' lang='lat' dir='ltr'><strong>steculi</strong></span> <span class='ocrx_word' id='word_1_379' title='bbox 1974 3049 1990 3074; x_wconf 89' lang='lat'><strong>,</strong></span> 
     </span>
    </p>
   </div>
   <div class='ocr_carea' id='block_1_47' title="bbox 395 3101 1989 3175">
    <p class='ocr_par' dir='ltr' id='par_1_47' title="bbox 395 3101 1989 3175">
     <span class='ocr_line' id='line_1_47' title="bbox 395 3101 1989 3175; baseline -0.001 -17"><span class='ocrx_word' id='word_1_380' title='bbox 395 3105 477 3158; x_wconf 83' lang='lat' dir='ltr'><strong>hic</strong></span> <span class='ocrx_word' id='word_1_381' title='bbox 505 3104 751 3159; x_wconf 79' lang='lat' dir='ltr'><strong>habitabo</strong></span> <span class='ocrx_word' id='word_1_382' title='bbox 802 3105 1055 3174; x_wconf 89' lang='lat' dir='ltr'><strong>quoniam</strong></span> <span class='ocrx_word' id='word_1_383' title='bbox 1096 3104 1338 3175; x_wconf 78' lang='lat' dir='ltr'><strong>prwelegi</strong></span> <span class='ocrx_word' id='word_1_384' title='bbox 1382 3120 1495 3158; x_wconf 90' lang='lat' dir='ltr'><strong>eam</strong></span> <span class='ocrx_word' id='word_1_385' title='bbox 1525 3101 1637 3173; x_wconf 91' lang='lat' dir='ltr'><strong>(Ib.</strong></span> <span class='ocrx_word' id='word_1_386' title='bbox 1698 3103 1810 3173; x_wconf 81' lang='grc'><strong>15).</strong></span> <span class='ocrx_word' id='word_1_387' title='bbox 1857 3101 1989 3157; x_wconf 90' lang='lat' dir='ltr'><strong>Cum</strong></span> 
     </span>
    </p>
   </div>
   <div class='ocr_carea' id='block_1_48' title="bbox 2095 1893 3694 1965">
    <p class='ocr_par' dir='ltr' id='par_1_48' title="bbox 2095 1893 3694 1965">
     <span class='ocr_line' id='line_1_48' title="bbox 2095 1893 3694 1965; baseline 0.001 -15"><span class='ocrx_word' id='word_1_388' title='bbox 2095 1896 2185 1965; x_wconf 66' lang='grc' dir='ltr'>[ζιιί</span> <span class='ocrx_word' id='word_1_389' title='bbox 2220 1896 2293 1949; x_wconf 83' lang='grc' dir='ltr'>ιιιὶ</span> <span class='ocrx_word' id='word_1_390' title='bbox 2326 1894 2483 1949; x_wconf 87' lang='lat' dir='ltr'><strong>nobis</strong></span> <span class='ocrx_word' id='word_1_391' title='bbox 2528 1895 2785 1963; x_wconf 88' lang='lat' dir='ltr'><strong>placere,</strong></span> <span class='ocrx_word' id='word_1_392' title='bbox 2841 1893 2932 1964; x_wconf 88' lang='lat' dir='ltr'><strong>qui</strong></span> <span class='ocrx_word' id='word_1_393' title='bbox 2979 1893 3210 1964; x_wconf 78' lang='lat' dir='ltr'><strong>gloriam</strong></span> <span class='ocrx_word' id='word_1_394' title='bbox 3263 1895 3617 1951; x_wconf 90' lang='lat' dir='ltr'><strong>consecuturi</strong></span> <span class='ocrx_word' id='word_1_395' title='bbox 3676 1896 3694 1935; x_wconf 73' lang='grc' dir='ltr'><strong>ί</strong></span> 
     </span>
    </p>
   </div>
   <div class='ocr_carea' id='block_1_49' title="bbox 2096 1985 3700 2057">
    <p class='ocr_par' dir='ltr' id='par_1_49' title="bbox 2096 1985 3700 2057">
     <span class='ocr_line' id='line_1_49' title="bbox 2096 1985 3700 2057; baseline -0.001 -12"><span class='ocrx_word' id='word_1_396' title='bbox 2096 2003 2307 2053; x_wconf 90' lang='lat' dir='ltr'><strong>sumus,</strong></span> <span class='ocrx_word' id='word_1_397' title='bbox 2340 1994 2722 2056; x_wconf 50' lang='lat' dir='ltr'><strong>expectantes</strong></span> <span class='ocrx_word' id='word_1_398' title='bbox 2754 1985 2823 2040; x_wconf 92' lang='lat' dir='ltr'><strong>ab</strong></span> <span class='ocrx_word' id='word_1_399' title='bbox 2848 2001 2914 2041; x_wconf 89' lang='lat' dir='ltr'><strong>eo</strong></span> <span class='ocrx_word' id='word_1_400' title='bbox 2945 2029 2959 2053; x_wconf 93' lang='lat'><strong>,</strong></span> <span class='ocrx_word' id='word_1_401' title='bbox 2994 1986 3046 2040; x_wconf 91' lang='lat' dir='ltr'><strong>in</strong></span> <span class='ocrx_word' id='word_1_402' title='bbox 3100 2001 3261 2057; x_wconf 87' lang='lat' dir='ltr'><strong>quem</strong></span> <span class='ocrx_word' id='word_1_403' title='bbox 3309 1987 3493 2042; x_wconf 84' lang='lat' dir='ltr'><strong>solum</strong></span> <span class='ocrx_word' id='word_1_404' title='bbox 3527 1988 3700 2044; x_wconf 79' lang='lat' dir='ltr'><strong>conii-</strong></span> 
     </span>
    </p>
   </div>
   <div class='ocr_carea' id='block_1_50' title="bbox 2095 2079 3697 2149">
    <p class='ocr_par' dir='ltr' id='par_1_50' title="bbox 2095 2079 3697 2149">
     <span class='ocr_line' id='line_1_50' title="bbox 2095 2079 3697 2149; baseline 0.001 -12"><span class='ocrx_word' id='word_1_405' title='bbox 2095 2080 2332 2137; x_wconf 89' lang='lat' dir='ltr'><strong>dendum</strong></span> <span class='ocrx_word' id='word_1_406' title='bbox 2362 2094 2485 2135; x_wconf 91' lang='lat' dir='ltr'><strong>esse</strong></span> <span class='ocrx_word' id='word_1_407' title='bbox 2513 2090 2675 2149; x_wconf 87' lang='lat' dir='ltr'><strong>atque</strong></span> <span class='ocrx_word' id='word_1_408' title='bbox 2719 2079 3057 2149; x_wconf 88' lang='lat' dir='ltr'><strong>sperandum</strong></span> <span class='ocrx_word' id='word_1_409' title='bbox 3097 2079 3303 2135; x_wconf 88' lang='lat' dir='ltr'><strong>docens</strong></span> <span class='ocrx_word' id='word_1_410' title='bbox 3360 2080 3495 2136; x_wconf 91' lang='lat' dir='ltr'><strong>dicit</strong></span> <span class='ocrx_word' id='word_1_411' title='bbox 3527 2080 3697 2138; x_wconf 86' lang='lat' dir='ltr'><strong>David</strong></span> 
     </span>
    </p>
   </div>
   <div class='ocr_carea' id='block_1_51' title="bbox 2096 2170 3683 2243">
    <p class='ocr_par' dir='ltr' id='par_1_51' title="bbox 2096 2170 3683 2243">
     <span class='ocr_line' id='line_1_51' title="bbox 2096 2170 3683 2243; baseline -0.001 -16"><span class='ocrx_word' id='word_1_412' title='bbox 2096 2174 2147 2227; x_wconf 92' lang='lat' dir='ltr'><strong>in</strong></span> <span class='ocrx_word' id='word_1_413' title='bbox 2174 2174 2386 2241; x_wconf 87' lang='lat' dir='ltr'><strong>psalmo</strong></span> <span class='ocrx_word' id='word_1_414' title='bbox 2407 2188 2585 2228; x_wconf 76' lang='lat' dir='ltr'><strong>CXLV:</strong></span> <span class='ocrx_word' id='word_1_415' title='bbox 2623 2170 2804 2226; x_wconf 81' lang='lat' dir='ltr'><strong>Nolite</strong></span> <span class='ocrx_word' id='word_1_416' title='bbox 2824 2172 3089 2242; x_wconf 81' lang='lat' dir='ltr'><strong>conlidere</strong></span> <span class='ocrx_word' id='word_1_417' title='bbox 3118 2173 3170 2224; x_wconf 88' lang='lat' dir='ltr'><strong>in</strong></span> <span class='ocrx_word' id='word_1_418' title='bbox 3222 2173 3543 2243; x_wconf 81' lang='lat' dir='ltr'><strong>principibus</strong></span> <span class='ocrx_word' id='word_1_419' title='bbox 3563 2216 3575 2238; x_wconf 93' lang='lat'><strong>,</strong></span> <span class='ocrx_word' id='word_1_420' title='bbox 3599 2184 3644 2228; x_wconf 89' lang='lat' dir='ltr'><strong>et</strong></span> <span class='ocrx_word' id='word_1_421' title='bbox 3669 2175 3683 2225; x_wconf 88' lang='lat' dir='ltr'><strong>i</strong></span> 
     </span>
    </p>
   </div>
   <div class='ocr_carea' id='block_1_52' title="bbox 2094 2264 3687 2338">
    <p class='ocr_par' dir='ltr' id='par_1_52' title="bbox 2094 2264 3687 2338">
     <span class='ocr_line' id='line_1_52' title="bbox 2094 2264 3687 2338; baseline 0.001 -18"><span class='ocrx_word' id='word_1_422' title='bbox 2094 2267 2148 2320; x_wconf 89' lang='lat' dir='ltr'><strong>in</strong></span> <span class='ocrx_word' id='word_1_423' title='bbox 2166 2266 2292 2335; x_wconf 82' lang='lat' dir='ltr'><strong>ﬁliis</strong></span> <span class='ocrx_word' id='word_1_424' title='bbox 2316 2264 2603 2329; x_wconf 84' lang='lat' dir='ltr'><strong>hominum,</strong></span> <span class='ocrx_word' id='word_1_425' title='bbox 2639 2265 2819 2333; x_wconf 75' lang='lat' dir='ltr'><strong>quibus</strong></span> <span class='ocrx_word' id='word_1_426' title='bbox 2847 2280 2949 2319; x_wconf 91' lang='lat' dir='ltr'><strong>non</strong></span> <span class='ocrx_word' id='word_1_427' title='bbox 2984 2274 3058 2319; x_wconf 83' lang='lat' dir='ltr'><strong>est</strong></span> <span class='ocrx_word' id='word_1_428' title='bbox 3080 2265 3253 2320; x_wconf 90' lang='lat' dir='ltr'><strong>salus:</strong></span> <span class='ocrx_word' id='word_1_429' title='bbox 3285 2265 3441 2319; x_wconf 71' lang='lat' dir='ltr'><strong>exibit</strong></span> <span class='ocrx_word' id='word_1_430' title='bbox 3475 2267 3687 2338; x_wconf 81' lang='lat' dir='ltr'><strong>spiritus</strong></span> 
     </span>
    </p>
   </div>
   <div class='ocr_carea' id='block_1_53' title="bbox 2096 2354 3692 2431">
    <p class='ocr_par' dir='ltr' id='par_1_53' title="bbox 2096 2354 3692 2431">
     <span class='ocr_line' id='line_1_53' title="bbox 2096 2354 3692 2431; baseline -0.001 -18"><span class='ocrx_word' id='word_1_431' title='bbox 2096 2361 2207 2431; x_wconf 85' lang='lat' dir='ltr'><strong>ejus</strong></span> <span class='ocrx_word' id='word_1_432' title='bbox 2236 2366 2282 2412; x_wconf 90' lang='lat' dir='ltr'><strong>et</strong></span> <span class='ocrx_word' id='word_1_433' title='bbox 2304 2366 2587 2413; x_wconf 85' lang='lat' dir='ltr'><strong>revertetur</strong></span> <span class='ocrx_word' id='word_1_434' title='bbox 2607 2354 2635 2393; x_wconf 71' lang='grc' dir='ltr'>ιε</span> <span class='ocrx_word' id='word_1_435' title='bbox 2664 2356 2719 2410; x_wconf 88' lang='lat' dir='ltr'><strong>in</strong></span> <span class='ocrx_word' id='word_1_436' title='bbox 2746 2366 2937 2411; x_wconf 87' lang='lat' dir='ltr'><strong>terram</strong></span> <span class='ocrx_word' id='word_1_437' title='bbox 2984 2373 3163 2411; x_wconf 87' lang='lat' dir='ltr'><strong>suam:</strong></span> <span class='ocrx_word' id='word_1_438' title='bbox 3210 2358 3262 2412; x_wconf 90' lang='lat' dir='ltr'><strong>in</strong></span> <span class='ocrx_word' id='word_1_439' title='bbox 3294 2358 3390 2412; x_wconf 85' lang='lat' dir='ltr'><strong>illa</strong></span> <span class='ocrx_word' id='word_1_440' title='bbox 3438 2358 3523 2413; x_wconf 86' lang='lat' dir='ltr'><strong>die</strong></span> <span class='ocrx_word' id='word_1_441' title='bbox 3552 2360 3692 2427; x_wconf 86' lang='lat' dir='ltr'><strong>peri-</strong></span> 
     </span>
    </p>
   </div>
   <div class='ocr_carea' id='block_1_54' title="bbox 2096 2451 3693 2525">
    <p class='ocr_par' dir='ltr' id='par_1_54' title="bbox 2096 2451 3693 2525">
     <span class='ocr_line' id='line_1_54' title="bbox 2096 2451 3693 2525; baseline 0 -18"><span class='ocrx_word' id='word_1_442' title='bbox 2096 2453 2219 2507; x_wconf 89' lang='lat' dir='ltr'><strong>bunt</strong></span> <span class='ocrx_word' id='word_1_443' title='bbox 2247 2469 2421 2507; x_wconf 88' lang='lat' dir='ltr'><strong>omnes</strong></span> <span class='ocrx_word' id='word_1_444' title='bbox 2464 2452 2803 2523; x_wconf 79' lang='lat' dir='ltr'><strong>cogifationes</strong></span> <span class='ocrx_word' id='word_1_445' title='bbox 2839 2467 3037 2506; x_wconf 85' lang='lat' dir='ltr'><strong>eorum.</strong></span> <span class='ocrx_word' id='word_1_446' title='bbox 3080 2451 3315 2507; x_wconf 85' lang='lat' dir='ltr'><strong>Beatus1</strong></span> <span class='ocrx_word' id='word_1_447' title='bbox 3354 2455 3505 2525; x_wconf 88' lang='lat' dir='ltr'><strong>cujus</strong></span> <span class='ocrx_word' id='word_1_448' title='bbox 3550 2451 3693 2508; x_wconf 87' lang='lat' dir='ltr'><strong>Deus</strong></span> 
     </span>
    </p>
   </div>
   <div class='ocr_carea' id='block_1_55' title="bbox 2094 2546 3698 2623">
    <p class='ocr_par' dir='ltr' id='par_1_55' title="bbox 2094 2546 3698 2623">
     <span class='ocr_line' id='line_1_55' title="bbox 2094 2546 3698 2623; baseline 0.001 -22"><span class='ocrx_word' id='word_1_449' title='bbox 2094 2546 2258 2603; x_wconf 86' lang='lat' dir='ltr'><strong>Jacob</strong></span> <span class='ocrx_word' id='word_1_450' title='bbox 2280 2548 2492 2620; x_wconf 88' lang='lat' dir='ltr'><strong>adjutor</strong></span> <span class='ocrx_word' id='word_1_451' title='bbox 2520 2551 2635 2621; x_wconf 83' lang='lat' dir='ltr'><strong>ejus</strong></span> <span class='ocrx_word' id='word_1_452' title='bbox 2665 2589 2681 2617; x_wconf 91' lang='lat'><strong>,</strong></span> <span class='ocrx_word' id='word_1_453' title='bbox 2725 2558 2769 2602; x_wconf 90' lang='lat' dir='ltr'><strong>et</strong></span> <span class='ocrx_word' id='word_1_454' title='bbox 2806 2566 2922 2620; x_wconf 87' lang='lat' dir='ltr'><strong>spes</strong></span> <span class='ocrx_word' id='word_1_455' title='bbox 2967 2552 3081 2623; x_wconf 87' lang='lat' dir='ltr'><strong>ejus</strong></span> <span class='ocrx_word' id='word_1_456' title='bbox 3116 2549 3169 2603; x_wconf 90' lang='lat' dir='ltr'><strong>in</strong></span> <span class='ocrx_word' id='word_1_457' title='bbox 3192 2548 3417 2605; x_wconf 87' lang='lat' dir='ltr'><strong>Domino</strong></span> <span class='ocrx_word' id='word_1_458' title='bbox 3459 2549 3571 2606; x_wconf 88' lang='lat' dir='ltr'><strong>Deo</strong></span> <span class='ocrx_word' id='word_1_459' title='bbox 3609 2552 3698 2621; x_wconf 89' lang='lat' dir='ltr'><strong>ip-</strong></span> 
     </span>
    </p>
   </div>
   <div class='ocr_carea' id='block_1_56' title="bbox 2095 2643 3695 2716">
    <p class='ocr_par' dir='ltr' id='par_1_56' title="bbox 2095 2643 3695 2716">
     <span class='ocr_line' id='line_1_56' title="bbox 2095 2643 3695 2716; baseline 0.001 -19"><span class='ocrx_word' id='word_1_460' title='bbox 2095 2643 2203 2697; x_wconf 84' lang='lat' dir='ltr'><strong>sius</strong></span> <span class='ocrx_word' id='word_1_461' title='bbox 2231 2644 2320 2713; x_wconf 85' lang='lat' dir='ltr'><strong>qui</strong></span> <span class='ocrx_word' id='word_1_462' title='bbox 2349 2643 2469 2714; x_wconf 78' lang='lat' dir='ltr'><strong>fecit</strong></span> <span class='ocrx_word' id='word_1_463' title='bbox 2494 2644 2679 2696; x_wconf 68' lang='lat' dir='ltr'><strong>cretum</strong></span> <span class='ocrx_word' id='word_1_464' title='bbox 2710 2651 2759 2696; x_wconf 90' lang='lat' dir='ltr'><strong>et</strong></span> <span class='ocrx_word' id='word_1_465' title='bbox 2780 2652 2974 2697; x_wconf 90' lang='lat' dir='ltr'><strong>terram</strong></span> <span class='ocrx_word' id='word_1_466' title='bbox 2996 2684 3010 2708; x_wconf 94' lang='lat'><strong>,</strong></span> <span class='ocrx_word' id='word_1_467' title='bbox 3050 2659 3195 2697; x_wconf 90' lang='lat' dir='ltr'><strong>mare</strong></span> <span class='ocrx_word' id='word_1_468' title='bbox 3224 2653 3270 2697; x_wconf 89' lang='lat' dir='ltr'><strong>et</strong></span> <span class='ocrx_word' id='word_1_469' title='bbox 3294 2644 3467 2699; x_wconf 85' lang='lat' dir='ltr'><strong>omnia</strong></span> <span class='ocrx_word' id='word_1_470' title='bbox 3506 2662 3621 2716; x_wconf 74' lang='lat' dir='ltr'><strong>qua:</strong></span> <span class='ocrx_word' id='word_1_471' title='bbox 3643 2646 3695 2700; x_wconf 91' lang='lat' dir='ltr'><strong>in</strong></span> 
     </span>
    </p>
   </div>
   <div class='ocr_carea' id='block_1_57' title="bbox 2094 2733 3695 2809">
    <p class='ocr_par' dir='ltr' id='par_1_57' title="bbox 2094 2733 3695 2809">
     <span class='ocr_line' id='line_1_57' title="bbox 2094 2733 3695 2809; baseline 0.002 -20"><span class='ocrx_word' id='word_1_472' title='bbox 2094 2736 2189 2790; x_wconf 86' lang='lat' dir='ltr'><strong>eis.</strong></span> <span class='ocrx_word' id='word_1_473' title='bbox 2223 2734 2325 2802; x_wconf 85' lang='lat' dir='ltr'><strong>Qui</strong></span> <span class='ocrx_word' id='word_1_474' title='bbox 2347 2735 2571 2788; x_wconf 86' lang='lat' dir='ltr'><strong>custodit</strong></span> <span class='ocrx_word' id='word_1_475' title='bbox 2601 2734 2865 2788; x_wconf 90' lang='lat' dir='ltr'><strong>veritatem</strong></span> <span class='ocrx_word' id='word_1_476' title='bbox 2894 2734 2948 2785; x_wconf 90' lang='lat' dir='ltr'><strong>in</strong></span> <span class='ocrx_word' id='word_1_477' title='bbox 2983 2733 3262 2799; x_wconf 65' lang='lat' dir='ltr'><strong>saeculum,</strong></span> <span class='ocrx_word' id='word_1_478' title='bbox 3293 2736 3419 2804; x_wconf 76' lang='lat' dir='ltr'><strong>facit</strong></span> <span class='ocrx_word' id='word_1_479' title='bbox 3428 2737 3695 2809; x_wconf 88' lang='lat' dir='ltr'><strong>judicium</strong></span> 
     </span>
    </p>
   </div>
   <div class='ocr_carea' id='block_1_58' title="bbox 2094 2822 3698 2897">
    <p class='ocr_par' dir='ltr' id='par_1_58' title="bbox 2094 2822 3698 2897">
     <span class='ocr_line' id='line_1_58' title="bbox 2094 2822 3698 2897; baseline 0.004 -19"><span class='ocrx_word' id='word_1_480' title='bbox 2094 2825 2341 2895; x_wconf 88' lang='lat' dir='ltr'><strong>injuriam</strong></span> <span class='ocrx_word' id='word_1_481' title='bbox 2370 2823 2682 2893; x_wconf 85' lang='lat' dir='ltr'><strong>patientibus</strong></span> <span class='ocrx_word' id='word_1_482' title='bbox 2713 2822 2830 2896; x_wconf 89' lang='lat' dir='ltr'><strong>(Ps.</strong></span> <span class='ocrx_word' id='word_1_483' title='bbox 2885 2839 3043 2889; x_wconf 68' lang='lat' dir='ltr'><strong>cxnv,</strong></span> <span class='ocrx_word' id='word_1_484' title='bbox 3072 2822 3151 2896; x_wconf 76' lang='grc'><strong>2).</strong></span> <span class='ocrx_word' id='word_1_485' title='bbox 3180 2823 3467 2880; x_wconf 88' lang='lat' dir='ltr'><strong>Noluimus</strong></span> <span class='ocrx_word' id='word_1_486' title='bbox 3497 2826 3698 2897; x_wconf 87' lang='lat' dir='ltr'><strong>injuste</strong></span> 
     </span>
    </p>
   </div>
   <div class='ocr_carea' id='block_1_59' title="bbox 2095 2916 3694 2988">
    <p class='ocr_par' dir='ltr' id='par_1_59' title="bbox 2095 2916 3694 2988">
     <span class='ocr_line' id='line_1_59' title="bbox 2095 2916 3694 2988; baseline 0.001 -14"><span class='ocrx_word' id='word_1_487' title='bbox 2095 2926 2275 2974; x_wconf 86' lang='lat' dir='ltr'><strong>tecum</strong></span> <span class='ocrx_word' id='word_1_488' title='bbox 2308 2917 2564 2988; x_wconf 85' lang='lat' dir='ltr'><strong>persequi</strong></span> <span class='ocrx_word' id='word_1_489' title='bbox 2590 2917 2821 2986; x_wconf 73' lang='lat' dir='ltr'><strong>jusritiae</strong></span> <span class='ocrx_word' id='word_1_490' title='bbox 2850 2916 3069 2988; x_wconf 90' lang='lat' dir='ltr'><strong>plenum</strong></span> <span class='ocrx_word' id='word_1_491' title='bbox 3112 2917 3383 2974; x_wconf 82' lang='lat' dir='ltr'><strong>fructibus</strong></span> <span class='ocrx_word' id='word_1_492' title='bbox 3417 2960 3432 2985; x_wconf 90' lang='lat'><strong>,</strong></span> <span class='ocrx_word' id='word_1_493' title='bbox 3462 2935 3532 2976; x_wconf 90' lang='lat' dir='ltr'><strong>ne</strong></span> <span class='ocrx_word' id='word_1_494' title='bbox 3568 2920 3694 2976; x_wconf 90' lang='lat' dir='ltr'><strong>dum</strong></span> 
     </span>
    </p>
   </div>
   <div class='ocr_carea' id='block_1_60' title="bbox 2095 3011 3697 3084">
    <p class='ocr_par' dir='ltr' id='par_1_60' title="bbox 2095 3011 3697 3084">
     <span class='ocr_line' id='line_1_60' title="bbox 2095 3011 3697 3084; baseline 0.003 -17"><span class='ocrx_word' id='word_1_495' title='bbox 2095 3011 2233 3068; x_wconf 91' lang='lat' dir='ltr'><strong>dete</strong></span> <span class='ocrx_word' id='word_1_496' title='bbox 2261 3012 2499 3068; x_wconf 85' lang='lat' dir='ltr'><strong>vindicta</strong></span> <span class='ocrx_word' id='word_1_497' title='bbox 2531 3012 2789 3081; x_wconf 86' lang='lat' dir='ltr'><strong>coepisset</strong></span> <span class='ocrx_word' id='word_1_498' title='bbox 2818 3013 3107 3084; x_wconf 91' lang='lat' dir='ltr'><strong>consequi,</strong></span> <span class='ocrx_word' id='word_1_499' title='bbox 3158 3011 3354 3069; x_wconf 84' lang='lat' dir='ltr'><strong>fuisset</strong></span> <span class='ocrx_word' id='word_1_500' title='bbox 3398 3027 3697 3073; x_wconf 89' lang='lat' dir='ltr'><strong>consecuta</strong></span> 
     </span>
    </p>
   </div>
   <div class='ocr_carea' id='block_1_61' title="bbox 2095 3104 3696 3180">
    <p class='ocr_par' dir='ltr' id='par_1_61' title="bbox 2095 3104 3696 3180">
     <span class='ocr_line' id='line_1_61' title="bbox 2095 3104 3696 3180; baseline 0.004 -19"><span class='ocrx_word' id='word_1_501' title='bbox 2095 3109 2257 3161; x_wconf 87' lang='lat' dir='ltr'><strong>etiam</strong></span> <span class='ocrx_word' id='word_1_502' title='bbox 2283 3106 2349 3161; x_wconf 89' lang='lat' dir='ltr'><strong>de</strong></span> <span class='ocrx_word' id='word_1_503' title='bbox 2375 3105 2568 3161; x_wconf 83' lang='lat' dir='ltr'><strong>nobis:</strong></span> <span class='ocrx_word' id='word_1_504' title='bbox 2620 3121 2731 3160; x_wconf 92' lang='lat' dir='ltr'><strong>non</strong></span> <span class='ocrx_word' id='word_1_505' title='bbox 2763 3104 2998 3161; x_wconf 89' lang='lat' dir='ltr'><strong>fecimus</strong></span> <span class='ocrx_word' id='word_1_506' title='bbox 3046 3106 3193 3176; x_wconf 91' lang='lat' dir='ltr'><strong>quod</strong></span> <span class='ocrx_word' id='word_1_507' title='bbox 3248 3106 3453 3177; x_wconf 83' lang='lat' dir='ltr'><strong>injuste</strong></span> <span class='ocrx_word' id='word_1_508' title='bbox 3486 3125 3696 3180; x_wconf 60' lang='lat' dir='ltr'><strong>prince-</strong></span> 
     </span>
    </p>
   </div>
   <div class='ocr_carea' id='block_1_62' title="bbox 393 3193 3697 3270">
    <p class='ocr_par' dir='ltr' id='par_1_62' title="bbox 393 3193 3697 3270">
     <span class='ocr_line' id='line_1_62' title="bbox 393 3193 3697 3270; baseline 0.001 -15"><span class='ocrx_word' id='word_1_509' title='bbox 393 3198 515 3255; x_wconf 66' lang='lat' dir='ltr'><strong>hazc</strong></span> <span class='ocrx_word' id='word_1_510' title='bbox 546 3200 728 3269; x_wconf 89' lang='lat' dir='ltr'><strong>itaque</strong></span> <span class='ocrx_word' id='word_1_511' title='bbox 757 3199 889 3267; x_wconf 90' lang='lat' dir='ltr'><strong>sint,</strong></span> <span class='ocrx_word' id='word_1_512' title='bbox 927 3208 1095 3255; x_wconf 90' lang='lat' dir='ltr'><strong>temet</strong></span> <span class='ocrx_word' id='word_1_513' title='bbox 1118 3198 1297 3270; x_wconf 89' lang='lat' dir='ltr'><strong>puniri</strong></span> <span class='ocrx_word' id='word_1_514' title='bbox 1328 3198 1588 3267; x_wconf 83' lang='lat' dir='ltr'><strong>conspice</strong></span> <span class='ocrx_word' id='word_1_515' title='bbox 1612 3239 1624 3262; x_wconf 93' lang='lat'><strong>,</strong></span> <span class='ocrx_word' id='word_1_516' title='bbox 1658 3196 1875 3267; x_wconf 87' lang='lat' dir='ltr'><strong>quando</strong></span> <span class='ocrx_word' id='word_1_517' title='bbox 1906 3194 1995 3249; x_wconf 85' lang='lat' dir='ltr'><strong>ali-</strong></span> <span class='ocrx_word' id='word_1_518' title='bbox 2024 3193 2072 3256; x_wconf 81' lang='grc' dir='ltr'>Ο</span> <span class='ocrx_word' id='word_1_519' title='bbox 2102 3198 2227 3270; x_wconf 88' lang='lat' dir='ltr'><strong>pisti</strong></span> <span class='ocrx_word' id='word_1_520' title='bbox 2258 3213 2357 3253; x_wconf 90' lang='lat' dir='ltr'><strong>nos</strong></span> <span class='ocrx_word' id='word_1_521' title='bbox 2387 3198 2640 3268; x_wconf 90' lang='lat' dir='ltr'><strong>implere,</strong></span> <span class='ocrx_word' id='word_1_522' title='bbox 2671 3212 2739 3253; x_wconf 91' lang='lat' dir='ltr'><strong>ne</strong></span> <span class='ocrx_word' id='word_1_523' title='bbox 2769 3206 2952 3254; x_wconf 88' lang='lat' dir='ltr'><strong>tecum</strong></span> <span class='ocrx_word' id='word_1_524' title='bbox 2992 3200 3310 3254; x_wconf 90' lang='lat' dir='ltr'><strong>veniremus</strong></span> <span class='ocrx_word' id='word_1_525' title='bbox 3334 3200 3400 3254; x_wconf 89' lang='lat' dir='ltr'><strong>ad</strong></span> <span class='ocrx_word' id='word_1_526' title='bbox 3433 3201 3584 3257; x_wconf 90' lang='lat' dir='ltr'><strong>illum</strong></span> <span class='ocrx_word' id='word_1_527' title='bbox 3616 3203 3697 3259; x_wconf 91' lang='lat' dir='ltr'><strong>lo-</strong></span> 
     </span>
    </p>
   </div>
   <div class='ocr_carea' id='block_1_63' title="bbox 393 3290 1992 3365">
    <p class='ocr_par' dir='ltr' id='par_1_63' title="bbox 393 3290 1992 3365">
     <span class='ocr_line' id='line_1_63' title="bbox 393 3290 1992 3365; baseline -0.003 -16"><span class='ocrx_word' id='word_1_528' title='bbox 393 3309 553 3365; x_wconf 90' lang='lat' dir='ltr'><strong>quem</strong></span> <span class='ocrx_word' id='word_1_529' title='bbox 584 3306 897 3350; x_wconf 79' lang='lat' dir='ltr'><strong>neStrorum</strong></span> <span class='ocrx_word' id='word_1_530' title='bbox 932 3296 1091 3365; x_wconf 89' lang='lat' dir='ltr'><strong>punis</strong></span> <span class='ocrx_word' id='word_1_531' title='bbox 1117 3303 1304 3359; x_wconf 89' lang='lat' dir='ltr'><strong>tuam;</strong></span> <span class='ocrx_word' id='word_1_532' title='bbox 1352 3303 1404 3348; x_wconf 89' lang='lat' dir='ltr'><strong>te</strong></span> <span class='ocrx_word' id='word_1_533' title='bbox 1435 3292 1667 3348; x_wconf 89' lang='lat' dir='ltr'><strong>salutem</strong></span> <span class='ocrx_word' id='word_1_534' title='bbox 1701 3290 1992 3362; x_wconf 89' lang='lat' dir='ltr'><strong>persequi,</strong></span> 
     </span>
    </p>
   </div>
   <div class='ocr_carea' id='block_1_64' title="bbox 392 3383 1996 3460">
    <p class='ocr_par' dir='ltr' id='par_1_64' title="bbox 392 3383 1996 3460">
     <span class='ocr_line' id='line_1_64' title="bbox 392 3383 1996 3460; baseline -0.002 -17"><span class='ocrx_word' id='word_1_535' title='bbox 392 3388 612 3460; x_wconf 88' lang='lat' dir='ltr'><strong>quando</strong></span> <span class='ocrx_word' id='word_1_536' title='bbox 640 3389 718 3444; x_wconf 89' lang='lat' dir='ltr'><strong>sis</strong></span> <span class='ocrx_word' id='word_1_537' title='bbox 748 3389 863 3445; x_wconf 89' lang='lat' dir='ltr'><strong>Deo</strong></span> <span class='ocrx_word' id='word_1_538' title='bbox 894 3402 1229 3460; x_wconf 87' lang='lat' dir='ltr'><strong>repugnans,</strong></span> <span class='ocrx_word' id='word_1_539' title='bbox 1262 3401 1370 3443; x_wconf 92' lang='lat' dir='ltr'><strong>non</strong></span> <span class='ocrx_word' id='word_1_540' title='bbox 1404 3400 1529 3454; x_wconf 87' lang='lat' dir='ltr'><strong>nos,</strong></span> <span class='ocrx_word' id='word_1_541' title='bbox 1558 3386 1610 3438; x_wconf 92' lang='lat' dir='ltr'><strong>in</strong></span> <span class='ocrx_word' id='word_1_542' title='bbox 1642 3399 1776 3455; x_wconf 89' lang='lat' dir='ltr'><strong>quos</strong></span> <span class='ocrx_word' id='word_1_543' title='bbox 1806 3383 1996 3439; x_wconf 89' lang='lat' dir='ltr'><strong>audias</strong></span> 
     </span>
    </p>
   </div>
   <div class='ocr_carea' id='block_1_65' title="bbox 394 3476 1993 3554">
    <p class='ocr_par' dir='ltr' id='par_1_65' title="bbox 394 3476 1993 3554">
     <span class='ocr_line' id='line_1_65' title="bbox 394 3476 1993 3554; baseline -0.006 -15"><span class='ocrx_word' id='word_1_544' title='bbox 394 3483 568 3539; x_wconf 89' lang='lat' dir='ltr'><strong>Deum</strong></span> <span class='ocrx_word' id='word_1_545' title='bbox 599 3484 812 3550; x_wconf 90' lang='lat' dir='ltr'><strong>dicere,</strong></span> <span class='ocrx_word' id='word_1_546' title='bbox 845 3484 991 3554; x_wconf 85' lang='lat' dir='ltr'><strong>quod</strong></span> <span class='ocrx_word' id='word_1_547' title='bbox 1026 3483 1171 3539; x_wconf 89' lang='lat' dir='ltr'><strong>enim</strong></span> <span class='ocrx_word' id='word_1_548' title='bbox 1206 3481 1466 3552; x_wconf 86' lang='lat' dir='ltr'><strong>dignetur</strong></span> <span class='ocrx_word' id='word_1_549' title='bbox 1516 3482 1882 3550; x_wconf 89' lang='lat' dir='ltr'><strong>requiescere.</strong></span> <span class='ocrx_word' id='word_1_550' title='bbox 1910 3476 1993 3531; x_wconf 87' lang='lat' dir='ltr'><strong>Tu</strong></span> 
     </span>
    </p>
   </div>
   <div class='ocr_carea' id='block_1_66' title="bbox 394 3571 1992 3648">
    <p class='ocr_par' dir='ltr' id='par_1_66' title="bbox 394 3571 1992 3648">
     <span class='ocr_line' id='line_1_66' title="bbox 394 3571 1992 3648; baseline -0.005 -16"><span class='ocrx_word' id='word_1_551' title='bbox 394 3591 529 3648; x_wconf 88' lang='lat' dir='ltr'><strong>ergo</strong></span> <span class='ocrx_word' id='word_1_552' title='bbox 556 3576 646 3647; x_wconf 90' lang='lat' dir='ltr'><strong>qui</strong></span> <span class='ocrx_word' id='word_1_553' title='bbox 679 3577 877 3647; x_wconf 88' lang='lat' dir='ltr'><strong>templa</strong></span> <span class='ocrx_word' id='word_1_554' title='bbox 910 3574 1128 3631; x_wconf 90' lang='lat' dir='ltr'><strong>Domini</strong></span> <span class='ocrx_word' id='word_1_555' title='bbox 1159 3584 1337 3631; x_wconf 81' lang='lat' dir='ltr'><strong>lentas</strong></span> <span class='ocrx_word' id='word_1_556' title='bbox 1369 3573 1580 3627; x_wconf 89' lang='lat' dir='ltr'><strong>violare</strong></span> <span class='ocrx_word' id='word_1_557' title='bbox 1605 3614 1621 3640; x_wconf 95' lang='lat'><strong>,</strong></span> <span class='ocrx_word' id='word_1_558' title='bbox 1655 3571 1756 3626; x_wconf 90' lang='lat' dir='ltr'><strong>nisi</strong></span> <span class='ocrx_word' id='word_1_559' title='bbox 1789 3579 1838 3625; x_wconf 91' lang='lat' dir='ltr'><strong>te</strong></span> <span class='ocrx_word' id='word_1_560' title='bbox 1860 3585 1992 3624; x_wconf 86' lang='lat' dir='ltr'><strong>con-</strong></span> 
     </span>
    </p>
   </div>
   <div class='ocr_carea' id='block_1_67' title="bbox 394 3663 1996 3739">
    <p class='ocr_par' dir='ltr' id='par_1_67' title="bbox 394 3663 1996 3739">
     <span class='ocr_line' id='line_1_67' title="bbox 394 3663 1996 3739; baseline -0.003 -16"><span class='ocrx_word' id='word_1_561' title='bbox 394 3668 652 3732; x_wconf 83' lang='lat' dir='ltr'><strong>verteris,</strong></span> <span class='ocrx_word' id='word_1_562' title='bbox 679 3686 746 3724; x_wconf 86' lang='lat' dir='ltr'><strong>eo</strong></span> <span class='ocrx_word' id='word_1_563' title='bbox 793 3669 1078 3739; x_wconf 87' lang='lat' dir='ltr'><strong>dispereas</strong></span> <span class='ocrx_word' id='word_1_564' title='bbox 1126 3683 1351 3738; x_wconf 81' lang='lat' dir='ltr'><strong>genere,</strong></span> <span class='ocrx_word' id='word_1_565' title='bbox 1394 3681 1502 3736; x_wconf 92' lang='lat' dir='ltr'><strong>quo</strong></span> <span class='ocrx_word' id='word_1_566' title='bbox 1530 3664 1651 3730; x_wconf 88' lang='lat' dir='ltr'><strong>illi,</strong></span> <span class='ocrx_word' id='word_1_567' title='bbox 1681 3664 1750 3720; x_wconf 87' lang='lat' dir='ltr'><strong>de</strong></span> <span class='ocrx_word' id='word_1_568' title='bbox 1799 3663 1996 3735; x_wconf 76' lang='lat' dir='ltr'><strong>quibus</strong></span> 
     </span>
    </p>
   </div>
   <div class='ocr_carea' id='block_1_68' title="bbox 396 3757 1995 3831">
    <p class='ocr_par' dir='ltr' id='par_1_68' title="bbox 396 3757 1995 3831">
     <span class='ocr_line' id='line_1_68' title="bbox 396 3757 1995 3831; baseline -0.005 -15"><span class='ocrx_word' id='word_1_569' title='bbox 396 3760 527 3816; x_wconf 88' lang='lat' dir='ltr'><strong>dicit</strong></span> <span class='ocrx_word' id='word_1_570' title='bbox 550 3759 717 3816; x_wconf 90' lang='lat' dir='ltr'><strong>David</strong></span> <span class='ocrx_word' id='word_1_571' title='bbox 744 3763 796 3817; x_wconf 91' lang='lat' dir='ltr'><strong>in</strong></span> <span class='ocrx_word' id='word_1_572' title='bbox 823 3762 1034 3831; x_wconf 88' lang='lat' dir='ltr'><strong>psalmo</strong></span> <span class='ocrx_word' id='word_1_573' title='bbox 1062 3777 1258 3816; x_wconf 79' lang='lat' dir='ltr'><strong>cxxxv:</strong></span> <span class='ocrx_word' id='word_1_574' title='bbox 1295 3760 1397 3826; x_wconf 84' lang='lat' dir='ltr'><strong>Qui</strong></span> <span class='ocrx_word' id='word_1_575' title='bbox 1424 3759 1675 3829; x_wconf 74' lang='lat' dir='ltr'><strong>percussit</strong></span> <span class='ocrx_word' id='word_1_576' title='bbox 1697 3757 1995 3829; x_wconf 86' lang='lat' dir='ltr'><strong>/Egyptum</strong></span> 
     </span>
    </p>
   </div>
   <div class='ocr_carea' id='block_1_69' title="bbox 395 3850 1994 3924">
    <p class='ocr_par' dir='ltr' id='par_1_69' title="bbox 395 3850 1994 3924">
     <span class='ocr_line' id='line_1_69' title="bbox 395 3850 1994 3924; baseline -0.004 -17"><span class='ocrx_word' id='word_1_577' title='bbox 395 3869 514 3907; x_wconf 89' lang='lat' dir='ltr'><strong>cum</strong></span> <span class='ocrx_word' id='word_1_578' title='bbox 548 3854 819 3923; x_wconf 85' lang='lat' dir='ltr'><strong>primitivis</strong></span> <span class='ocrx_word' id='word_1_579' title='bbox 850 3870 1028 3908; x_wconf 88' lang='lat' dir='ltr'><strong>eorum</strong></span> <span class='ocrx_word' id='word_1_580' title='bbox 1054 3895 1067 3918; x_wconf 93' lang='lat'><strong>,</strong></span> <span class='ocrx_word' id='word_1_581' title='bbox 1115 3853 1366 3924; x_wconf 89' lang='lat' dir='ltr'><strong>quoniam</strong></span> <span class='ocrx_word' id='word_1_582' title='bbox 1415 3852 1466 3905; x_wconf 89' lang='lat' dir='ltr'><strong>in</strong></span> <span class='ocrx_word' id='word_1_583' title='bbox 1496 3852 1693 3906; x_wconf 74' lang='lat' dir='ltr'><strong>swcula</strong></span> <span class='ocrx_word' id='word_1_584' title='bbox 1724 3853 1741 3888; x_wconf 68' lang='grc' dir='ltr'><em>τ</em></span> <span class='ocrx_word' id='word_1_585' title='bbox 1785 3850 1994 3904; x_wconf 82' lang='lat' dir='ltr'><strong>miseri-</strong></span> 
     </span>
    </p>
   </div>
   <div class='ocr_carea' id='block_1_70' title="bbox 395 3944 1997 4019">
    <p class='ocr_par' dir='ltr' id='par_1_70' title="bbox 395 3944 1997 4019">
     <span class='ocr_line' id='line_1_70' title="bbox 395 3944 1997 4019; baseline -0.002 -19"><span class='ocrx_word' id='word_1_586' title='bbox 395 3947 574 4001; x_wconf 89' lang='lat' dir='ltr'><strong>cordia</strong></span> <span class='ocrx_word' id='word_1_587' title='bbox 598 3950 735 4019; x_wconf 86' lang='lat' dir='ltr'><strong>ejus,</strong></span> <span class='ocrx_word' id='word_1_588' title='bbox 764 3958 814 4002; x_wconf 90' lang='lat' dir='ltr'><strong>et</strong></span> <span class='ocrx_word' id='word_1_589' title='bbox 838 3947 1013 4001; x_wconf 79' lang='lat' dir='ltr'><strong>eduxit</strong></span> <span class='ocrx_word' id='word_1_590' title='bbox 1043 3945 1213 4000; x_wconf 84' lang='lat' dir='ltr'><strong>Israel</strong></span> <span class='ocrx_word' id='word_1_591' title='bbox 1239 3946 1302 4000; x_wconf 87' lang='lat' dir='ltr'><strong>de</strong></span> <span class='ocrx_word' id='word_1_592' title='bbox 1328 3944 1499 4000; x_wconf 88' lang='lat' dir='ltr'><strong>medio</strong></span> <span class='ocrx_word' id='word_1_593' title='bbox 1521 3961 1722 4008; x_wconf 90' lang='lat' dir='ltr'><strong>eorum,</strong></span> <span class='ocrx_word' id='word_1_594' title='bbox 1753 3944 1997 4016; x_wconf 88' lang='lat' dir='ltr'><strong>quoniam</strong></span> 
     </span>
    </p>
   </div>
   <div class='ocr_carea' id='block_1_71' title="bbox 396 4036 1995 4108">
    <p class='ocr_par' dir='ltr' id='par_1_71' title="bbox 396 4036 1995 4108">
     <span class='ocr_line' id='line_1_71' title="bbox 396 4036 1995 4108; baseline -0.003 -15"><span class='ocrx_word' id='word_1_595' title='bbox 396 4039 449 4094; x_wconf 88' lang='lat' dir='ltr'><strong>in</strong></span> <span class='ocrx_word' id='word_1_596' title='bbox 475 4040 722 4095; x_wconf 65' lang='lat' dir='ltr'><strong>sarculum</strong></span> <span class='ocrx_word' id='word_1_597' title='bbox 745 4039 1106 4095; x_wconf 85' lang='lat' dir='ltr'><strong>misericordia</strong></span> <span class='ocrx_word' id='word_1_598' title='bbox 1129 4039 1261 4105; x_wconf 79' lang='lat' dir='ltr'><strong>eius,</strong></span> <span class='ocrx_word' id='word_1_599' title='bbox 1296 4039 1347 4092; x_wconf 88' lang='lat' dir='ltr'><strong>in</strong></span> <span class='ocrx_word' id='word_1_600' title='bbox 1377 4054 1535 4091; x_wconf 88' lang='lat' dir='ltr'><strong>manu</strong></span> <span class='ocrx_word' id='word_1_601' title='bbox 1572 4038 1699 4108; x_wconf 81' lang='lat' dir='ltr'><strong>forti</strong></span> <span class='ocrx_word' id='word_1_602' title='bbox 1722 4051 1765 4091; x_wconf 91' lang='lat' dir='ltr'><strong>et</strong></span> <span class='ocrx_word' id='word_1_603' title='bbox 1785 4036 1995 4092; x_wconf 81' lang='lat' dir='ltr'><strong>brachio</strong></span> 
     </span>
    </p>
   </div>
   <div class='ocr_carea' id='block_1_72' title="bbox 396 4129 1998 4205">
    <p class='ocr_par' dir='ltr' id='par_1_72' title="bbox 396 4129 1998 4205">
     <span class='ocr_line' id='line_1_72' title="bbox 396 4129 1998 4205; baseline -0.003 -16"><span class='ocrx_word' id='word_1_604' title='bbox 396 4136 599 4190; x_wconf 78' lang='lat' dir='ltr'><strong>excelso</strong></span> <span class='ocrx_word' id='word_1_605' title='bbox 623 4176 639 4200; x_wconf 89' lang='lat'><strong>,</strong></span> <span class='ocrx_word' id='word_1_606' title='bbox 662 4135 907 4205; x_wconf 90' lang='lat' dir='ltr'><strong>quoniam</strong></span> <span class='ocrx_word' id='word_1_607' title='bbox 934 4134 986 4187; x_wconf 90' lang='lat' dir='ltr'><strong>in</strong></span> <span class='ocrx_word' id='word_1_608' title='bbox 1033 4133 1281 4188; x_wconf 78' lang='lat' dir='ltr'><strong>swculum</strong></span> <span class='ocrx_word' id='word_1_609' title='bbox 1323 4129 1682 4186; x_wconf 82' lang='lat' dir='ltr'><strong>misericordia</strong></span> <span class='ocrx_word' id='word_1_610' title='bbox 1702 4131 1838 4197; x_wconf 79' lang='lat' dir='ltr'><strong>eius.</strong></span> <span class='ocrx_word' id='word_1_611' title='bbox 1895 4130 1998 4195; x_wconf 83' lang='lat' dir='ltr'><strong>Qui</strong></span> 
     </span>
    </p>
   </div>
   <div class='ocr_carea' id='block_1_73' title="bbox 395 4222 1997 4292">
    <p class='ocr_par' dir='ltr' id='par_1_73' title="bbox 395 4222 1997 4292">
     <span class='ocr_line' id='line_1_73' title="bbox 395 4222 1997 4292; baseline -0.004 -10"><span class='ocrx_word' id='word_1_612' title='bbox 395 4228 567 4282; x_wconf 87' lang='lat' dir='ltr'><strong>divisit</strong></span> <span class='ocrx_word' id='word_1_613' title='bbox 600 4244 740 4281; x_wconf 88' lang='lat' dir='ltr'><strong>mare</strong></span> <span class='ocrx_word' id='word_1_614' title='bbox 762 4226 973 4280; x_wconf 87' lang='lat' dir='ltr'><strong>rubrum</strong></span> <span class='ocrx_word' id='word_1_615' title='bbox 1003 4227 1057 4280; x_wconf 89' lang='lat' dir='ltr'><strong>in</strong></span> <span class='ocrx_word' id='word_1_616' title='bbox 1092 4226 1393 4280; x_wconf 82' lang='lat' dir='ltr'><strong>divisionem</strong></span> <span class='ocrx_word' id='word_1_617' title='bbox 1427 4233 1451 4271; x_wconf 69' lang='grc' dir='ltr'><strong><em>Β</em></strong></span> <span class='ocrx_word' id='word_1_618' title='bbox 1482 4264 1496 4287; x_wconf 84' lang='grc'>,</span> <span class='ocrx_word' id='word_1_619' title='bbox 1528 4223 1774 4292; x_wconf 86' lang='lat' dir='ltr'><strong>quoniam</strong></span> <span class='ocrx_word' id='word_1_620' title='bbox 1817 4222 1871 4274; x_wconf 88' lang='lat' dir='ltr'><strong>in</strong></span> <span class='ocrx_word' id='word_1_621' title='bbox 1899 4237 1997 4275; x_wconf 75' lang='lat' dir='ltr'><strong>sa:-</strong></span> 
     </span>
    </p>
   </div>
   <div class='ocr_carea' id='block_1_74' title="bbox 396 4315 1997 4395">
    <p class='ocr_par' dir='ltr' id='par_1_74' title="bbox 396 4315 1997 4395">
     <span class='ocr_line' id='line_1_74' title="bbox 396 4315 1997 4395; baseline -0.005 -20"><span class='ocrx_word' id='word_1_622' title='bbox 396 4322 572 4376; x_wconf 87' lang='lat' dir='ltr'><strong>culum</strong></span> <span class='ocrx_word' id='word_1_623' title='bbox 604 4321 959 4376; x_wconf 85' lang='lat' dir='ltr'><strong>misericordia</strong></span> <span class='ocrx_word' id='word_1_624' title='bbox 990 4323 1105 4395; x_wconf 88' lang='lat' dir='ltr'><strong>ejus</strong></span> <span class='ocrx_word' id='word_1_625' title='bbox 1125 4360 1138 4385; x_wconf 88' lang='lat'><strong>,</strong></span> <span class='ocrx_word' id='word_1_626' title='bbox 1168 4330 1215 4373; x_wconf 89' lang='lat' dir='ltr'><strong>et</strong></span> <span class='ocrx_word' id='word_1_627' title='bbox 1241 4316 1536 4374; x_wconf 70' lang='lat' dir='ltr'><strong>transduxit</strong></span> <span class='ocrx_word' id='word_1_628' title='bbox 1570 4315 1740 4369; x_wconf 83' lang='lat' dir='ltr'><strong>Israel</strong></span> <span class='ocrx_word' id='word_1_629' title='bbox 1776 4331 1867 4386; x_wconf 88' lang='lat' dir='ltr'><strong>per</strong></span> <span class='ocrx_word' id='word_1_630' title='bbox 1890 4330 1997 4368; x_wconf 88' lang='lat' dir='ltr'><strong>me-</strong></span> 
     </span>
    </p>
   </div>
   <div class='ocr_carea' id='block_1_75' title="bbox 397 4408 1992 4485">
    <p class='ocr_par' dir='ltr' id='par_1_75' title="bbox 397 4408 1992 4485">
     <span class='ocr_line' id='line_1_75' title="bbox 397 4408 1992 4485; baseline -0.003 -18"><span class='ocrx_word' id='word_1_631' title='bbox 397 4414 543 4468; x_wconf 89' lang='lat' dir='ltr'><strong>dium</strong></span> <span class='ocrx_word' id='word_1_632' title='bbox 590 4416 703 4485; x_wconf 86' lang='lat' dir='ltr'><strong>ejus</strong></span> <span class='ocrx_word' id='word_1_633' title='bbox 732 4454 749 4482; x_wconf 96' lang='lat'><strong>,</strong></span> <span class='ocrx_word' id='word_1_634' title='bbox 779 4414 1027 4484; x_wconf 87' lang='lat' dir='ltr'><strong>quoniam</strong></span> <span class='ocrx_word' id='word_1_635' title='bbox 1068 4414 1122 4466; x_wconf 88' lang='lat' dir='ltr'><strong>in</strong></span> <span class='ocrx_word' id='word_1_636' title='bbox 1164 4412 1416 4467; x_wconf 64' lang='lat' dir='ltr'><strong>saeculum</strong></span> <span class='ocrx_word' id='word_1_637' title='bbox 1460 4408 1821 4463; x_wconf 86' lang='lat' dir='ltr'><strong>misericordia</strong></span> <span class='ocrx_word' id='word_1_638' title='bbox 1848 4409 1992 4478; x_wconf 86' lang='lat' dir='ltr'><strong>ejus,</strong></span> 
     </span>
    </p>
   </div>
   <div class='ocr_carea' id='block_1_76' title="bbox 396 4498 1997 4573">
    <p class='ocr_par' dir='ltr' id='par_1_76' title="bbox 396 4498 1997 4573">
     <span class='ocr_line' id='line_1_76' title="bbox 396 4498 1997 4573; baseline -0.006 -10"><span class='ocrx_word' id='word_1_639' title='bbox 396 4518 444 4563; x_wconf 87' lang='lat' dir='ltr'><strong>et</strong></span> <span class='ocrx_word' id='word_1_640' title='bbox 492 4510 715 4565; x_wconf 72' lang='lat' dir='ltr'><strong>excussit</strong></span> <span class='ocrx_word' id='word_1_641' title='bbox 756 4507 1084 4562; x_wconf 85' lang='lat' dir='ltr'><strong>Pharaonem</strong></span> <span class='ocrx_word' id='word_1_642' title='bbox 1115 4516 1162 4562; x_wconf 88' lang='lat' dir='ltr'><strong>et</strong></span> <span class='ocrx_word' id='word_1_643' title='bbox 1216 4505 1495 4562; x_wconf 74' lang='lat' dir='ltr'><strong>exercitum</strong></span> <span class='ocrx_word' id='word_1_644' title='bbox 1545 4504 1655 4573; x_wconf 88' lang='lat' dir='ltr'><strong>ejus</strong></span> <span class='ocrx_word' id='word_1_645' title='bbox 1695 4502 1749 4556; x_wconf 89' lang='lat' dir='ltr'><strong>in</strong></span> <span class='ocrx_word' id='word_1_646' title='bbox 1786 4498 1813 4538; x_wconf 71' lang='grc' dir='ltr'><strong>ιι</strong></span> <span class='ocrx_word' id='word_1_647' title='bbox 1856 4517 1997 4554; x_wconf 85' lang='lat' dir='ltr'><strong>mare</strong></span> 
     </span>
    </p>
   </div>
   <div class='ocr_carea' id='block_1_77' title="bbox 2094 3290 3699 3361">
    <p class='ocr_par' dir='ltr' id='par_1_77' title="bbox 2094 3290 3699 3361">
     <span class='ocr_line' id='line_1_77' title="bbox 2094 3290 3699 3361; baseline 0.003 -14"><span class='ocrx_word' id='word_1_648' title='bbox 2094 3306 2237 3357; x_wconf 87' lang='lat' dir='ltr'><strong>cum,</strong></span> <span class='ocrx_word' id='word_1_649' title='bbox 2272 3292 2362 3361; x_wconf 89' lang='lat' dir='ltr'><strong>qui</strong></span> <span class='ocrx_word' id='word_1_650' title='bbox 2393 3290 2445 3346; x_wconf 93' lang='lat' dir='ltr'><strong>in</strong></span> <span class='ocrx_word' id='word_1_651' title='bbox 2479 3290 2866 3347; x_wconf 81' lang='lat' dir='ltr'><strong>Ecclesiastico</strong></span> <span class='ocrx_word' id='word_1_652' title='bbox 2891 3302 2939 3328; x_wconf 68' lang='grc' dir='ltr'><strong>ω’</strong></span> <span class='ocrx_word' id='word_1_653' title='bbox 2958 3292 3319 3348; x_wconf 89' lang='lat' dir='ltr'><strong>describitur:</strong></span> <span class='ocrx_word' id='word_1_654' title='bbox 3358 3294 3424 3348; x_wconf 88' lang='lat' dir='ltr'><strong>Et</strong></span> <span class='ocrx_word' id='word_1_655' title='bbox 3452 3294 3594 3350; x_wconf 88' lang='lat' dir='ltr'><strong>Deus</strong></span> <span class='ocrx_word' id='word_1_656' title='bbox 3618 3312 3699 3351; x_wconf 81' lang='lat' dir='ltr'><strong>re-</strong></span> 
     </span>
    </p>
   </div>
   <div class='ocr_carea' id='block_1_78' title="bbox 2094 3370 3700 3460">
    <p class='ocr_par' dir='ltr' id='par_1_78' title="bbox 2094 3370 3700 3460">
     <span class='ocr_line' id='line_1_78' title="bbox 2094 3370 3700 3460; baseline 0.005 -24"><span class='ocrx_word' id='word_1_657' title='bbox 2094 3385 2262 3454; x_wconf 85' lang='lat' dir='ltr'><strong>quiret</strong></span> <span class='ocrx_word' id='word_1_658' title='bbox 2286 3392 2313 3419; x_wconf 82' lang='grc' dir='ltr'><strong>ιι</strong></span> <span class='ocrx_word' id='word_1_659' title='bbox 2343 3399 2458 3437; x_wconf 90' lang='lat' dir='ltr'><strong>eum</strong></span> <span class='ocrx_word' id='word_1_660' title='bbox 2481 3424 2495 3446; x_wconf 92' lang='lat'><strong>,</strong></span> <span class='ocrx_word' id='word_1_661' title='bbox 2519 3384 2607 3452; x_wconf 87' lang='lat' dir='ltr'><strong>qui</strong></span> <span class='ocrx_word' id='word_1_662' title='bbox 2629 3384 3044 3452; x_wconf 87' lang='lat' dir='ltr'><strong>persecutionem</strong></span> <span class='ocrx_word' id='word_1_663' title='bbox 3060 3388 3269 3455; x_wconf 82' lang='lat' dir='ltr'><strong>patitur</strong></span> <span class='ocrx_word' id='word_1_664' title='bbox 3293 3370 3445 3460; x_wconf 74' lang='lat' dir='ltr'><strong>(Ecc.</strong></span> <span class='ocrx_word' id='word_1_665' title='bbox 3481 3388 3700 3459; x_wconf 74' lang='lat'><strong>111,15);</strong></span> 
     </span>
    </p>
   </div>
   <div class='ocr_carea' id='block_1_79' title="bbox 2095 3475 3698 3551">
    <p class='ocr_par' dir='ltr' id='par_1_79' title="bbox 2095 3475 3698 3551">
     <span class='ocr_line' id='line_1_79' title="bbox 2095 3475 3698 3551; baseline 0.002 -19"><span class='ocrx_word' id='word_1_666' title='bbox 2095 3488 2148 3532; x_wconf 93' lang='lat' dir='ltr'><strong>et</strong></span> <span class='ocrx_word' id='word_1_667' title='bbox 2169 3476 2380 3531; x_wconf 85' lang='lat' dir='ltr'><strong>adhuc:</strong></span> <span class='ocrx_word' id='word_1_668' title='bbox 2426 3475 2547 3530; x_wconf 84' lang='lat' dir='ltr'><strong>Vidi</strong></span> <span class='ocrx_word' id='word_1_669' title='bbox 2573 3476 2664 3530; x_wconf 89' lang='lat' dir='ltr'><strong>sub</strong></span> <span class='ocrx_word' id='word_1_670' title='bbox 2691 3477 2799 3531; x_wconf 89' lang='lat' dir='ltr'><strong>sole</strong></span> <span class='ocrx_word' id='word_1_671' title='bbox 2820 3476 2991 3531; x_wconf 91' lang='lat' dir='ltr'><strong>locum</strong></span> <span class='ocrx_word' id='word_1_672' title='bbox 3025 3477 3243 3550; x_wconf 88' lang='lat' dir='ltr'><strong>judicii,</strong></span> <span class='ocrx_word' id='word_1_673' title='bbox 3277 3479 3388 3533; x_wconf 80' lang='lat' dir='ltr'><strong>illic</strong></span> <span class='ocrx_word' id='word_1_674' title='bbox 3407 3488 3431 3515; x_wconf 92' lang='grc' dir='ltr'>ο</span> <span class='ocrx_word' id='word_1_675' title='bbox 3463 3479 3655 3551; x_wconf 88' lang='lat' dir='ltr'><strong>impius</strong></span> <span class='ocrx_word' id='word_1_676' title='bbox 3678 3496 3698 3535; x_wconf 88' lang='lat'><strong><em>:</em></strong></span> 
     </span>
    </p>
   </div>
   <div class='ocr_carea' id='block_1_80' title="bbox 2096 3568 3703 3641">
    <p class='ocr_par' dir='ltr' id='par_1_80' title="bbox 2096 3568 3703 3641">
     <span class='ocr_line' id='line_1_80' title="bbox 2096 3568 3703 3641; baseline 0.004 -18"><span class='ocrx_word' id='word_1_677' title='bbox 2096 3578 2142 3623; x_wconf 87' lang='lat' dir='ltr'><strong>et</strong></span> <span class='ocrx_word' id='word_1_678' title='bbox 2192 3568 2361 3623; x_wconf 87' lang='lat' dir='ltr'><strong>locum</strong></span> <span class='ocrx_word' id='word_1_679' title='bbox 2394 3569 2562 3641; x_wconf 88' lang='lat' dir='ltr'><strong>justi,</strong></span> <span class='ocrx_word' id='word_1_680' title='bbox 2611 3569 2722 3623; x_wconf 84' lang='lat' dir='ltr'><strong>illic</strong></span> <span class='ocrx_word' id='word_1_681' title='bbox 2756 3570 2875 3640; x_wconf 88' lang='lat' dir='ltr'><strong>pius</strong></span> <span class='ocrx_word' id='word_1_682' title='bbox 2907 3568 3014 3639; x_wconf 91' lang='lat' dir='ltr'><strong>(Ib.</strong></span> <span class='ocrx_word' id='word_1_683' title='bbox 3061 3569 3174 3641; x_wconf 85' lang='grc'><strong>16).</strong></span> <span class='ocrx_word' id='word_1_684' title='bbox 3214 3569 3498 3627; x_wconf 80' lang='lat' dir='ltr'><strong>Noluimus</strong></span> <span class='ocrx_word' id='word_1_685' title='bbox 3544 3573 3703 3630; x_wconf 84' lang='lat' dir='ltr'><strong>vobis</strong></span> 
     </span>
    </p>
   </div>
   <div class='ocr_carea' id='block_1_81' title="bbox 2096 3659 3700 3731">
    <p class='ocr_par' dir='ltr' id='par_1_81' title="bbox 2096 3659 3700 3731">
     <span class='ocr_line' id='line_1_81' title="bbox 2096 3659 3700 3731; baseline 0.003 -15"><span class='ocrx_word' id='word_1_686' title='bbox 2096 3659 2353 3731; x_wconf 79' lang='lat' dir='ltr'><strong>conjungi</strong></span> <span class='ocrx_word' id='word_1_687' title='bbox 2380 3661 2683 3728; x_wconf 82' lang='lat' dir='ltr'><strong>haereticis,</strong></span> <span class='ocrx_word' id='word_1_688' title='bbox 2719 3661 2997 3716; x_wconf 89' lang='lat' dir='ltr'><strong>noluimus</strong></span> <span class='ocrx_word' id='word_1_689' title='bbox 3026 3670 3205 3717; x_wconf 90' lang='lat' dir='ltr'><strong>tecum</strong></span> <span class='ocrx_word' id='word_1_690' title='bbox 3239 3662 3370 3719; x_wconf 90' lang='lat' dir='ltr'><strong>dare</strong></span> <span class='ocrx_word' id='word_1_691' title='bbox 3407 3680 3602 3723; x_wconf 90' lang='lat' dir='ltr'><strong>manus</strong></span> <span class='ocrx_word' id='word_1_692' title='bbox 3630 3665 3700 3721; x_wconf 89' lang='lat' dir='ltr'><strong>ad</strong></span> 
     </span>
    </p>
   </div>
   <div class='ocr_carea' id='block_1_82' title="bbox 2099 3752 3702 3823">
    <p class='ocr_par' dir='ltr' id='par_1_82' title="bbox 2099 3752 3702 3823">
     <span class='ocr_line' id='line_1_82' title="bbox 2099 3752 3702 3823; baseline 0.004 -16"><span class='ocrx_word' id='word_1_693' title='bbox 2099 3752 2191 3807; x_wconf 90' lang='lat' dir='ltr'><strong>Dei</strong></span> <span class='ocrx_word' id='word_1_694' title='bbox 2226 3752 2649 3823; x_wconf 80' lang='lat' dir='ltr'><strong>impugnandam</strong></span> <span class='ocrx_word' id='word_1_695' title='bbox 2683 3753 2905 3808; x_wconf 90' lang='lat' dir='ltr'><strong>domum</strong></span> <span class='ocrx_word' id='word_1_696' title='bbox 2943 3797 2957 3823; x_wconf 94' lang='lat'><strong>,</strong></span> <span class='ocrx_word' id='word_1_697' title='bbox 2994 3756 3279 3812; x_wconf 90' lang='lat' dir='ltr'><strong>noluimus</strong></span> <span class='ocrx_word' id='word_1_698' title='bbox 3313 3767 3489 3813; x_wconf 89' lang='lat' dir='ltr'><strong>tecum</strong></span> <span class='ocrx_word' id='word_1_699' title='bbox 3531 3758 3702 3813; x_wconf 86' lang='lat' dir='ltr'><strong>idolo-</strong></span> 
     </span>
    </p>
   </div>
   <div class='ocr_carea' id='block_1_83' title="bbox 2098 3846 3703 3917">
    <p class='ocr_par' dir='ltr' id='par_1_83' title="bbox 2098 3846 3703 3917">
     <span class='ocr_line' id='line_1_83' title="bbox 2098 3846 3703 3917; baseline 0.003 -17"><span class='ocrx_word' id='word_1_700' title='bbox 2098 3846 2310 3901; x_wconf 88' lang='lat' dir='ltr'><strong>latriam</strong></span> <span class='ocrx_word' id='word_1_701' title='bbox 2339 3846 2619 3917; x_wconf 89' lang='lat' dir='ltr'><strong>suscipere</strong></span> <span class='ocrx_word' id='word_1_702' title='bbox 2648 3847 2698 3901; x_wconf 91' lang='lat' dir='ltr'><strong>in</strong></span> <span class='ocrx_word' id='word_1_703' title='bbox 2718 3847 3106 3903; x_wconf 89' lang='lat' dir='ltr'><strong>contumeliam</strong></span> <span class='ocrx_word' id='word_1_704' title='bbox 3156 3848 3276 3915; x_wconf 92' lang='lat' dir='ltr'><strong>Dei,</strong></span> <span class='ocrx_word' id='word_1_705' title='bbox 3313 3850 3587 3905; x_wconf 89' lang='lat' dir='ltr'><strong>noluimus</strong></span> <span class='ocrx_word' id='word_1_706' title='bbox 3613 3864 3703 3905; x_wconf 89' lang='lat' dir='ltr'><strong>sa-</strong></span> 
     </span>
    </p>
   </div>
   <div class='ocr_carea' id='block_1_84' title="bbox 2096 3940 3703 4012">
    <p class='ocr_par' dir='ltr' id='par_1_84' title="bbox 2096 3940 3703 4012">
     <span class='ocr_line' id='line_1_84' title="bbox 2096 3940 3703 4012; baseline 0.002 -16"><span class='ocrx_word' id='word_1_707' title='bbox 2096 3940 2323 4012; x_wconf 89' lang='lat' dir='ltr'><strong>crilegio</strong></span> <span class='ocrx_word' id='word_1_708' title='bbox 2352 3949 2442 3995; x_wconf 92' lang='lat' dir='ltr'><strong>tuo</strong></span> <span class='ocrx_word' id='word_1_709' title='bbox 2474 3941 2693 3996; x_wconf 88' lang='lat' dir='ltr'><strong>misceri</strong></span> <span class='ocrx_word' id='word_1_710' title='bbox 2731 3982 2745 4006; x_wconf 93' lang='lat'><strong>,</strong></span> <span class='ocrx_word' id='word_1_711' title='bbox 2790 3956 2860 3995; x_wconf 92' lang='lat' dir='ltr'><strong>ne</strong></span> <span class='ocrx_word' id='word_1_712' title='bbox 2891 3951 2948 3995; x_wconf 89' lang='lat' dir='ltr'><strong>et</strong></span> <span class='ocrx_word' id='word_1_713' title='bbox 2992 3956 3093 3997; x_wconf 90' lang='lat' dir='ltr'><strong>nos</strong></span> <span class='ocrx_word' id='word_1_714' title='bbox 3122 3941 3318 3999; x_wconf 89' lang='lat' dir='ltr'><strong>audire</strong></span> <span class='ocrx_word' id='word_1_715' title='bbox 3364 3958 3703 3999; x_wconf 86' lang='lat' dir='ltr'><strong>mereremur</strong></span> 
     </span>
    </p>
   </div>
   <div class='ocr_carea' id='block_1_85' title="bbox 2100 4034 3703 4106">
    <p class='ocr_par' dir='ltr' id='par_1_85' title="bbox 2100 4034 3703 4106">
     <span class='ocr_line' id='line_1_85' title="bbox 2100 4034 3703 4106; baseline 0.001 -15"><span class='ocrx_word' id='word_1_716' title='bbox 2100 4046 2276 4091; x_wconf 90' lang='lat' dir='ltr'><strong>tecum</strong></span> <span class='ocrx_word' id='word_1_717' title='bbox 2311 4036 2398 4090; x_wconf 91' lang='lat' dir='ltr'><strong>illa</strong></span> <span class='ocrx_word' id='word_1_718' title='bbox 2418 4078 2432 4101; x_wconf 97' lang='lat'><strong>,</strong></span> <span class='ocrx_word' id='word_1_719' title='bbox 2460 4051 2581 4106; x_wconf 74' lang='lat' dir='ltr'><strong>quae</strong></span> <span class='ocrx_word' id='word_1_720' title='bbox 2610 4051 2708 4092; x_wconf 92' lang='lat' dir='ltr'><strong>ore</strong></span> <span class='ocrx_word' id='word_1_721' title='bbox 2728 4034 2885 4091; x_wconf 78' lang='lat' dir='ltr'><strong>Oscae</strong></span> <span class='ocrx_word' id='word_1_722' title='bbox 2937 4036 3225 4106; x_wconf 82' lang='lat' dir='ltr'><strong>prophetae</strong></span> <span class='ocrx_word' id='word_1_723' title='bbox 3254 4036 3480 4093; x_wconf 90' lang='lat' dir='ltr'><strong>audient</strong></span> <span class='ocrx_word' id='word_1_724' title='bbox 3518 4051 3703 4093; x_wconf 81' lang='lat' dir='ltr'><strong>sacer-</strong></span> 
     </span>
    </p>
   </div>
   <div class='ocr_carea' id='block_1_86' title="bbox 2098 4127 3693 4198">
    <p class='ocr_par' dir='ltr' id='par_1_86' title="bbox 2098 4127 3693 4198">
     <span class='ocr_line' id='line_1_86' title="bbox 2098 4127 3693 4198; baseline 0.001 -16"><span class='ocrx_word' id='word_1_725' title='bbox 2098 4127 2277 4195; x_wconf 79' lang='lat' dir='ltr'><strong>dotes,</strong></span> <span class='ocrx_word' id='word_1_726' title='bbox 2310 4127 2540 4197; x_wconf 87' lang='lat' dir='ltr'><strong>populus</strong></span> <span class='ocrx_word' id='word_1_727' title='bbox 2593 4136 2651 4184; x_wconf 87' lang='lat' dir='ltr'><strong>et</strong></span> <span class='ocrx_word' id='word_1_728' title='bbox 2699 4143 2789 4183; x_wconf 82' lang='lat' dir='ltr'><strong>rex</strong></span> <span class='ocrx_word' id='word_1_729' title='bbox 2829 4127 3023 4190; x_wconf 87' lang='lat' dir='ltr'><strong>Israel,</strong></span> <span class='ocrx_word' id='word_1_730' title='bbox 3054 4128 3146 4198; x_wconf 87' lang='lat' dir='ltr'><strong>qui</strong></span> <span class='ocrx_word' id='word_1_731' title='bbox 3201 4128 3383 4184; x_wconf 90' lang='lat' dir='ltr'><strong>cuncti</strong></span> <span class='ocrx_word' id='word_1_732' title='bbox 3415 4128 3693 4185; x_wconf 89' lang='lat' dir='ltr'><strong>derelicto</strong></span> 
     </span>
    </p>
   </div>
   <div class='ocr_carea' id='block_1_87' title="bbox 2099 4219 3707 4283">
    <p class='ocr_par' dir='ltr' id='par_1_87' title="bbox 2099 4219 3707 4283">
     <span class='ocr_line' id='line_1_87' title="bbox 2099 4219 3707 4283; baseline 0 -8"><span class='ocrx_word' id='word_1_733' title='bbox 2099 4220 2211 4277; x_wconf 92' lang='lat' dir='ltr'><strong>Deo</strong></span> <span class='ocrx_word' id='word_1_734' title='bbox 2238 4220 2304 4276; x_wconf 89' lang='lat' dir='ltr'><strong>ad</strong></span> <span class='ocrx_word' id='word_1_735' title='bbox 2335 4219 2701 4276; x_wconf 75' lang='lat' dir='ltr'><strong>idololatriam</strong></span> <span class='ocrx_word' id='word_1_736' title='bbox 2732 4234 2792 4275; x_wconf 91' lang='lat' dir='ltr'><strong>se</strong></span> <span class='ocrx_word' id='word_1_737' title='bbox 2825 4219 3206 4274; x_wconf 88' lang='lat' dir='ltr'><strong>contulerant:</strong></span> <span class='ocrx_word' id='word_1_738' title='bbox 3249 4220 3441 4274; x_wconf 81' lang='lat' dir='ltr'><strong>Audite</strong></span> <span class='ocrx_word' id='word_1_739' title='bbox 3466 4221 3595 4283; x_wconf 72' lang='lat' dir='ltr'><strong>liceo.</strong></span> <span class='ocrx_word' id='word_1_740' title='bbox 3626 4236 3707 4275; x_wconf 89' lang='lat' dir='ltr'><strong>sa-</strong></span> 
     </span>
    </p>
   </div>
   <div class='ocr_carea' id='block_1_88' title="bbox 2099 4308 3705 4383">
    <p class='ocr_par' dir='ltr' id='par_1_88' title="bbox 2099 4308 3705 4383">
     <span class='ocr_line' id='line_1_88' title="bbox 2099 4308 3705 4383; baseline -0.002 -14"><span class='ocrx_word' id='word_1_741' title='bbox 2099 4314 2350 4379; x_wconf 88' lang='lat' dir='ltr'><strong>cerdotes,</strong></span> <span class='ocrx_word' id='word_1_742' title='bbox 2378 4322 2428 4366; x_wconf 91' lang='lat' dir='ltr'><strong>et</strong></span> <span class='ocrx_word' id='word_1_743' title='bbox 2449 4312 2717 4376; x_wconf 88' lang='lat' dir='ltr'><strong>attendite,</strong></span> <span class='ocrx_word' id='word_1_744' title='bbox 2742 4310 2929 4364; x_wconf 89' lang='lat' dir='ltr'><strong>domus</strong></span> <span class='ocrx_word' id='word_1_745' title='bbox 2952 4308 3153 4376; x_wconf 87' lang='lat' dir='ltr'><strong>Israel,</strong></span> <span class='ocrx_word' id='word_1_746' title='bbox 3184 4320 3232 4364; x_wconf 92' lang='lat' dir='ltr'><strong>et</strong></span> <span class='ocrx_word' id='word_1_747' title='bbox 3257 4310 3438 4364; x_wconf 88' lang='lat' dir='ltr'><strong>domus</strong></span> <span class='ocrx_word' id='word_1_748' title='bbox 3466 4312 3602 4383; x_wconf 79' lang='lat' dir='ltr'><strong>regis</strong></span> <span class='ocrx_word' id='word_1_749' title='bbox 3620 4311 3705 4365; x_wconf 87' lang='lat' dir='ltr'><strong>in-</strong></span> 
     </span>
    </p>
   </div>
   <div class='ocr_carea' id='block_1_89' title="bbox 2101 4402 3707 4474">
    <p class='ocr_par' dir='ltr' id='par_1_89' title="bbox 2101 4402 3707 4474">
     <span class='ocr_line' id='line_1_89' title="bbox 2101 4402 3707 4474; baseline -0.003 -13"><span class='ocrx_word' id='word_1_750' title='bbox 2101 4407 2313 4461; x_wconf 88' lang='lat' dir='ltr'><strong>tuemini</strong></span> <span class='ocrx_word' id='word_1_751' title='bbox 2338 4414 2365 4454; x_wconf 77' lang='grc' dir='ltr'><strong>Ρ</strong></span> <span class='ocrx_word' id='word_1_752' title='bbox 2389 4421 2407 4458; x_wconf 89' lang='lat'><strong><em>:</em></strong></span> <span class='ocrx_word' id='word_1_753' title='bbox 2428 4404 2497 4457; x_wconf 90' lang='lat' dir='ltr'><strong>ad</strong></span> <span class='ocrx_word' id='word_1_754' title='bbox 2525 4419 2613 4458; x_wconf 87' lang='lat' dir='ltr'><strong>vos</strong></span> <span class='ocrx_word' id='word_1_755' title='bbox 2640 4412 2712 4457; x_wconf 90' lang='lat' dir='ltr'><strong>est</strong></span> <span class='ocrx_word' id='word_1_756' title='bbox 2750 4403 3039 4474; x_wconf 87' lang='lat' dir='ltr'><strong>judicium,</strong></span> <span class='ocrx_word' id='word_1_757' title='bbox 3064 4402 3189 4471; x_wconf 88' lang='lat' dir='ltr'><strong>quia</strong></span> <span class='ocrx_word' id='word_1_758' title='bbox 3218 4411 3275 4453; x_wconf 88' lang='lat' dir='ltr'><strong>ut</strong></span> <span class='ocrx_word' id='word_1_759' title='bbox 3300 4402 3545 4470; x_wconf 88' lang='lat' dir='ltr'><strong>laqueum</strong></span> <span class='ocrx_word' id='word_1_760' title='bbox 3585 4403 3707 4472; x_wconf 81' lang='lat' dir='ltr'><strong>facti</strong></span> 
     </span>
    </p>
   </div>
   <div class='ocr_carea' id='block_1_90' title="bbox 2099 4492 3707 4556">
    <p class='ocr_par' dir='ltr' id='par_1_90' title="bbox 2099 4492 3707 4556">
     <span class='ocr_line' id='line_1_90' title="bbox 2099 4492 3707 4556; baseline -0.004 -4"><span class='ocrx_word' id='word_1_761' title='bbox 2099 4500 2218 4552; x_wconf 87' lang='lat' dir='ltr'><strong>estis</strong></span> <span class='ocrx_word' id='word_1_762' title='bbox 2248 4497 2314 4550; x_wconf 88' lang='lat' dir='ltr'><strong>ad</strong></span> <span class='ocrx_word' id='word_1_763' title='bbox 2339 4494 2607 4556; x_wconf 89' lang='lat' dir='ltr'><strong>insidiam,</strong></span> <span class='ocrx_word' id='word_1_764' title='bbox 2636 4502 2685 4549; x_wconf 89' lang='lat' dir='ltr'><strong>et</strong></span> <span class='ocrx_word' id='word_1_765' title='bbox 2732 4493 2865 4547; x_wconf 87' lang='lat' dir='ltr'><strong>sicut</strong></span> <span class='ocrx_word' id='word_1_766' title='bbox 2902 4493 3034 4546; x_wconf 88' lang='lat' dir='ltr'><strong>retia</strong></span> <span class='ocrx_word' id='word_1_767' title='bbox 3080 4502 3291 4546; x_wconf 72' lang='lat' dir='ltr'><strong>extensa</strong></span> <span class='ocrx_word' id='word_1_768' title='bbox 3341 4492 3414 4545; x_wconf 87' lang='lat' dir='ltr'><strong>ad</strong></span> <span class='ocrx_word' id='word_1_769' title='bbox 3451 4492 3707 4547; x_wconf 86' lang='lat' dir='ltr'><strong>aviarium</strong></span> 
     </span>
    </p>
   </div>
   <div class='ocr_carea' id='block_1_91' title="bbox 397 4575 3702 4671">
    <p class='ocr_par' dir='ltr' id='par_1_91' title="bbox 397 4575 3702 4671">
     <span class='ocr_line' id='line_1_91' title="bbox 397 4575 3702 4671; baseline -0.005 -16"><span class='ocrx_word' id='word_1_770' title='bbox 397 4599 635 4657; x_wconf 87' lang='lat' dir='ltr'><strong>Rubrum</strong></span> <span class='ocrx_word' id='word_1_771' title='bbox 667 4599 784 4671; x_wconf 88' lang='lat' dir='ltr'><strong>(Ps.</strong></span> <span class='ocrx_word' id='word_1_772' title='bbox 814 4616 1017 4666; x_wconf 84' lang='lat' dir='ltr'><strong>cxxxv,</strong></span> <span class='ocrx_word' id='word_1_773' title='bbox 1054 4600 1167 4671; x_wconf 81' lang='grc'><strong>10).</strong></span> <span class='ocrx_word' id='word_1_774' title='bbox 1200 4599 1318 4667; x_wconf 86' lang='lat' dir='ltr'><strong>Qua</strong></span> <span class='ocrx_word' id='word_1_775' title='bbox 1348 4598 1417 4655; x_wconf 83' lang='lat' dir='ltr'><strong>de</strong></span> <span class='ocrx_word' id='word_1_776' title='bbox 1453 4612 1515 4654; x_wconf 88' lang='lat' dir='ltr'><strong>re</strong></span> <span class='ocrx_word' id='word_1_777' title='bbox 1548 4597 1666 4652; x_wconf 67' lang='grc' dir='ltr'>ιιωο</span> <span class='ocrx_word' id='word_1_778' title='bbox 1696 4594 1896 4667; x_wconf 88' lang='lat' dir='ltr'><strong>scripta</strong></span> <span class='ocrx_word' id='word_1_779' title='bbox 1921 4594 2002 4650; x_wconf 92' lang='lat' dir='ltr'><strong>in-</strong></span> <span class='ocrx_word' id='word_1_780' title='bbox 2107 4588 2336 4645; x_wconf 85' lang='lat' dir='ltr'><strong>venantis</strong></span> <span class='ocrx_word' id='word_1_781' title='bbox 2365 4585 2482 4661; x_wconf 85' lang='lat' dir='ltr'><strong>(Os.</strong></span> <span class='ocrx_word' id='word_1_782' title='bbox 2507 4601 2562 4655; x_wconf 88' lang='lat' dir='ltr'><strong>v,</strong></span> <span class='ocrx_word' id='word_1_783' title='bbox 2588 4584 2663 4655; x_wconf 84' lang='grc'><strong>1).</strong></span> <span class='ocrx_word' id='word_1_784' title='bbox 2696 4582 2855 4655; x_wconf 83' lang='lat' dir='ltr'><strong>Apud</strong></span> <span class='ocrx_word' id='word_1_785' title='bbox 2904 4584 3072 4639; x_wconf 86' lang='lat' dir='ltr'><strong>Amos</strong></span> <span class='ocrx_word' id='word_1_786' title='bbox 3118 4582 3437 4655; x_wconf 82' lang='lat' dir='ltr'><strong>prOphetam</strong></span> <span class='ocrx_word' id='word_1_787' title='bbox 3488 4583 3702 4641; x_wconf 89' lang='lat' dir='ltr'><strong>sciebas</strong></span> 
     </span>
    </p>
   </div>
   <div class='ocr_carea' id='block_1_92' title="bbox 476 4759 1270 4818">
    <p class='ocr_par' dir='ltr' id='par_1_92' title="bbox 476 4759 1270 4818">
     <span class='ocr_line' id='line_1_92' title="bbox 476 4759 1270 4818; baseline 0.001 -2"><span class='ocrx_word' id='word_1_788' title='bbox 476 4770 502 4799; x_wconf 78' lang='grc' dir='ltr'>ει</span> <span class='ocrx_word' id='word_1_789' title='bbox 529 4759 915 4818; x_wconf 84' lang='lat' dir='ltr'><strong>Custodiebant.</strong></span> <span class='ocrx_word' id='word_1_790' title='bbox 945 4760 1104 4817; x_wconf 84' lang='lat' dir='ltr'><strong>Vers.</strong></span> <span class='ocrx_word' id='word_1_791' title='bbox 1136 4763 1270 4818; x_wconf 88' lang='lat' dir='ltr'><strong>Ant.</strong></span> 
     </span>
    </p>
   </div>
   <div class='ocr_carea' id='block_1_93' title="bbox 469 4828 1531 4895">
    <p class='ocr_par' dir='ltr' id='par_1_93' title="bbox 469 4828 1531 4895">
     <span class='ocr_line' id='line_1_93' title="bbox 469 4828 1531 4895; baseline -0.005 -7"><span class='ocrx_word' id='word_1_792' title='bbox 469 4828 499 4870; x_wconf 67' lang='grc' dir='ltr'>δ</span> <span class='ocrx_word' id='word_1_793' title='bbox 527 4832 749 4893; x_wconf 80' lang='lat' dir='ltr'><strong>Eadem.</strong></span> <span class='ocrx_word' id='word_1_794' title='bbox 778 4834 980 4889; x_wconf 79' lang='lat' dir='ltr'><strong>Sceculo</strong></span> <span class='ocrx_word' id='word_1_795' title='bbox 1006 4834 1140 4895; x_wconf 87' lang='lat' dir='ltr'><strong>dari,</strong></span> <span class='ocrx_word' id='word_1_796' title='bbox 1168 4833 1372 4887; x_wconf 92' lang='lat' dir='ltr'><strong>omisso</strong></span> <span class='ocrx_word' id='word_1_797' title='bbox 1396 4833 1531 4887; x_wconf 69' lang='lat' dir='ltr'><strong>vitae.</strong></span> 
     </span>
    </p>
   </div>
   <div class='ocr_carea' id='block_1_94' title="bbox 476 4903 1377 4960">
    <p class='ocr_par' dir='ltr' id='par_1_94' title="bbox 476 4903 1377 4960">
     <span class='ocr_line' id='line_1_94' title="bbox 476 4903 1377 4960; baseline -0.001 -2"><span class='ocrx_word' id='word_1_798' title='bbox 476 4913 500 4942; x_wconf 78' lang='grc' dir='ltr'><strong>ο</strong></span> <span class='ocrx_word' id='word_1_799' title='bbox 533 4903 851 4960; x_wconf 83' lang='lat' dir='ltr'><strong>Addendum</strong></span> <span class='ocrx_word' id='word_1_800' title='bbox 883 4905 1021 4960; x_wconf 79' lang='lat' dir='ltr'><strong>forte</strong></span> <span class='ocrx_word' id='word_1_801' title='bbox 1052 4922 1165 4960; x_wconf 87' lang='lat' dir='ltr'><strong>nos.</strong></span> <span class='ocrx_word' id='word_1_802' title='bbox 1198 4904 1377 4959; x_wconf 86' lang='lat' dir='ltr'><strong>Latin.</strong></span> 
     </span>
    </p>
   </div>
   <div class='ocr_carea' id='block_1_95' title="bbox 476 4969 986 5032">
    <p class='ocr_par' dir='ltr' id='par_1_95' title="bbox 476 4969 986 5032">
     <span class='ocr_line' id='line_1_95' title="bbox 476 4969 986 5032; baseline -0.002 -3"><span class='ocrx_word' id='word_1_803' title='bbox 476 4969 503 5009; x_wconf 72' lang='grc' dir='ltr'>ά</span> <span class='ocrx_word' id='word_1_804' title='bbox 533 4975 781 5032; x_wconf 82' lang='lat' dir='ltr'><strong>Rabidos.</strong></span> <span class='ocrx_word' id='word_1_805' title='bbox 810 4974 986 5031; x_wconf 78' lang='lat' dir='ltr'><strong>Vatic.</strong></span> 
     </span>
    </p>
   </div>
   <div class='ocr_carea' id='block_1_96' title="bbox 477 5044 1997 5130">
    <p class='ocr_par' dir='ltr' id='par_1_96' title="bbox 477 5044 1997 5130">
     <span class='ocr_line' id='line_1_96' title="bbox 477 5044 1997 5130; baseline 0 -31"><span class='ocrx_word' id='word_1_806' title='bbox 477 5053 501 5082; x_wconf 80' lang='grc' dir='ltr'><strong><em>ο</em></strong></span> <span class='ocrx_word' id='word_1_807' title='bbox 531 5044 686 5130; x_wconf 67' lang='lat' dir='ltr'><strong>\lers.</strong></span> <span class='ocrx_word' id='word_1_808' title='bbox 710 5049 835 5103; x_wconf 87' lang='lat' dir='ltr'><strong>Ant.</strong></span> <span class='ocrx_word' id='word_1_809' title='bbox 865 5046 1056 5116; x_wconf 87' lang='lat' dir='ltr'><strong>Suam,</strong></span> <span class='ocrx_word' id='word_1_810' title='bbox 1086 5063 1206 5119; x_wconf 74' lang='lat' dir='ltr'><strong>quae</strong></span> <span class='ocrx_word' id='word_1_811' title='bbox 1228 5045 1394 5104; x_wconf 88' lang='lat' dir='ltr'><strong>habet</strong></span> <span class='ocrx_word' id='word_1_812' title='bbox 1416 5048 1581 5103; x_wconf 88' lang='lat' dir='ltr'><strong>etiam</strong></span> <span class='ocrx_word' id='word_1_813' title='bbox 1611 5047 1879 5118; x_wconf 81' lang='lat' dir='ltr'><strong>prcelegit,</strong></span> <span class='ocrx_word' id='word_1_814' title='bbox 1900 5057 1997 5114; x_wconf 91' lang='lat' dir='ltr'><strong>pro</strong></span> 
     </span>
    </p>
   </div>
   <div class='ocr_carea' id='block_1_97' title="bbox 404 5121 1155 5245">
    <p class='ocr_par' dir='ltr' id='par_1_97' title="bbox 404 5121 1155 5245">
     <span class='ocr_line' id='line_1_97' title="bbox 404 5121 687 5190; baseline -0.014 -17"><span class='ocrx_word' id='word_1_815' title='bbox 404 5121 687 5190; x_wconf 67' lang='lat' dir='ltr'><strong>praetegit.</strong></span> 
     </span>
     <span class='ocr_line' id='line_1_98' title="bbox 481 5188 1155 5245; baseline -0.001 0"><span class='ocrx_word' id='word_1_816' title='bbox 481 5189 500 5228; x_wconf 72' lang='grc' dir='ltr'><strong>ί</strong></span> <span class='ocrx_word' id='word_1_817' title='bbox 528 5188 813 5245; x_wconf 74' lang='lat' dir='ltr'><strong>chulum.</strong></span> <span class='ocrx_word' id='word_1_818' title='bbox 838 5188 993 5245; x_wconf 82' lang='lat' dir='ltr'><strong>Vcrs.</strong></span> <span class='ocrx_word' id='word_1_819' title='bbox 1026 5190 1155 5245; x_wconf 85' lang='lat' dir='ltr'><strong>Ant.</strong></span> 
     </span>
    </p>
   </div>
   <div class='ocr_carea' id='block_1_98' title="bbox 477 5260 1164 5316">
    <p class='ocr_par' dir='ltr' id='par_1_98' title="bbox 477 5260 1164 5316">
     <span class='ocr_line' id='line_1_99' title="bbox 477 5260 1164 5316; baseline 0.006 -8"><span class='ocrx_word' id='word_1_820' title='bbox 477 5270 502 5308; x_wconf 81' lang='lat' dir='ltr'><strong>s</strong></span> <span class='ocrx_word' id='word_1_821' title='bbox 526 5260 809 5315; x_wconf 81' lang='lat' dir='ltr'><strong>Diuisione.</strong></span> <span class='ocrx_word' id='word_1_822' title='bbox 847 5260 999 5316; x_wconf 83' lang='lat' dir='ltr'><strong>Vers.</strong></span> <span class='ocrx_word' id='word_1_823' title='bbox 1037 5264 1164 5314; x_wconf 78' lang='lat' dir='ltr'><strong>Ant.</strong></span> 
     </span>
    </p>
   </div>
   <div class='ocr_carea' id='block_1_99' title="bbox 472 5328 1985 5410">
    <p class='ocr_par' dir='ltr' id='par_1_99' title="bbox 472 5328 1985 5410">
     <span class='ocr_line' id='line_1_100' title="bbox 472 5328 1985 5410; baseline -0.003 -23"><span class='ocrx_word' id='word_1_824' title='bbox 472 5328 501 5368; x_wconf 68' lang='lat' dir='ltr'><strong>h</strong></span> <span class='ocrx_word' id='word_1_825' title='bbox 530 5332 604 5410; x_wconf 71' lang='lat' dir='ltr'><strong>Ut</strong></span> <span class='ocrx_word' id='word_1_826' title='bbox 623 5333 673 5410; x_wconf 58' lang='lat' dir='ltr'><strong>in</strong></span> <span class='ocrx_word' id='word_1_827' title='bbox 700 5333 889 5410; x_wconf 59' lang='lat' dir='ltr'><strong>Graeco</strong></span> <span class='ocrx_word' id='word_1_828' title='bbox 914 5375 929 5401; x_wconf 90' lang='lat'><strong>,</strong></span> <span class='ocrx_word' id='word_1_829' title='bbox 964 5335 1033 5395; x_wconf 83' lang='grc' dir='ltr'><strong>εἰς</strong></span> <span class='ocrx_word' id='word_1_830' title='bbox 1058 5334 1317 5389; x_wconf 80' lang='grc' dir='ltr'><strong>θάλασσαν</strong></span> <span class='ocrx_word' id='word_1_831' title='bbox 1342 5332 1612 5410; x_wconf 79' lang='grc' dir='ltr'><strong>Ἐρυθρὰν.</strong></span> <span class='ocrx_word' id='word_1_832' title='bbox 1639 5331 1799 5387; x_wconf 81' lang='lat' dir='ltr'><strong>Vcrs.</strong></span> <span class='ocrx_word' id='word_1_833' title='bbox 1860 5331 1985 5385; x_wconf 82' lang='lat' dir='ltr'><strong>Ant.</strong></span> 
     </span>
    </p>
   </div>
   <div class='ocr_carea' id='block_1_100' title="bbox 399 5402 826 5457">
    <p class='ocr_par' dir='ltr' id='par_1_100' title="bbox 399 5402 826 5457">
     <span class='ocr_line' id='line_1_101' title="bbox 399 5402 826 5457; baseline -0.005 0"><span class='ocrx_word' id='word_1_834' title='bbox 399 5402 454 5457; x_wconf 83' lang='lat' dir='ltr'><strong>in</strong></span> <span class='ocrx_word' id='word_1_835' title='bbox 475 5404 605 5456; x_wconf 87' lang='lat' dir='ltr'><strong>mari</strong></span> <span class='ocrx_word' id='word_1_836' title='bbox 632 5403 826 5457; x_wconf 82' lang='lat' dir='ltr'><strong>Rubro.</strong></span> 
     </span>
    </p>
   </div>
   <div class='ocr_carea' id='block_1_101' title="bbox 479 5472 1460 5545">
    <p class='ocr_par' dir='ltr' id='par_1_101' title="bbox 479 5472 1460 5545">
     <span class='ocr_line' id='line_1_102' title="bbox 479 5472 1460 5545; baseline 0.002 -18"><span class='ocrx_word' id='word_1_837' title='bbox 479 5472 495 5510; x_wconf 77' lang='grc' dir='ltr'><strong>ί</strong></span> <span class='ocrx_word' id='word_1_838' title='bbox 529 5473 782 5545; x_wconf 54' lang='lat' dir='ltr'><strong>gausequi</strong></span> <span class='ocrx_word' id='word_1_839' title='bbox 800 5492 995 5529; x_wconf 89' lang='lat' dir='ltr'><strong>sumus.</strong></span> <span class='ocrx_word' id='word_1_840' title='bbox 1018 5473 1139 5529; x_wconf 80' lang='lat' dir='ltr'><strong>Vat.</strong></span> <span class='ocrx_word' id='word_1_841' title='bbox 1176 5472 1460 5529; x_wconf 84' lang='lat' dir='ltr'><strong>mendose.</strong></span> 
     </span>
    </p>
   </div>
   <div class='ocr_carea' id='block_1_102' title="bbox 475 5543 1739 5616">
    <p class='ocr_par' dir='ltr' id='par_1_102' title="bbox 475 5543 1739 5616">
     <span class='ocr_line' id='line_1_103' title="bbox 475 5543 1739 5616; baseline -0.002 -17"><span class='ocrx_word' id='word_1_842' title='bbox 475 5546 489 5616; x_wconf 57' lang='grc' dir='ltr'>ξ</span> <span class='ocrx_word' id='word_1_843' title='bbox 528 5543 684 5616; x_wconf 69' lang='lat' dir='ltr'><strong>Vers.</strong></span> <span class='ocrx_word' id='word_1_844' title='bbox 711 5543 849 5601; x_wconf 36' lang='lat' dir='ltr'><strong>&#39;Ant.</strong></span> <span class='ocrx_word' id='word_1_845' title='bbox 896 5545 1077 5616; x_wconf 83' lang='lat' dir='ltr'><strong>Neque</strong></span> <span class='ocrx_word' id='word_1_846' title='bbox 1102 5548 1272 5600; x_wconf 85' lang='lat' dir='ltr'><strong>in.....</strong></span> <span class='ocrx_word' id='word_1_847' title='bbox 1304 5546 1517 5615; x_wconf 85' lang='lat' dir='ltr'><strong>spiritus</strong></span> <span class='ocrx_word' id='word_1_848' title='bbox 1544 5560 1739 5616; x_wconf 80' lang='lat' dir='ltr'><strong>eorum.</strong></span> 
     </span>
    </p>
   </div>
   <div class='ocr_carea' id='block_1_103' title="bbox 474 5613 1989 5683">
    <p class='ocr_par' dir='ltr' id='par_1_103' title="bbox 474 5613 1989 5683">
     <span class='ocr_line' id='line_1_104' title="bbox 474 5613 1989 5683; baseline -0.001 -14"><span class='ocrx_word' id='word_1_849' title='bbox 474 5614 501 5653; x_wconf 75' lang='grc' dir='ltr'><strong>¹ί</strong></span> <span class='ocrx_word' id='word_1_850' title='bbox 530 5615 595 5669; x_wconf 82' lang='lat' dir='ltr'><strong>Et</strong></span> <span class='ocrx_word' id='word_1_851' title='bbox 618 5631 897 5671; x_wconf 81' lang='lat' dir='ltr'><strong>revertetur</strong></span> <span class='ocrx_word' id='word_1_852' title='bbox 925 5613 1198 5671; x_wconf 75' lang='lat' dir='ltr'><strong>inter-rum</strong></span> <span class='ocrx_word' id='word_1_853' title='bbox 1221 5613 1392 5683; x_wconf 86' lang='lat' dir='ltr'><strong>suam,</strong></span> <span class='ocrx_word' id='word_1_854' title='bbox 1411 5618 1566 5672; x_wconf 88' lang='lat' dir='ltr'><strong>abest</strong></span> <span class='ocrx_word' id='word_1_855' title='bbox 1592 5630 1620 5667; x_wconf 92' lang='lat' dir='ltr'><strong>a</strong></span> <span class='ocrx_word' id='word_1_856' title='bbox 1650 5614 1803 5671; x_wconf 84' lang='lat' dir='ltr'><strong>Vers.</strong></span> <span class='ocrx_word' id='word_1_857' title='bbox 1832 5613 1989 5680; x_wconf 86' lang='lat' dir='ltr'><strong>Ant.,</strong></span> 
     </span>
    </p>
   </div>
   <div class='ocr_carea' id='block_1_104' title="bbox 401 5687 1040 5758">
    <p class='ocr_par' dir='ltr' id='par_1_104' title="bbox 401 5687 1040 5758">
     <span class='ocr_line' id='line_1_105' title="bbox 401 5687 1040 5758; baseline 0.002 -16"><span class='ocrx_word' id='word_1_858' title='bbox 401 5687 498 5758; x_wconf 80' lang='lat' dir='ltr'><strong>sed</strong></span> <span class='ocrx_word' id='word_1_859' title='bbox 531 5689 723 5758; x_wconf 77' lang='lat' dir='ltr'><strong>legitur</strong></span> <span class='ocrx_word' id='word_1_860' title='bbox 748 5690 798 5742; x_wconf 88' lang='lat' dir='ltr'><strong>in</strong></span> <span class='ocrx_word' id='word_1_861' title='bbox 829 5688 1040 5745; x_wconf 59' lang='lat' dir='ltr'><strong>Grasco.</strong></span> 
     </span>
    </p>
   </div>
   <div class='ocr_carea' id='block_1_105' title="bbox 486 5756 1992 5826">
    <p class='ocr_par' dir='ltr' id='par_1_105' title="bbox 486 5756 1992 5826">
     <span class='ocr_line' id='line_1_106' title="bbox 486 5756 1992 5826; baseline -0.001 -12"><span class='ocrx_word' id='word_1_862' title='bbox 486 5756 502 5796; x_wconf 77' lang='grc' dir='ltr'><strong>ι</strong></span> <span class='ocrx_word' id='word_1_863' title='bbox 529 5756 705 5815; x_wconf 83' lang='lat' dir='ltr'><strong>Latin.</strong></span> <span class='ocrx_word' id='word_1_864' title='bbox 738 5759 855 5817; x_wconf 65' lang='lat' dir='ltr'><strong>huic</strong></span> <span class='ocrx_word' id='word_1_865' title='bbox 887 5761 1044 5816; x_wconf 83' lang='lat' dir='ltr'><strong>verba</strong></span> <span class='ocrx_word' id='word_1_866' title='bbox 1079 5758 1291 5826; x_wconf 88' lang='lat' dir='ltr'><strong>Beatus,</strong></span> <span class='ocrx_word' id='word_1_867' title='bbox 1320 5769 1430 5817; x_wconf 88' lang='lat' dir='ltr'><strong>etc.</strong></span> <span class='ocrx_word' id='word_1_868' title='bbox 1456 5757 1723 5816; x_wconf 85' lang='lat' dir='ltr'><strong>demenda</strong></span> <span class='ocrx_word' id='word_1_869' title='bbox 1763 5767 1992 5826; x_wconf 66' lang='lat' dir='ltr'><strong>ceust-t;</strong></span> 
     </span>
    </p>
   </div>
   <div class='ocr_carea' id='block_1_106' title="bbox 2108 4744 3409 4816">
    <p class='ocr_par' dir='ltr' id='par_1_106' title="bbox 2108 4744 3409 4816">
     <span class='ocr_line' id='line_1_107' title="bbox 2108 4744 3409 4816; baseline -0.005 -8"><span class='ocrx_word' id='word_1_870' title='bbox 2108 4751 2205 4808; x_wconf 88' lang='lat' dir='ltr'><strong>sed</strong></span> <span class='ocrx_word' id='word_1_871' title='bbox 2236 4756 2420 4806; x_wconf 88' lang='lat' dir='ltr'><strong>contra</strong></span> <span class='ocrx_word' id='word_1_872' title='bbox 2445 4744 2683 4803; x_wconf 84' lang='lat' dir='ltr'><strong>Luciferi</strong></span> <span class='ocrx_word' id='word_1_873' title='bbox 2713 4744 3068 4810; x_wconf 87' lang='lat' dir='ltr'><strong>sententiam,</strong></span> <span class='ocrx_word' id='word_1_874' title='bbox 3097 4759 3217 4816; x_wconf 72' lang='lat' dir='ltr'><strong>quae</strong></span> <span class='ocrx_word' id='word_1_875' title='bbox 3241 4751 3409 4811; x_wconf 87' lang='lat' dir='ltr'><strong>patet.</strong></span> 
     </span>
    </p>
   </div>
   <div class='ocr_carea' id='block_1_107' title="bbox 2181 4816 3705 4889">
    <p class='ocr_par' dir='ltr' id='par_1_107' title="bbox 2181 4816 3705 4889">
     <span class='ocr_line' id='line_1_108' title="bbox 2181 4816 3705 4889; baseline 0 -14"><span class='ocrx_word' id='word_1_876' title='bbox 2181 4833 2220 4860; x_wconf 79' lang='grc' dir='ltr'>ιη</span> <span class='ocrx_word' id='word_1_877' title='bbox 2252 4821 2347 4877; x_wconf 85' lang='lat' dir='ltr'><strong>llic</strong></span> <span class='ocrx_word' id='word_1_878' title='bbox 2369 4820 2510 4875; x_wconf 85' lang='lat' dir='ltr'><strong>liber</strong></span> <span class='ocrx_word' id='word_1_879' title='bbox 2526 4827 2630 4889; x_wconf 80' lang='lat' dir='ltr'><strong>est,</strong></span> <span class='ocrx_word' id='word_1_880' title='bbox 2656 4832 2815 4885; x_wconf 90' lang='lat' dir='ltr'><strong>quem</strong></span> <span class='ocrx_word' id='word_1_881' title='bbox 2840 4816 3099 4888; x_wconf 79' lang='lat' dir='ltr'><strong>Septuag.</strong></span> <span class='ocrx_word' id='word_1_882' title='bbox 3137 4825 3193 4871; x_wconf 90' lang='lat' dir='ltr'><strong>et</strong></span> <span class='ocrx_word' id='word_1_883' title='bbox 3219 4816 3379 4889; x_wconf 82' lang='lat' dir='ltr'><strong>Vulg.</strong></span> <span class='ocrx_word' id='word_1_884' title='bbox 3414 4816 3705 4876; x_wconf 83' lang='lat' dir='ltr'><strong>Ecclesias-</strong></span> 
     </span>
    </p>
   </div>
   <div class='ocr_carea' id='block_1_108' title="bbox 2109 4887 3706 4963">
    <p class='ocr_par' dir='ltr' id='par_1_108' title="bbox 2109 4887 3706 4963">
     <span class='ocr_line' id='line_1_109' title="bbox 2109 4887 3706 4963; baseline -0.001 -16"><span class='ocrx_word' id='word_1_885' title='bbox 2109 4892 2524 4963; x_wconf 78' lang='lat' dir='ltr'><strong>tenappellant;</strong></span> <span class='ocrx_word' id='word_1_886' title='bbox 2572 4888 2930 4963; x_wconf 81' lang='lat' dir='ltr'><strong>Ecclesiastici</strong></span> <span class='ocrx_word' id='word_1_887' title='bbox 2956 4902 3085 4943; x_wconf 86' lang='lat' dir='ltr'><strong>vero</strong></span> <span class='ocrx_word' id='word_1_888' title='bbox 3126 4887 3347 4963; x_wconf 80' lang='lat' dir='ltr'><strong>nomine</strong></span> <span class='ocrx_word' id='word_1_889' title='bbox 3388 4891 3706 4963; x_wconf 88' lang='lat' dir='ltr'><strong>intelligitur</strong></span> 
     </span>
    </p>
   </div>
   <div class='ocr_carea' id='block_1_109' title="bbox 2108 4960 3710 5044">
    <p class='ocr_par' dir='ltr' id='par_1_109' title="bbox 2108 4960 3710 5044">
     <span class='ocr_line' id='line_1_110' title="bbox 2108 4960 3710 5044; baseline -0.001 -26"><span class='ocrx_word' id='word_1_890' title='bbox 2108 4960 2267 5044; x_wconf 66' lang='lat' dir='ltr'><strong>liber,</strong></span> <span class='ocrx_word' id='word_1_891' title='bbox 2290 4960 2375 5044; x_wconf 78' lang='lat' dir='ltr'><strong>cui</strong></span> <span class='ocrx_word' id='word_1_892' title='bbox 2408 4962 2595 5044; x_wconf 38' lang='lat' dir='ltr'><strong>tit-olus-</strong></span> <span class='ocrx_word' id='word_1_893' title='bbox 2626 4961 2773 5044; x_wconf 60' lang='grc' dir='ltr'><strong>Σρφία</strong></span> <span class='ocrx_word' id='word_1_894' title='bbox 2802 4961 2997 5044; x_wconf 66' lang='grc' dir='ltr'><strong>Σείραχ</strong></span> <span class='ocrx_word' id='word_1_895' title='bbox 3038 4960 3179 5044; x_wconf 63' lang='lat' dir='ltr'><strong>apud</strong></span> <span class='ocrx_word' id='word_1_896' title='bbox 3223 4961 3491 5044; x_wconf 42' lang='lat' dir='ltr'><strong>S‘epluag.’</strong></span> <span class='ocrx_word' id='word_1_897' title='bbox 3541 4962 3710 5044; x_wconf 48' lang='lat' dir='ltr'><strong>idmest</strong></span> 
     </span>
    </p>
   </div>
   <div class='ocr_carea' id='block_1_110' title="bbox 2109 4981 3707 5104">
    <p class='ocr_par' dir='ltr' id='par_1_110' title="bbox 2109 4981 3707 5104">
     <span class='ocr_line' id='line_1_111' title="bbox 2109 4981 3707 5089; baseline -0.001 -71"><span class='ocrx_word' id='word_1_898' title='bbox 2109 4981 2267 5047; x_wconf 50' lang='lat' dir='ltr'><strong>lmen,</strong></span> <span class='ocrx_word' id='word_1_899' title='bbox 2291 4981 2375 5046; x_wconf 60' lang='grc' dir='ltr'>(ειξι</span> <span class='ocrx_word' id='word_1_900' title='bbox 2408 4981 2595 5041; x_wconf 72' lang='grc' dir='ltr'>ιιψιιιδ</span> <span class='ocrx_word' id='word_1_901' title='bbox 2626 4981 2773 5044; x_wconf 66' lang='grc' dir='ltr'>Σοφια</span> <span class='ocrx_word' id='word_1_902' title='bbox 2802 4981 2997 5089; x_wconf 53' lang='lat' dir='ltr'><strong>xci.an</strong></span> <span class='ocrx_word' id='word_1_903' title='bbox 3038 4981 3179 5031; x_wconf 82' lang='lat' dir='ltr'><strong>apuu</strong></span> <span class='ocrx_word' id='word_1_904' title='bbox 3223 4981 3483 5031; x_wconf 71' lang='lat' dir='ltr'><strong>aepttlag.</strong></span> <span class='ocrx_word' id='word_1_905' title='bbox 3541 4981 3597 5043; x_wconf 52' lang='lat' dir='ltr'><strong>lu.</strong></span> <span class='ocrx_word' id='word_1_906' title='bbox 3623 4981 3707 5044; x_wconf 57' lang='lat'><strong>(35!</strong></span> 
     </span>
     <span class='ocr_line' id='line_1_112' title="bbox 2109 5030 3707 5104; baseline -0.001 -15"><span class='ocrx_word' id='word_1_907' title='bbox 2109 5037 2386 5104; x_wconf 75' lang='lat' dir='ltr'><strong>Saptettlta</strong></span> <span class='ocrx_word' id='word_1_908' title='bbox 2414 5032 2706 5104; x_wconf 78' lang='lat' dir='ltr'><strong>Strach.St</strong></span> <span class='ocrx_word' id='word_1_909' title='bbox 2734 5048 2853 5104; x_wconf 84' lang='lat' dir='ltr'><strong>men</strong></span> <span class='ocrx_word' id='word_1_910' title='bbox 2901 5048 2989 5089; x_wconf 92' lang='grc' dir='ltr'>ιιιιι</span> <span class='ocrx_word' id='word_1_911' title='bbox 3023 5030 3290 5104; x_wconf 15' lang='grc' dir='ltr'>ειδθειίιιι)</span> <span class='ocrx_word' id='word_1_912' title='bbox 3322 5031 3442 5104; x_wconf 45' lang='grc' dir='ltr'><strong>1ιοοῄ</strong></span> <span class='ocrx_word' id='word_1_913' title='bbox 3471 5030 3707 5104; x_wconf 65' lang='lat' dir='ltr'><strong>Luciferi</strong></span> 
     </span>
    </p>
   </div>
   <div class='ocr_carea' id='block_1_111' title="bbox 2107 5101 3708 5173">
    <p class='ocr_par' dir='ltr' id='par_1_111' title="bbox 2107 5101 3708 5173">
     <span class='ocr_line' id='line_1_113' title="bbox 2107 5101 3708 5173; baseline -0.002 -10"><span class='ocrx_word' id='word_1_914' title='bbox 2107 5101 2253 5173; x_wconf 83' lang='lat' dir='ltr'><strong>loco,</strong></span> <span class='ocrx_word' id='word_1_915' title='bbox 2285 5104 2427 5159; x_wconf 89' lang='lat' dir='ltr'><strong>haud</strong></span> <span class='ocrx_word' id='word_1_916' title='bbox 2462 5103 2665 5159; x_wconf 88' lang='lat' dir='ltr'><strong>usitato</strong></span> <span class='ocrx_word' id='word_1_917' title='bbox 2692 5102 2914 5173; x_wconf 88' lang='lat' dir='ltr'><strong>quidem</strong></span> <span class='ocrx_word' id='word_1_918' title='bbox 2937 5117 2965 5156; x_wconf 86' lang='lat' dir='ltr'><strong>a</strong></span> <span class='ocrx_word' id='word_1_919' title='bbox 3014 5103 3298 5159; x_wconf 82' lang='lat' dir='ltr'><strong>veteribus</strong></span> <span class='ocrx_word' id='word_1_920' title='bbox 3326 5102 3484 5158; x_wconf 87' lang='lat' dir='ltr'><strong>titulo</strong></span> <span class='ocrx_word' id='word_1_921' title='bbox 3514 5101 3708 5160; x_wconf 88' lang='lat' dir='ltr'><strong>Eccle-</strong></span> 
     </span>
    </p>
   </div>
   <div class='ocr_carea' id='block_1_112' title="bbox 2102 5177 2776 5235">
    <p class='ocr_par' dir='ltr' id='par_1_112' title="bbox 2102 5177 2776 5235">
     <span class='ocr_line' id='line_1_114' title="bbox 2102 5177 2776 5235; baseline -0.007 0"><span class='ocrx_word' id='word_1_922' title='bbox 2102 5180 2299 5235; x_wconf 87' lang='lat' dir='ltr'><strong>siastes</strong></span> <span class='ocrx_word' id='word_1_923' title='bbox 2324 5177 2520 5232; x_wconf 86' lang='lat' dir='ltr'><strong>librum</strong></span> <span class='ocrx_word' id='word_1_924' title='bbox 2548 5177 2776 5230; x_wconf 84' lang='lat' dir='ltr'><strong>notavit.</strong></span> 
     </span>
    </p>
   </div>
   <div class='ocr_carea' id='block_1_113' title="bbox 2172 5246 2799 5315">
    <p class='ocr_par' dir='ltr' id='par_1_113' title="bbox 2172 5246 2799 5315">
     <span class='ocr_line' id='line_1_115' title="bbox 2172 5246 2799 5315; baseline -0.003 -13"><span class='ocrx_word' id='word_1_925' title='bbox 2172 5259 2202 5287; x_wconf 81' lang='grc' dir='ltr'><strong>ιι</strong></span> <span class='ocrx_word' id='word_1_926' title='bbox 2228 5249 2458 5315; x_wconf 80' lang='lat' dir='ltr'><strong>Qutcret.</strong></span> <span class='ocrx_word' id='word_1_927' title='bbox 2487 5246 2641 5302; x_wconf 88' lang='lat' dir='ltr'><strong>Vers.</strong></span> <span class='ocrx_word' id='word_1_928' title='bbox 2668 5247 2799 5302; x_wconf 86' lang='lat' dir='ltr'><strong>Ant.</strong></span> 
     </span>
    </p>
   </div>
   <div class='ocr_carea' id='block_1_114' title="bbox 2175 5315 3699 5385">
    <p class='ocr_par' dir='ltr' id='par_1_114' title="bbox 2175 5315 3699 5385">
     <span class='ocr_line' id='line_1_116' title="bbox 2175 5315 3699 5385; baseline -0.002 -9"><span class='ocrx_word' id='word_1_929' title='bbox 2175 5330 2199 5358; x_wconf 78' lang='grc' dir='ltr'>υ</span> <span class='ocrx_word' id='word_1_930' title='bbox 2223 5319 2394 5376; x_wconf 68' lang='lat' dir='ltr'><strong>Lucii.</strong></span> <span class='ocrx_word' id='word_1_931' title='bbox 2429 5334 2551 5375; x_wconf 90' lang='lat' dir='ltr'><strong>cum</strong></span> <span class='ocrx_word' id='word_1_932' title='bbox 2583 5318 2761 5373; x_wconf 67' lang='lat' dir='ltr'><strong>Gneo.</strong></span> <span class='ocrx_word' id='word_1_933' title='bbox 2794 5318 2944 5374; x_wconf 71' lang='grc' dir='ltr'><strong>ἐκεῑὸ</strong></span> <span class='ocrx_word' id='word_1_934' title='bbox 2970 5320 3183 5385; x_wconf 71' lang='grc' dir='ltr'><strong>ἀσεϐής,</strong></span> <span class='ocrx_word' id='word_1_935' title='bbox 3214 5320 3293 5371; x_wconf 72' lang='lat' dir='ltr'><strong>mi</strong></span> <span class='ocrx_word' id='word_1_936' title='bbox 3316 5316 3470 5372; x_wconf 82' lang='grc' dir='ltr'><strong>τόπον</strong></span> <span class='ocrx_word' id='word_1_937' title='bbox 3494 5324 3587 5372; x_wconf 81' lang='grc' dir='ltr'>τοῦ</span> <span class='ocrx_word' id='word_1_938' title='bbox 3620 5315 3699 5373; x_wconf 83' lang='grc' dir='ltr'><strong>δι·-</strong></span> 
     </span>
    </p>
   </div>
   <div class='ocr_carea' id='block_1_115' title="bbox 2098 5386 3703 5460">
    <p class='ocr_par' dir='ltr' id='par_1_115' title="bbox 2098 5386 3703 5460">
     <span class='ocr_line' id='line_1_117' title="bbox 2098 5386 3703 5460; baseline -0.003 -13"><span class='ocrx_word' id='word_1_939' title='bbox 2098 5396 2265 5458; x_wconf 81' lang='grc' dir='ltr'><strong>καίου,</strong></span> <span class='ocrx_word' id='word_1_940' title='bbox 2323 5393 2424 5447; x_wconf 79' lang='grc' dir='ltr'><strong>ἐκεῖ</strong></span> <span class='ocrx_word' id='word_1_941' title='bbox 2463 5390 2489 5446; x_wconf 86' lang='grc' dir='ltr'>ὁ</span> <span class='ocrx_word' id='word_1_942' title='bbox 2532 5392 2763 5451; x_wconf 76' lang='grc' dir='ltr'><strong>εὐσεϐής.</strong></span> <span class='ocrx_word' id='word_1_943' title='bbox 2823 5390 2982 5445; x_wconf 75' lang='lat' dir='ltr'><strong>Vera.</strong></span> <span class='ocrx_word' id='word_1_944' title='bbox 3038 5393 3165 5445; x_wconf 85' lang='lat' dir='ltr'><strong>Ant.</strong></span> <span class='ocrx_word' id='word_1_945' title='bbox 3200 5386 3284 5442; x_wconf 89' lang='lat' dir='ltr'><strong>Ibi</strong></span> <span class='ocrx_word' id='word_1_946' title='bbox 3331 5388 3607 5460; x_wconf 86' lang='lat' dir='ltr'><strong>impietas,</strong></span> <span class='ocrx_word' id='word_1_947' title='bbox 3654 5397 3703 5442; x_wconf 87' lang='lat' dir='ltr'><strong>et</strong></span> 
     </span>
    </p>
   </div>
   <div class='ocr_carea' id='block_1_116' title="bbox 2096 5461 2929 5530">
    <p class='ocr_par' dir='ltr' id='par_1_116' title="bbox 2096 5461 2929 5530">
     <span class='ocr_line' id='line_1_118' title="bbox 2096 5461 2929 5530; baseline -0.002 -14"><span class='ocrx_word' id='word_1_948' title='bbox 2096 5462 2267 5518; x_wconf 88' lang='lat' dir='ltr'><strong>locum</strong></span> <span class='ocrx_word' id='word_1_949' title='bbox 2295 5464 2531 5530; x_wconf 80' lang='lat' dir='ltr'><strong>justitice,</strong></span> <span class='ocrx_word' id='word_1_950' title='bbox 2566 5462 2635 5530; x_wconf 88' lang='lat' dir='ltr'><strong>ibi</strong></span> <span class='ocrx_word' id='word_1_951' title='bbox 2661 5461 2929 5528; x_wconf 75' lang='lat' dir='ltr'><strong>iniquitas.</strong></span> 
     </span>
    </p>
   </div>
   <div class='ocr_carea' id='block_1_117' title="bbox 2172 5529 3705 5601">
    <p class='ocr_par' dir='ltr' id='par_1_117' title="bbox 2172 5529 3705 5601">
     <span class='ocr_line' id='line_1_119' title="bbox 2172 5529 3705 5601; baseline -0.001 -16"><span class='ocrx_word' id='word_1_952' title='bbox 2172 5529 2377 5590; x_wconf 16' lang='lat' dir='ltr'><strong>pVe’rs.</strong></span> <span class='ocrx_word' id='word_1_953' title='bbox 2415 5534 2543 5588; x_wconf 84' lang='lat' dir='ltr'><strong>Ant.</strong></span> <span class='ocrx_word' id='word_1_954' title='bbox 2599 5529 2799 5585; x_wconf 88' lang='lat' dir='ltr'><strong>Domus</strong></span> <span class='ocrx_word' id='word_1_955' title='bbox 2849 5530 2985 5601; x_wconf 88' lang='lat' dir='ltr'><strong>regis</strong></span> <span class='ocrx_word' id='word_1_956' title='bbox 3022 5530 3237 5584; x_wconf 89' lang='lat' dir='ltr'><strong>auribus</strong></span> <span class='ocrx_word' id='word_1_957' title='bbox 3296 5530 3581 5598; x_wconf 87' lang='lat' dir='ltr'><strong>percipite:</strong></span> <span class='ocrx_word' id='word_1_958' title='bbox 3634 5529 3705 5584; x_wconf 88' lang='lat' dir='ltr'><strong>ad</strong></span> 
     </span>
    </p>
   </div>
   <div class='ocr_carea' id='block_1_118' title="bbox 2097 5601 3706 5673">
    <p class='ocr_par' dir='ltr' id='par_1_118' title="bbox 2097 5601 3706 5673">
     <span class='ocr_line' id='line_1_120' title="bbox 2097 5601 3706 5673; baseline -0.001 -12"><span class='ocrx_word' id='word_1_959' title='bbox 2097 5622 2186 5662; x_wconf 93' lang='lat' dir='ltr'><strong>vos</strong></span> <span class='ocrx_word' id='word_1_960' title='bbox 2213 5608 2469 5661; x_wconf 83' lang='lat' dir='ltr'><strong>enim.....</strong></span> <span class='ocrx_word' id='word_1_961' title='bbox 2497 5603 2616 5671; x_wconf 88' lang='lat' dir='ltr'><strong>quia</strong></span> <span class='ocrx_word' id='word_1_962' title='bbox 2659 5601 3032 5673; x_wconf 76' lang='lat' dir='ltr'><strong>laqueusfacti</strong></span> <span class='ocrx_word' id='word_1_963' title='bbox 3064 5603 3200 5673; x_wconf 89' lang='lat' dir='ltr'><strong>estis</strong></span> <span class='ocrx_word' id='word_1_964' title='bbox 3253 5602 3591 5673; x_wconf 86' lang='lat' dir='ltr'><strong>speculationi</strong></span> <span class='ocrx_word' id='word_1_965' title='bbox 3614 5641 3630 5669; x_wconf 90' lang='lat'><strong>,</strong></span> <span class='ocrx_word' id='word_1_966' title='bbox 3657 5609 3706 5659; x_wconf 82' lang='lat' dir='ltr'><strong>ct</strong></span> 
     </span>
    </p>
   </div>
   <div class='ocr_carea' id='block_1_119' title="bbox 2098 5670 3186 5746">
    <p class='ocr_par' dir='ltr' id='par_1_119' title="bbox 2098 5670 3186 5746">
     <span class='ocr_line' id='line_1_121' title="bbox 2098 5670 3186 5746; baseline -0.006 -12"><span class='ocrx_word' id='word_1_967' title='bbox 2098 5682 2230 5735; x_wconf 89' lang='lat' dir='ltr'><strong>sicut</strong></span> <span class='ocrx_word' id='word_1_968' title='bbox 2260 5687 2367 5733; x_wconf 89' lang='lat' dir='ltr'><strong>rete</strong></span> <span class='ocrx_word' id='word_1_969' title='bbox 2387 5670 2675 5745; x_wconf 71' lang='lat' dir='ltr'><strong>expansum</strong></span> <span class='ocrx_word' id='word_1_970' title='bbox 2698 5670 2851 5746; x_wconf 80' lang='lat' dir='ltr'><strong>super</strong></span> <span class='ocrx_word' id='word_1_971' title='bbox 2870 5670 3186 5743; x_wconf 81' lang='lat' dir='ltr'><strong>Itabyrium.</strong></span> 
     </span>
    </p>
   </div>
  </div>
