4192 6170
590 160 697 226 σοι

1679 160 1997 227 LUCIFERI
2036 162 2351 227 hPlSCOPI
2382 158 2828 235 CALARITANIE

3791 166 3887 232 868

595 284 784 354 utique
815 282 1102 356 scriptum,
1134 279 1355 352 quando
1376 280 1573 336 dedisti
1601 280 1968 351 disciplinam,
1996 297 2183 337 exem-
2216 283 2264 343 Α
2291 282 2431 351 quod
2454 290 2478 319 0
2502 282 2709 337 deuoret
2732 280 2923 352 impius
2938 282 3145 351 justum
3173 279 3280 352 (Ib.
3308 280 3429 353 25).
3465 280 3532 336 Et
3558 280 3763 337 idcirco
3789 299 3884 339 nos

594 378 740 445 plutn
769 374 1062 430 damnandi
1104 374 1318 430 scilicet
1349 375 1737 439 innocentem;
1786 375 1889 442 Qui
1930 376 2051 446 fecit
2082 384 2107 412 ⁸
2136 376 2190 429 in

590 465 793 520 excelso
810 464 1107 537 judicium,
1132 476 1179 519 et
1191 465 1457 534 justitiam
1504 466 1557 518 in
1589 476 1728 519 terra
1758 467 1929 536 posuit
1958 466 2100 539 (Am.
2134 483 2189 532 ν,

591 555 673 622 7).
693 556 1030 625 Deijustitise
1056 556 1307 621 violator,
1331 556 1612 613 Micbccam
1638 558 1959 629 prophetam
1978 558 2186 615 dixisse

596 648 858 717 numquid
891 649 1183 719 ignorabas
1222 649 1292 706 de
1338 648 1475 705 Iuda
1502 660 1554 705 et
1585 626 1781 707 eorum
1819 626 2191 721 principibus?

591 742 714 797 Non
744 744 1034 799 levaverunt
1058 745 1127 799 ad
1143 741 1314 797 Deum
1335 760 1515 799 manus
1539 761 1683 811 suas,
1706 754 1753 797 et
1774 746 2145 817 concupiebant
2165 744 2189 783 δ

583 852 768 907 agros,
792 848 838 891 et
861 837 1181 907 diripiebant
1207 835 1471 907 orphanos
1501 878 1516 900 ,
1547 847 1593 893 et
1624 838 1835 893 domum
1883 854 1987 908 per.
2012 848 2190 909 poten-

582 932 713 989 tiam
742 932 1075 998 invadebant,
1099 942 1146 987 et
1170 932 1488 1001 diripiebant
1528 932 1694 987 virum
1717 942 1765 986 et
1792 932 2002 987 domum
2028 934 2139 999 ejus
2171 974 2185 997 ,

578 1026 751 1081 virum
774 1036 820 1079 et
853 1026 1380 1098 haredttatemcjus:
1404 1034 1625 1096 propter
1655 1027 1753 1080 hoc
1782 1025 1890 1081 haec
1934 1025 2061 1079 dicit
2086 1023 2189 1079 Do-

582 1120 790 1176 minus:
807 1119 941 1175 Ecce
964 1136 1057 1189 ego
1081 1135 1338 1191 cognosco
1364 1129 1387 1157 ο
1414 1135 1570 1189 super
1594 1118 1793 1187 plebem
1812 1117 1976 1184 mala,
1996 1133 2059 1171 ex
2073 1118 2188 1184 qui-

580 1210 674 1265 bus
706 1227 809 1266 non
828 1210 1062 1266 levabitis
1084 1212 1305 1267 cerrices
1336 1221 1532 1264 vestras
1554 1207 1744 1281 (Mich.
1772 1224 1833 1273 tt,
1855 1205 1933 1278 i).
1958 1208 2064 1265 Sed
2089 1209 2183 1265 tibi

576 1319 702 1363 cum
725 1306 1067 1375 proscribere
1087 1304 1332 1375 digneris
1351 1344 1366 1369 ,
1397 1304 1689 1373 deportare
1706 1345 1722 1369 ,
1754 1305 1974 1359 mittere
1996 1304 2048 1358 in
2066 1318 2186 1360 car-

581 1414 793 1465 cerem,
828 1409 1108 1469 torquere,
1141 1408 1424 1467 postremo
1471 1396 1781 1454 interﬁcere
1806 1396 1900 1451 Dei
1922 1396 2183 1461 cultores,

580 1494 715 1551 nihil
754 1493 1022 1550 malorum
1072 1491 1603 1562 representabitur?
1635 1490 1925 1548 Noluimus
1970 1489 2185 1547 misceri

579 1588 800 1645 actibus
823 1588 934 1641 tuis
960 1585 1213 1642 nefandis
1240 1627 1254 1650 ,
1286 1602 1355 1642 ne
1382 1595 1562 1653 tecum
1613 1583 1680 1637 ad
1715 1591 1978 1639 aeternam
2028 1581 2182 1638 dant-

2296 372 2549 431 videntcs
2573 374 2696 444 quia
2718 381 2775 431 tu
2799 374 2995 443 impius
3025 373 3231 445 justum
3262 372 3529 430 devorare
3557 383 3881 443 tentaveras,

2292 481 2483 524 verum
2514 477 2541 519 P
2571 481 2682 523 non
2709 467 2889 523 solum
2944 481 3053 521 non
3084 466 3352 523 tacuimns
3401 467 3544 523 male
3592 478 3645 522 te
3682 483 3843 541 agere
3871 512 3884 536 ,

2291 560 2387 615 sed
2416 574 2514 616 nec
2538 558 2862 616 tacebimus.
2896 557 3018 614 Non
3050 560 3199 615 enim
3226 558 3367 615 alius
3407 573 3467 614 es
3494 558 3565 615 ab
3594 574 3661 616 eo
3688 602 3705 627 ,
3734 575 3887 630 prop-

2295 661 2377 710 ter
2405 666 2566 724 quem
2585 651 2811 708 dicitur:
2833 649 3053 707 Placcus
3081 660 3108 700 τι
3135 659 3181 704 et
3194 660 3510 723 contemptor
3536 652 3614 705 vir
3643 651 3888 722 superbus

2293 746 2428 801 nihil
2473 745 2757 815 proﬁciet,
2813 744 2901 813 qui
2938 743 3175 798 dilatavit
3231 744 3365 798 sicut
3412 743 3618 811 inferas
3665 744 3889 801 animam

2290 853 2463 899 suam.
2492 846 2541 890 et
2568 838 2678 907 ipse
2705 845 2759 891 ut
2784 851 2921 891 mors
2951 832 3265 888 insatiabilis
3300 832 3403 903 (Ib.
3433 849 3492 900 tt,
3526 832 3608 905 5).
3646 832 3762 888 Non
3797 848 3888 903 po-

2294 934 2423 991 terit
2460 932 2565 989 dici
2604 932 2747 1003 quod
2780 947 2885 987 non
2928 930 3218 989 conveniat
3263 928 3368 983 dici
3396 927 3463 982 de
3495 937 3544 982 te
3570 970 3584 995 ,
3620 930 3666 983 si
3697 929 3888 999 digne-

2290 1028 2370 1085 ris
2396 1040 2608 1083 mecum
2636 1023 2909 1082 recordari
2948 1022 3161 1079 scelera
3208 1020 3507 1077 facinorum
3543 1031 3757 1076 tuorum
3787 1063 3801 1089 ,
3834 1031 3890 1078 et

2289 1120 2335 1179 si
2369 1122 2557 1175 funera
2584 1132 2677 1178 tua
2706 1133 2810 1175 non
2844 1117 3012 1173 tueris
3037 1117 3227 1171 tardus
3261 1129 3567 1171 recensere.
3599 1115 3733 1185 Quis
3763 1126 3887 1171 ete-

2291 1213 2405 1269 nim
2429 1214 2570 1268 alius
2601 1216 2805 1268 nostris
2839 1211 3035 1268 diebus
3064 1210 3169 1267 sibi
3206 1210 3450 1281 placens,
3484 1220 3839 1280 contemptor
3870 1251 3884 1275 ,

2290 1307 2584 1378 superbus,
2621 1305 2756 1360 nihil
2788 1305 3079 1375 proﬁciens
3107 1343 3123 1369 ι
3154 1303 3245 1373 qui
3287 1302 3594 1359 dilataverit
3638 1301 3781 1359 sicut
3813 1305 3889 1357 in-

2288 1401 2436 1456 lerns
2466 1401 2705 1457 animam
2737 1413 2916 1463 suam,
2944 1408 2999 1455 et
3025 1397 3150 1470 quia
3179 1395 3439 1453 aestimari
3473 1397 3644 1469 possit
3687 1412 3809 1454 esse
3834 1408 3887 1453 ut

2288 1510 2441 1551 mors
2479 1493 2838 1561 insatiabilis,
2866 1492 3098 1563 reperiri
3142 1499 3342 1563 potest,
3368 1491 3469 1545 nisi
3499 1492 3593 1545 tu?
3624 1491 3733 1548 Sed
3758 1506 3889 1548 con-

2286 1588 2441 1657 spice
2482 1586 2614 1643 nihil
2646 1594 2696 1641 te
2729 1600 2889 1657 posse
2918 1587 3206 1655 prolicere,
3235 1582 3342 1639 dici
3384 1582 3479 1638 tibi
3508 1599 3536 1637 a
3568 1583 3704 1639 Deo.
3738 1583 3889 1641 Licet

578 1682 695 1737 nati
744 1695 963 1749 pinnam
1014 1678 1131 1736 hac
1169 1679 1487 1733 audiremus
1516 1718 1532 1742 ,
1575 1691 1698 1746 quae
1744 1676 2002 1730 dicuntur
2037 1674 2179 1745 apud
2210 1668 2259 1731 B
2283 1683 2435 1739 enim
2458 1688 2804 1753 contemptor
2836 1680 2929 1738 Dei
2959 1690 3356 1750 przcceptorum
3389 1679 3483 1742 sis,
3513 1678 3785 1747 ejuslicet
3808 1695 3886 1737 re-

572 1774 855 1829 Michzeam
890 1788 918 1827 a
945 1772 1091 1827 Deo:
1122 1771 1311 1827 Audite
1333 1770 1360 1807 ἀ
1392 1771 1567 1839 itaque
1598 1769 1727 1833 hwc,
1767 1767 2034 1838 prtcpositi
2089 1770 2181 1820 do-

581 1883 693 1932 mus
714 1866 905 1930 Iacob,
938 1875 985 1919 et
1010 1864 1208 1919 residui
1239 1863 1425 1917 domus
1453 1862 1627 1918 Israel
1648 1904 1662 1927 ,
1692 1862 1777 1934 qui
1809 1859 2183 1917 abominamini

573 1959 855 2026 judicium,
891 1965 937 2011 et
962 1956 1137 2011 omnia
1172 1964 1314 2009 recta
1346 1956 1653 2022 pervertitis.
1703 1954 1804 2022 Qui
1830 1963 1853 1991 θ
1878 1953 2181 2023 (ediﬁcastis

579 2051 710 2105 Sion
734 2058 787 2105 et
808 2048 1108 2103 Jerusalem
1138 2048 1191 2099 in
1248 2047 1553 2118 sanguinem
1584 2045 1966 2117 iniquitatibus.
2016 2045 2178 2099 Judi-

576 2159 661 2197 ces
698 2141 715 2181 ί
746 2143 862 2213 ejus
905 2156 1023 2195 cum
1064 2138 1364 2193 muneribus
1393 2139 1749 2207 judicabant,
1797 2150 1845 2194 et
1890 2139 2179 2196 sacerdotes

575 2238 689 2308 ejus
722 2252 836 2291 cum
872 2234 1109 2290 mercede
1140 2233 1541 2305 respondebant,
1569 2244 1615 2291 et
1646 2234 1914 2305 praphetce
1951 2250 2067 2289 cum
2089 2250 2179 2306 pe-

575 2329 749 2383 cuniis
776 2327 1119 2391 divinabant,
1147 2336 1194 2383 ct
1222 2328 1279 2380 iu
1310 2324 1534 2384 Domino
1562 2328 1968 2397 requiescebant,
1997 2328 2172 2384 dicen-

570 2430 646 2475 tes
669 2434 688 2473 :
711 2417 970 2476 Dominus
995 2419 1050 2473 in
1077 2420 1223 2474 nobis
1246 2429 1318 2474 est
1345 2459 1363 2485 ,
1389 2429 1434 2475 et
1462 2436 1564 2474 non
1598 2420 1800 2475 venient
1834 2424 1891 2475 in
1916 2436 2012 2475 nos
2038 2420 2177 2477 mala

568 2507 679 2583 (Ib.
712 2525 803 2577 ut,
840 2510 919 2579 9).
946 2508 1067 2565 Non
1101 2510 1312 2581 legeras
1333 2509 1510 2569 adhuc
1550 2512 1693 2583 apud
1733 2512 1899 2568 istum
1941 2512 2177 2569 sanctis-

492 2590 499 2594 ⁷
572 2603 773 2660 simum
803 2602 1131 2674 prophetam
1157 2644 1175 2667 ,
1205 2614 1264 2660 ιιι
1295 2605 1542 2661 damnari
1584 2604 1811 2675 juberes
1844 2606 2021 2661 virum
2065 2607 2175 2660 ltco

569 2694 849 2751 dicatum?
881 2691 947 2748 In
989 2711 1090 2764 quo
1126 2704 1149 2742 Β
1192 2697 1627 2764 comprehendam
1657 2695 1938 2751 Dominum
1968 2737 1984 2763 ,
2032 2711 2175 2750 assu-

579 2806 719 2843 mam
746 2788 918 2845 Deum
952 2805 1120 2844 meum
1149 2791 1429 2846 excelsum.
1485 2791 1545 2846 Si
1577 2791 2013 2864 comprehendam
2056 2808 2172 2847 eum

543 2880 619 2936 in
642 2880 960 2934 holocaustis
983 2892 1073 2934 aut
1100 2878 1129 2915 ιι
1155 2882 1210 2933 in
1230 2882 1403 2937 vitulis
1434 2883 1695 2938 anniculis
1717 2924 1732 2949 ,
1765 2894 1855 2938 aut
1890 2893 1903 2920 ι
1935 2884 1978 2937 si
2006 2884 2172 2938 susci-

561 2974 670 3042 piet
698 2971 957 3029 Dominus
987 2973 1041 3027 in
1090 2974 1258 3028 millia
1287 2977 1545 3043 arietum,
1572 2986 1661 3031 aut
1700 2977 1756 3030 in
1802 2976 1975 3032 decem
2005 2979 2169 3032 millia

2283 1773 2544 1844 ligionem
2600 1772 2828 1842 cupiens
2884 1771 3137 1840 persequi
3176 1812 3195 1832 ,
3244 1786 3310 1826 eo
3360 1784 3531 1840 usque
3568 1768 3883 1827 dilatavr-ris

2282 1865 2521 1921 animam
2552 1874 2695 1920 tuam
2719 1862 2790 1921 ad
2822 1863 2914 1919 Dei
2946 1862 3270 1918 mactandos
3295 1861 3561 1927 cultores,
3597 1868 3659 1915 ut
3688 1870 3806 1916 toto
3836 1863 3882 1916 in

2282 1975 2452 2029 regno
2492 1974 2602 2016 non
2632 1956 2875 2031 digneris
2929 1953 3182 2014 desinere
3229 1971 3448 2027 gregem
3495 1954 3751 2010 vexando
3782 1955 3882 2010 Do-

2281 2054 2466 2121 mini;
2515 2060 2700 2110 tameu
2755 2050 2887 2109 nihil
2942 2048 3157 2121 proﬁcit
3202 2049 3385 2106 omnis
3437 2048 3719 2105 infesmtio
3770 2057 3879 2102 tua.

2279 2145 2477 2202 Cuncti
2532 2144 2736 2201 etenim
2771 2184 2787 2209 ,
2818 2155 2955 2213 quos
3001 2140 3383 2209 persequeris,
3424 2139 3518 2193 Dei
3564 2154 3785 2209 semper
3834 2149 3882 2194 et

2279 2245 2481 2295 suntet
2502 2244 2665 2295 erunt
2687 2236 2854 2293 servi.
2888 2234 2968 2291 Tu
2997 2248 3154 2301 vero,
3199 2232 3302 2287 nisi
3337 2231 3433 2287 tibi
3468 2231 3796 2301 providet-is,
3833 2234 3878 2287 in

2278 2338 2542 2388 aeternum
2574 2328 2684 2385 eris
2717 2328 3020 2398 periturus:
3054 2326 3147 2381 tibi
3206 2325 3461 2397 placens,
3486 2334 3837 2397 c0ntcmptor
3864 2367 3878 2390 ,

2277 2420 2569 2493 superbus,
2597 2419 2719 2487 quia
2755 2417 2830 2473 sis
2862 2417 3097 2473 dilatatis
3136 2417 3373 2475 animam
3411 2428 3553 2471 tuam
3600 2425 3874 2487 tamquam

2278 2513 2487 2570 inferus
2514 2512 2582 2568 ad
2613 2527 2708 2567 nos
2742 2510 3089 2567 deVorandos
3120 2511 3327 2583 pariter
3368 2520 3422 2566 ct
3452 2508 3831 2567 absorbendos
3861 2552 3874 2576 ,

2278 2616 2567 2679 propterea
2591 2607 2734 2678 quod
2769 2607 2911 2662 male
2942 2604 3036 2660 tibi
3072 2604 3257 2681 agenti
3300 2605 3626 2660 resistamus
3655 2647 3670 2672 ,
3706 2605 3878 2659 Iactus

2280 2708 2339 2752 ut.
2367 2712 2518 2754 mors
2547 2697 2897 2762 insatiabilis,
2928 2695 3087 2751 furiis
3115 2696 3295 2768 ageris
3320 2697 3372 2750 in
3398 2706 3639 2751 nostram
3669 2712 3877 2751 necem.

2277 2789 2429 2845 Adeo
2462 2803 2693 2860 nequam
2722 2802 2805 2852 es,
2837 2786 3121 2843 Constanti
3150 2828 3165 2855 ,
3200 2796 3255 2842 ut
3286 2803 3412 2845 cum
3444 2789 3767 2862 prophetam
3800 2788 3876 2842 in-

2274 2879 2435 2935 venio
2458 2879 2663 2937 dicere:
2700 2879 2743 2933 0
2766 2883 2850 2947 qui
2884 2879 3011 2932 mihi
3039 2877 3226 2951 fundat
3252 2890 3273 2917 τ
3299 2879 3661 2951 {undationem
3690 2882 3876 2934 malam

2276 2973 2453 3026 domui
2493 2989 2625 3039 suas,
2658 2984 2715 3027 ut
2738 2973 2951 3028 colloret
2975 2974 3027 3027 in
3058 2974 3220 3027 altum
3254 2974 3433 3028 nidum
3467 2992 3620 3031 suum
3652 2975 3764 3046 (Ib.
3798 2974 3869 3047 9),

562 3041 833 3121 haedorum
855 3065 1150 3139 pinguium,
1180 3076 1268 3121 aut
1287 3067 1421 3122 dabo
1449 3041 1791 3140 primogenita
1840 3087 1953 3124 mea
1981 3041 2242 3141 impie.‘C
2278 3072 2331 3117 tu
2358 3063 2487 3119 mihi
2528 3072 2691 3134 atque
2715 3064 3011 3119 haereditas
3037 3065 3371 3131 antichristi,
3404 3069 3487 3122 cui
3526 3041 3675 3121 ﬁnes
3710 3109 3724 3131 ,
3754 3041 3877 3122 anle

562 3160 684 3216 tatis
720 3158 768 3228 i,
814 3164 1044 3230 fructum
1072 3161 1264 3215 ventris
1293 3162 1392 3215 mei
1422 3178 1516 3232 pro
1546 3164 1772 3233 peccatis
1800 3164 1987 3219 anima:
2016 3181 2156 3219 meat.

560 3250 997 3308 Reuuntiandum
1018 3250 1045 3290 ¹ί
1092 3254 1183 3307 tibi
1205 3264 1303 3319 est,
1330 3254 1508 3322 homo,
1530 3256 1671 3326 quod
1700 3256 1766 3311 sit
1789 3255 1981 3311 bonum
2010 3299 2026 3321 ,
2073 3268 2164 3313 aut

552 3346 680 3416 quid
704 3343 963 3399 Dominus
994 3346 1268 3415 exquisivit
1304 3343 1377 3399 1a
1410 3356 1457 3400 te
1488 3346 1659 3413 aliud,
1684 3347 1859 3401 nisiut
1883 3350 2051 3419 facias
2068 3350 2165 3421 ju-

559 3438 757 3492 dicium
786 3447 833 3492 et
845 3438 1132 3511 justitiam,
1163 3448 1211 3492 et
1239 3438 1433 3508 diligas
1457 3438 1864 3494 misericordiam
1884 3481 1899 3505 ,
1932 3450 1980 3494 et
2008 3457 2166 3511 para-

551 3541 637 3587 tus
667 3535 737 3585 sis
760 3533 839 3587 ire
861 3547 979 3584 cum
1004 3530 1227 3586 Domino
1251 3531 1361 3588 Deo
1386 3541 1473 3587 tuo
1499 3531 1609 3602 (Ib.
1640 3549 1716 3599 γι,
1751 3535 1809 3604 6)
1832 3533 1855 3585 7
1880 3534 1993 3589 Nec
2019 3534 2164 3606 apud

559 3623 818 3681 Ilabacuc
867 3625 1162 3680 inveneras
1191 3625 1456 3693 scriptum
1498 3643 1512 3678 :
1565 3625 1788 3703 Impius
1827 3643 1918 3695 per
1984 3638 2163 3698 poten-

554 3715 683 3770 tiam
706 3717 963 3787 oppressit
994 3725 1033 3752 ιιι
1053 3718 1263 3787 justum
1288 3715 1517 3790 (Habac.
1547 3733 1586 3783 ι,
1610 3718 1708 3789 t)?
1740 3728 1796 3773 ut
1822 3719 1894 3773 ita
1924 3720 2165 3776 scelera-

557 3818 671 3863 tum
705 3807 905 3865 fuisses
934 3822 1228 3879 aggressus
1248 3823 1386 3879 Opus
1411 3809 1553 3879 quod
1594 3818 1647 3867 te
1674 3808 1816 3879 apud
1841 3811 2005 3867 Deum
2034 3826 2161 3883 pos-

554 3909 640 3955 set
671 3901 849 3957 l'acerc
898 3900 1145 3970 impium.
1182 3902 1315 3957 Item
1356 3900 1499 3959 infra
1531 3916 1637 3959 non
1675 3902 1960 3967 inveneras
2007 3903 2156 3972 posi-
2193 3963 2205 3972 ι

548 3994 702 4047 tum?
719 3991 824 4048 Cur
847 4002 875 4029 ιι
897 3994 1108 4064 inspicis
1129 4010 1284 4064 super
1297 4003 1673 4063 contemptores
1688 3994 1714 4047 Ρ
1735 3994 1923 4050 tacebis
1949 3994 2010 4049 ob
2035 3994 2153 4064 hoc,

626 4204 653 4231 ει
679 4192 815 4270 Cum
836 4190 1033 4270 Graeco
1058 4190 1318 4270 ὓδρωπα.
1344 4191 1402 4270 '9
1422 4199 1581 4270 eratth
1607 4195 1680 4254 εἰς
1708 4192 1842 4270 gito;
1858 4194 2040 4270 xpzpa,
2071 4200 2155 4255 καὶ

550 4263 973 4338 διηαιρίσύνην-εὶς
1000 4275 1094 4338 γῆ]
1126 4262 1318 4338 ἔθηκενἶ
1349 4263 1506 4319 Vers.
1541 4269 1668 4319 Atti.
1699 4262 1872 4319 Facit.

623 4337 651 4375 ι)
683 4337 839 4393 Vers.
864 4333 1019 4388 Antf
1045 4334 1423 4407 Desidet-about
1594 4338 1821 4407 pupillos
1850 4379 1864 4402 ,
1897 4346 1944 4390 ct
1977 4339 2158 4393 domos

552 4409 938 4478 opprimebant,
969 4406 1305 4479 etrapit:an
1470 4406 1749 4478 propterea
1781 4408 1909 4463 htec.

626 4492 649 4518 ο
676 4478 887 4549 Cogito.
911 4477 1092 4533 Latin.
1124 4494 1253 4533 cum
1279 4477 1484 4540 (ἓνεκα.
1537 4479 1692 4537 Veis.
1725 4483 1852 4537 Ant.
1909 4492 1963 4535 et
1997 4480 2094 4536 Vul

866 4519 878 4532 ο
911 4516 1092 4533 ικοιιιο
1125 4516 1253 4533 ‘1'—
1281 4516 1343 4534 ‘Il
1359 4516 1484 4540 MM
1552 4516 1692 4537 νιιυο
1725 4516 1852 4537 ιιι-ιι.
1909 4516 1963 4535 (ὃ.
2009 4516 2156 4540 VIII.-

626 4498 649 4518 ιτ
676 4498 878 4549 cogito.
911 4498 1092 4533 utin.
1124 4498 1253 4533 cunt
1279 4498 1484 4540 ιιι-εκ..
1544 4498 1692 4537 vers.
1725 4498 1852 4537 Αιιι.
1909 4498 1963 4535 et
2003 4498 2156 4552 vutg.

552 4550 824 4604 Praeterea
853 4548 1012 4603 Vers.
1040 4555 1167 4603 Ant.
1224 4549 1396 4620 Super
1429 4550 1615 4603 tribum
1666 4552 1819 4604 istam
1862 4552 2004 4606 mala
2032 4593 2047 4619 ,
2095 4554 2159 4607 de

552 4622 735 4689 quibus
768 4637 869 4674 non
897 4620 1146 4687 auferetis
1179 4622 1318 4677 colla
1344 4631 1533 4675 rostra.

624 4687 648 4726 ἀ
678 4688 835 4764 Yers.
862 4690 994 4764 ᾼιιι.
1024 4690 1214 4764 Audite
1239 4691 1346 4764 haec
1381 4690 1539 4764 duces
1677 4707 1724 4747 et
1748 4691 1956 4764 reliqui.

629 4770 651 4797 ο
680 4759 781 4824 Qui
799 4760 1069 4833 tediﬁcatis
1100 4761 1235 4816 Sion
1251 4762 1641 4833 in_sanguinetn
1670 4804 1683 4828 ,
1713 4775 1760 4821 et
1784 4759 2078 4823 Jerusalem
2102 4768 2157 4820 in

548 4831 929 4903 iniquitatibus.
973 4831 1153 4903 Latin.
1191 4847 1259 4889 ex
1289 4830 1482 4891 Graeco
1507 4876 1524 4901 ,
1556 4832 1713 4891 Vers.
1771 4838 1899 4893 Ant.
1932 4849 1984 4891 et
2029 4837 2157 4892 an-

546 4900 694 4980 gata.
739 4900 898 4980 vers.
933 4904 1063 4980 Ant.
1094 4900 1545 4980 Insanguinibus.
1576 4904 1733 4978 Vulg.
1764 4904 1832 4961 In
1855 4909 2152 4980 iniquitate.

549 4975 739 5033 Sabat.
769 4974 901 5044 legit
923 4975 1197 5043 a’diﬁcalis
1216 4976 1267 5026 in
1285 4974 1574 5031 Lucifero.

626 5043 841 5101 fVers.
884 5047 1010 5099 Ant.
1062 5043 1233 5099 Duces
1265 5047 1375 5116 ejus
1424 5048 1477 5101 in
1675 5049 1729 5103 in
1792 5049 2143 5106 mercede....

546 5122 811 5190 praphette
849 5120 961 5190 ejus
989 5118 1043 5171 in
1229 5128 1273 5190 et
1322 5135 1476 5189 super
1510 5118 1918 5179 Dominum"...
1958 5121 2147 5177 Nonne

544 5188 805 5247 Dominus
839 5188 925 5243 μ’..
955 5190 978 5243 ?
1007 5205 1105 5243 non
1139 5189 1335 5245 venient
1364 5188 1515 5247 super
1545 5207 1637 5243 nos
1662 5189 1820 5245 mala.

620 5269 644 5306 ὅ
694 5257 762 5314 In
807 5259 1336 5331 quoﬂapprehendam
1398 5257 1713 5331 Dominum?
1756 5261 1800 5315 si
1862 5262 2143 5330 suscipiam

542 5328 736 5396 Deum,
759 5328 866 5385 etc.
892 5328 1048 5385 Vers.
1080 5334 1205 5384 Ant.
1243 5331 1304 5385 Si
1329 5332 1485 5386 abest
1505 5348 1535 5387 ιι
1563 5330 1776 5398 erco,
1806 5343 1859 5387 ut
1894 5348 1923 5387 a
1960 5328 2137 5389 Lucil.

614 5401 641 5437 ιι
673 5404 772 5455 Aut
802 5402 1043 5459 demitur
1064 5418 1094 5459 a
1134 5401 1315 5459 Latia.
1364 5402 1519 5461 deest
1551 5403 1626 5463 iu.
1651 5402 1845 5461 Graeco
1876 5414 1930 5464 et
1974 5403 2135 5461 Vers.

542 5472 676 5527 Ant.
708 5472 1130 5542 Apprehendam.
1162 5472 1319 5529 γυνθ.
1355 5475 1480 5534 Aut.

626 5543 653 5619 ⁵.
682 5544 869 5625 mea
890 5549 934 5599 εί
962 5543 1326 5625 omnem
1351 5546 1507 5625 alia.“
1527 5556 1637 5625 sui.
1668 5543 1998 5625 Vera-neut.
2016 5546 2146 5625 Sus-

539 5614 707 5683 cipiat
852 5616 902 5669 in
932 5614 1313 5683 millibus"...
1344 5616 1417 5668 rel
1439 5618 1492 5671 in
1522 5617 1695 5672 decem
1722 5615 1948 5672 millibus
1977 5616 2150 5673 hirco-

526 5678 668 5741 νιίηι
698 5700 802 5734 ..ιη
832 5696 922 5740 aut
950 5678 1111 5751 dabo,
1146 5697 1261 5745 etc.
1294 5681 1477 5742 Sabat.
1515 5688 1643 5759 legit
1673 5704 1687 5743 :
1720 5687 2015 5758 Suscipiunt
2043 5688 2154 5747 Dc-

2272 3157 2465 3211 oculos
2485 3157 2830 3225 obversetur,
2872 3173 3209 3229 cognoscens
3239 3169 3469 3213 conatus-
3505 3170 3626 3214 tuos
3652 3159 3773 3213 illos
3793 3175 3871 3214 sa-

2272 3250 2528 3322 crilegos.
2584 3249 2699 3305 Non
2732 3251 2874 3305 cnim
2926 3259 3107 3321 potest
3146 3250 3381 3306 dubitari
3433 3260 3484 3309 te
3540 3260 3787 3306 Cenaturit
3820 3259 3874 3305 et

2272 3344 2488 3409 conari,
2523 3352 2579 3397 ut
2604 3350 2717 3398 toto
2748 3342 2801 3397 in
2838 3358 3005 3414 regno
3038 3353 3130 3399 tuo
3162 3353 3348 3415 posset
3379 3342 3593 3399 fundari
3641 3344 3868 3399 haeresis

2276 3444 2389 3503 tua,
2422 3434 2629 3492 destrui
2663 3451 2796 3492 vero
2827 3436 2961 3491 ﬁdes
2994 3437 3283 3492 catholica.
3318 3437 3425 3494 Sed
3456 3449 3662 3495 etcum
3711 3438 3872 3494 audio

2271 3529 2510 3586 dicatum
2546 3531 2655 3585 Deo
2678 3531 3002 3603 prophetam
3045 3532 3268 3589 dicere:
3318 3531 3405 3588 Va:
3433 3536 3524 3604 qui
3552 3535 3820 3604 ediﬁcant
3849 3545 3869 3570 ⁸

2272 3627 2529 3682 civitatem
2575 3628 2629 3682 in
2658 3629 2999 3701 sanguinibus
3030 3670 3045 3696 ,
3080 3640 3125 3683 et
3161 3641 3464 3701 prtrparatzt
3515 3630 3771 3688 civitatem
3823 3631 3873 3684 in

2272 3720 2628 3792 iniquitatibus
2659 3721 2764 3793 (Ib.
2794 3721 2922 3792 l2);
2974 3730 3029 3776 ιιι
3060 3722 3191 3777 mihi
3214 3738 3341 3779 esse
3372 3722 3600 3789 videris,
3631 3723 3720 3795 qui
3749 3738 3873 3794 spe—

2274 3811 2486 3867 luncam
2518 3813 2787 3870 latronum
2827 3815 2902 3868 sis
2934 3830 3030 3885 per
3079 3815 3358 3887 sanguinis
3392 3814 3662 3871 fusionem
3694 3816 3869 3872 aedili-

2270 3919 2424 3971 cans,
2453 3922 2546 3975 per
2577 3921 2764 3963 necem
2792 3907 2889 3963 Dei
2915 3923 3218 3963 servorum.
3248 3907 3355 3963 Aut
3383 3909 3612 3981 negabis
3645 3909 3866 3983 spelun-

2265 4012 2383 4055 cam
2434 3999 2702 4059 latronum
2753 4016 2873 4057 esse
2933 4009 3175 4059 vestrum
3230 4002 3527 4077 malignum
3580 4002 3867 4059 concilium

2259 4214 2524 4343 Ὕῗῗῗιίη
2552 4266 2720 4343 Cypr.
2752 4269 2850 4325 lib.
2880 4271 2915 4327 3
2951 4270 3184 4343 Tiestim.
3220 4270 3396 4343 *γει-ε.
3454 4270 3585 4326 Αιιι.
3625 4271 3732 4327 Pro
3780 4274 3873 4327 im-

2262 4339 2451 4415 pietate
2600 4339 2694 4413 pro
2723 4351 2949 4411 peccato.
2985 4342 3175 4398 Sabat.
3208 4341 3453 4415 Prpmea
3486 4344 3776 4415 impietate.

2335 4410 2361 4449 λι
2395 4412 2474 4465 An
2505 4410 2864 4467 venundatum
2892 4415 2985 4468 tibi
3010 4425 3102 4478 est,
3132 4424 3237 4469 etc.
3278 4414 3456 4470 ιω..
3488 4410 3874 4471 manuciolum

2188 4483 2484 4568 Desttibin
2505 4483 2659 4568 homo
2682 4484 2807 4553 quid
2838 4484 3051 4543 bonum.
3100 4485 3253 4542 Vers.
3309 4487 3438 4545 Aut.
3500 4485 3643 4557 Quid
3698 4487 3869 4545 habet

2264 4554 2426 4607 etiam
2452 4552 2640 4609 Sabnt.

2342 4623 2701 4706 1._Yers.Ant.
2741 4624 2955 4706 Quaerat
2982 4647 3014 4683 a
3046 4636 3093 4683 te
3116 4644 3148 4706 :_
3170 4628 3348 4681 nisiut
3378 4626 3546 4699 [arias
3562 4628 3869 4706 judicium,

2260 4704 2308 4748 ct
2338 4694 2528 4765 diligas
2673 4695 2943 4751 ambulare
2960 4715 3078 4753 cum
3107 4698 3216 4755 Bco
3245 4710 3352 4753 tuo.

2332 4775 2371 4845 ξπ
2402 4766 2581 4845 Graec.
2615 4767 3071 4845 xarotdwoto'rebu.
3124 4770 3281 4827 Ἶρι-ε.
3333 4775 3462 4827 Ant.
3493 4767 3704 4845 Impius
3732 4786 3870 4841 prcr—

2263 4837 2661 4912 valet_adrer_sus
2684 4843 2910 4912 justum.

2332 4910 2744 4989 {*Cutupra'co
2778 4912 2829 4965 in
2857 4910 2992 4967 edit.
3047 4912 3203 4968 Rom.
3235 4911 3536 4989 et
3564 4914 3706 4974 ἶνσιτι
3754 4918 3867 4971 ἐπι·

2263 4981 2499 5055 ϐλέπὲςς
2528 4981 2685 5036 Vers.
2717 4980 2848 5055 Ant.
2878 4999 3039 5054 quare
3055 5000 3160 5038 non
3186 4984 3401 5055 aspicis,
3433 4980 3543 5040 εἰς.

2327 5060 2351 5087 ο
2387 5052 2582 5130 _Fer_me
2607 5067 2735 5130 _cum_
2750 5052 3028 5130 Δ(ἶιιιιιξέξο-ἰ-ιι
3062 5055 3194 5130 (ξιιιιἶ
3226 5052 3420 5130 iisdem
3450 5058 3501 5110 ἐν
3539 5066 3614 5130 τῷ
3634 5061 3869 5116 καταπί-

2250 5143 2349 5177 νειν
2377 5123 2541 5182 ἀσεϐῆ
2570 5125 2654 5178 τὸν
2711 5123 2926 5180 δίκαιον.
2962 5125 3120 5181 Vers.
3169 5125 3297 5183 Ant.
3355 5125 3487 5185 Cum
3535 5123 3869 5187 dévoracerit

2250 5193 2441 5267 impius
2463 5195 2743 5267 justiorem
2771 5213 2862 5249 se:
2897 5198 3130 5265 omisso,
3154 5196 3216 5253 ob
3250 5197 3368 5267 hoc.

2318 5280 2349 5317 ι)
2375 5262 2584 5337 Ϊίιῖιιηι,
2615 5276 2889 5321 commate
2919 5262 3243 5337 postposito.
3277 5266 3451 5322 Latin.

2321 5346 2349 5385 (ι
2374 5333 2534 5389 Vers.
2559 5333 2984 5411 Ant.Arrogans
3007 5333 3083 5393 est
3279 5340 3411 5393 nihil
3437 5342 3680 5411 perducit
3708 5342 3783 5397 ad
3803 5342 3867 5410 ﬁ-

2248 5422 2362 5484 nem
2526 5409 2660 5463 sicut
2698 5409 2935 5484 infernus
3119 5420 3166 5466 et
3220 5411 3316 5469 iste
3337 5409 3491 5481 quasi
3508 5427 3650 5468 mors
3685 5455 3702 5484 ,
3755 5409 3865 5467 nOn

2250 5478 2587 5544 adimpletur.

2324 5559 2351 5589 ι’
2385 5549 2539 5607 Vers.
2573 5553 2696 5625 Ant.
2744 5551 2789 5607 θ
2832 5553 2924 5625 qui
2981 5553 3297 5625 multiplicat
3336 5556 3612 5612 auaritiam
3660 5555 3865 5611 malunt

2410 5630 2468 5692 ut
2491 5634 2647 5691 ponat
2671 5624 2724 5677 in
2750 5624 2976 5692 excelso,
3001 5635 3113 5683 etc.

2336 5699 2357 5727 '
2396 5690 2672 5762 ﬂo‘lﬁcm,
2701 5703 2752 5748 et
2779 5690 3038 5767 praeparat
3066 5697 3259 5756 urbem.
3294 5697 3451 5758 Vere.
3485 5696 3611 5757 Ant.
