4148 6186
563 237 663 297 871

1636 230 1981 294 'LUClFERl
2020 232 2328 297 EPISCOPI
2362 231 2785 325 Δ(ιιιιιιιιιιτιιιιι

3773 237 3871 299 87!

566 367 727 426 quam
751 366 903 408 reum
935 350 1254 422 puniremus
1279 348 1557 421 laut‘qua:
1582 363 1699 406 erat
1718 351 1866 421 pax?
1892 366 2015 405 cum
2047 350 2165 407 11330
2191 363 2244 422 Α
2269 355 2479 410 nomini
2508 352 2890 425 majestatique
2911 349 3156 407 dicatos?
3179 363 3304 406 cum
3329 347 3404 405 sis
3424 364 3530 407 eos
3556 364 3761 423 cogens
3780 356 3873 411 de-

565 446 815 503 facicndo
863 448 1029 501 etiam
1061 461 1090 498 a
1150 460 1281 514 pace
1309 445 1522 500 Domini
1572 445 1934 514 potuissemus
1991 446 2164 515 rejici.

566 538 750 608 Neque
778 539 923 591 enim
952 552 1056 606 pax
1091 535 1305 591 Domini
1345 535 1615 591 dicentis:
1664 533 1856 590 Pacem
1890 553 2057 591 nteant
2088 553 2171 590 re-

562 633 737 703 linquo
764 630 929 699 vobis,
953 646 1135 701 pacem
1157 646 1321 683 meam
1343 629 1411 684 do
1433 628 1575 683 vobis
1603 628 1784 700 (Joan.
1810 644 1918 695 xw,
1941 627 2055 700 27),
2078 644 2167 685 re—

562 726 904 797 linqueretur
932 725 1001 780 ab
1023 739 1091 780 eo
1122 725 1175 779 in
1201 724 1381 793 nobis,
1404 740 1527 780 cum
1575 724 1682 780 alio
1714 725 1817 795 ipsi
1853 724 2170 779 tulissemus

566 821 786 890 injuste.
816 821 952 889 Quis
1006 823 1221 891 ignorat
1250 820 1546 875 recedente
1584 818 1865 890 disciplina
1912 818 2169 874 recedere

564 922 621 969 et
644 911 919 984 gratiam?
950 911 1106 983 Apud
1135 911 1456 966 Malachiam
1485 912 1617 967 dicit
1657 913 1835 968 Deus:
1877 910 2051 966 Filius
2076 909 2171 963 ho-

569 1006 813 1073 noriﬁcat
842 1014 867 1041 λ
896 1014 1133 1075 patrem,
1159 1012 1207 1059 et
1231 1020 1408 1059 servus
1439 1002 1721 1057 Dominum
1756 1020 1908 1059 suum
1928 1004 1979 1058 ι).
2016 1001 2085 1057 Ει
2110 1004 2171 1071 _si

566 1109 713 1171 pater
749 1115 865 1154 sum
902 1116 1017 1169 ego,
1040 1099 1125 1153 ubi
1180 1109 1255 1153 est
1284 1097 1453 1152 honor
1485 1115 1629 1153 meus
1660 1099 1721 1153 c?
1748 1099 1874 1153 dicit
1915 1096 2170 1153 Dominus

567 1196 894 1268 omnipotens
919 1193 1076 1266 (Mal.
1110 1211 1150 1257 ι,
1177 1192 1269 1265 6).
1305 1195 1479 1262 Quem
1516 1195 1680 1265 igitur
1726 1194 1978 1249 timorem
2008 1204 2174 1265 atque

571 1287 840 1342 honorem
872 1286 986 1342 Deo
1030 1284 1229 1341 facturi
1261 1301 1490 1355 ,eramus
1520 1328 1536 1353 ,
1567 1287 1614 1342 si
1657 1287 1972 1342 fecissemus
2004 1328 2019 1353 ,
2053 1301 2173 1356 qua:

572 1390 626 1435 tu
660 1379 777 1436 fieri
804 1378 1236 1433 mandastilllla
1274 1379 1419 1434 enim
1469 1388 1562 1433 tua
1613 1389 1889 1450 praecepta
1934 1388 1989 1433 et
2015 1377 2174 1433 timo-

576 1488 693 1528 rem
722 1479 779 1528 et
832 1471 1098 1528 honorem
1132 1471 1225 1526 Dei
1259 1471 1506 1526 nituntur
1534 1470 1751 1527 auferre
1803 1471 1997 1526 dicatis
2054 1471 2175 1541 ejus

572 1565 904 1623 clementius.
960 1564 1068 1621 Sed
1122 1575 1177 1619 et
1226 1562 1368 1618 infra
1400 1576 1544 1619 tuam
1597 1565 1909 1635 specialiter
1947 1578 2172 1632 Operam

574 1659 954 1724 manifestans,
984 1659 1116 1714 dicit
1139 1677 1152 1714 :
1182 1656 1521 1713 Exacerbatis
1544 1655 1570 1695 ἀ
1598 1658 1767 1714 Deum
1788 1660 1844 1713 in
1879 1658 2043 1713 verbis
2065 1673 2173 1712 ves-

2272 448 2587 517 relinqnere
2612 462 2762 509 eum,
2793 455 2847 502 et
2879 445 2999 501 ﬁeri
3037 455 3431 515 conserpentes
3462 457 3641 515 atque
3677 462 3871 517 coapo-

2218 562 2229 569 η
2269 548 2440 594 statas
2473 539 2636 593 tuos?
2662 537 2774 593 Nos
2800 536 2929 592 odio
2954 535 3100 607 apud
3125 546 3177 592 te
3212 536 3556 605 laboramus,
3612 538 3741 609 quia
3784 541 3875 596 tibi

2272 646 2406 687 vera
2431 630 2701 692 dicamus,
2730 629 2860 701 quia
2894 637 2949 685 te
2977 629 3163 685 vivere
3189 630 3477 686 nobiscum
3521 631 3767 686 velimus
3816 632 3867 687 in

2269 735 2532 779 aeternum
2558 741 2572 789 ;
2599 723 2722 779 illos
2739 739 2869 779 vero
2892 738 2953 779 es
2972 723 3231 794 diligens,
3260 724 3354 795 qui
3381 725 3446 780 ad
3484 735 3542 781 te
3579 726 3875 782 transitum

2270 813 2524 881 fecerint,
2552 816 2675 871 illos
2700 815 2793 886 qui
2823 830 2947 870 cum
2981 816 3076 871 tibi
3111 817 3349 886 primum
3380 819 3779 874 contraxerint
3808 829 3831 866 ε
3870 862 3882 885 ,

2272 918 2464 977 postea
2496 919 2678 963 tamen
2699 910 2913 964 servire
2944 908 3168 964 nefariis
3212 908 3679 966 meditationibus
3734 909 3840 965 tuis
3871 953 3883 976 ,

2270 1018 2434 1073 quam
2461 1002 2555 1057 Dei
2584 1017 2781 1071 parere
2812 1003 3107 1072 praeceptis
3136 1002 3452 1058 maluerint.
3507 1002 3782 1060 Gaudens
3832 1020 3885 1060 es

2270 1095 2415 1166 quod
2446 1096 2672 1153 eosdem
2704 1107 2795 1151 tua
2844 1096 3150 1152 calliditate
3181 1097 3419 1153 illiciens
3452 1099 3523 1152 ad
3571 1099 3882 1170 suscipien-

2270 1187 2393 1243 dam
2423 1188 2750 1259 perduxeris
2779 1188 3037 1244 haeresim
3060 1200 3233 1255 tuam,
3260 1192 3404 1261 quod
3432 1191 3485 1246 in
3507 1191 3778 1247 omnibus
3797 1209 3887 1248 eos

2271 1279 2472 1336 habeas
2502 1281 2800 1351 subjectos,
2828 1282 2953 1337 illos
2982 1298 3122 1353 quos
3146 1283 3478 1354 jampridem
3516 1285 3744 1343 videras
3789 1301 3881 1356 pro

2274 1375 2447 1430 nihilo
2482 1385 2533 1431 te
2564 1373 2797 1431 dicereh
2831 1415 2847 1441 ,
2873 1390 3015 1445 quos
3060 1377 3329 1433 cernebas
3384 1378 3615 1433 calcare
3663 1386 3882 1449 propter

2276 1467 2564 1523 veritatem
2595 1469 2744 1539 regni
2777 1467 2852 1523 tui
2877 1469 3286 1524 auctoritatem.
3337 1469 3446 1526 Sed
3471 1471 3629 1525 scire
3659 1478 3712 1526 te
3732 1472 3879 1527 volu-

2277 1578 2398 1617 mus
2426 1576 2532 1618 noc
2549 1576 2672 1617 esse
2687 1576 2882 1617 novum
2901 1562 3006 1617 hoc
3029 1562 3251 1629 factum,
3274 1564 3374 1619 sed
3400 1578 3553 1635 sche
3568 1565 3641 1620 ita
3660 1579 3783 1621 esse
3798 1580 3881 1621 ac-

2278 1665 2390 1710 tum
2415 1670 2446 1709 a
2468 1655 2693 1725 perfidis
2719 1665 2881 1725 atque
2904 1655 3353 1723 inconsideratis,
3374 1657 3443 1711 ab
3468 1658 3578 1722 eis,
3602 1671 3741 1728 quos
3757 1671 3883 1727 pra:-

571 1756 688 1820 tris,
713 1762 761 1810 et
787 1754 1035 1809 dixistis:
1063 1752 1130 1807 In
1171 1770 1274 1825 qua
1294 1769 1349 1807 re
1398 1754 1809 1807 exacerbavirnus
1838 1752 1999 1807 eum?
2028 1752 2085 1805 in
2115 1766 2171 1805 eo
2201 1750 2249 1811 Β
2276 1747 2426 1802 scius
2450 1747 2758 1802 futurorum
2780 1762 2879 1803 ore
2908 1748 3241 1803 Sanctissimi
3266 1749 3559 1805 Malachiae
3583 1759 3878 1819 prmosten-

571 1848 709 1918 quod
770 1848 955 1902 dicatis
992 1863 1011 1902 :
1071 1844 1251 1901 Omnis
1320 1846 1410 1918 qui
1478 1846 1605 1917 facit
1667 1847 1913 1911 malum,
1981 1846 2170 1899 bonum

574 1952 830 1998 estcoram
853 1940 989 2009 Deo,
1013 1950 1060 1996 et
1080 1942 1136 1995 in
1161 1940 1290 2011 ipsis
1319 1940 1576 1995 benedicet
1595 1956 1613 1993 :
1632 1948 1680 1993 et
1697 1940 1780 1993 ubi
1800 1948 1875 1993 est
1902 1936 2038 1992 Deus
2050 1939 2170 2009 jus-

572 2036 699 2090 titia:
714 2033 878 2107 (Ibid.
904 2034 1105 2105 11,17)?
1132 2032 1402 2102 PrOpheta
1434 2034 1596 2086 dicit:
1617 2029 1718 2086 Ubi
1741 2042 1813 2085 est
1842 2028 1985 2084 Deus
2006 2029 2171 2103 justi-

575 2130 680 2195 tiw,
709 2136 899 2183 contra
933 2142 1032 2183 eos
1058 2125 1150 2195 qui
1173 2125 1397 2180 dicunt:
1435 2124 1537 2191 Qui
1564 2124 1692 2194 facit
1730 2123 1943 2189 malum,
1973 2122 2163 2176 bonum

571 2232 646 2278 est
674 2238 849 2276 coram
877 2219 1010 2280 Deo.
1041 2232 1089 2276 et
1118 2219 1247 2288 ipsis
1270 2218 1532 2273 benedicet
1562 2234 1582 2272 :
1614 2226 1669 2273 et
1692 2227 1746 2271 tu
1765 2216 1862 2271 das
1891 2214 2164 2281 mandata,

569 2313 904 2368 fundendum
938 2326 1189 2367 cruorem
1214 2309 1511 2380 justorum,
1535 2320 1590 2365 et
1620 2310 1799 2364 adhuc
1819 2309 1956 2364 dicis
1985 2318 2040 2364 te
2065 2308 2161 2364 Dei

572 2420 815 2471 servum,
844 2420 969 2461 cum
995 2405 1072 2459 sis
1104 2403 1275 2473 ipsius
1302 2402 1601 2472 dissipator
1632 2402 1790 2472 legis.
1845 2401 2059 2457 Justum
2089 2411 2176 2457 est

571 2500 834 2557 damnare
866 2498 1171 2563 absentem,
1197 2496 1489 2568 etquidem
1525 2498 1872 2551 innocentem
1904 2536 1918 2560 ,
1952 2505 2046 2550 aut
2092 2495 2177 2549 in-

571 2591 826 2664 justum?
875 2590 934 2646 Si
988 2589 1196 2660 justum
1237 2604 1345 2644 non
1400 2598 1502 2655 est,
1564 2587 1693 2658 quia
1762 2587 1964 2657 cogis°2
1994 2585 2178 2642 facere

577 2700 681 2741 nos
712 2701 832 2740 eam
868 2699 979 2741 rem
1029 2699 1126 2753 per
1170 2699 1333 2755 quam
1380 2682 1560 2753 puniri
1622 2696 1930 2737 mereamur
1957 2695 1986 2735 a
2011 2678 2126 2736 Deo
2156 2681 2179 2735 t

577 2778 797 2844 Tobias,
833 2777 1115 2845 Omnibus,
1151 2775 1344 2847 inquit,
1370 2776 1548 2830 diebus
1577 2776 1695 2831 vitta
1723 2786 1847 2840 tuae,
1875 2776 1978 2846 ﬁli,
2013 2775 2180 2829 Deum

575 2871 630 2925 in
655 2883 823 2925 mente
848 2871 998 2936 habe,
1023 2880 1071 2924 et
1098 2870 1205 2924 noli
1235 2886 1450 2941 peccare
1475 2870 1628 2933 velle,
1660 2869 1738 2923 vel
1759 2869 2026 2938 prwterire
2045 2884 2181 2938 pra:-

554 2970 726 3035 'cepta
754 2964 923 3018 illius.
951 2961 1222 3017 Justitiam
1242 2964 1332 3033 [ac
1358 2962 1598 3017 omnibus
1620 2960 1803 3015 diebus
1833 2962 1952 3015 vita
1973 2970 2106 3024 luce,
2136 2969 2184 3015 et

578 3056 687 3111 noli
716 3054 986 3109 ambulare
1016 3051 1035 3091 ί
1065 3069 1156 3124 per
1184 3054 1321 3106 viam
1360 3053 1674 3122 iniquitatis,
1724 3053 1973 3121 quoniam
2001 3062 2185 3123 agente

2273 1842 2415 1898 derit
2432 1842 2711 1911 propheta:
2737 1840 2895 1914 (Mal.
2924 1857 3004 1907 Ill,
3031 1841 3122 1913 15)
3148 1860 3161 1895 :
3186 1840 3450 1897 Gravastis
3475 1842 3493 1879 ί
3513 1843 3792 1897 adversum
3813 1858 3881 1896 me

2273 1934 2491 1988 consilia
2506 1944 2690 1993 vestra.
2708 1934 2828 1987 dicit
2842 1933 3098 1988 Dominus
3118 1935 3459 2003 omnipotens,
3482 1945 3534 1989 et
3553 1934 3762 1989 dixistis
3786 1950 3802 1987 :
3823 1931 3877 1987 In

2273 2042 2374 2096 qua
2396 2042 2452 2080 re
2473 2026 2789 2080 detraximus
2801 2027 2863 2079 de
2884 2036 2933 2079 te
2952 2025 2978 2079 ?
3002 2028 3123 2096 quia
3145 2027 3349 2080 dixistis
3379 2042 3392 2079 :
3432 2025 3616 2080 Vanus
3638 2037 3712 2080 est
3731 2026 3879 2079 omnis

2274 2122 2361 2191 qui
2387 2121 2545 2175 servit
2575 2119 2711 2187 Deo,
2743 2119 2942 2190 etquid
2988 2120 3215 2189 amplius
3240 2120 3266 2173 ?
3319 2120 3475 2187 Quod
3519 2119 3876 2175 custodivimus

2277 2222 2540 2285 pracepta
2566 2213 2734 2275 illius,
2761 2222 2807 2266 et
2832 2211 3215 2266 ambulavimus
3244 2214 3593 2282 deprecantes
3624 2223 3744 2266 ante
3763 2228 3871 2266 con-

2276 2317 2512 2379 spectum
2540 2304 2754 2359 Domini
2776 2306 3169 2376 omnipotentis.
3205 2303 3274 2358 Et
3301 2321 3438 2359 nunc
3460 2322 3565 2362 nos
3594 2306 3875 2376 magniﬁca-

2277 2415 2393 2452 mus
2424 2399 2647 2465 alienos,
2681 2408 2728 2452 et
2756 2407 3070 2453 renovantur
3088 2414 3265 2452 omnes
3294 2398 3552 2469 facientes
3598 2399 3805 2467 iniqua:
3829 2406 3869 2451 et

2279 2493 2582 2546 restiterunt
2610 2488 2718 2545 Deo
2751 2489 2764 2539 ι
2811 2531 2827 2557 ,
2855 2498 2901 2543 et
2922 2489 3115 2543 salvati
3144 2499 3286 2542 sunt.
3337 2488 3468 2543 Ηιτο
3491 2489 3821 2544 detraxerunt
3848 2485 3871 2524 ¹ι

2279 2584 2369 2655 qui
2401 2584 2580 2638 timent
2611 2581 2801 2649 Deum,
2858 2583 3216 2651 unusquisque
3242 2582 3312 2634 ad
3359 2583 3664 2652 proximum
3690 2594 3871 2635 suum:

2279 2674 2558 2729 etintendit
2586 2673 2863 2739 Dominus,
2886 2684 2933 2727 et
2954 2674 3240 2741 exaudivit,
3265 2683 3313 2728 et
3335 2674 3553 2744 scripsit
3581 2675 3758 2729 librum
3778 2689 3869 2727 rne-

2283 2772 2553 2826 morialcm
2583 2786 2757 2825 coram
2787 2784 2846 2823 se
2870 2767 3163 2823 timentibus
3193 2767 3475 2822 Dominum
3520 2780 3572 2824 et
3625 2766 3871 2823 metuenti-

2285 2867 2376 2918 bus
2404 2880 2587 2933 nomen
2609 2879 2782 2917 suum.
2813 2859 2883 2915 Et
2906 2861 3005 2915 erit
3033 2859 3048 2898 ¹
3078 2861 3226 2927 mihi,
3280 2859 3404 2914 dicit
3434 2859 3700 2916 Dominus
3729 2858 3869 2913 omni-

2286 2969 2486 3031 potens,
2516 2959 2572 3011 in
2602 2959 2687 3012 die
2705 2974 2808 3027 qua
2841 2973 2934 3028 ego
2961 2957 3121 3028 facio,
3153 2956 3208 3009 in
3236 2956 3603 3028 possessione;
3634 2966 3680 3009 et
3706 2955 3865 3024 eligam

2287 3069 2395 3116 eos,
2423 3049 2859 3123 quemadmodum
2880 3049 3027 3122 eligit
3053 3049 3208 3103 homo
3229 3048 3401 3116 filium
3447 3065 3607 3103 suum
3636 3048 3750 3102 bene
3773 3059 3865 3099 ser-

506 3192 507 3195 η
577 3160 626 3206 te
655 3150 975 3215 exveritate,
1035 3149 1135 3203 erit
1187 3149 1442 3218 respectio
1488 3146 1727 3218 operibus
1750 3150 1852 3201 tuis
1878 3156 1926 3201 et
1950 3147 2188 3200 omnibus
2214 3136 2259 3197 C
2293 3146 2514 3199 vientem
2535 3143 2631 3198 sibi
2666 3160 2683 3197 :
2705 3154 2752 3197 et
2774 3143 3011 3197 conversi
3062 3142 3299 3196 videbitis
3346 3153 3607 3212 quantum
3653 3142 3713 3195 sit
3756 3141 3867 3193 inter

576 3246 664 3317 qui
690 3245 889 3315 faciunt
909 3240 1342 3318 justitium(Tob.
1369 3257 1442 3309 iv,
1467 3240 1671 3312 6).Dic,
1694 3239 1999 3307 Constanti,
2029 3239 2186 3310 justi-

579 3341 708 3395 tiam
729 3339 879 3406 facit,
906 3338 997 3408 qui
1022 3335 1277 3392 interfieit
1296 3334 1651 3391 innocentes?
1667 3335 1757 3404 qui
1778 3349 2061 3389 servorum
2091 3334 2182 3387 Dei

579 3432 1115 3502 funditsanguineml
1155 3429 1212 3487 Si
1226 3446 1331 3484 non
1346 3429 1468 3484 facit
1477 3427 1761 3497 justitiam,
1781 3427 1875 3484 sed
1896 3427 2067 3499 magis
2084 3426 2185 3482 ini-

576 3527 861 3598 quitatem,
878 3532 1047 3579 restat
1064 3533 1119 3577 ut
1139 3531 1193 3577 te
1211 3521 1394 3577 videas
1407 3536 1529 3577 esse
1546 3520 1848 3591 iniquitatis
1862 3527 2177 3585 amatorem,

588 3626 758 3686 atque
784 3630 949 3672 omne
973 3614 1216 3685 iniquum
1238 3611 1598 3667 fabricantem
1625 3626 1786 3682 opus.
1825 3611 2039 3666 Etenim
2065 3626 2185 3665 cum

575 3708 844 3780 justitiam
875 3722 976 3763 nos
1006 3708 1060 3761 in
1088 3706 1509 3776 omnitempore
1537 3706 1719 3760 facere
1747 3705 1998 3760 hortetur
2021 3717 2177 3759 sacra

579 3801 691 3865 lex,
723 3810 780 3858 et
829 3810 885 3856 tu
944 3798 1250 3870 compellas
1302 3797 1491 3855 facere
1555 3797 1902 3869 injustitiam,
1939 3812 2099 3867 quem
2132 3808 2183 3852 tc

582 3895 747 3952 alium
781 3897 913 3952 velis
954 3895 1181 3951 habeam
1214 3894 1316 3949 nisi
1358 3904 1415 3949 et
1454 3890 1733 3963 injustitiaa
1776 3901 2076 3947 amatorem
2126 3901 2181 3947 et

581 3988 1060 4058 perpelratorem?
1110 3987 1386 4053 Omnibus,
1426 3987 1622 4056 inquit,
1674 3986 1852 4039 diebus
1880 3986 1999 4039 vita:
2028 3995 2131 4038 tua:
2164 4026 2180 4053 ,

581 4078 681 4148 ﬁli,
706 4077 937 4134 Deumin
950 4089 1118 4134 mente
1135 4079 1263 4133 habe
1275 4077 1475 4151 (ibid.);
1492 4094 1612 4133 cum
1630 4078 1882 4134 eumdem
1897 4078 2184 4147 reliqueris

586 4170 845 4226 haerendo
877 4171 1117 4227 Arianis.
1180 4170 1246 4225 Hi
1302 4171 1509 4226 etenim
1537 4186 1645 4227 non
1686 4186 1813 4225 eum
1850 4170 2184 4241 derelinqui-

584 4280 729 4331 mus,
756 4266 848 4335 qui
878 4265 1040 4320 fidem
1066 4273 1315 4321 tenemus
1344 4263 1727 4334 apostolicam.
1761 4263 2050 4331 Quomodo
2072 4279 2182 4319 non

585 4368 859 4430 praecepta
886 4358 1006 4431 ejus
1052 4358 1323 4430 praeteris,
1372 4357 1467 4429 qui
1516 4355 1816 4414 interﬁcias
1845 4370 2035 4413 servos
2064 4357 2183 4427 ejus

658 4550 685 4577 ιι
717 4538 873 4594 Vers.
905 4540 1035 4594 Ant.
1061 4536 1355 4608 Glori/icat.

654 4610 681 4649 ι)
713 4610 996 4665 Dominum
1043 4603 1223 4664 suum'
1258 4608 1473 4663 timebit.
1540 4607 1698 4663 Vers.
1773 4607 1898 4663 Ant.
1954 4603 2178 4661 Timebit

583 4681 739 4738 abest
767 4697 798 4736 a
828 4680 1022 4736 Graeco
1047 4679 1185 4735 Cod.
1224 4680 1399 4734 Vatic.
1432 4687 1491 4733 ut
1518 4694 1548 4733 a
1577 4678 1759 4735 Lucif.

656 4763 680 4791 ο
705 4751 863 4823 Vers.
886 4753 1014 4823 Ant.
1044 4749 1142 4804 Ubi
1172 4760 1261 4815 est
1279 4749 1627 4823 gloriuimea?
1653 4749 1767 4805 etsi
1802 4749 2056 4804 Dominus
2087 4764 2181 4822 ego

584 4838 720 4885 sum,
749 4821 837 4875 ubi
862 4831 935 4875 est
960 4821 1115 4874 timor
1144 4821 1329 4874 meus?
1360 4821 1507 4886 dicit,
1532 4831 1640 4876 etc.

658 4890 685 4932 ει
717 4890 1084 4962 Exacerbastis
1131 4892 1328 4946 melius
1379 4891 1509 4962 legit
1557 4892 1744 4947 Sabat.
1799 4890 1995 4946 Versio
2049 4892 2180 4962 An_t.

588 4963 920 5020 Provocastis
949 4961 1234 5016 Dominum
1277 4963 1333 5016 in
1371 4960 1691 5018 sermonibus
1737 4964 1919 5017 vestris
2116 4960 2183 5015 In

585 5052 766 5109 quare
810 5033 1197 5109 provocavimus
1421 5034 1595 5109 dicitis
1785 5035 1950 5091 bonus
2001 5044 2075 5088 est
2130 5034 2181 5087 in

589 5104 867 5180 conspectu
892 5105 1125 5180 Domini,
1159 5112 1217 5180 et
1229 5104 1283 5180 in
1312 5106 1392 5159 liis
1421 5106 1519 5180 sibi
1549 5108 1854 5177 complacet.

659 5189 682 5217 ο
717 5173 916 5246 "Quare.
952 5176 1129 5232 Latin.
1177 5173 1313 5239 Quia
1360 5178 1581 5246 ponitur
1614 5173 1710 5246 pro
1744 5194 1835 5231 cur
1866 5192 1885 5230 :
1928 5189 2037 5230 uno
2064 5185 2181 5230 etc-

582 5249 696 5307 nim
722 5266 820 5321 pro
855 5250 1033 5304 altero
1065 5248 1367 5321 saepissime
1390 5250 1610 5321 _u_titur,
1642 5258 1698 5302 et
1727 5264 1845 5321 pro_
1856 5263 1971 5321 cum
1995 5246 2179 5321 etiam,

585 5332 643 5376 ut
666 5317 787 5377 cum
808 5329 1086 5383 occurret,
1118 5320 1348 5373 dicetur.
1387 5317 1488 5372 Tit.
1523 5327 1578 5373 et
1605 5334 1669 5373 ex
1702 5333 1771 5372 eo
1807 5317 2038 5373 Galand.

588 5463 618 5519 ὁ
659 5391 679 5431 ί
724 5391 879 5448 Vers.
908 5393 1037 5446 Ant.
1077 5388 1167 5445 Ire
1221 5390 1277 5444 in
1315 5390 1571 5445 viam.....
1621 5398 1882 5460 respectus
1919 5389 1973 5443 in
2009 5390 2180 5461 operi-

623 5480 702 5519 us.
727 5474 834 5519 etc.

623 5480 702 5531 us,
727 5474 834 5520 etc.

656 5546 681 5583 ε
722 5533 1170 5589 Contradixerint.
1208 5533 1389 5589 Latin.
1421 5540 1478 5589 et
1518 5532 1749 5590 Galand.

658 5601 686 5642 ¹³
729 5605 951 5662 Ducere.
985 5605 1165 5661 Latin.

658 5673 876 5747 i_Vers.
911 5680 1038 5733 Ant.
1070 5676 1397 5747 lngravastis
1419 5693 1573 5747 super
1598 5694 1680 5731 me
1702 5676 1852 5731 verba
1881 5682 2066 5741 vestra,
2100 5675 2183 5729 di-

582 5746 653 5806 cit
684 5744 958 5802 Dominus.
992 5747 1061 5803 Et
1087 5744 1295 5804 dixistis
1323 5764 1342 5802 :
1368 5744 1436 5801 In
1458 5744 1558 5817 quo
1587 5748 1747 5806 locuti
1789 5763 1971 5804 sumus
2002 5758 2184 5805 contra

2200 4535 2372 4597 Dte?
2402 4532 2471 4589 Et
2526 4532 2732 4589 dixistis
2780 4550 2799 4589 :

2280 3242 2483 3311 justum
2508 3248 2555 3292 et
2584 3238 2858 3309 injustam,
2890 3236 3024 3289 inter
3048 3236 3347 3290 servientem
3390 3234 3506 3291 Deo
3560 3246 3607 3291 et
3644 3250 3737 3289 non
3776 3246 3867 3285 scr-

2288 3333 2524 3386 vientem.
2548 3329 2683 3397 Quia
2704 3344 2819 3383 ecce
2844 3327 2952 3383 dies
2972 3330 3107 3383 venit
3126 3326 3356 3384 Domini.
3374 3337 3416 3364 ω
3439 3330 3635 3384 ardens
3652 3327 3767 3381 sicut
3781 3323 3865 3376 cti-

2286 3425 2473 3492 banus,
2499 3433 2549 3478 et
2566 3430 2675 3477 uret
2702 3438 2811 3490 eos,
2839 3431 2886 3476 et
2917 3436 3064 3476 erunt
3097 3436 3275 3475 omnes
3319 3421 3657 3494 alienigena,
3703 3427 3747 3473 et
3768 3430 3864 3471 om-

2284 3534 2375 3573 nes
2406 3519 2495 3589 qui
2520 3518 2720 3588 faciunt
2745 3517 2939 3571 scelera
2962 3525 3018 3569 ut
3058 3524 3342 3581 sarmenta,
3394 3524 3441 3569 et
3483 3514 3751 3571 succendat
3790 3524 3863 3563 eos

2285 3610 2394 3665 dies
2410 3608 2645 3677 Domini,
2670 3624 2783 3680 qua:
2795 3609 2952 3674 venit,
2965 3607 3091 3662 dicit
3107 3607 3358 3663 Dominus
3375 3608 3714 3673 omnipotens,
3723 3611 3765 3658 et
3778 3616 3861 3655 non

2281 3702 2666 3774 derelinquetur
2682 3718 2745 3756 ex
2779 3702 2853 3756 eis
2873 3701 3029 3757 radis:
3050 3743 3064 3767 ,
3109 3717 3200 3757 nec
3229 3703 3346 3756 vitis
3386 3700 3491 3772 (Ib.
3512 3718 3595 3769 tv,
3621 3700 3691 3772 1).
3716 3699 3861 3753 Deum

2280 3796 2465 3853 dicere
2491 3796 2605 3852 haec
2634 3795 2889 3861 audiens,
2915 3795 3041 3865 quia
3070 3793 3249 3850 adhuc
3272 3794 3325 3849 in
3357 3792 3514 3850 malis
3545 3794 3771 3850 tuisesse
3792 3786 3862 3841 di-

2282 3892 2482 3961 gneris,
2516 3890 2756 3961 gaudere
2784 3898 2836 3943 te
2858 3887 3026 3943 etiam
3054 3887 3109 3941 in
3157 3889 3262 3943 hoc
3286 3888 3552 3955 arbitror,
3590 3884 3720 3958 quod
3755 3893 3860 3936 cum

2287 3982 2817 4054 praivaricatoribus.
2849 3996 2973 4035 cum
3010 3981 3176 4037 Deum
3218 3980 3740 4051 derelinquentibus,
3783 3972 3861 4027 illa

2293 4084 2646 4147 percepturus
2670 4076 2747 4130 sis
2772 4074 2841 4129 ab
2868 4089 2955 4129 eo.
3008 4073 3101 4130 Vze
3125 4074 3221 4129 tibi
3272 4073 3570 4129 homicida:
3620 4084 3765 4143 atque
3790 4080 3861 4120 sa-

2290 4169 2521 4240 crilego,
2546 4168 2805 4239 quoniam
2835 4167 2937 4222 nisi
2969 4168 3343 4238 ptenitentiam
3373 4168 3644 4223 factorum
3674 4173 3856 4219 tuorum

2291 4264 2487 4335 egeris,
2544 4264 2656 4318 eris
2685 4269 2746 4317 ut
2770 4277 2916 4317 nunc
2934 4276 2993 4316 es
3027 4260 3172 4317 inter
3204 4260 3331 4316 illos
3365 4302 3378 4327 ,
3425 4276 3568 4332 quos
3596 4274 3687 4317 ore
3714 4250 3858 4310 Esaia:

2290 4354 2539 4425 increpat
2567 4353 2710 4409 Deus
2731 4351 2920 4408 dicens
2938 4348 3043 4424 (Is.
3077 4367 3114 4419 ι,
3140 4349 3197 4423 4)
3233 4368 3247 4405 :
3288 4349 3401 4418 Vw,
3424 4368 3551 4423 gens
3600 4344 3855 4423 peccatrix,

2857 4533 3034 4589 Vanus
3086 4545 3157 4589 est
3185 4537 3273 4607 qui
3478 4538 3610 4606 quid
3662 4529 3853 4607 amplius

2281 4608 2523 4678 quia.....
2551 4606 2799 4678 mandata
2816 4607 2952 4678 ejus,
2983 4617 3029 4661 et
3058 4598 3300 4675 quia.'....
3331 4598 3602 4678 supplices
3641 4598 3749 4659 ante
3790 4598 3853 4678 {tt-

2242 4678 2249 4685 ’
2282 4672 2526 4733 ciem...”
2551 4675 2621 4731 Et
2650 4693 2787 4731 nunc
2815 4672 2910 4732 nos
2938 4672 3111 4733 beatos
3162 4678 3383 4734 dicimus
3399 4672 3616 4734 alienos
3636 4720 3650 4743 ,
3681 4686 3721 4731 et
3750 4672 3853 4746 cedi:

2285 4750 2507 4819 ﬁcantur
2531 4764 2706 4804 omnes
2727 4749 2815 4819 qui
2841 4749 3043 4819 faciunt
3068 4749 3492 4819 iniquitatem...
3507 4790 3519 4805 .
3545 4760 3594 4805 et
3614 4746 3734 4806 salvi
3749 4747 3851 4815 fact!

2285 4837 2345 4876 su
2358 4830 2432 4875 nt.

2366 4892 2379 4942 ι
2434 4891 2543 4946 Deo
2570 4890 2659 4947 hic
2681 4889 2885 4946 omittit
2904 4889 3091 4947 Sabat.

2363 4962 2389 5001 Κ
2420 4962 2595 5036 Grmc.
2628 4963 2996 5036 κατελὰλησαγ.
3027 4960 3190 5036 _Vers.
3237 4961 3367 5036 Ant.
3408 4962 3599 5018 Loculi
3642 4966 3848 5036 sunt..."

2291 5044 2338 5090 et
2387 5034 2724 5090 attendit.....
2757 5046 2806 5088 et
2860 5034 3184 5091 audivit.....
3248 5034 3439 5088 librum
3486 5034 3782 5089 monumenti
3805 5039 3845 5075 ut

2292 5115 2569 5177 conspectu
2596 5121 2688 5159 suo
2720 5105 2799 5159 his
2820 5106 2909 5175 qui
2936 5107 3236 5160 timent.....
3262 5116 3309 5160 et
3333 5107 3424 5176 qui
3468 5114 3748 5162 reverentur
3769 5109 3845 5150 n0-

2291 5194 2407 5231 men
2435 5193 2569 5231 eius.

2366 5246 2383 5284 ι
2429 5246 2584 5301 Vers.
2616 5248 2745 5303 Ant.
2781 5247 2849 5301 Et
2875 5254 3027 5302 erunt
3057 5246 3309 5303 mihi.....

2378 5319 2574 5372 sicut...
2602 5320 2771 5387 ﬁlium
2799 5336 2983 5384 suum,
3012 5320 3099 5387 qui
3127 5319 3284 5373 servit
3313 5319 3379 5373 ei.
3413 5317 3481 5373 Et
3514 5311 3781 5374 convertar,
3807 5311 3843 5384 σς

2292 5389 2526 5443 videbitis
2554 5391 2679 5458 quid
2700 5393 2887 5445 sit.....
2916 5390 3175 5461 iniquum,
3206 5399 3255 5444 et
3282 5390 3537 5447 inter.....
3566 5399 3612 5444 et
3647 5399 3749 5442 eum
3771 5390 3839 5449 qu

2292 5477 2394 5515 non
2414 5462 2564 5515 servit
2591 5462 2657 5514 ei.

2362 5540 2401 5568 ιιι
2442 5531 2655 5586 Domini
2682 5532 2838 5587 abest
2885 5542 3008 5602 post
3048 5531 3160 5586 dies
3206 5542 3439 5603 utroque
3487 5532 3540 5588 in
3573 5532 3685 5587 loco
3709 5522 3837 5602 νειζεο

2290 5605 2419 5659 Ant.
2462 5604 2553 5675 ubi
2585 5620 2682 5673 pro
2712 5613 2767 5657 ut
2797 5612 3057 5659 sarmenta
3083 5603 3281 5675 legitur
3307 5604 3525 5674 stipula,
3560 5612 3733 5675 proca:
3757 5604 3833 5653 ets.

2292 5685 2350 5747 ut
2377 5676 2428 5729 in
2457 5674 2672 5742 Grieco,
2700 5676 2753 5729 in
2779 5676 2873 5741 eis,
2911 5685 2965 5729 et
2993 5690 3091 5747 pro
3112 5673 3251 5744 vitis,
3274 5690 3484 5741 ramus;
3507 5682 3563 5731 et
3598 5673 3693 5729 alia
3715 5676 3836 5735 (μηδ’

2291 5746 2414 5803 dam
2444 5748 2665 5803 minima
2696 5748 2931 5803 variant.

3362 5248 3414 5301 in
3448 5246 3842 5318 acquisitionemt
