4148 6186
385 150 495 207 873

1472 166 1607 225 PRO
1646 170 1918 233 SANC’I‘O
1956 174 2348 236 ATHANASIO
2386 179 2515 239 LIB.
2559 182 2600 238 I.

3591 206 3698 265 874

387 264 609 335 populus
633 264 816 333 plenus
843 270 1047 327 delictis
1070 280 1093 310 α
1123 315 1137 339 ,
1164 290 1336 332 semen
1382 281 1697 355 malignum,
1742 290 1842 357 ﬁlii
1882 292 1994 345 sine
2020 296 2069 353 Α
2100 308 2206 348 ηοη
2236 295 2382 351 scire
2417 297 2705 353 Dominum
2749 300 3006 370 Abrahae,
3033 304 3203 362 Deum
3231 308 3406 379 Isaac,
3427 313 3593 373 Deum
3611 320 3706 376 Ja-

383 358 513 432 lege,
540 360 892 433 dereliquistis
924 363 1227 435 Dominunt,
1280 381 1329 425 et
1374 376 1716 434 exacerbastis
1756 393 1990 438 sanctum

381 447 575 507 Israel.
609 453 733 511 Eris
759 471 980 528 semper
1004 474 1143 516 unus
1168 476 1233 517 ex
1263 463 1390 531 illis,
1433 468 1524 535 qui
1555 481 1781 538 propter
1803 476 1993 544 nequi-

382 543 485 597 tias
508 544 817 602 Studiorum
859 564 1084 607 suorum
1137 555 1477 625 principibus
1527 543 1902 619 Sodomorum
1934 574 1991 621 et

383 637 601 705 populis
622 637 944 698 Gomorrlne
958 656 1369 715 comparantur,
1385 649 1512 704 dum
1529 651 1851 722 dicitur(lb.
1876 656 1985 727 10):

381 728 571 784 Audite
598 732 804 786 verbum
827 733 1063 802 Domini,
1098 740 1359 809 principes
1384 743 1735 800 Sodomorum
1762 763 1780 802 :
1812 760 1987 804 atten-

380 821 485 878 dite
510 825 671 895 legem
704 824 730 863 δ
762 825 880 889 Dei.
907 829 1049 899 plebs
1076 828 1405 889 Gomorrhw.
1435 834 1569 891 Cum
1601 838 1713 895 illis
1740 842 1852 897 eris
1882 843 1987 897 nisi

381 925 433 971 te
462 919 789 985 correxeris,
821 922 887 976 de
916 924 1115 992 quibus
1138 927 1402 996 scriptum
1428 930 1604 1003 legisti
1640 932 1806 1006 (Ibid.
1840 936 1931 1006 ‘15)
1968 956 1981 992 :

381 1009 445 1065 Si
471 1010 937 1080 multiplicaveritis
960 1034 1133 1085 preces
1164 1032 1208 1085 ο,
1261 1039 1363 1077 ηοη
1391 1028 1667 1081 exaudiam
1698 1046 1784 1085 uos
1814 1047 1833 1085 :
1876 1049 1987 1087 ma-

378 1116 474 1154 nus
501 1101 638 1155 enim
664 1116 843 1160 uestra:
884 1110 1137 1179 sanguine
1172 1113 1338 1182 plena:
1364 1128 1502 1171 sunt.
1559 1119 1652 1176 ναξ
1680 1122 1797 1189 libi,
1827 1123 1985 1180 Con-

375 1193 565 1260 stanti,
596 1198 685 1265 qui
719 1206 920 1253 tantam
950 1200 1044 1257 Dei
1079 1202 1380 1262 incurreris
1432 1209 1721 1279 offensam,
1773 1228 1830 1270 ut
1876 1233 1980 1272 non

375 1284 565 1341 videre
589 1291 857 1358 pomisses
911 1296 1040 1363 quid
1084 1296 1178 1351 tibi
1226 1298 1419 1356 luisset
1473 1307 1798 1363 cavendum.
1849 1309 1982 1367 Cum

378 1378 527 1432 enim
563 1379 708 1435 dicat
738 1397 834 1438 ore
864 1385 1039 1442 Esaiae
1086 1389 1197 1446 illis
1230 1395 1619 1463 prophetarum
1666 1414 1980 1460 sanctorum

374 1474 971 1545 etouiniumjustorum
999 1482 1441 1543 interfectoribus
1466 1488 1631 1560 (Ibid.
1653 1492 1744 1564 i6)
1769 1512 1781 1548 :
1808 1494 1978 1551 Lava-

376 1564 524 1630 mini,
556 1569 735 1620 mundi
758 1580 935 1637 estote,
967 1576 1170 1645 auferte
1216 1580 1444 1633 malitias
1471 1582 1535 1635 ab
1562 1584 1788 1640 inimicis
1817 1586 1842 1623 ἀ
1871 1604 1981 1644 ves.

2097 385 2218 452 cob,
2288 386 2454 443 Deum
2513 392 2884 460 apostolorum
2917 437 2932 462 ,
2982 398 3149 454 Deum
3194 405 3581 476 prophetarum
3633 429 3697 471 ac

2096 487 2396 552 martyrum
2431 524 2447 549 ,
2506 484 2603 538 sed
2636 484 3005 543 idololatriam
3032 507 3128 560 per
3150 494 3339 550 Arium
3373 498 3645 557 inventam
3683 547 3698 567 ,

2094 579 2264 639 perte
2308 587 2441 627 vero
2496 575 2839 633 exaltatum?
2895 579 3166 653 Numquid
3216 602 3325 643 non
3368 602 3452 646 est
3507 597 3697 666 rapina

2092 677 2387 735 pauperum
2415 667 2533 722 haec
2558 669 2651 725 Dei
2680 687 2965 730 servorum
2991 678 3417 739 Christianorum
3443 687 3498 741 in
3529 688 3699 749 domo

2092 762 2205 819 tua,
2236 768 2461 828 propter
2491 777 2629 831 quos
2658 763 2836 835 legisti
2896 770 3161 841 scriptum
3192 792 3203 827 :
3238 774 3391 832 Beati
3439 799 3700 853 pauperes

2089 849 2298 918 spiritu,
2322 853 2569 921 quoniam
2594 855 2825 926 ipsorum
2857 870 2931 913 est
2962 879 3177 935 regnum
3206 869 3447 925 calorum
3470 872 3692 944 (Matth.

2090 954 2141 1006 ν,
2176 943 2279 1010 '5)?
2311 959 2432 999 cum
2462 948 2604 1003 scias
2646 961 2697 1005 te
2720 956 3115 1026 proscripsisse
3148 943 3486 1022 resistentes
3524 974 3693 1029 sacri-

2088 1032 2232 1105 legio
2262 1044 2375 1091 tuo.
2405 1037 2677 1108 Numquid
2705 1044 2893 1101 dicere
2937 1049 3169 1106 audebis
3204 1072 3216 1106 :
3252 1054 3375 1111 Non
3430 1060 3549 1128 feci,
3599 1081 3695 1120 nec

2087 1124 2224 1193 facio
2250 1127 2496 1199 injuriam
2523 1135 2717 1203 populo
2747 1135 2847 1191 Dei
2876 1139 2901 1191 ?
2934 1140 3000 1195 Et
3023 1144 3144 1211 quis
3168 1155 3369 1204 lautam
3396 1124 3691 1223 aliquando

2088 1217 2219 1274 fecit
2244 1233 2504 1291 quantam
2535 1226 2625 1279 tu?
2651 1230 2740 1298 qui
2769 1245 2948 1301 neque
2975 1237 3156 1290 omnia
3192 1254 3395 1308 genera
3449 1255 3689 1305 tormen-

2083 1321 2261 1368 torum
2288 1316 2574 1376 inferendo
2611 1322 2817 1379 desinis
2845 1336 2893 1391 ς,
2949 1344 3128 1400 neque
3157 1338 3306 1391 varie
3329 1342 3683 1408 puniendutu.

2082 1404 2365 1464 Noluimus
2391 1411 2738 1470 innocentem
2765 1427 3038 1490 tamquam
3064 1440 3217 1480 reum
3242 1432 3462 1500 punire,
3499 1453 3565 1493 ne
3586 1440 3689 1496 ista

2083 1509 2137 1555 et
2170 1517 2269 1556 uos
2295 1516 2602 1572 percuteret
2631 1513 2925 1582 sententia,
2958 1531 3080 1587 qua:
3106 1536 3203 1576 ore
3245 1525 3423 1581 adhuc
3455 1534 3694 1603 prophe-

2084 1601 2230 1649 tatur
2263 1596 2436 1653 Esaia:
2471 1599 2573 1667 (Is.
2596 1618 2656 1665 x,
2690 1603 2743 1674 1)
2777 1623 2788 1657 :
2856 1606 2947 1661 Va:
2977 1612 3318 1671 scribentibus
3357 1596 3636 1691 nequitiam
3666 1646 3689 1695 ;

2476 1657 2484 1667 π
2646 1657 2654 1665 '
2726 1657 2740 1674 I
2867 1657 2872 1658 ’
2905 1657 2939 1661 τ’
2978 1657 3317 1671 ’ν’-ν-η-ινυσυ
3357 1657 3636 1691 "equulqu
3666 1672 3684 1695 ’

374 1657 469 1712 tris
491 1671 614 1713 ante
634 1663 810 1717 oculos
834 1681 994 1733 meos,
1020 1666 1236 1724 desinite
1263 1690 1295 1725 a
1318 1673 1529 1728 malitiis
1560 1680 1761 1744 vestris,
1792 1680 1977 1737 discite
2007 1684 2054 1745 Β
2082 1686 2358 1743 scribentes
2380 1693 2517 1745 enim
2547 1696 2829 1764 nequitiam
2875 1701 3103 1757 scribunt
3130 1746 3144 1771 ,
3197 1708 3515 1770 declinantes
3532 1721 3690 1789 judi—

376 1753 562 1789 ‘snnum
591 1759 760 1789 (nan-nn
810 1759 1056 1789 Σκηιιῖ-ἒιη
1087 1764 1337 1789 ι..,ι;-;-....
1403 1769 1543 1789 -.._',__'.
1562 1787 1573 1789 _
1626 1771 1637 1782 ο
1664 1775 1697 1789 νο
1774 1773 1784 1784 ι
2123 1779 2133 1789 ι

375 1753 562 1807 bonum
586 1759 781 1826 facere,
810 1759 1056 1828 inquirite
1075 1764 1362 1835 judicium,
1392 1769 1576 1837 eripite
1619 1771 1870 1845 injuriam
1896 1791 1981 1828 ac-

373 1846 665 1915 cipientem,
714 1852 955 1922 judicate
976 1853 1178 1922 pupillo
1226 1866 1275 1910 et
1311 1859 1601 1930 justiﬁcate
1632 1862 1882 1929 viduam;
1911 1866 1979 1921 ad

374 1936 492 1993 haec
544 1948 597 1993 tu
634 1949 823 1995 contra
870 1943 1093 2012 juberes
1161 1949 1515 2006 trucidandos
1570 1954 1661 2009 Dei
1712 1956 1978 2025 cultores,

373 2032 552 2104 ipsum
582 2035 947 2092 deserendqu
977 2039 1170 2109 Deum,
1218 2044 1618 2113 suscipiendam
1648 2064 1779 2105 vero
1809 2049 1981 2106 idolo-

372 2124 584 2181 latriam
613 2144 626 2192 ;
658 2127 764 2183 hoc
789 2130 885 2184 fuit
912 2131 1132 2187 audisse
1163 2133 1255 2189 Dei
1282 2138 1513 2205 monita,
1561 2149 1616 2193 ct
1644 2139 1813 2196 fuisse
1858 2158 1979 2197 cor-

373 2228 599 2274 rectum.
633 2218 749 2287 Qua
776 2220 845 2276 de
873 2238 933 2277 re
985 2224 1128 2279 istud
1153 2226 1301 2296 cogis
1332 2242 1431 2283 nos
1466 2229 1693 2287 lacere?
1726 2234 1829 2288 nisi
1855 2235 1978 2305 quia

372 2311 448 2366 sis
476 2314 705 2383 cupiens
738 2330 837 2369 nos
872 2325 1046 2371 tecum
1078 2318 1257 2389 gladio
1280 2324 1527 2377 consumi
1561 2325 1583 2379 ?
1634 2324 1701 2379 Et
1728 2328 1773 2381 si
1800 2328 1976 2384 uolue-

370 2406 486 2461 ritis
512 2416 558 2471 θ,
589 2406 719 2463 dicit
743 2408 908 2476 Deus,
929 2422 975 2465 et
1004 2413 1351 2469 exaudieretis
1380 2433 1481 2483 me,
1524 2417 1658 2473 bona
1688 2430 1838 2475 terrm
1857 2422 1978 2478 ede-

374 2497 459 2551 tis.
494 2498 555 2554 Si
581 2516 696 2554 vero
727 2502 1019 2566 nolueritis,
1046 2521 1209 2572 neque
1225 2509 1568 2565 exaudieretis
1617 2528 1719 2579 me,
1766 2513 1977 2585 gladius

372 2604 460 2645 uos
492 2591 719 2645 comedet
746 2608 765 2647 :
789 2609 846 2647 os
871 2595 1009 2648 enim
1039 2593 1253 2651 Domini
1285 2599 1517 2654 locutum
1538 2612 1612 2656 est
1657 2603 1759 2657 ista
1801 2604 1970 2673 (Ibid.

377 2679 489 2753 l9).
538 2682 1400 2756 Cuiobtemperabimus,Deone
1459 2691 1577 2748 haec
1614 2693 1845 2761 dicenti,
1903 2713 1970 2752 an

373 2774 466 2829 tibi
497 2775 615 2844 ejus
646 2776 908 2834 inimico?
939 2780 1084 2836 Deus
1112 2782 1248 2838 dicit
1291 2784 1518 2852 Iudaeis,
1565 2798 1625 2843 ut
1648 2789 1763 2859 jam
1813 2790 1973 2848 dere-

372 2865 681 2935 linquerent
699 2885 920 2926 errores
952 2888 1105 2939 suos,
1138 2873 1442 2944 abjicerent
1486 2879 1718 2935 malitias
1747 2898 1875 2939 suas
1905 2900 1972 2941 ex

370 2957 625 3014 cordibus
654 2962 788 3026 suis,
819 2964 1097 3020 discerent
1127 2966 1328 3022 bonum
1359 2968 1560 3038 facere,
1589 2972 1793 3043 justum
1825 2976 1973 3047 judi-

368 3055 861 3124 carentjudicium.
893 3056 973 3113 Tu
999 3060 1201 3130 inquis,
1229 3060 1492 3118 Damnate
1517 3067 1728 3139 injuste.
1761 3070 1874 3138 Qua
1902 3071 1970 3128 de
1997 3077 2041 3141 C

371 3160 431 3200 re
460 3144 604 3201 istud
634 3147 833 3203 suades
860 3165 948 3205 me
976 3149 1157 3208 facere
1183 3154 1207 3208 ?
1258 3155 1361 3211 nisi
1392 3159 1519 3227 quia
1551 3161 1689 3215 velis
1718 3177 1804 3217 me
1828 3164 1973 3223 efﬁci

370 3236 663 3293 illiusmodi
697 3239 997 3307 hominem,
1030 3245 1222 3313 quales
1260 3246 1369 3301 sint
1402 3249 1504 3313 illi,
1559 3250 1626 3305 ad
1657 3268 1793 3322 quos
1818 3255 1973 3313 dixe-

370 3331 442 3385 rit
485 3330 629 3387 Dens
675 3331 842 3403 (Ibid.
895 3351 947 3389 Ill
976 3377 990 3402 ,
1025 3335 1116 3409 14)
1153 3355 1166 3392 :
1206 3336 1310 3393 Vos
1363 3350 1570 3407 autem,
1596 3343 1727 3399 dicit
1781 3346 1925 3404 Deus
1950 3390 1966 3418 ,

368 3424 493 3495 quid
518 3426 831 3481 succenditis
861 3426 880 3465 τ
906 3428 1104 3484 vineam
1128 3447 1313 3497 meam,
1338 3443 1388 3487 et
1404 3436 1591 3504 rapina
1609 3454 1891 3507 pauperum
1913 3444 1968 3497 in

368 3517 607 3572 domibus
632 3520 813 3573 uestris
833 3521 858 3574 ?
878 3522 1003 3589 quid
1024 3537 1112 3577 uos
1136 3523 1384 3597 injuriam
1404 3528 1577 3598 facitis
1594 3524 1790 3601 populo
1816 3544 1862 3587 et
1884 3538 1967 3605 fa-

367 3615 496 3671 ciem
526 3617 741 3688 inOpum
771 3622 1132 3691 confunditis?
1180 3623 1250 3679 Et
1276 3634 1333 3681 tu
1366 3627 1441 3682 ita
1470 3629 1587 3684 lucc
1616 3647 1677 3687 es
1708 3632 1912 3691 faciens
1946 3679 1963 3705 ,

368 3707 443 3762 ita
474 3720 667 3764 cuncta
690 3726 910 3782 gerens,
966 3730 1088 3784 quae
1119 3718 1244 3785 quia
1277 3717 1501 3789 faciant,
1550 3724 1860 3795 indignatur
1888 3728 1966 3784 fa-

365 3802 637 3859 cientibus
668 3821 683 3860 :
718 3815 992 3878 tamquam
1022 3810 1239 3875 placere
1262 3820 1315 3867 te
1348 3829 1452 3868 non
1485 3831 1647 3886 posse
1667 3820 1742 3875 sis
1763 3823 1963 3893 sciens,

369 3895 474 3950 nisi
504 3905 560 3951 et
599 3896 814 3953 Domini
859 3901 1245 3960 succendisses
1324 3905 1567 3975 vineam,
1625 3920 1683 3966 et
1718 3915 1963 3983 rapinam

366 4002 669 4059 pauperum
699 3992 1082 4050 constituisses
1103 3996 1244 4052 intra
1259 3997 1478 4054 domum
1507 4009 1676 4071 tuam,
1704 4014 1757 4061 et
1779 4008 1967 4065 multis

365 4082 544 4138 modis
573 4085 750 4140 servis
779 4085 873 4141 Dei
908 4088 1215 4159 irrogasses
1236 4090 1486 4162 injurias.
1512 4094 1621 4151 Aut
1642 4096 1827 4155 dicere
1853 4112 1967 4157 lens

365 4173 505 4230 tabis
530 4174 645 4232 hate
673 4177 857 4233 omnia
879 4186 934 4234 te
955 4195 1066 4235 non
1108 4180 1341 4238 fecisse?
1385 4183 1660 4256 Numquid
1714 4205 1822 4246 non
1847 4208 1969 4250 suc-

362 4268 596 4325 cendisti
623 4270 841 4327 vineam
889 4271 1129 4343 Domini,
1182 4276 1400 4346 quando
1451 4281 1680 4351 coegisti
1706 4299 1827 4340 eam
1852 4286 1964 4357 jam

2086 1779 2223 1832 cium
2252 1798 2562 1851 pauperum,
2588 1796 2637 1841 et
2665 1791 2923 1858 rapientes
2955 1795 3208 1852 iudicium
3236 1807 3494 1875 egentium
3518 1811 3686 1879 plebis

2084 1886 2229 1938 meat,
2263 1884 2320 1926 ut
2340 1874 2406 1928 sit
2427 1876 2532 1929 illis
2562 1878 2716 1932 uidua
2746 1881 2800 1934 in
2824 1886 3082 1954 rapinam,
3136 1900 3184 1945 et
3210 1896 3444 1964 pupillus
3473 1874 3527 1955 in
3546 1904 3686 1961 dire-

2084 1964 2314 2032 ptionem
2333 1983 2352 2020 :
2365 1970 2549 2037 etquid
2569 1974 2758 2041 facient
2774 1976 2826 2029 in
2845 1979 2979 2032 diem
2995 1977 3018 2016 ιλ
3041 1983 3367 2044 uisitationis.
3392 1991 3686 2056 Tribulatio

2082 2058 2220 2111 enim
2240 2076 2271 2110 a
2301 2062 2440 2115 vobis
2470 2064 2624 2137 longe
2646 2072 2991 2139 superueniet,
3017 2087 3065 2129 et
3102 2080 3172 2131 ad
3192 2097 3342 2151 quem
3366 2091 3637 2163 refugietis
3656 2096 3683 2149 ?

2082 2146 2201 2203 Non
2236 2156 2658 2222 temperavimus
2688 2158 2701 2195 ί
2752 2171 2845 2219 tuo
2871 2167 3107 2223 consilio
3128 2146 3434 2245 venenato;
3457 2146 3690 2254 cupien-

2084 2252 2166 2299 tes
2191 2246 2491 2318 confugere
2512 2251 2567 2306 in
2596 2256 2852 2312 omnibus
2884 2261 3331 2327 tribulationibus
3372 2246 3575 2335 nostris
3606 2294 3691 2339 at-

2080 2353 2186 2407 que
2212 2340 2582 2400 anxietatibus
2609 2348 2676 2402 ad
2698 2365 2845 2417 eum,
2876 2354 2944 2407 ad
2976 2372 3137 2425 quem
3164 2364 3476 2437 confugerit
3498 2373 3687 2446 illeju-

2079 2431 2244 2485 stitiae
2273 2444 2485 2490 amator
2513 2437 2566 2491 in
2598 2441 2855 2497 omnibus
2895 2447 3219 2514 probatione
3242 2431 3385 2522 ἰοὺ-ς
3416 2476 3522 2517 non
3550 2431 3683 2523 obe-

2079 2521 2316 2581 divimns
2347 2541 2628 2600 praecepto
2654 2543 2748 2587 tuo
2773 2536 3006 2605 crudeli,
3038 2543 3161 2611 quia
3194 2548 3532 2612 voluerimus
3564 2559 3691 2616 imi-

2082 2625 2286 2674 tatores
2335 2620 2567 2678 inveniri
2622 2626 2781 2684 istius
2817 2629 2908 2685 Dei
2956 2636 3103 2689 servi
3144 2636 3248 2694 Job
3295 2643 3530 2704 dicentis
3559 2651 3685 2721 (Job

2076 2727 2228 2778 XXIX,
2248 2713 2336 2781 12)
2360 2733 2373 2769 :
2394 2714 2635 2772 Liberaui
2652 2737 2934 2789 pauperem
2965 2725 3032 2782 de
3057 2744 3217 2785 manu
3246 2742 3493 2805 potentis,
3517 2713 3679 2802 et‘or-

2077 2804 2248 2873 phano
2260 2806 2348 2875 qui
2358 2809 2467 2862 sine
2479 2810 2545 2863 ad
2539 2813 2571 2881 j
2576 2813 2747 2867 utorio
2760 2826 2893 2883 erat,
2909 2835 3001 2889 ego
3020 2838 3164 2877 eram
3178 2827 3404 2899 adjutor.
3426 2804 3497 2890 0s
3512 2851 3683 2896 autem

2076 2897 2337 2954 uiduazme
2360 2918 2564 2971 semper
2581 2907 2859 2966 benedixit.
2891 2910 3110 2973 Iustitia
3123 2920 3257 2974 enim
3282 2940 3423 2980 eram
3446 2934 3676 3004 uestitus,

2073 2997 2121 3041 et
2146 3002 2422 3057 coopertus
2455 2997 2721 3068 judicium
2749 3000 2799 3068 i;
2827 3013 2875 3057 et
2920 3022 3061 3062 erant
3098 3015 3283 3069 oculus
3320 3035 3598 3097 ctecorum,
3629 3041 3680 3085 et

2074 3091 2220 3152 pater
2250 3085 2595 3156 inﬁrmorum,
2620 3092 2916 3162 iniquorum
2947 3111 3121 3155 autem
3150 3108 3317 3161 molas
3352 3085 3602 3188 confregi;
3636 3131 3685 3175 et

2078 3174 2351 3229 dentibusk
2368 3178 2580 3234 illorum
2595 3184 2832 3254 rapinam
2855 3188 3413 3269 abstuli.Etinfra(Ib.
3434 3174 3649 3281 έχκέλῆ
3676 3229 3690 3266 :

2077 3263 2291 3324 Positus
2317 3269 2331 3306 ι
2358 3289 2472 3327 sum
2528 3286 2723 3330 statera
2738 3282 2984 3350 justitiaz,
3017 3296 3064 3338 et
3106 3290 3201 3341 scit
3256 3263 3514 3353 Dominus
3556 3263 3684 3357 sim-

2076 3360 2357 3429 plicitatem
2379 3374 2418 3401 m
2448 3381 2637 3434 meam,
2660 3375 2905 3441 quoniam
2921 3393 3220 3450 numquam
3241 3402 3332 3455 pes
3362 3405 3506 3447 meus
3528 3412 3680 3452 επεν-α

2074 3457 2255 3511 rauita
2283 3459 2365 3513 uia
2390 3473 2554 3528 recta,
2584 3466 2677 3519 sed
2701 3483 2791 3522 nec
2832 3471 3016 3526 oculus
3038 3491 3182 3530 meus
3205 3487 3492 3553 conspexit.
3541 3490 3678 3559 ρυω

2070 3557 2157 3602 est
2179 3561 2326 3605 recta
2356 3553 2464 3618 via,
2484 3569 2513 3608 a
2546 3571 2649 3627 qua
2680 3573 2741 3613 se
2768 3562 2934 3616 refert
2953 3564 3232 3634 gloriosus
3257 3570 3361 3628 Job
3383 3592 3490 3633 non
3520 3553 3684 3640 deor-

2070 3644 2329 3703 bitavisse
2353 3649 2377 3703 ‘l
2402 3651 2589 3721 utique
2618 3654 2753 3719 haec,
2789 3671 2909 3727 qua:
2935 3674 3037 3716 nec
3067 3661 3422 3726 innocentem
3457 3674 3680 3737 interfe-

2070 3739 2168 3805 cit,
2198 3756 2300 3797 nec
2328 3743 2494 3799 alium
2524 3747 2629 3800 scit
2654 3748 2825 3804 Deum
2870 3767 2884 3816 ;
2918 3754 3045 3822 quia
3087 3771 3191 3813 nec
3227 3762 3335 3816 scit
3370 3767 3479 3823 nisi
3504 3771 3677 3831 Deum

2071 3831 2388 3901 angelorum
2415 3836 3005 3912 archangelorumque,
3030 3860 3194 3915 quem
3243 3866 3351 3906 nou
3384 3870 3546 3925 pos.~e
3574 3880 3673 3923 nos

2066 3923 2237 3978 sentis
2258 3925 2470 3996 eripere
2495 3928 2564 3984 de
2593 3938 2681 3985 tua
2701 3942 2974 4001 potestate
3030 3936 3260 4005 Quando
3282 3923 3426 4001 enim
3448 3950 3586 4008 dicis
3604 3956 3673 4012 de

2070 4016 2174 4072 fide
2196 4017 2371 4075 beatae
2418 4020 2721 4078 Ecclesiae:
2756 4025 2820 4081 Si
2865 4029 3125 4085 catholica
3151 4044 3226 4087 est
3246 4040 3387 4102 apud
3432 4041 3670 4104 Nicaeam

2068 4111 2326 4183 descripta
2346 4114 2496 4185 ﬁdes,
2526 4118 2717 4187 eripiat
2737 4136 2823 4175 eos
2845 4121 2899 4176 in
2929 4141 3079 4193 quem
3105 4129 3438 4190 crediderunt
3464 4139 3529 4194 de
3556 4160 3670 4199 mea

2069 4212 2357 4271 potestate;
2389 4222 2497 4261 non
2526 4206 2729 4266 habere
2758 4212 2947 4283 utique
2975 4216 3151 4273 virum
3195 4220 3261 4276 ad
3320 4226 3667 4299 eripiendum

2069 4308 2169 4349 nos
2198 4297 2267 4352 de
2296 4300 2549 4356 manibus
2573 4303 2681 4359 tuis
2708 4304 2877 4360 Deum
2902 4306 3062 4376 dicis,
3116 4326 3225 4369 non
3254 4297 3423 4385 posse
3452 4332 3504 4380 te
3528 4335 3675 4385 stare

715 4481 845 4590 “‘1;
880 4480 1958 4590 .f?ff.‘§f.‘.f:.'.3'.‘...’ff"£?..'?tzz:':..fff’fff?:
1990 4499 2047 4560 υ
2144 4497 2167 4590 ξ’
2212 4499 2280 4590 1:!
2294 4501 2618 4590 μείξειειίη·
2653 4508 2729 4589 υ.ιί
2758 4508 3110 4590 Inﬂabat;
3136 4526 3203 4590 ει,
3227 4527 3311 4573 εει
3332 4521 3384 4577 in
3412 4526 3622 4590 amco.
3666 4546 3667 4549 ~

366 4551 767 4619 reliquistis.....
799 4562 846 4608 et
880 4552 934 4607 in
959 4553 1369 4625 indignationem
1391 4551 1609 4614 'misistis
1636 4560 1786 4615 illum
1814 4551 1963 4619 sane;
1990 4551 2037 4560 ’⁷
2211 4551 3655 4664 ei?"EbrinipiiaﬁmuEi'TﬁT‘éi1563211575335,

369 4632 508 4664 tum-
542 4634 627 4664 ριί·
2066 4650 2122 4664 .-ι
2156 4658 2206 4664 _..
2264 4660 2274 4664 -
2367 4645 2401 4664 ο
2470 4646 2507 4664 η
2548 4650 2560 4664 .
2666 4658 2676 4664 .

368 4632 649 4721 ("T’re‘c'
732 4693 771 4721 ιι
810 4696 821 4707 ~
929 4706 941 4721 .
996 4697 1006 4707 -
1094 4697 1165 4721 ρ-
1226 4714 1283 4721 --
1342 4701 1387 4721 ιν
1558 4706 1575 4721 .
1637 4716 1649 4721 -
1733 4705 1777 4721 .,
1847 4708 1858 4721 ,
2066 4632 2620 4721 υι,ἱη.1ἰι).-2,ῌΙ²ξὶιιεο
2660 4658 3083 4721 temperassemus
3110 4660 3334 4718 crimini.
3380 4632 3427 4650 ω
3459 4632 3657 4677 νωυ⁶’

438 4692 465 4731 ι)
507 4691 691 4765 Legem
724 4693 844 4759 Dei,
889 4706 946 4750 ut
994 4697 1047 4751 in
1093 4697 1307 4756 Graeco.
1342 4701 1499 4760 Vers.
1544 4706 1674 4763 Ant.
1733 4705 1959 4762 Verbum

367 4762 602 4835 Domini,
634 4767 877 4835 papulus,
907 4774 1013 4822 etc.

441 4846 463 4914 ξ
505 4834 663 4914 γεγε.
696 4834 836 4914 ςΑυι.
856 4838 932 4914 _St'
958 4840 1313 4914 multiplicetur
1344 4863 1565 4914 precem.

434 4903 462 4942 (ι
504 4908 800 4961 Animabus.
855 4909 1033 4977 Latin,
1074 4903 1129 4967 et
1176 4903 1404 4972 Galan'd.
1467 4928 1527 4974 ut
1576 4920 1629 4976 in
1678 4920 1871 4977 Graeco
1895 4932 1952 4978 et

365 4976 524 5063 Verls.
568 4983 693 5033 Aut.
743 4976 1025 5051 Nequitias
1044 4985 1107 5038 ab
1151 4988 1337 5063 animis
1373 4994 1627 5063 uestris,a
1674 4976 1951 5063 conspectu

363 5050 631 5137 oleulorum
664 5050 1032 5137 ‘meorum.....
1080 5060 1448 5123 exquirite.....
1496 5050 1828 5119 liberate....'.
1856 5068 1950 5137 ju-

364 5118 533 5174 dicate
559 5123 815 5189 orpltano,
842 5131 949 5179 etc.

438 5200 461 5226 ο
502 5191 955 5274 ριξενᾳτηξὶιθνίθρ
984 5212 1104 5259 qua:
1154 5213 1373 5257 sensum
1422 5221 1528 5261 non
1582 5214 1822 5274 vertunt,
1856 5223 1951 5263 va-

362 5262 507 5316 riant
536 5266 621 5317 hic
645 5264 697 5317 in
733 5264 885 5319 Vers.
921 5266 1048 5321 Ant.

438 5332 465 5416 ί.
500 5333 656 5417 Venrst:
691 5339 817 5390 Ant.
835 5337 915 5417 Ad
938 5340 1063 5417 quid
1089 5340 1476 5417 ineenditis.....
1509 5359 1557 5402 et
1585 5352 1783 5417 rapina:
1808 5369 1950 5407 men-

361 5402 720 5549 dici....?rCur
750 5423 836 5462 uos
867 5402 1054 5464 (ceditis
1099 5415 1345 5483 populum
1383 5402 1950 5478 meum....rvmendivco-

360 5491 477 5529 rum
500 5493 593 5531 con
626 5517 640 5531 .

434 5557 459 5594 8
500 5548 1061 5631 Pro_in[er_re'_desinis,
1094 5555 1186 5609 ubi
1209 5558 1533 5624 gerundium
1565 5576 1662 5631 pro
1685 5564 1953 5621 infinitivo

363 5620 800 5703 usurpaghiTil.
824 5622 1001 5679 Locus
1016 5635 1194 5703 autem
1216 5620 1326 5682 non
1359 5620 1577 5703 videtur
1600 5635 1845 5703 mutilus,
1878 5620 1956 5694 uti

361 5702 551 5748 censet
576 5691 844 5763 Latinius,
873 5711 974 5752 nec
1004 5698 1182 5767 nobis,
1215 5714 1392 5772 neque
1412 5701 1701 5763 Galandio.

640 5787 914 5852 Ρηιιοι..
966 5791 1137 5855 XIII.

2138 4714 2151 4763 i
2205 4714 2308 4769 Pro
2326 4716 2560 4815 judicio,
2593 4714 2835 4815 intrauit?
2861 4724 3022 4815 dixit,
3043 4714 3407 4815 indu-tiamne
3443 4759 3542 4815 pro
3567 4769 3656 4808 αν..

2059 4784 2181 4879 mis,
2205 4784 2360 4879 morLe
2403 4790 2580 4879 Graec.
2627 4784 3080 4879 Til..Vers.__Ant.
3128 4784 3652 4879 εδδβῖἶδὲυἵ¹ξῆᾇῖ

2057 4856 2242 4937 mgde,
2272 4857 2363 4913 ubi
2392 4861 2639 4930 quaedam
2689 4866 2854 4922 etiam
2896 4867 3002 4924 alia
3052 4856 3185 4931 sane
3208 4856 3648 4951 Ίὲνῖῖἰῖἷέτέξ

2054 4936 2217 4982 ﬂant.

2127 4996 2506 5101 5:21“
2541 5005 2669 5101 lggit
2696 5008 2909 5101 ﬁebat.
2935 5010 3098 5101 γει-εἶ
3124 5017 3565 5101 Αηξηϐιιιεοναητ,
3601 5050 3655 5093 ει

2057 5085 2143 5151 pes
2168 5070 2497 5175 claudq'rum.
2548 5070 2663 5149 Ego
2688 5095 2829 5133 eram
2880 5094 3029 5168 pater
3078 5070 3648 5175 inualidoruin':

2057 5156 2189 5175 ’.⁸1Μ
2241 5160 2337 5175 ’,κη
2414 5163 2517 5175 ..ΛΜ
2566 5164 2804 5175 una---“
2868 5161 3057 5175 γ--κηΑκθ
3098 5160 3109 5170 ⁸
3190 5159 3226 5175 n
3307 5167 3325 5175 ⁸
3417 5168 3428 5175 ”

2053 5141 2191 5223 cium
2239 5144 2377 5214 quod
2414 5163 2531 5236 non.
2566 5141 3128 5236 nbuetzam,.t:':cqttisiri.
3171 5141 3428 5236 Con/regi
3459 5141 3645 5235 ’ἥιὲῖᾶε

2055 5212 2368 5296 iniquorum,
2401 5227 2451 5272 et
2496 5219 2562 5272 de
2607 5221 2774 5277 medio
2811 5212 3040 5281 dentium
3079 5212 3649 5307 eoru’n‘raiinééwéﬁ

2054 5286 2199 5338 torsi.

2137 5352 2153 5391 ¹
2197 5354 2642 5443 ϐττιδρηέσταμαι.
2678 5364 2835 5421 Vers.
2864 5368 2990 5422 Ant.
3016 5368 3293 5442 Appendat
3338 5394 3420 5435 me
3461 5386 3515 5442 in
3536 5402 3646 5451 sta-

2058 5435 2168 5480 tera
2194 5432 2506 5496 atquissima.

2133 5500 2367 5582 m.v,.rs,
2402 5503 2544 5594 Ant;
2562 5504 2675 5586 Scit
2698 5516 2991 5594 autem...“
3026 5511 3437 5594 innocentiam...
3479 5533 3642 5594 side.

2059 5570 2218 5669 μικξὶι
2241 5590 2330 5656 pes
2348 5589 2486 5626 uicus
2510 5574 2573 5628 de
2592 5577 2923 5669 via.(abs'nue
2941 5593 3119 5647 recta;
3140 5584 3194 5640 in
3221 5570 3437 5666 Graeco;

2061 5646 2190 5713 usu),
2218 5655 2263 5699 et
2284 5646 2330 5699 si
2354 5656 2584 5701 secutum
2610 5657 2684 5703 est
2704 5646 2917 5706 oculum
2945 5668 3035 5709 cor
3060 5646 3248 5714 meum.

3078 5822 3158 5887 28
