4148 6186
365 235 474 292 8τῖ

1452 232 1591 291 ιδιω
1629 232 1903 291 SANCTO
1941 229 2342 290 ATHANASIO
2381 232 2510 292 LIB.
2555 234 2596 292 l.

3565 245 3676 302 878

361 349 584 404 diabolo
613 350 872 420 consequi
903 364 1071 421 regna
1115 349 1385 416 coelestia,
1443 349 1549 404 nisi
1577 351 1870 410 credentes
1915 350 1972 406 in
1998 354 2048 414 Α
2076 349 2300 422 gaudere
2350 349 2546 420 impiis.
2596 348 2706 406 Aut
2754 349 2979 420 negabis
3022 359 3082 408 te
3125 352 3351 424 impium
3380 356 3476 414 Dei
3502 360 3681 415 culto-

363 439 582 496 Patrem
613 450 671 496 et
696 441 752 496 in
777 441 974 496 Filium
998 451 1054 497 et
1081 443 1135 497 in
1161 443 1422 511 Spiritum
1470 450 1740 497 sanctum.
1794 443 1964 513 Igitur

363 535 408 590 si
435 535 508 590 ita
541 535 596 590 hi
627 535 906 591 credendo
931 536 1226 602 vicerunt,
1277 535 1370 606 qui
1417 542 1544 605 post.
1571 535 1782 590 Domini
1817 535 1964 589 unici

364 628 488 684 Filii
517 629 608 683 Dei
638 628 928 684 adventum
961 628 1339 693 crediderunt,
1396 629 1560 683 crede
1606 627 1732 697 quia
1757 635 1814 683 et
1837 637 1964 683 ante

361 723 658 778 adventum
680 722 823 791 ejus,
850 720 945 793 qui
981 722 1232 777 vicerunt
1281 720 1581 782 diabolum,
1649 735 1758 774 non
1807 720 1967 776 aliter

362 814 742 880 crediderunt,
766 830 927 885 quam
958 815 1236 886 quomodo
1263 814 1428 870 hodie
1455 814 1753 869 credimus.
1780 813 1966 884 Neque

362 909 510 964 enim
542 908 735 962 Daniel
783 907 994 968 leones.
1033 915 1090 962 et
1121 918 1235 963 tres
1263 908 1420 978 pueri
1451 908 1738 964 vincerent
1767 907 1921 977 ignes
1949 950 1964 974 ,

363 1005 470 1060 nisi
495 1003 623 1074 quia
649 1001 940 1058 credentes
969 1001 1223 1066 fuissent,
1256 1012 1314 1056 ut
1353 1001 1520 1058 hodie
1560 1001 1735 1056 credit
1774 1001 1967 1058 Eccle-

360 1095 464 1152 sis.
493 1093 624 1150 lude
644 1093 882 1164 denique
909 1092 1140 1149 Abram:
1181 1092 1346 1148 fidem
1373 1101 1636 1161 provocat
1662 1093 1964 1162 apostolus,

365 1187 604 1259 probans
633 1187 963 1242 auctoritate
989 1200 1124 1241 usus
1173 1201 1452 1240 sacrarum
1485 1185 1790 1240 litteratum
1820 1227 1834 1250 ,
1888 1186 1969 1240 sic

360 1280 663 1337 credidisse
695 1281 971 1336 Abraham
995 1321 1009 1347 ,
1068 1279 1348 1352 quomodo
1377 1297 1520 1334 nunc
1546 1279 1716 1336 fuerit
1735 1278 1970 1335 credens

363 1373 590 1442 Paulus,
618 1383 748 1429 tunc
774 1389 908 1430 vero
951 1389 1009 1428 se
1053 1373 1222 1429 fuisse
1266 1374 1436 1428 lilium
1483 1375 1580 1428 ira:
1631 1387 1920 1429 erroneum
1953 1411 1968 1438 ,

361 1468 580 1538 quando
620 1482 748 1521 cum
791 1466 999 1522 Judzeis
1044 1468 1278 1538 negabat
1319 1467 1538 1522 unicum
1591 1466 1690 1521 Dei
1745 1464 1965 1520 Filium.

361 1559 499 1616 Cum
532 1560 650 1615 hac
677 1561 747 1615 ita
778 1561 908 1626 sint,
944 1561 1175 1616 obsecro
1203 1569 1256 1614 te
1282 1559 1469 1628 utjam
1499 1568 1690 1614 contra
1737 1558 1829 1613 Dei
1871 1557 1967 1611 do-

366 1671 518 1711 mum
548 1669 744 1725 gerere
798 1669 1032 1725 pugnam
1091 1652 1333 1716 desinas.
1389 1653 1735 1723 accipiasque
1787 1650 1972 1706 horta-

2066 455 2205 506 rem,
2235 456 2360 497 cum
2388 453 2440 497 te
2471 459 2577 496 non
2610 458 2776 513 neges
2802 442 3042 502 lusorem
3083 446 3412 515 sanguinis?
3463 449 3674 508 Deinde

2064 533 2110 588 si
2169 542 2416 603 tempore
2470 525 2806 605 ieiuniorum
2851 535 3103 591 subditos
3131 537 3258 605 quia
3301 542 3678 605 percusseriut

2064 627 2283 697 pugnis,
2313 637 2368 682 et
2393 629 2518 683 aliis
2549 628 2872 696 iniuriarum
2901 629 3198 699 generibus
3229 632 3494 700 lteseriut,
3541 650 3676 692 con-

2066 725 2145 773 tra
2175 734 2272 774 eos
2303 720 2618 791 hujusmodi
2653 722 3061 792 increpatioues
3092 724 3322 793 protulit
3354 726 3522 794 Deus,
3546 746 3681 800 qua-

2066 810 2174 866 lem
2203 822 2396 866 contra
2421 827 2523 866 nos
2554 815 2872 882 protulisset
2898 815 2942 868 si
2972 824 3167 870 contra
3187 829 3458 889 praecepta
3475 821 3677 878 divina:

2064 905 2460 974 magnitudinis
2486 906 2607 975 ejus
2638 906 3030 964 damnaremus
3073 909 3378 978 inauditum
3404 953 3423 981 ,
3473 915 3675 972 absen-

2070 1005 2176 1050 tem
2198 1004 2255 1051 et
2283 995 2508 1066 quidem
2537 996 2930 1052 innocentem?
2959 997 3070 1053 Nec
3099 999 3146 1052 si
3167 1001 3345 1069 flectas
3373 1001 3391 1042 ί
3425 1016 3482 1058 ut
3503 1009 3676 1062 circu-

2071 1094 2177 1148 lum
2200 1097 2449 1150 cervicem
2470 1106 2632 1157 tuam,
2663 1108 2710 1150 et
2743 1099 2992 1164 cilicium,
3022 1109 3070 1153 et
3103 1101 3327 1154 cinerem
3354 1102 3673 1168 substernas,

2071 1204 2159 1241 nec
2201 1190 2276 1243 sic
2307 1190 2555 1244 uocabitis
2597 1192 2867 1263 jejunium
2909 1203 3184 1261 acceptum
3235 1193 3346 1264 (llr.
3387 1209 3543 1258 Lvm,
3597 1195 3678 1264 5).

2068 1279 2355 1337 Cernimus
2380 1298 2478 1352 per
2501 1283 2646 1339 hanc
2667 1285 3148 1340 comminationem
3177 1299 3380 1355 quanta
3403 1302 3526 1343 esse
3551 1304 3678 1357 pos-

2069 1375 2142 1430 sit
2169 1376 2433 1432 adversus
2455 1393 2554 1433 nos
2582 1379 2672 1434 Dei
2691 1381 2788 1445 ira,
2811 1380 2857 1432 si
2882 1379 3238 1436 innocentem
3265 1380 3679 1439 damnaremus.

2072 1466 2129 1520 Si
2155 1466 2299 1521 enim
2343 1477 2589 1538 tempore
2632 1469 2969 1538 ieiuniorum
3023 1474 3225 1542 pugnis
3251 1473 3500 1529 subditos
3529 1475 3686 1530 nobis

2072 1561 2536 1628 percusserimus,
2590 1562 2772 1618 taliter
2821 1563 3140 1634 indignatur
3165 1566 3453 1634 Dominus,
3477 1579 3681 1639 quanto

2073 1653 2248 1724 magis
2271 1652 2316 1708 si
2345 1653 2462 1722 ejus
2487 1653 2730 1710 cultores
2753 1659 3050 1712 maetaveri
3063 1674 3185 1713 mus
3207 1661 3220 1713 l
3264 1659 3322 1716 Si
3356 1661 3550 1730 pugnis
3573 1677 3681 1717 nou

363 1754 550 1802 menta
571 1746 838 1811 celestis;
863 1761 983 1816 qua:
1013 1753 1067 1801 te
1102 1745 1408 1816 perducere
1439 1747 1650 1814 possint
1678 1743 1747 1800 ad
1777 1759 1970 1800 conse-
2001 1738 2049 1800 Β
2078 1743 2206 1798 licet
2233 1743 2369 1799 mihi
2416 1756 2710 1814 percutere
2737 1747 2988 1804 subditos
3041 1759 3290 1820 tempore
3311 1751 3644 1822 ieiuniorum
3667 1794 3682 1821 ,

364 1839 636 1910 quendam
668 1839 901 1894 salutem
934 1849 1280 1911 perpetuam.
1318 1837 1429 1894 Ore
1459 1839 1647 1908 accipe
1674 1854 1796 1908 qua:
1824 1838 1970 1892 dicat

364 1934 434 1988 ad
460 1947 557 1988 vos
579 1931 734 1988 lsaitc
757 1934 904 1988 Deus
931 1931 1031 2004 (Is.
1067 1949 1211 2002 XLVI,
1242 1934 1367 2002 i2):
1393 1934 1584 1988 Audite
1602 1951 1703 2000 me,
1744 1935 1836 2003 qui
1858 1949 1973 2004 per-

366 2027 578 2080 didistis
604 2043 694 2080 cor
721 2039 946 2080 vestrum
975 2035 1025 2094 ⁸,
1055 2029 1144 2094 qui
1161 2029 1317 2098 longe
1338 2029 1462 2082 estis
1484 2045 1515 2081 a
1529 2029 1760 2102 justitia.
1798 2032 1904 2082 Ant
1925 2030 1969 2083 si

365 2135 462 2176 cor
487 2130 638 2176 tuum
679 2131 856 2176 tecum
884 2131 989 2187 est,
1041 2121 1088 2176 si
1119 2138 1227 2176 non
1254 2138 1283 2176 a
1310 2121 1526 2192 jnstitia
1559 2137 1620 2177 es
1650 2123 1828 2192 longe,
1874 2137 1970 2176 cur

367 2213 508 2269 dicis
536 2213 697 2269 nobis
752 2213 846 2268 Dei
896 2214 1276 2270 sacerdotibus
1321 2233 1334 2270 :
1373 2214 1631 2270 Damnare
1671 2216 1932 2270 absentem
1955 2257 1968 2281 ,

368 2307 552 2376 punite
571 2306 891 2360 innocentem
911 2307 938 2360 ?
985 2306 1040 2361 Si
1074 2307 1222 2361 enim
1247 2321 1344 2361 eor
1378 2317 1526 2360 tuum
1557 2321 1665 2360 non
1697 2306 1926 2360 amisisti
1956 2347 1970 2371 ,

367 2399 669 2469 ctjustitiaa
699 2409 854 2454 tenes
881 2401 1046 2462 viam,
1078 2415 1179 2455 cur
1199 2415 1306 2455 non
1341 2401 1547 2455 retines
1577 2400 1840 2470 scriptum
1862 2398 1972 2471 (Ib.

370 2508 480 2558 ινι,
507 2493 600 2564 1):
632 2492 904 2548 Custodi“
915 2493 1200 2567 judicium,
1229 2494 1384 2564 facite
1416 2494 1678 2566 justitiam
1713 2510 1732 2546 :
1777 2509 1972 2562 appro-

373 2588 532 2658 piarit
554 2586 586 2626 ιι
609 2589 744 2642 enim
763 2589 998 2642 salutare
1010 2604 1178 2642 meum
1204 2588 1448 2642 advenire
1474 2627 1487 2653 ,
1533 2598 1580 2644 et
1626 2587 1976 2642 misericordia

371 2696 488 2735 mea
515 2680 755 2735 revelari.
781 2679 976 2735 Beatus
997 2681 1075 2734 vir
1095 2682 1181 2750 qui
1210 2680 1333 2751 facit
1365 2695 1477 2734 eam
1523 2691 1568 2744 ο,
1605 2689 1654 2734 et
1693 2680 1848 2733 homo
1889 2679 1978 2748 qui

370 2777 705 2849 amplectitur
735 2794 869 2846 eam,
899 2778 1114 2832 sabbata
1138 2793 1253 2830 mea
1279 2793 1384 2831 non
1412 2776 1632 2841 uiolare,
1679 2774 1978 2829 custodiens

369 2884 555 2922 manus
577 2884 700 2923 suas
726 2885 792 2922 ne
813 2868 972 2939 faciat
994 2868 1304 2937 iniustitiam
1337 2867 1406 2922 Et
1429 2867 1627 2922 iterum
1650 2864 1814 2937 (Ibid.
1847 2879 1974 2930 LVII,

371 2960 472 3031 2i)
495 2979 508 3016 :
544 2959 670 3016 Non
689 2971 766 3016 est
783 2960 810 2999 ἀ
838 2961 1067 3033 gaudere
1085 2961 1282 3030 impiis,
1307 2959 1432 3013 dicit
1457 2957 1730 3012 Dominus.
1783 2954 1978 3012 Excla-

373 3055 534 3110 Μαίη
556 3057 766 3120 virtute,
817 3070 882 3110 ne
930 3070 1119 3124 pareas
1142 3067 1162 3106 :
1190 3054 1323 3108 sicut
1378 3051 1516 3107 tuba!
1543 3060 1567 3088 ο
1594 3052 1763 3106 exalto
1804 3065 1979 3103 uocem

373 3160 538 3216 tuam,
566 3159 614 3204 et
643 3149 894 3204 annuntio
937 3149 1134 3220 populo
1181 3163 1296 3202 meo
1323 3155 1535 3218 peccata
1556 3160 1732 3200 eorum
1753 3161 1772 3210 ;
1801 3152 1851 3198 et
1880 3143 1975 3196 do-

373 3245 482 3299 mui
507 3243 670 3299 Iacob
689 3245 993 3314 iniquitates
1015 3259 1137 3298 suae
1169 3257 1186 3297 :
1212 3257 1293 3296 me
1341 3242 1406 3295 de
1461 3240 1544 3294 die
1572 3241 1627 3293 in
1667 3238 1802 3293 diem
1834 3252 1972 3308 quae.

372 3346 515 3402 rant,
542 3348 590 3392 et
611 3339 743 3394 scire
763 3338 870 3392 aias
902 3353 1044 3392 meas
1080 3336 1280 3400 uolunt,
1325 3345 1586 3405 tamquam
1624 3331 1851 3404 populus
1884 3331 1970 3400 qui

363 3431 628 3502 justitiam
649 3431 826 3500 fecerit
846 3441 896 3485 et
898 3430 1161 3504 judicium
1177 3427 1269 3483 Dei
1285 3444 1386 3482 non
1401 3425 1750 3495 dereliquerit.
1779 3422 1973 3478 Petunt

373 3542 405 3580 a
426 3540 508 3580 me
531 3541 668 3580 nunc
677 3525 943 3599 judicium
948 3530 1172 3599 justum,
1206 3531 1256 3579 et
1273 3522 1586 3594 appropiare
1628 3519 1738 3574 Deo
1764 3518 1969 3573 deside.

373 3626 491 3672 rant
521 3616 630 3689 (Ib.
655 3629 807 3684 Lvm,
835 3619 909 3690 1).
937 3618 1134 3688 Quam,
1155 3615 1360 3682 infelix,
1389 3629 1542 3687 spem
1567 3614 1769 3669 habere
1792 3621 1968 3682 potes,

374 3710 478 3765 uisi
512 3711 883 3781 pmnitentiam
914 3709 1183 3765 malorum
1213 3719 1426 3764 tuorum
1460 3707 1722 3763 factorum
1753 3703 1972 3776 egeris?

373 3816 500 3859 cum
527 3803 718 3859 audias
743 3804 915 3860 Deum
944 3803 1132 3859 dicere
1161 3799 1327 3875 (Ibid.
1369 3817 1500 3868 nn,
1531 3801 1626 3872 2i)
1660 3818 1674 3855 :
1726 3797 1851 3854 Non
1894 3805 1968 3852 est

375 4022 664 4082 sitionibus
717 4021 886 4078 utitur
911 4064 925 4088 ,
960 4031 1019 4077 nt
1066 4022 1335 4076 coarianos
1389 4029 1534 4085 tuos,
1564 4016 1972 4088 compestilentes

377 4106 512 4156 tuos.
541 4094 981 4164 contblasphemos
1006 4104 1140 4159 tuos,
1170 4102 1499 4162 coapostatas
1530 4101 1663 4157 tuos,
1698 4099 1749 4145 et
1779 4088 1865 4144 his
1896 4089 1970 4142 si-

374 4167 617 4224 milibus.
654 4166 758 4220 Til.
789 4175 837 4220 et
867 4166 916 4220 la
945 4166 1132 4220 Corda.

399 4275 412 4289 .
448 4247 476 4279 ει
525 4236 764 4294 Vestrum
788 4238 942 4294 abest
968 4255 994 4290 a
1018 4237 1216 4296 Graeco
1241 4249 1295 4292 et
1327 4235 1486 4292 Vers.
1521 4233 1649 4289 Aut.

448 4310 475 4385 ξ)
516 4309 621 4385 Pro
653 4310 1080 4385 appropinquavit
1101 4309 1248 4367 dicit.
1275 4316 1328 4385 et
1349 4305 1591 4385 aduenire
1622 4317 1720 4373 pro
1740 4302 1964 4385 advenit,

374 4375 696 4438 infinitivus
721 4375 1110 4451 "properlecto:
1138 4389 1190 4434 et
1209 4377 1367 4448 paulo
1390 4375 1972 4451 inferius,_approp_iare

375 4453 489 4510 Deo
517 4443 917 4538 desiderantii‘d
959 4443 1396 4538 eitnpercitpiu’nt
1435 4443 1790 4538 prouim‘i'mtz
1834 4443 1966 4538 Deo,
1996 4473 2048 4538 Β

376 4523 795 4600 (ψητορὶηφιανε
837 4522 966 4600 Deo.
996 4515 1102 4578 Til:
1130 4533 1184 4579 et
1227 4515 1280 4576 la
1321 4515 1484 4600 Certi.
1532 4515 1588 4600 lu
1632 4516 1789 4600 vers.
1835 4515 1964 4600 Ant.

380 4545 408 4580 a
448 4545 795 4596 propinquare
837 4545 966 4578 υεο.
1007 4545 1102 4578 ιιι.
1130 4545 1184 4579 8|.
1228 4545 1280 4576 lu
1321 4545 1484 4577 beru.
1532 4545 1588 4578 ut
1642 4545 1786 4573 scre.
1835 4545 1964 4571 nus.

380 4545 518 4664 ditia
536 4595 695 4670 juxta
734 4604 811 4670 est
836 4596 979 4670 salus
1012 4612 1156 4670 mea.
1188 4604 1244 4670 ut
1286 4593 1478 4670 ueniat,
1517 4599 1571 4646 et
1615 4587 1968 4670 misericordia

377 4660 492 4722 mea
521 4660 576 4721 ut
612 4667 880 4722 reveletur.
917 4666 1024 4722 Sed
1073 4664 1246 4722 Lucil.
1278 4663 1521 4720 Graecam
1556 4660 1824 4733 syntaxim
1853 4675 1970 4714 om-

377 4739 509 4814 nino
538 4739 826 4814 sequitur_:
852 4735 1182 4814 f'Hy-ytzrya'tp
1203 4738 1262 4814 τὸ
1292 4734 1538 4814 σωτήριόν
1563 4755 1660 4806 μου
1692 4734 1970 4810 παραγίνε-

379 4812 502 4868 σθαι
516 4814 650 4884 ικαὶ
672 4814 732 4884 τᾷ
759 4809 1020 4884 aerigitato
1049 4809 1471 4884 ἀᾶιξοᾶιαλυφθῆναὶ.

454 4892 476 4922 ο
521 4879 675 4936 Vers.
702 4880 830 4938 Ant.
857 4876 1008 4948 Hice,
1033 4892 1077 4936 et
1101 4882 1252 4936 homo
1278 4876 1366 4949 qui
1393 4878 1578 4932 retinet
1607 4876 1705 4930 ista
1737 4891 1754 4928 :
1781 4883 1830 4928 et
1854 4891 1965 4929 cus-

380 4952 510 5007 todit
540 4951 751 5006 sabbata
778 4962 832 5006 ut
859 4970 958 5007 non
991 4955 1228 5023 profanet
1259 4968 1341 5016 ea,
1369 4957 1416 5004 et
1443 4955 1611 5004 servat
1641 4963 1821 5001 manus
1847 4962 1969 5000 suas

379 5041 444 5078 ne
471 5025 632 5093 faciat
658 5025 1005 5093 iniquitatem.

510 5095 664 5151 Vers.
694 5085 821 5152 Ant.
869 5093 992 5151 Non
1021 5106 1094 5151 est
1126 5093 1497 5163 gaudium.....
1524 5089 1778 5163 Dominus
1806 5085 1966 5143 Deus.

380 5163 564 5221 Clama
596 5165 649 5220 in
674 5166 1004 5238 fortitudine,
1033 5177 1081 5220 et
1102 5161 1164 5222 ne
1191 5182 1408 5234 parcos;
1436 5165 1590 5236 quasi
1617 5161 1861 5218 tuba.....
1887 5176 1970 5214 co-

379 5254 540 5309 tum:
571 5255 652 5294 me
695 5241 998 5294 etenim.....
1031 5239 1183 5309 quasi
1223 5254 1347 5309 gen_s
1377 5253 1606 5309 autc.
1637 5244 1686 5288 et
1733 5247 1969 5304 ωηιξη...

380 5303 580 5382 Petunt
607 5327 805 5366 me.....
839 5303 1266 5382 appropinquare
1294 5307 1404 5364 Deo
1432 5307 1674 5380 cupiunt.

457 5389 481 5460 ς
522 5379 670 5460 Iuba
699 5383 823 5460 legit
861 5379 1045 5460 subiti.
1118 5379 1137 5460 ἡ.
1167 5453 1178 5460 _
1473 5450 1484 5460 .
1679 5450 1690 5460 _
1751 5446 1763 5460 ο

458 5450 478 5488 ί
522 5452 680 5510 Vers.
710 5445 835 5512 Αἶιι.
886 5453 1069 5523 Neque
1094 5453 1137 5506 si
1162 5450 1509 5506 incurvavenis
1537 5445 1972 5523 quasiciroulum

382 5523 576 5580 collum
600 5534 864 5584 tuum.....
914 5517 1370 5581 subveneris"...
1403 5521 1612 5577 vocabis.
1631 5517 1896 5592 jejunium
1926 5524 1974 5570 et

383 5595 521 5651 diem
551 5596 939 5669 acceptabilem.
1151 5668 1159 5669 ί
1275 5664 1283 5669 Α
1725 5658 1736 5669 ,
1879 5656 1890 5668 .
1935 5657 1946 5668 .

458 5679 483 5716 ε
524 5658 848 5729 Αόᾶθήόυω
878 5671 1036 5734 forte,
1069 5668 1159 5720 sed
1205 5664 1343 5721 solue
1390 5678 1591 5718 onmem
1633 5658 1834 5734 nodum
1873 5658 1974 5711 ini-

381 5740 614 5809 quitatis,
641 5741 735 5813 sed
765 5739 922 5813 solre,
955 5728 1060 5813 etc.
1098 5748 1156 5792 ut
1191 5739 1242 5793 in
1294 5735 1446 5813 Vera.
1481 5735 1604 5813 Ant.
1633 5743 1685 5813 et
1717 5734 1765 5786 in
1789 5728 1969 5813 .Grazc.

383 5797 506 5868 cum
532 5797 691 5884 paulo
733 5797 956 5869 inferius
1009 5811 1148 5866 hanc
1172 5807 1498 5868 sententiam
1520 5800 1840 5860 Constantio
1880 5797 1977 5856 ob-

2075 1841 2268 1908 poterit
2300 1839 2468 1895 licere
2495 1842 2694 1911 quovis
2723 1849 2976 1913 tempore
3003 1844 3188 1914 gladio
3219 1855 3506 1914 percutere
3554 1864 3687 1904 con-

2073 1931 2412 1986 sacerdotem
2448 1933 2669 1988 meum?
2723 1932 2847 1988 Non
2903 1936 3007 1989 tals
3038 1938 3302 2008 jejunium
3343 1940 3506 2009 elegi,
3556 1941 3684 1996 dicit

2075 2023 2355 2092 Dominus,
2384 2027 2478 2081 sed
2505 2039 2531 2078 ε
2556 2029 2698 2082 solve
2721 2027 3064 2099 obligat-iazies
3103 2031 3448 2087 uiolentorum
3475 2044 3685 2089 contra-

2074 2127 2273 2172 etorum
2295 2116 2323 2154 ιι
2341 2135 2360 2183 ;
2386 2119 2589 2173 dimitte
2613 2124 2908 2191 confractos
2941 2121 3032 2176 iin
3060 2125 3434 2192 remissionem,
3485 2137 3534 2182 et
3577 2144 3689 2183 om-

2074 2228 2188 2265 nem
2239 2214 2672 2283 conscriptionem
2710 2215 2944 2283 iniquam
2998 2218 3304 2289 disrumpe;
3343 2221 3527 2293 frange
3571 2238 3686 2276 esu-

2076 2307 2234 2359 rienti
2283 2323 2468 2375 panem
2499 2317 2644 2360 tuum
2671 2316 2721 2361 et
2775 2325 2964 2379 egenos
2991 2309 3038 2376 ἱ,
3065 2311 3154 2378 qui
3201 2312 3316 2366 sine
3353 2322 3486 2367 tecto
3525 2326 3646 2368 sunt
3670 2355 3683 2376 .

2076 2402 2235 2454 induc
2266 2402 2320 2454 in
2373 2403 2587 2456 domum
2629 2412 2770 2456 tuam
2803 2419 2821 2457 :
2862 2406 2911 2457 si
2936 2404 3124 2459 uideris
3171 2405 3388 2473 nudum,
3422 2409 3587 2479 aperi,
3638 2419 3688 2462 et

2078 2491 2386 2548 domesticos
2417 2495 2628 2556 seminis
2652 2495 2726 2547 tui
2755 2493 2863 2548 noli
2891 2494 3154 2565 despicere
3181 2496 3348 2569 (Ibid.
3379 2499 3481 2570 vr).
3515 2499 3688 2567 Quam

2081 2594 2261 2649 tenes,
2308 2602 2405 2641 rex
2459 2586 2904 2654 prudentissime.
2947 2590 3144 2659 spem?
3191 2604 3315 2645 eum
3364 2591 3481 2649 lmc
3507 2595 3688 2649 omnia

2077 2679 2313 2734 verteris
2338 2680 2390 2732 in
2421 2679 2783 2733 contrarium.
2835 2678 3124 2746 Quomodo
3147 2683 3294 2737 enim
3324 2698 3545 2741 omnem
3595 2701 3692 2741 no-

2078 2770 2206 2825 dum
2233 2769 2446 2825 solvisti
2477 2770 2802 2840 iniquitatis,
2836 2786 2960 2825 cum
2991 2773 3109 2827 sive
3139 2775 3529 2833 incredulitate
3560 2787 3650 2833 tua
3673 2820 3688 2845 ,

2079 2865 2296 2935 qualem
2323 2875 2374 2920 te
2404 2865 2710 2919 institueris
2740 2865 3032 2921 adversum
3063 2881 3182 2933 nos,
3218 2868 3296 2923 sis
3326 2869 3452 2925 talis
3474 2885 3690 2940 perma-

2081 2972 2237 3023 nens,
2262 2966 2318 3013 et
2345 2958 2518 3028 magis
2553 2957 2840 3028 magisque
2857 2959 2936 3013 sis
2966 2973 3226 3015 crescens
3259 2965 3312 3016 in
3354 2963 3690 3020 malevolen-

2081 3049 2152 3102 tia
2186 3058 2274 3102 tua
2297 3047 2367 3102 ad
2396 3062 2496 3102 nos
2522 3047 2943 3119 disperdendos,
2977 3050 3098 3106 sive
3133 3051 3186 3106 in
3227 3051 3568 3123 lilasphemia
3595 3064 3684 3109 tua

2080 3153 2274 3196 auctor
2295 3141 2568 3213 sacrilegii
2597 3143 2863 3208 creveris,
2888 3143 3062 3215 magis
3081 3146 3246 3200 etiam
3270 3146 3455 3204 edicto
3485 3147 3506 3185 ¹ί
3534 3149 3684 3205 blas-

2082 3235 2353 3306 phemiam
2390 3247 2560 3299 tuam,
2592 3233 2922 3290 catholicam
2964 3250 3088 3290 esse
3128 3238 3432 3293 asserenda
3471 3237 3630 3293 ﬁdem
3667 3283 3682 3306 ,

2078 3344 2230 3385 more
2261 3326 2277 3366 ι
2311 3328 2523 3384 scilicet
2551 3327 2925 3393 meretricum,
2972 3344 3096 3398 qua:
3145 3330 3326 3400 primo
3353 3330 3494 3386 clam
3531 3347 3686 3389 scor-

2076 3430 2280 3487 tentnr,
2314 3431 2500 3492 postea
2533 3436 2666 3476 vero
2695 3421 2769 3474 ita
2803 3419 2918 3474 sint
2948 3421 3361 3488 inverecunda,
3419 3424 3493 3479 ita
3525 3425 3686 3481 amit-

2074 3524 2253 3571 tentes
2279 3513 2557 3584 pudicitia:
2587 3513 2773 3578 decus,
2807 3523 2864 3568 ut
2893 3502 3066 3569 velini
3085 3515 3396 3572 soortariln
3424 3531 3685 3588 propatu~

2074 3609 2180 3664 lis?
2203 3608 2488 3676 Quomodo
2516 3607 2816 3662 dissolviin
2857 3621 3080 3663 omnem
3115 3610 3318 3664 nodum
3342 3610 3676 3682 iniquitatis,

2076 3718 2204 3759 cum
2222 3711 2412 3758 contra
2445 3701 2660 3756 beatum
2697 3702 3075 3766 Athanasium,
3102 3712 3415 3773 susceptum
3447 3716 3681 3762 antean-

2080 3809 2181 3851 nos
2205 3794 2446 3850 furorem
2475 3793 2656 3848 adhuc
2687 3793 2762 3848 ita
2796 3792 3063 3860 retineas,
3122 3803 3182 3850 ut
3210 3795 3352 3852 velis
3382 3797 3502 3868 ejus
3531 3798 3682 3854 fundi

2068 4009 2254 4091 ﬁci-al:
2281 4009 2552 4091 Quomon
2596 4007 2734 4062 enim
2759 4009 2966 4091 onmem
3006 4010 3217 4091 n9dum_
3241 4013 3438 4091 soluisti
3485 4016 3678 4091 iniqui-

2074 4079 2218 4145 iatis,
2239 4095 2370 4140 etc..
2392 4083 2733 4148 etintegrnm
2765 4079 2918 4134 [salte
2937 4081 3312 4138 teetimonium
3345 4086 3447 4142 hoc
3483 4079 3678 4148 itei-um

2073 4156 2238 4210 modo
2261 4154 2542 4224 producat.
2574 4152 2652 4224 Ita
2678 4150 2988 4208 Cotelerius
3012 4153 3066 4208 in
3097 4153 3268 4210 Temo
3305 4158 3360 4211 2.
3397 4159 3543 4216 Μοη.
3574 4164 3674 4218 Εοσ
3746 4168 3768 4186 '

2073 4228 2146 4298 cl.
2188 4223 2282 4283 Gri.
2332 4243 2468 4298 pag._
2504 4223 2712 4298 t..9(l,'et
2750 4223 3282 4298 ex_eorGalandius.
3342 4229 3494 4286 Vcrs.
3542 4234 3672 4290 Ant.

2077 4293 2386 4371 Nonne...'..
2411 4293 2730 4371 elegit)...“
2757 4294 2848 4348 sed
2872 4297 3012 4350 solve
3062 4314 3260 4353 omnem
3309 4300 3670 4371 colligaturam

2071 4369 2386 4435 iniquitatis,
2416 4367 2660 4427 dissolve,
2693 4373 2798 4420 etc.

2147 4437 2172 4475 δ
2216 4441 2405 4508 Aptius
2457 4453 2579 4492 cum
2612 4435 2804 4491 Graeco
2853 4438 3305 4511 συναλλαγμάτων.
3354 4442 3506 4499 Vers.
3540 4447 3666 4503 Aut.

2075 4511 2395 4566 cautio-num.

2150 4580 2365 4707 ἰάνθη.
2394 4581 2518 4634 Ant.
2550 4575 2891 4633 Fractos.....
2921 4579 3239 4647 scripturam
3271 4581 3504 4654 iniquam
3544 4605 3670 4645 con-

2150 4671 2178 4707 n
2221 4670 2266 4706 e.

2071 4670 2266 4708 acmae.

2147 4725 2160 4775 i
2210 4723 2367 4799 Yiirs.
2393 4722 2516 4799 Ant.
2539 4718 2814 4799 Paupertas
2842 4722 2952 4799 sine
2975 4730 3221 4799 tecto”...
3255 4741 3319 4780 ne
3348 4727 3661 4799 despexeris.

2071 4795 2289 4880 Lucifer
2318 4795 2436 4866 ipse
2467 4794 2628 4850 habet
2661 4794 2844 4864 paullo
2871 4793 3005 4849 infra
3035 4793 3326 4872 Pauper-es,
3349 4808 3404 4858 et
3425 4793 3528 4857 non
3549 4805 3668 4860 des-

2110 4884 2252 4922 16168.

2072 4887 2252 4940 ptctes.

2145 4939 2168 4976 ¹⁶
2214 4936 2350 4993 Vide
2379 4937 2521 4992 dicta
2552 4938 2603 4991 in
2638 4933 2847 5005 prmisit.

2149 5009 2166 5047 1
2212 5008 2493 5081 Signiﬁcat
2518 5007 2738 5065 Lucifer
2776 5010 2878 5064 hac
2903 5011 3312 5080 comparatione
3340 5013 3662 5073 Arianorum

2073 5082 2422 5139 calliditatem
2475 5089 2530 5136 et
2560 5089 2766 5156 astuti],
2796 5081 2894 5151 qui
2925 5082 3185 5156 haeresim,
3223 5085 3447 5156 occulte
3490 5088 3666 5156 primo

2072 5156 2325 5211 fovebant
2377 5167 2498 5208 sese
2549 5150 2863 5224 Catholicae
2933 5153 2986 5207 in
3041 5155 3277 5222 speciem
3325 5150 3662 5224 profitentes,

2074 5227 2270 5282 deinde
2294 5224 2609 5281 audaciores
2631 5220 2752 5278 iacti
2784 5224 2959 5295 palam
2975 5220 3199 5296 (errores
3223 5220 3352 5280 suos
3372 5220 3668 5296 prmdicaré

2077 5298 2324 5368 tuerique
2366 5305 2688 5368 cteperunt:
2729 5293 2871 5366 quod
2898 5294 3077 5368 Aeliam
3110 5293 3344 5368 llitarins
3373 5293 3553 5355 innuit
3583 5303 3667 5359 his

2074 5365 2258 5425 verbis
2291 5371 2341 5423 in
2372 5365 2469 5423 lib:
2497 5369 2564 5424 de
2591 5368 2796 5439 Synod.
2831 5383 2846 5421 :
2883 5365 3040 5419 Nunc
3065 5365 3310 5439 publica:
3345 5373 3671 5430 auctoritatis

2077 5442 2394 5512 professione
2430 5435 2647 5496 Itwresii
2665 5452 3029 5513 prorumpens,
3058 5435 3114 5489 id
3131 5439 3277 5513 quod
3299 5447 3454 5495 antea
3481 5447 3662 5513 furtim

2077 5507 2401 5577 mussitabat,
2427 5527 2567 5566 nunc
2587 5507 2689 5563 non
2714 5509 2848 5562 clam
2877 5507 3063 5577 victrix
3085 5508 3447 5576 gloriabatur:
3470 5507 3522 5568 et
3545 5513 3669 5572 Sul-

2079 5583 2250 5653 picius
2277 5576 2510 5639 Severus
2539 5581 2631 5636 lib.
2656 5579 2694 5633 9.
2715 5577 2850 5653 llisl.
2874 5595 2885 5629 :
2920 5576 3101 5653 Ariani
3127 5579 3398 5653 perﬁdiam
3421 5601 3668 5650 suamoc-

2078 5649 2364 5728 cjtltabant;
2385 5671 2484 5707 nou
2513 5653 2626 5728 ausi
2651 5650 2824 5717 palam
2851 5649 3038 5703 erroris
3060 5651 3141 5702 sui
3162 5650 3349 5722 dogma
3365 5656 3668 5728 praedicare,

2078 5723 2373 5783 Cat/totiens
2402 5742 2455 5778 se
2479 5721 2741 5798 gerebant.
