4148 6186
566 227 673 285 879

1647 216 1973 275 LUCIFERI
2012 214 2787 288 EPISCOPIQCALARITANI

3737 210 3826 267 880

557 338 855 397 cruorem?
882 335 1171 405 Quomodo
1190 332 1446 389 dimisisti
1477 332 1786 389 contractos
1816 333 1869 387 in
1894 331 2163 402 requiem,
2192 330 2246 393 Α
2272 332 2548 399 triarchae,
2583 330 2891 403 prophetas,
2920 326 3154 399 προδιοιί
3176 341 3240 382 ac
3266 334 3551 398 martyres.
3576 324 3826 393 Quomodo

561 446 686 487 cum
722 428 1025 498 torquendo
1048 437 1076 464 ⁸
1101 427 1251 482 varie
1280 440 1390 481 non
1423 423 1646 480 desinas
1685 438 1876 479 servos
1909 422 1999 478 Dci
2029 422 2053 476 ?
2099 420 2168 475 Et

561 523 836 595 quomodo
863 523 1119 577 dimisisti
1147 519 1176 559 δ
1203 519 1519 576 confractos
1562 518 1616 573 in
1652 518 1919 588 requiem,
1951 513 2167 584 quando

561 618 750 673 videas
775 615 1015 673 carceris
1045 625 1068 655 ο
1103 612 1351 680 metalla,
1409 612 1624 674 exsilia,
1682 613 1770 665 vix
1813 609 1925 680 jam
1971 621 2169 678 capere

561 723 723 780 posse
752 706 1180 764 Christianorum
1203 719 1491 759 numerum
1524 718 1621 772 per
1654 711 1706 757 te
1731 700 2119 756 damnatorum
2144 698 2169 753 ?

563 800 849 871 Quomodo
879 800 1091 857 etiamsi
1127 798 1355 869 fregeris
1378 796 1749 857 esurientibus
1775 809 1971 866 partem
1994 804 2164 858 tuum,

564 904 850 964 acceptum
885 893 1104 949 habebit
1126 892 1410 955 Dominus,
1446 904 1570 945 cum
1602 902 1795 942 servos
1836 888 1975 941 fante
2006 898 2170 940 neces

562 987 771 1043 dicatos
801 985 919 1056 ejus
958 982 1293 1038 aeternitati?
1318 980 1604 1049 Quomodo
1638 980 1680 1034 si
1716 978 1940 1034 inducas
1968 992 2169 1048 egenos

560 1078 682 1143 sine
713 1085 860 1132 tecto
883 1077 937 1130 in
969 1074 1191 1129 domum
1224 1083 1394 1133 tuam.
1429 1073 1708 1141 respicere
1734 1070 2052 1142 dignabitur
2078 1086 2172 1124 su—

562 1187 662 1241 per
685 1184 824 1241 opus
854 1179 1003 1223 tuum
1034 1167 1201 1231 Deus,
1239 1182 1366 1221 cum
1418 1165 1601 1219 videat
1648 1180 1845 1220 servos
1870 1180 1983 1219 suae
2013 1162 2173 1219 clari-

561 1264 692 1319 tatis
722 1262 957 1333 rejectos
986 1259 1055 1315 de
1085 1259 1337 1314 domibus
1361 1258 1607 1329 privatis,
1637 1267 1926 1327 prouterea
1953 1256 2171 1310 exsules

561 1357 757 1418 factos,
788 1354 933 1427 quod
964 1352 1239 1408 noluerint
1277 1352 1557 1420 suscipere
1607 1349 1973 1405 idololatriam
2022 1357 2170 1403 tuam

560 1465 662 1521 per
688 1448 875 1503 Arium
898 1446 1204 1501 institutam
1229 1444 1252 1497 ?
1314 1443 1604 1511 Quomodo
1626 1444 1671 1498 si
1703 1442 1876 1497 nudos
1927 1442 2128 1497 texeris
2152 1482 2167 1508 ,

565 1541 768 1613 poteris
781 1540 894 1594 Deo
917 1539 1156 1609 placere,
1190 1552 1314 1593 cum
1338 1537 1513 1591 servis
1536 1537 1705 1605 ipsius
1731 1534 2059 1605 patrimonia
2089 1543 2173 1587 tu-

559 1633 714 1698 leris,
745 1641 802 1687 et
830 1630 1073 1687 dixeris:
1106 1630 1169 1686 Si
1199 1627 1568 1682 damnaveritis
1604 1626 1762 1696 ﬁdem
1802 1624 2167 1697 apostolicam,

2270 435 2453 498 petest
2481 434 2533 481 te
2561 420 3130 495 pracederejustitia,
3178 435 3300 473 cum
3344 426 3489 473 totus
3517 417 3568 471 in
3596 417 3824 485 injttstitia

2271 523 2348 579 sis
2375 520 2744 593 permanens?
2791 533 2918 574 cum
2948 516 3167 571 sentina
3214 514 3291 568 sis
3332 512 3518 568 Ariani
3563 511 3830 581 dogmatis?

2270 630 2393 670 cum
2420 613 2862 668 Christianorum
2885 608 2959 666 sis
2986 606 3141 663 fusor
3161 605 3476 676 sanguinis?
3500 603 3763 671 Quomodo
3787 613 3832 660 te

2270 706 2529 777 majestas
2555 704 2647 759 Dei
2676 698 3061 765 circumdabit,
3085 713 3207 754 cum
3227 709 3542 768 expugnans
3560 696 3718 766 ipsam
3738 711 3835 751 ma-

2261 799 2516 869 jestatem
2531 796 2639 862 sis,
2669 810 2829 865 quam
2858 792 3276 860 derelinquens,
3304 787 3656 845 idololatriam
3669 787 3837 843 Ariani

2271 890 2541 961 dogmatis
2568 888 2846 957 suscipere
2867 883 3184 941 censueris?
3209 880 3499 951 Quomodo
3520 891 3641 937 tunc
3656 880 3839 937 clama-

2272 985 2357 1041 bis
2378 1026 2392 1049 ,
2417 992 2473 1039 et
2504 984 2646 1038 Deus
2676 982 2935 1037 exaudiet
2966 980 3053 1035 te?
3078 978 3255 1034 adhuc
3284 977 3527 1048 loquenti
3556 976 3645 1032 tibi
3670 976 3798 1033 dicet
3824 995 3835 1030 :

2274 1080 2388 1153 Ego
2416 1077 2643 1133 adsum?
2670 1091 2791 1131 cum
2838 1077 2916 1131 sis
2942 1088 3148 1145 negans
3181 1073 3347 1128 Deum
3387 1070 3630 1135 Patrem,
3656 1085 3840 1141 negans
3876 1064 3879 1067 ’

2274 1174 2494 1229 unicum
2536 1169 2728 1224 Filium
2775 1168 2917 1237 ejus,
2971 1180 3179 1238 negans
3229 1174 3484 1220 sanctum
3534 1162 3836 1234 paracletum

2272 1265 2558 1335 Spiritum.
2590 1260 2877 1328 Quomodo
2915 1270 3009 1314 aut
3033 1257 3298 1314 exaudire
3324 1266 3377 1313 te
3408 1256 3626 1326 poterit,
3650 1264 3735 1311 aut
3769 1254 3840 1310 di-

2274 1374 2402 1417 cere
2429 1358 2526 1413 tibi
2559 1375 2572 1411 :
2603 1356 2739 1411 Ecce
2767 1353 2996 1409 adsum?
3043 1368 3167 1409 cum
3209 1351 3402 1419 vertis,
3431 1360 3681 1421 quantum
3718 1349 3839 1419 apud

2274 1463 2327 1510 te
2349 1461 2454 1520 est,
2482 1451 2599 1522 ejus
2615 1451 2936 1521 religionem
2956 1490 2971 1514 ,
2995 1464 3117 1503 cum
3139 1448 3258 1517 ejus
3279 1447 3549 1504 antistites
3572 1445 3837 1502 catholicos

2274 1542 2604 1605 removeris,
2654 1549 2708 1596 et
2757 1539 3049 1595 haereticos
3094 1536 3481 1595 constitueris?
3508 1536 3759 1607 quomodo
3794 1545 3836 1593 te

2275 1634 2551 1698 exaudiet,
2583 1648 2744 1703 quem
2777 1629 3101 1687 calcandum
3139 1626 3347 1700 putasti
3392 1627 3568 1683 modis
3595 1627 3834 1695 omnibus,

564 1735 720 1795 atque
739 1725 979 1779 arianam
1019 1722 1351 1792 susceperitis
1372 1762 1387 1787 ,
1429 1730 1617 1775 cuncta
1645 1727 1815 1773 uestra
1856 1718 2115 1788 recipietis
2145 1718 2171 1771 ?
2201 1720 2249 1781 B
2275 1726 2376 1781 nisi
2410 1724 2782 1795 pmnitentiam
2815 1722 3082 1777 malorum
3107 1720 3378 1777 factorum
3407 1720 3607 1791 egeris,
3630 1720 3724 1775 nisi
3741 1720 3836 1774 vias

562 1818 707 1874 Sane
738 1815 765 1854 ἀ
795 1832 963 1871 unum
988 1816 1057 1871 de
1084 1814 1171 1869 bis
1199 1813 1457 1868 omnibus
1492 1811 1705 1866 Domini
1738 1809 1908 1865 sacris
1950 1808 2170 1863 manda-

559 1912 634 1967 tis
706 1911 980 1967 inveneris
1032 1920 1055 1946 ο
1107 1908 1363 1979 implere,
1449 1906 1592 1979 quod
1699 1907 1851 1962 enim
1915 1903 2176 1960 domesti-

559 2019 658 2061 cos
700 2003 924 2059 seminis
982 2002 1057 2058 tui
1111 2017 1220 2057 non
1298 2000 1588 2071 despicias.
1659 1998 1779 2055 Non
1831 1997 2068 2067 despicis
2114 2010 2173 2051 re

559 2110 691 2153 vera
772 2094 1156 2163 conviperinos
1232 2102 1354 2147 tuos
1426 2092 1660 2147 Arianos
1694 2132 1708 2157 ,
1790 2100 1947 2145 natos
2022 2088 2174 2145 vide-

558 2189 691 2246 licet
742 2187 811 2243 de
857 2184 1253 2258 impuderatof
1312 2195 1462 2255 patre
1514 2197 1697 2241 vestro
1750 2184 2003 2250 diabolo;
2093 2182 2174 2238 di-

562 2282 688 2352 ligis
745 2281 948 2337 fratres
981 2290 1005 2327 8
1037 2292 1157 2335 tuos
1185 2280 1307 2349 quia
1338 2278 1438 2334 hos
1485 2278 1676 2334 videas
1734 2278 1828 2334 tibi
1875 2276 2176 2348 proximio-

559 2389 680 2441 res,
752 2379 850 2429 hos
910 2388 1063 2428 amas
1129 2372 1396 2442 singulari
1468 2370 1706 2437 allecto,
1765 2371 1852 2424 his
1920 2378 2171 2424 cunctam

561 2467 795 2539 gloriam
826 2466 980 2536 regni
1010 2466 1085 2520 tui
1115 2464 1369 2529 exhibes,
1413 2464 1513 2520 hos
1544 2465 1722 2519 socios
1759 2472 1922 2534 atque
1948 2462 2174 2533 partici-

561 2576 662 2630 pes
681 2560 751 2616 ad
791 2560 886 2616 Dei
927 2559 1219 2616 delendam
1254 2558 1634 2614 haereditatem
1663 2558 1715 2613 in
1746 2567 1839 2614 tuo
1886 2573 2055 2628 regno
2080 2557 2174 2612 Ita-

561 2652 691 2717 bes;
743 2652 867 2707 illos
914 2651 1090 2708 fecisti
1148 2650 1475 2722 locupletes,
1531 2649 1657 2704 illos
1711 2648 1955 2705 extulisti
2003 2664 2171 2719 supra

561 2761 756 2801 omnes
779 2745 1110 2801 constitutos
1141 2745 1195 2800 in
1233 2744 1592 2810 sublimitate,
1624 2742 1729 2799 hoc
1772 2754 1878 2809 est,
1911 2756 2031 2809 eos,
2078 2740 2171 2810 qui

558 2854 621 2897 se
648 2839 850 2895 vestris
897 2840 1131 2894 miscere
1157 2846 1498 2895 censuerunt
1536 2836 1801 2893 tenebris.
1834 2835 2003 2906 Igitur
2042 2849 2169 2891 cum

559 2932 637 2989 sis
668 2930 786 2986 hinc
812 2944 1003 3001 agens,
1037 2945 1160 2999 quae
1192 2930 1324 2985 odio
1355 2930 1554 2985 habeat
1581 2929 1746 2994 Deus,
1780 2926 2058 2999 quomodo
2077 2942 2167 2983 ar-

561 3024 789 3081 bitraris
820 3032 873 3078 te
896 3023 1073 3078 audiri
1105 3036 1266 3090 posse
1298 3038 1328 3075 a
1356 3023 1506 3078 Deo?
1526 3031 1621 3076 aut
1647 3022 1692 3076 si
1717 3021 1909 3078 feceris
1933 3021 2171 3077 eleemo-

2275 1826 2397 1872 tuas
2436 1817 2672 1871 nefarias
2698 1815 2985 1880 deserens,
3012 1822 3216 1870 sancta:
3245 1814 3497 1870 ecclesia:
3523 1812 3714 1884 justum
3751 1812 3836 1868 iter

2273 1906 2801 1980 cumprehenderis‘l
2840 1907 2995 1963 Tunc
3046 1907 3233 1978 utique
3293 1907 3413 1962 lucc
3461 1908 3711 1978 promissa
3759 1905 3835 1961 Dei

2273 2002 2533 2073 consequi
2565 2000 2791 2071 poteris.
2817 1999 3088 2070 Scriptum
3110 2007 3197 2055 est
3221 1999 3371 2055 enim
3405 2008 3618 2069 propter
3636 2014 3740 2063 eos,
3762 1998 3835 2068 qui

2274 2095 2442 2151 corde
2468 2110 2532 2151 es
2565 2102 2679 2149 toto
2715 2108 2840 2150 sese
2860 2092 2927 2148 ad
2950 2093 3121 2148 Deum
3143 2093 3525 2149 converterint
3553 2109 3568 2148 :
3599 2090 3712 2147 Hac
3734 2091 3836 2145 dicit

2275 2189 2531 2244 Excelsus
2558 2188 2611 2241 in
2636 2187 2850 2243 excelsis
2871 2186 3113 2241 habitans
3140 2183 3190 2253 κ,
3219 2189 3274 2241 in
3301 2196 3556 2242 internum
3574 2195 3760 2239 sanctus
3789 2184 3833 2238 in

2273 2282 2489 2349 sanctis,
2506 2297 2689 2335 nomen
2703 2281 2749 2334 ei
2768 2278 3027 2334 Dominus
3043 2278 3350 2334 Altissimus
3364 2280 3419 2333 in
3430 2280 3620 2334 sanctis
3645 2279 3832 2349 requies-

2274 2392 2415 2440 cens,
2444 2385 2491 2429 et
2514 2373 2867 2443 pusillanimis
2897 2374 3029 2428 dans
3057 2371 3073 2411 ι
3107 2374 3299 2429 anima?
3327 2374 3635 2444 (equitatem,
3658 2385 3700 2428 et
3725 2372 3831 2427 dans

2271 2468 2553 2524 uindictam
2573 2466 2932 2522 contribulatis
2950 2466 3124 2521 corde.
3166 2464 3291 2519 Non
3332 2468 3388 2521 in
3408 2475 3645 2522 internum
3670 2467 3830 2519 irascar

2274 2560 2437 2625 vobis,
2463 2575 2558 2613 nec
2583 2574 2784 2631 semper
2810 2558 3092 2612 vindictam
3118 2557 3182 2612 de
3206 2557 3357 2613 vobis
3381 2560 3583 2631 exigam
3613 2557 3826 2629 (Ib.t.vu,

2277 2654 2389 2725 15).
2418 2652 2527 2709 Sed
2544 2653 2739 2723 quibus
2762 2652 2867 2707 hoc
2889 2652 3056 2707 dicit?
3073 2667 3268 2723 nempe
3282 2652 3393 2717 eis,
3408 2655 3496 2724 qui
3511 2668 3567 2707 se
3583 2662 3827 2708 converte-

2274 2748 2386 2801 rint
2402 2761 2499 2817 per
2528 2743 2953 2800 satisfactionem
2986 2743 3054 2799 ad
3084 2743 3283 2800 delicta
3320 2758 3423 2800 sua
3452 2741 3826 2802 delenda.Unde

2273 2845 2350 2902 et,
2380 2837 2505 2892 Non
2537 2840 2636 2892 tale
2669 2838 2935 2911 jejunium
2955 2837 3109 2911 elegi,
3140 2838 3273 2895 dicit
3302 2839 3589 2905 Dominus,
3617 2837 3699 2893 sed
3718 2836 3826 2891 solve

2273 2947 2476 2985 omnem
2505 2929 2701 2984 nodum
2722 2930 3028 3000 iniquitatis,
3053 2932 3146 2985 sed
3170 2932 3309 2986 solve
3336 2930 3826 3004 obligationesciolcn-

2275 3032 2443 3078 torum
2457 3032 2840 3077 contractarum
2859 3038 2879 3087 ;
2901 3023 3098 3078 dimitte
3120 3027 3420 3096 confractos
3440 3027 3491 3079 in
3507 3024 3824 3085 remissionem,

560 3132 777 3189 synatu,
796 3114 1072 3186 possetibi
1091 3112 1505 3184 fert'iaccepto?
1528 3128 1651 3167 cum
1676 3113 1867 3168 audias
1891 3113 2177 3168 cuntdice—
2202 3106 2249 3170 C
2280 3124 2325 3170 et
2375 3131 2577 3169 onmem
2622 3114 3057 3184 conscriptionem
3099 3115 3330 3185 iniquam
3365 3117 3617 3185 disrumpe
3641 3132 3658 3168 :
3680 3114 3827 3184 [rattgt

561 3227 622 3268 re
655 3229 669 3265 :
702 3208 850 3265 Tunc
872 3212 1071 3264 orietur
1093 3209 1120 3245 ιι
1147 3209 1465 3263 matutinum
1503 3208 1675 3262 lumen
1705 3214 1872 3272 tuum,
1900 3216 1947 3261 et
1977 3208 2174 3262 sanitas

562 3316 653 3361 tua
672 3307 774 3361 cito
796 3306 1009 3371 orietur,
1037 3313 1085 3358 et
1110 3303 1365 3376 praecedet
1382 3311 1503 3356 ante
1543 3311 1589 3355 te
1605 3302 1840 3375 justitia,
1873 3300 2172 3371 etmajestas

562 3398 663 3454 Dei
702 3396 1043 3451 circumdabit
1069 3406 1141 3450 te.
1169 3394 1319 3450 Tunc
1367 3395 1647 3460 clamabis,
1689 3403 1736 3449 et
1766 3391 1908 3448 Deus
1935 3392 2176 3448 exaudiet

568 3500 636 3544 te.
670 3490 853 3544 Adhuc
884 3487 899 3525 ί
935 3489 1165 3555 loquenti
1190 3488 1282 3542 tibi
1311 3488 1445 3541 dicet
1477 3504 1495 3541 :
1528 3484 1665 3541 Ecce
1685 3487 1868 3541 adsum
1893 3485 2057 3555 (Ibid.
2090 3483 2169 3555 8).

562 3580 786 3649 Aliquid
812 3590 863 3635 te
892 3594 1083 3634 eorum
1100 3593 1262 3650 posse
1292 3580 1559 3650 consequi
1589 3578 1903 3641 arbitraris,
1932 3575 2173 3649 quando-

564 3672 787 3745 quidem
811 3689 918 3727 non
948 3682 1132 3728 ortum
1163 3672 1261 3727 tibi
1292 3671 1461 3728 fuerit
1488 3672 1817 3727 matutinum
1847 3672 2050 3737 lumen,
2078 3669 2176 3726 sed

566 3764 810 3822 tenebrae
857 3764 1274 3820 inextricabiles
1336 3763 1656 3820 obsederint
1703 3764 1943 3819 animum
1990 3773 2170 3831 tuum,

564 3868 733 3930 atque
757 3861 1100 3928 pertexerint
1143 3874 1399 3915 errorum
1444 3858 1709 3930 caligines
1736 3858 1938 3929 iiqum
1961 3857 2175 3913 sanitas

560 3950 663 4005 tibi
689 3952 884 4007 oborta
913 3961 1021 4016 est,
1047 3966 1171 4007 cum
1199 3952 1275 4005 sis
1304 3952 1516 4021 positus
1539 3952 1593 4006 in
1612 3951 1758 4007 omni
1786 3951 2015 4005 vulnere
2031 3963 2178 4004 mor-

566 4043 662 4107 tis,
694 4056 819 4096 cum
849 4040 1097 4111 quotidie
1134 4051 1425 4111 augmenta
1452 4043 1638 4109 parias
1678 4039 2004 4095 vulneribus
2044 4038 2177 4106 tuis,

568 4147 693 4188 cum
724 4132 864 4188 dans
890 4147 1112 4201 Operam
1142 4135 1237 4199 sis,
1265 4147 1374 4202 quo
1416 4134 1594 4203 possis
1640 4132 1857 4202 penitus
1884 4140 2051 4188 temet
2078 4146 2175 4188 ex-

570 4225 893 4294 stinguere?
916 4223 1084 4279 Nobis
1105 4224 1309 4280 etenim
1334 4239 1443 4280 non
1463 4224 1679 4281 aliunde
1700 4233 1785 4280 est
1808 4226 2049 4291 sanitas;
2070 4226 2177 4283 nisi

571 4320 750 4387 primo
784 4317 838 4371 in
869 4318 994 4373 loco
1014 4318 1140 4388 quia
1168 4316 1584 4386 crediderimus,
1622 4326 1683 4373 ttt
1706 4317 2058 4374 crediderunt
2084 4334 2178 4391 pa-

2275 3206 2518 3260 esurienti
2561 3222 2747 3277 panem
2771 3216 2935 3273 tuum,
2982 3216 3032 3260 et
3052 3222 3300 3277 pauperes
3330 3209 3422 3277 qui
3459 3209 3566 3263 sine
3588 3217 3702 3262 tecto
3732 3211 3825 3259 sunt

2275 3296 2434 3351 induc
2462 3298 2515 3351 in
2545 3298 2753 3352 domum
2777 3308 2951 3354 tuam:
2973 3300 3018 3355 si
3048 3300 3238 3355 uideris
3262 3302 3486 3367 nudum,
3512 3302 3661 3373 operi,
3687 3308 3729 3354 et
3747 3298 3823 3350 do-

2277 3390 2512 3445 mesticos
2549 3391 2758 3445 seminis
2783 3391 2859 3444 tui
2885 3407 2989 3445 non
3015 3391 3285 3461 despicies.
3322 3391 3471 3448 Tunc
3495 3393 3670 3448 orietur
3692 3399 3825 3443 matti-

2276 3482 2440 3536 tinum
2485 3483 2657 3538 lumen
2692 3492 2855 3550 tuum,
2884 3494 2930 3538 et
2954 3485 3148 3539 sanitas
3168 3494 3260 3539 tua
3287 3485 3399 3541 cito
3433 3487 3632 3549 orietur,
3656 3494 3695 3537 et
3714 3496 3824 3553 prm-

2276 3574 2418 3628 cedet
2448 3584 2565 3629 ante
2594 3584 2642 3629 te
2661 3576 2892 3647 justitia,
2936 3586 2984 3631 et
3010 3580 3252 3649 majestas
3278 3573 3386 3633 Dei
3429 3573 3733 3633 circumdabit
3766 3581 3823 3625 te.

2279 3667 2429 3724 Tunc
2456 3670 2719 3736 clamabis,
2754 3681 2801 3725 et
2830 3670 2975 3726 Deus
2995 3671 3231 3726 exaudiet
3248 3681 3295 3726 te
3328 3690 3349 3727 :
3377 3684 3424 3729 et
3456 3672 3616 3727 adhuc
3638 3662 3825 3734 loquenti

2279 3763 2369 3816 tibi
2399 3762 2532 3816 dicet
2562 3778 2580 3817 :
2608 3762 2746 3817 Ecce
2773 3762 3240 3836 adsum(lb.t.vnt,
3260 3762 3339 3835 6).
3360 3764 3550 3822 Aderit
3576 3762 3657 3818 tibi
3685 3759 3823 3818 Deus.

2280 3855 2326 3911 si
2358 3856 2530 3927 primo
2557 3857 2751 3911 credas
2777 3856 2829 3911 in
2852 3872 2997 3921 eum,
3015 3857 3062 3911 si
3084 3856 3283 3912 deinde
3310 3858 3381 3912 ad
3402 3858 3517 3914 haec
3539 3851 3736 3910 verteris
3759 3856 3825 3903 te-

2281 3956 2415 4012 met,
2432 3963 2554 4017 quaa
2576 3946 2737 4002 etiam
2764 3947 2899 4002 infra
2924 3949 3058 4003 dicit
3084 3949 3359 4019 implenda
3379 3970 3392 4005 :
3415 3950 3476 4008 Si
3495 3951 3726 4021 auferasIn
3744 3957 3769 3994 ιι
3787 3948 3825 3993 te

2278 4039 2539 4100 vinculum
2568 4040 2852 4110 iniquitatis
2874 4052 2922 4095 et
2945 4041 3293 4113 obligationis,
3322 4054 3373 4099 et
3402 4044 3595 4099 verbum
3634 4050 3824 4092 murmu—

2279 4133 2523 4199 rationis,
2549 4142 2594 4187 et
2621 4132 2825 4188 dederis
2849 4135 3097 4189 esurienti
3138 4150 3328 4206 partem
3360 4146 3501 4192 tuum
3525 4149 3585 4190 es:
3605 4130 3771 4189 animo,
3789 4129 3824 4178 et

2282 4226 2510 4281 animam
2538 4226 2861 4280 Itumiliatam
2882 4227 3170 4281 satiaberis.
3204 4225 3351 4282 Tunc
3371 4229 3559 4284 orietur
3581 4225 3629 4278 in
3648 4215 3825 4277 tenebris

2280 4322 2450 4375 lumen
2482 4319 2594 4387 tibi,
2612 4330 2658 4374 et
2676 4320 2896 4375 tenebrat
2916 4318 3006 4373 tibi
3030 4328 3087 4373 ut
3105 4320 3346 4376 meridies
3367 4329 3547 4376 erunt:
3560 4329 3604 4372 et
3623 4308 3824 4371 eritDetts

648 4462 673 4488 ⁸
712 4450 1049 4509 Gerttndium
1115 4452 1401 4526 torquendo
1465 4467 1565 4521 pro
1611 4450 1906 4526 inlinitivo
1938 4463 2176 4526 torquere
2202 4458 2256 4519 D
2281 4464 2470 4511 contra
2498 4454 2785 4511 Constant.
2828 4456 2972 4512 idem
3025 4457 3176 4513 hisce
3204 4458 3388 4515 verbis
3432 4451 3722 4526 imperatori
3750 4463 3824 4503 ex-

576 4532 821 4595 ttsurpat.
850 4532 906 4595 ut
931 4537 1093 4588 supra
1119 4522 1336 4595 [erendo
1365 4537 1462 4592 pro
1486 4528 1640 4595 ferre.
1676 4524 1782 4580 Ti].
1807 4532 1865 4580 et
1895 4524 1945 4579 la
1977 4522 2171 4582 cerdo.

648 4594 675 4631 δ
710 4592 979 4647 Demisisti
1009 4594 1325 4662 confractos.
1365 4592 1533 4650 Vatic.

647 4674 669 4700 ο
712 4662 977 4737 parceres,
1000 4665 1232 4737 metalla,
1257 4674 1363 4721 etc.
1393 4665 1568 4721 Latin.
1590 4665 1750 4733 Vide,
1773 4682 1894 4737 quae
1916 4668 1971 4723 in
1996 4668 2171 4737 lib.‘_2.

580 4732 890 4791 notabimus
920 4727 1018 4788 hac
1040 4734 1108 4790 de
1135 4727 1226 4790 re,
1738 4727 1747 4733 ι
1790 4727 1807 4737 -
2100 4727 2111 4740 .

650 4801 679 4842 ά
718 4803 886 4859 Anne.
909 4803 991 4857 ld.

654 4885 679 4913 ο
720 4871 1000 4929 Inveniris.
1031 4874 1111 4929 Id.
1136 4884 1190 4930 et
1215 4876 1531 4934 Galanditts.

652 4945 673 4985 ι
716 4945 823 5002 Pro
852 4947 1175 5015 impudente,
1200 4949 1375 5017 qualis
1401 4960 1484 5004 est
1515 4949 1773 5005 Diabolus
1793 4952 2035 5008 omnium
2062 4952 2171 5008 ha:-

577 5020 872 5091 reticorum
903 5026 1075 5091 pater.
1111 5017 1214 5091 Tit.
1241 5032 1294 5073 et
1340 5021 1390 5075 la
1439 5020 1632 5076 Cerda.
1670 5021 1987 5091 Inviperato.
2033 5025 2175 5080 Pon-

575 5093 692 5147 cius
728 5090 867 5159 apud
918 5088 1098 5145 Latin.
1133 5090 1520 5161 Lugdunenses
1552 5093 1686 5148 Bibl.
1751 5088 1854 5149 PP.
1908 5096 2170 5159 editores,

575 5172 739 5236 prout
766 5163 1156 5236 interpretatus
1181 5163 1352 5236 fuerat
1376 5163 1570 5236 Titius,
1590 5165 1813 5220 edidere
1834 5166 2134 5236 impudente
2154 5182 2173 5220 :

574 5232 721 5303 quod
754 5249 859 5286 non
887 5232 1224 5303 probandum
1253 5234 1486 5288 videtur.
1523 5234 1731 5290 Passim
1762 5232 1918 5290 enini
1940 5237 2169 5292 insolen-

578 5305 726 5377 tibus
767 5305 992 5377 vocibus
1041 5305 1210 5377 utitur
1246 5304 1505 5377 Lucifer.
1541 5305 1671 5361 Vide
1698 5308 1774 5361 sis
1810 5306 2071 5377 Cangium
2120 5309 2175 5364 in

578 5374 759 5432 Gloss.
798 5374 861 5429 V.
904 5376 1277 5444 impuderatus.
1304 5375 1533 5433 Gaiand.

656 5456 681 5494 ε
722 5446 987 5521 Memorat
1010 5447 1245 5521 Lucifer,
1276 5460 1479 5516 quanto
1511 5446 1714 5516 favore,
1749 5458 1804 5503 et
1829 5459 2026 5519 quanta
2056 5450 2175 5521 pol—

578 5517 755 5591 lerent
783 5519 1106 5591 auctoritate
1139 5520 1347 5585 Ariani,
1380 5522 1680 5588 praesertim
1732 5517 2006 5590 Episcopi,
2032 5517 2172 5591 apud

577 5585 984 5667 gonstantiutu;
1010 5590 1101 5667 qui
1127 5605 1225 5667 suo
1253 5585 1444 5667 cuncta
1472 5585 2043 5667 arbitratugerebjtnt,
2067 5585 2173 5667 Ca-

575 5656 904 5737 tholicorum
938 5656 1095 5715 bouis
1146 5660 1322 5737 dilati,
1365 5672 1419 5717 et
1470 5656 1861 5737 illustrioribus
1908 5656 2170 5737 Ecclesiis

576 5727 735 5802 potiti
760 5744 773 5778 :
797 5739 851 5782 et
885 5727 990 5785 huc
1037 5729 1263 5799 respicit
1291 5732 1525 5790 fortasse
1564 5735 1805 5791 Hilarius
1848 5734 1901 5792 itt
1941 5735 2037 5793 lib.
2072 5750 2166 5793 un.

2281 4528 2581 4600 probrans:
2615 4527 2965 4600 EpiscOpatus
3013 4530 3116 4583 tuis
3146 4529 3337 4597 donas;
3364 4546 3395 4587 e
3415 4524 3602 4599 quibus
3622 4524 3823 4600 quinqua-

2279 4593 2421 4670 ginta
2438 4598 2641 4670 aedium
2660 4593 2940 4669 piscopos
2962 4616 3078 4654 cum
3097 4593 3345 4657 satellitio
3369 4593 3581 4657 militari
3595 4598 3658 4650 ad
3671 4593 3821 4670 invitas

2279 4664 2503 4795 pgpullo:
2530 4664 3021 4739 [uisse’subniissog
3053 4680 3287 4747 testatur
3312 4672 3569 4728 Athanas.
3600 4670 3648 4723 in
3685 4664 3816 4734 epist.

2279 4754 2307 4793 a
2374 4755 2435 4794 so
2463 4758 2472 4790 l
2511 4778 2523 4793 .

2278 4744 2343 4794 ad
2374 4744 2523 4794 solit.
3190 4744 3191 4747 ‘

2350 4808 2374 4847 δ
2402 4810 2560 4866 Vers.
2592 4812 2719 4866 Ant.
2758 4811 3103 4883 Ernmpct....
3138 4825 3185 4870 et
3210 4815 3457 4871 sanitates
3495 4805 3820 4883 ωαξηηοτξιπ-

2276 4892 2381 4955 tur,
2408 4893 2455 4938 et
2486 4882 2683 4950 prwibit
2705 4884 2757 4936 in
2786 4877 3063 4950 conspectu
3087 4896 3173 4941 tuo
3201 4886 3404 4955 iustitia
3427 4896 3534 4953 tua,
3561 4892 3606 4938 et
3626 4877 3819 4952 gloria...

2274 4953 2457 5007 Adhuc
2487 4955 2720 5020 loquente
2749 4965 2815 5020 te,
2833 4963 2939 5011 etc.

2354 5026 2369 5097 ξ
2408 5023 2476 5097 ξι
2498 5025 2855 5097 adhucAhabet
2887 5029 3047 5097 paulo
3080 5028 3216 5084 infra
3246 5028 3390 5086 idem
3426 5023 3651 5084 Lucifer.
3747 5086 3757 5097 ο

2353 5096 2367 5146 i
2407 5094 2643 5167 Caliglne
2673 5095 2852 5153 Latin.
2888 5094 2987 5155 sed
3033 5100 3103 5157 ab
3149 5100 3301 5158 edito
3348 5116 3454 5158 non
3498 5094 3818 5154 discesserim-

2277 5167 2509 5222 Galand.
2543 5180 2714 5224 recte.

2350 5237 2567 5316 k.V_e_rs.
2596 5240 2723 5316 Ant.
2753 5250 2807 5295 et
2827 5241 2957 5297 Sab.
2979 5243 3058 5298 sic
3081 5244 3506 5316 interpungunt:
3537 5236 3671 5316 Εζὶη
3689 5226 3822 5316 "ul:

2280 5312 2351 5363 sis
2379 5310 2613 5364 habitans
2642 5312 2695 5364 in
2749 5324 3030 5379 internum;
3075 5310 3305 5372 Sanctus
3336 5310 3402 5371 in
3450 5310 3629 5369 sanctis
3669 5310 3815 5359 ηοπιεκ

2282 5382 2396 5447 illi;
2432 5382 2666 5436 excelsus
2691 5384 2744 5437 in
2776 5386 2988 5450 sanctis,
3020 5396 3128 5443 etc.

2358 5436 2391 5489 ι’
2410 5450 2574 5526 Yers.
2599 5458 2727 5509 Ant.
2754 5436 3247 5526 blasphemiam,
3275 5469 3321 5514 et
3347 5459 3495 5513 vitam
3521 5447 3681 5526 bisqui
3698 5436 3815 5526 (ονξέ

2278 5525 2729 5604 contritisunt..._.
2764 5519 2999 5604 lllciscar
3034 5519 3410 5604 iuvenumque
3451 5538 3633 5596 semper
3657 5519 3813 5574 ίΐσπστ

2276 5595 2662 5670 vobis:_Sabal.
2705 5598 2831 5670 legit
2862 5595 3339 5670 aniranuitatem.‘
3553 5595 3557 5596 ί
3674 5668 3680 5670 Α
3740 5649 3790 5670 _,_.

2349 5675 2389 5748 ξιξ
2418 5649 2578 5722 vers.
2591 5649 2830 5725 iAthS—i
2845 5649 3616 5745 abstulwctds:.vcblligationem,
3636 5668 3681 5717 et
3698 5649 3808 5711 ordi-

2277 5746 2557 5793 nationem.
