4148 6186
419 299 516 356 881

1485 296 1621 354 PRO
1659 292 1932 353 SANCTO
1969 288 2367 349 ATHANASIO
2404 289 2534 349 LIB.
2575 291 2641 347 ll.

3615 287 3726 347 889

418 424 535 469 tuus
565 421 730 468 tecum
759 428 979 482 semper,
1004 420 1051 466 et
1078 412 1351 481 repleberis
1375 412 1506 467 sicut
1540 412 1799 467 desiderat
1834 412 2009 467 anima
2037 413 2091 473 Α
2114 409 2326 467 scribas
2352 417 2534 466 certos
2562 409 2703 479 quod
2733 416 2825 465 aut
2864 409 3226 465 Athanasium
3268 410 3568 467 antistitem
3620 409 3721 465 Dei

418 517 531 572 tua,
554 516 602 562 et
632 506 804 560 omnia
834 522 950 559 ossa
981 514 1071 559 tua
1100 504 1447 576 pinguescant,
1478 513 1528 559 et
1549 514 1701 559 erunt
1730 505 1859 559 sicut
1888 504 2010 557 hor-

417 608 501 653 tus
520 598 772 659 ebrius.et
800 600 934 651 sicut
950 601 1068 669 fons
1089 596 1174 651 cui
1203 613 1304 650 non
1334 596 1521 666 defecit
1550 603 1723 664 aaqua
1741 593 1906 667 (Ibid.
1931 595 2014 667 9).

416 691 577 757 Haec,
606 701 665 747 ut
708 693 820 761 jam
849 691 1054 747 dictum
1086 699 1202 756 est,
1235 691 1495 760 consequi
1527 690 1757 760 poteris,
1787 690 1832 744 si
1866 698 1919 745 te
1945 689 2012 743 ad

415 787 704 843 ecclesiam
727 786 995 854 conferas,
1031 786 1079 841 si
1104 785 1395 841 coarianos
1418 796 1541 840 tuos
1567 784 1739 848 vites,
1789 784 1833 837 si
1867 783 2011 837 illam

415 879 777 950 malignorum
803 877 1277 947 congregationem
1304 885 1541 932 vestram
1571 875 1724 932 odire
1748 874 2011 946 digneris.

414 973 570 1029 Tunc
597 974 704 1027 erit
734 971 876 1026 Deus
904 982 1081 1026 tecum
1105 985 1346 1039 semper,
1378 978 1506 1025 tunc
1528 970 1581 1024 in
1607 969 1845 1024 tenebris
1873 969 2015 1024 orie-

415 1073 502 1119 tur
531 1064 715 1118 lumen
741 1062 872 1131 tibi,
907 1073 1035 1119 tunc
1063 1062 1302 1119 tenebrae
1332 1063 1428 1117 tibi
1458 1070 1515 1116 ut
1544 1061 1806 1117 meridies
1830 1069 2011 1126 erunt,

413 1157 612 1212 tuncin
643 1155 800 1211 bonis
823 1155 1090 1225 dirigetur
1123 1155 1227 1210 iter
1258 1165 1432 1208 tuum.
1467 1154 1738 1210 Caeterum
1760 1153 1805 1208 si
1834 1153 1886 1207 in
1911 1151 2013 1208 hac

409 1247 716 1320 pervicacia
742 1248 1029 1316 manseris,
1065 1247 1110 1302 si
1137 1248 1189 1302 in
1223 1246 1325 1302 bac
1357 1246 1703 1309 crudelitate,
1736 1254 1796 1301 ut
1822 1261 2009 1301 servos

409 1340 531 1410 ejus
575 1340 818 1407 crucies,
861 1354 967 1394 non
1002 1348 1180 1395 tecum
1218 1339 1365 1395 Deus
1392 1340 1527 1405 erit,
1558 1338 1653 1395 sed
1683 1338 1808 1404 ille,
1838 1341 1928 1409 qni
1958 1349 2014 1395 et

409 1434 578 1491 hodie
604 1449 725 1490 esse
759 1436 812 1491 in
842 1444 1028 1490 vestro
1052 1444 1199 1491 cmtu
1232 1435 1562 1490 Arianorum
1598 1435 1890 1502 invenitur,
1912 1433 2014 1490 hoc

407 1535 496 1583 est
519 1526 790 1582 diabolus.
820 1525 927 1583 Ista
975 1526 1179 1584 etenim
1222 1542 1345 1597 quae
1386 1541 1549 1598 agere
1577 1526 1846 1598 dignaris,
1901 1541 2009 1581 non

407 1630 534 1678 sunt
557 1623 688 1691 Dei,
715 1622 812 1679 sed
839 1622 1067 1679 diaboli.
1103 1622 1160 1679 Si
1191 1637 1359 1693 opera
1383 1630 1511 1678 sunt
1537 1622 1628 1678 illa
1656 1621 1777 1690 Dei,
1802 1631 1861 1677 ut
1886 1636 2011 1693 pro-

2118 518 2227 558 non
2252 502 2629 558 damnaverint
2654 502 3030 569 innocentem,
3055 512 3153 557 aut
3174 502 3318 572 quod
3346 516 3452 559 non
3478 501 3724 559 cohaere-

2119 596 2227 651 tico
2279 604 2371 651 tuo
2405 595 2642 665 Georgio
2668 593 2697 633 δ
2738 596 3295 659 communicaverint,
3347 605 3439 651 aut
3477 595 3621 667 quod
3662 610 3724 652 se

2120 687 2301 742 dicant
2322 687 2685 753 Christianos,
2718 688 2861 758 quod
2892 689 3069 743 nolint
3089 688 3229 743 effici
3258 697 3593 757 coapostatae
3621 690 3724 757 tui,

2118 790 2345 850 possunt
2375 794 2508 834 sane
2548 782 2821 834 aestimare
2852 792 2896 847 ο,
2926 782 2971 835 si
3003 781 3091 835 illa
3122 796 3288 852 opera
3322 782 3437 836 Deo
3469 783 3581 835 sint
3609 780 3724 850 pla-

2116 875 2254 939 cita;
2288 876 2416 928 item
2444 873 2491 928 si
2515 874 2866 945 eleemnsyna
2889 886 2974 929 est
2998 876 3121 937 ista,
3144 892 3305 946 quam
3329 874 3438 931 ἀθά
3462 876 3725 947 lacrymis

2114 968 2213 1023 das
2236 968 2450 1033 alienis,
2476 968 2543 1021 de
2562 982 2753 1022 eorum
2790 967 2968 1032 bonis,
2994 970 3083 1037 qui
3120 967 3422 1038 deportari,
3458 969 3721 1035 interfici,

2115 1062 2494 1133 proscribique
2528 1062 2821 1116 maluerint
2855 1077 2881 1114 a
2917 1071 2998 1126 te,
3048 1078 3210 1131 quam
3251 1073 3343 1117 aut
3376 1062 3725 1120 innocentem

2113 1157 2400 1223 damnare,
2428 1165 2522 1211 aut
2567 1172 2768 1226 negare
2799 1156 3019 1211 unicum
3068 1157 3165 1211 Dei
3210 1157 3432 1223 Filium,
3468 1158 3520 1212 in
3561 1172 3723 1227 quem

2112 1250 2401 1308 credentes
2429 1249 2673 1305 sciebant
2706 1248 3047 1317 glorificatos
3096 1248 3406 1316 Abraham,
3440 1248 3591 1304 Isaac
3612 1291 3627 1315 ,
3670 1258 3728 1306 et

2112 1345 2303 1411 Jacob,
2332 1353 2387 1399 et
2414 1358 2611 1399 omnes
2653 1342 2973 1411 prapbetas,
3009 1343 3293 1413 aposwlos
3321 1358 3384 1398 ac
3415 1352 3718 1413 martyres,

2113 1452 2346 1507 quorum
2383 1445 2434 1491 te
2463 1434 2579 1491 fieri
2612 1436 2846 1498 socium,
2895 1443 3057 1506 atque
3102 1436 3356 1491 omnibus
3396 1436 3723 1506 participem

2114 1546 2201 1586 me
2226 1545 2449 1599 cupere,
2476 1544 2593 1585 mea
2612 1530 2754 1585 circa
2789 1540 2841 1585 te
2870 1529 2987 1583 haec
3011 1544 3134 1585 esse
3164 1539 3313 1599 vota,
3347 1530 3439 1587 ille
3463 1540 3547 1587 est
3565 1530 3722 1586 testis

2114 1624 2205 1695 qui
2231 1624 2386 1680 nobis
2414 1602 2661 1681 tribuere
2696 1623 2797 1679 hoc
2825 1632 3017 1693 potens
3041 1632 3147 1678 est.

481 1789 504 1817 α
535 1778 616 1835 Ex
643 1778 837 1835 Graeco
884 1779 1122 1851 ἐξέλιπεν.
1154 1776 1316 1851 V_crs.
1369 1780 1496 1851 Ant.
1554 1778 1772 1843 deﬁciet.
1816 1776 2005 1851 Sabat.
2039 1783 2089 1843 Β
2117 1781 2387 1846 detracta,
2428 1780 2513 1836 vel
2556 1779 2698 1833 bona
2733 1779 3167 1849 Episcoporum,
3212 1796 3348 1851 quos
3379 1781 3432 1837 in
3465 1782 3719 1838 exsilium

405 1851 601 1921 deﬁcit.
637 1850 752 1905 Alia
798 1850 1046 1921 quaedam
1099 1848 1237 1905 levia
1283 1850 1336 1904 in
1385 1848 1489 1904 hoc
1541 1859 1690 1905 textu
1713 1850 1927 1904 variant
1953 1850 2005 1903 in

406 1920 795 2063 vebrEcgi‘glitts
820 1992 1123 2063 Cappadox
1153 1992 1589 2048 Alexandrinam
1626 1991 1815 2047 sedem
1846 2006 2008 2047 Occu-

404 2067 555 2190 pavit
584 2065 776 2189 adtan.
809 2062 979 2137 usque
1000 2066 1128 2132 56f,
1167 2080 1276 2136 quo
1304 2079 1334 2118 a
1363 2064 1577 2119 furente
1606 2064 1811 2135 populo
1838 2062 2005 2118 inter-

426 2146 576 2190 ectus
593 2151 653 2190 es
686 2176 699 2187 .

426 2143 576 2192 'ectus
593 2143 699 2190 est.

478 2218 501 2246 ο
528 2205 823 2261 .Estimari.
860 2206 1043 2262 Latin.
1075 2215 1131 2262 et
1157 2206 1389 2263 Galand.

474 2275 499 2314 ά
526 2278 876 2335 Gloriabatnr
905 2280 1139 2335 maxime
1170 2277 1523 2333 Constantius
1566 2280 1619 2333 in
1668 2277 2002 2332 ecclesiasti-

401 2350 481 2405 cis
526 2350 854 2415 sumptibus,
887 2360 943 2405 et
991 2349 1078 2420 pia
1106 2351 1338 2419 quadam
1368 2351 1419 2402 in
1452 2364 1723 2420 pauperes
1756 2348 2002 2403 liberali-

403 2430 538 2485 tate;
571 2421 665 2474 sed
686 2422 802 2476 haec
816 2422 994 2476 eidem
1020 2421 1316 2490 exprobrat
1346 2420 1561 2475 Lucifer
1582 2428 1697 2474 tum
1729 2420 1850 2485 hic,
1882 2427 1996 2474 tum

400 2491 523 2547 aliis
555 2492 608 2547 in
653 2491 809 2559 locis,
853 2495 1057 2564 quippe
1088 2492 1176 2548 vel
1214 2492 1388 2563 spolia
1414 2508 1444 2548 e
1466 2492 1753 2550 catholicis
1777 2492 2002 2564 templis

416 2646 441 2660 τ

2111 1853 2373 1923 ejccerat,
2402 1862 2456 1905 et
2485 1851 2907 1923 catholicorum,
2942 1852 3141 1918 quibus
3171 1864 3261 1906 aut
3287 1852 3453 1908 vitam
3488 1853 3719 1917 auferri,

2108 1922 2203 1981 aut
2246 1924 2532 1979 facultates
2566 1923 2829 1989 publicari
2854 1922 3092 1990 jusscrat
3116 1964 3131 1989 ,
3167 1924 3218 1976 in
3242 1924 3381 1978 alios
3416 1929 3717 1990 praesertim

2107 2013 2173 2053 su
2194 2014 2221 2043 ι·
2250 1997 2423 2065 partis
2456 1994 2707 2049 homines
2754 1994 3059 2065 largi~sime
3083 1995 3365 2063 erogabat.
3399 1994 3538 2049 Hinc
3566 1996 3715 2048 Hila-

2107 2071 2228 2124 rius
2257 2068 2309 2119 in
2337 2066 2432 2120 lib.
2464 2067 2609 2120 nnic.
2634 2077 2825 2118 contra
2854 2064 3270 2119 Constantium:
3304 2066 3446 2119 Auro
3463 2066 3716 2133 reipubli-

2107 2156 2182 2193 ιω
2208 2147 2446 2190 sanctum
2469 2136 2566 2189 Dei
2597 2152 2805 2196 oneras,
2840 2146 2885 2189 et
2912 2138 2990 2189 vel
3011 2137 3245 2190 detracta
3265 2138 3488 2201 templis,
3513 2138 3592 2190 vel
3623 2155 3718 2204 pu-

2098 2212 2292 2265 blicata
2315 2208 2517 2273 edictis,
2541 2206 2619 2259 vel
2649 2217 2829 2261 exacta
2859 2208 3022 2279 pmnis
3050 2205 3163 2279 Deo
3193 2208 3417 2279 ingeris;
3448 2208 3664 2279 etiibnd.
3696 2228 3711 2265 :

2110 2280 2359 2337 Ecclesia:
2389 2289 2521 2331 tecta
2547 2279 2723 2341 struit,
2746 2290 2802 2331 ut
2834 2278 2988 2345 ﬁdem
3021 2278 3293 2343 destruat;
3322 2280 3469 2333 unde
3499 2278 3716 2334 Lucifer

2110 2354 2225 2422 ipse
2251 2349 2507 2422 superius
2539 2367 2551 2403 :
2589 2348 2659 2401 Es
2680 2350 2958 2422 memorias
2984 2360 3273 2420 martyrum
3297 2351 3628 2415 instaurans,
3671 2360 3719 2405 et

2106 2419 2369 2479 servorum
2396 2419 2495 2475 Dei
2522 2436 2757 2475 cruorem
2788 2420 2981 2487 fundis.

1276 2825 1520 2909 PRO
1596 2822 2051 2910 SANCTO
2126 2822 2514 2909 ATHAN
2529 2824 2799 2908 ASIO

1694 2985 1932 3047 LIBER
1975 2985 2400 3049 SECUNDUS.

464 3275 646 3332 Audes
666 3275 733 3330 ad
762 3275 875 3331 Deo
902 3275 1109 3332 dicatos
1135 3276 1377 3342 tendere,
1408 3276 1728 3341 Constanti,
1771 3289 1986 3339 manus,
2018 3274 2064 3337 C
2094 3276 2226 3344 ejus,
2245 3283 2291 3326 et
2314 3271 2652 3343 proselytum,
2684 3280 2734 3325 et
2754 3286 3053 3342 pauperem,
3083 3280 3132 3326 et
3154 3270 3361 3324 viduam
3392 3286 3496 3325 non
3521 3280 3707 3338 poten-

389 3370 458 3426 ad
497 3384 592 3426 eos
620 3368 922 3434 vexandos,
974 3385 1205 3441 quorum
1239 3369 1553 3425 felicitatem
1584 3367 1824 3423 declarat
1862 3382 1995 3434 apo-

390 3464 565 3521 stolus
616 3463 851 3520 dicens:
888 3463 1093 3521 Scimus
1142 3476 1315 3519 autem
1365 3464 1611 3533 quoniam
1659 3461 1993 3534 diligentibus

391 3557 675 3614 Dominum
693 3569 719 3596 ἰ
749 3560 922 3614 omnia
945 3559 1230 3629 procedunt
1258 3559 1312 3612 in
1339 3557 1558 3621 bonum,
1591 3557 1672 3610 his
1698 3559 1786 3623 qui
1813 3571 1993 3609 secun-

390 3655 515 3707 dum
532 3654 857 3726 propositum
879 3654 1045 3708 vocati
1068 3662 1207 3718 sunt,
1251 3668 1378 3721 quos
1417 3649 1640 3722 pra’sciil
1660 3658 1709 3701 et
1729 3648 1995 3715 prwdesli—

391 3746 531 3800 navit
572 3749 860 3816 conformes
913 3744 1028 3814 ﬁeri
1069 3744 1284 3816 imagini
1331 3741 1459 3796 Filii
1500 3744 1611 3813 ejus
1665 3738 1840 3811 (Rom.
1877 3754 1989 3805 vm,

390 3836 509 3909 28).
542 3837 852 3894 Procedunt
872 3835 1091 3908 quidem
1112 3836 1268 3891 nobis
1292 3836 1346 3889 in
1373 3835 1573 3888 bonum
1600 3842 1706 3886 tute
1736 3845 1991 3900 persecu-

387 3931 584 3986 tiones.
618 3929 726 3985 Sed
754 3929 985 3985 adverte
1014 3942 1112 3999 per
1140 3926 1437 3983 Jeremiam
1469 3940 1591 3996 qua:
1623 3924 1774 3978 vobis
1807 3937 1993 3991 perse-

385 4023 666 4078 cutoribus
722 4022 1003 4092 promittat
1050 4020 1194 4075 Deus
1225 4019 1414 4073 dicens
1469 4031 1480 4065 :
1541 4015 1770 4071 Sanctus
1820 4012 1993 4067 Israel

384 4112 630 4181 Domino,
660 4114 864 4168 initium
896 4112 1282 4182 generationum
1314 4113 1425 4183 ejus
1451 4126 1469 4164 :
1501 4124 1675 4162 omnes
1717 4107 1802 4177 qui
1832 4105 1989 4159 edunt

383 4223 520 4270 eum,
551 4206 883 4274 paenitebunt.
913 4202 967 4257 Μ
976 4207 1061 4259 ala
1076 4203 1321 4257 inducam
1339 4217 1494 4272 super
1513 4216 1623 4263 eos,
1650 4198 1775 4252 dicit
1807 4196 1989 4251 Domi—

385 4315 481 4353 nus
504 4298 639 4367 (Jer.
673 4314 732 4364 ll,
766 4296 847 4361 5).
878 4296 1109 4353 Venient
1149 4310 1311 4365 super
1339 4303 1392 4348 te
1432 4293 1569 4347 mala
1598 4306 1719 4361 qua:
1742 4290 1835 4345 tibi
1862 4306 1989 4359 pro-

385 4393 550 4446 mittit
584 4392 748 4459 Deus,
774 4388 1084 4455 Constanti,
1114 4388 1215 4443 nisi
1268 4396 1433 4443 temet
1472 4386 1800 4451 correxeris,
1850 4383 1989 4440 sicut

382 4493 659 4539 venerunt
688 4498 854 4551 super
879 4482 1038 4537 illum
1090 4482 1347 4551 populum
1396 4478 1669 4535 carnalem
1711 4476 1985 4531 comblas-

384 4575 640 4644 phemum
663 4583 836 4638 tuum,
862 4574 929 4629 ad
954 4588 1115 4644 quem
1140 4571 1341 4627 dicitur
1366 4589 1378 4623 :
1414 4569 1490 4623 Tu
1513 4568 1831 4639 malignatus
1849 4583 1901 4621 es
1930 4577 1988 4621 ut

2095 3366 2267 3419 tabitis
2282 3376 2303 3404 ο
2316 3407 2330 3429 ,
2349 3366 2651 3435 sanguinem
2668 3366 2955 3418 innocentis
2969 3382 3070 3419 non
3085 3364 3372 3431 e/fuderitis
3383 3368 3437 3418 in
3459 3365 3555 3419 ltoc
3568 3366 3703 3432 loco,

2091 3469 2141 3513 et
2162 3458 2485 3527 postalienos
2504 3457 2638 3511 Deos
2671 3474 2773 3512 non
2795 3457 3002 3511 abibitis
3030 3455 3139 3527 (Ib.
3159 3473 3254 3521 vn,
3270 3458 3348 3528 5).
3372 3458 3703 3516 Emendabis

2091 3551 2207 3606 vias
2240 3562 2380 3615 tuas,
2410 3551 2453 3605 si
2499 3550 2611 3618 jam
2651 3549 2868 3604 desinas
2908 3554 3163 3620 persequi
3200 3550 3291 3605 Dei
3323 3564 3537 3618 servos,
3569 3552 3615 3606 si
3650 3560 3705 3607 te

2093 3640 2465 3698 Christianum
2500 3642 2667 3696 fueris
2684 3644 2989 3703 confessus.
3016 3650 3072 3697 et
3100 3657 3223 3697 esse
3253 3642 3516 3698 Arianum
3544 3657 3710 3714 nega-

2094 3734 2259 3796 veris,
2290 3735 2335 3788 si
2363 3733 2557 3788 Filinm
2591 3733 2709 3795 Dei,
2744 3748 2931 3786 verum
2956 3732 3050 3787 Dei
3081 3733 3277 3788 Filium
3304 3734 3627 3801 credideris,
3657 3735 3707 3789 si

2090 3826 2381 3881 anathema
2435 3826 2629 3881 feceris
2660 3826 2907 3881 dicentes
2940 3843 2952 3879 :
2990 3825 3119 3879 Erat
3148 3823 3175 3862 ά
3196 3827 3405 3895 quando
3430 3843 3531 3880 non
3566 3837 3702 3894 erat,

2093 3928 2149 3974 et
2180 3924 2349 3989 factus
2389 3930 2463 3971 est
2495 3934 2559 3972 ea:
2606 3918 2772 3971 nihilo
2806 3934 2819 3971 :
2852 3918 3087 3971 mutabis
3132 3917 3248 3971 vias
3284 3927 3423 3983 tuas,
3452 3917 3500 3971 si
3534 3918 3709 3986 paeni-

2096 4011 2263 4065 tueris
2291 4025 2390 4080 pro
2412 4010 2745 4076 homicidiis,
2778 4024 2987 4079 proque
3014 4009 3349 4080 esacrilegio
3394 4019 3522 4074 tuo;
3562 4008 3704 4064 alio-

2090 4104 2222 4174 quin
2254 4103 2365 4158 eris
2395 4102 2440 4169 ί,
2476 4112 2532 4157 ut
2562 4117 2707 4157 nunc
2756 4119 2839 4169 es,
2866 4118 2958 4169 ges
2990 4101 3123 4165 illis,
3159 4102 3211 4155 in
3235 4116 3468 4172 quorum
3501 4114 3705 4170 expro-

2092 4196 2396 4252 brationem
2438 4196 2640 4253 dicitur
2667 4212 2697 4251 a
2740 4196 2851 4251 Deo
2887 4213 2901 4250 :
2937 4195 3209 4265 Numquid
3254 4194 3504 4265 spelunca
3543 4194 3707 4248 latro-

2092 4305 2216 4341 num
2244 4300 2316 4343 est
2347 4288 2531 4343 domus
2554 4304 2690 4353 mea,
2714 4289 2766 4341 in
2797 4304 2896 4357 qua
2924 4297 3158 4341 vocatum
3190 4296 3263 4339 est
3304 4302 3490 4340 nomen
3535 4300 3709 4339 meum

2093 4378 2260 4451 (Ibid.
2294 4379 2587 4449 il)?Quos
2612 4380 2692 4433 vis
2735 4392 2858 4435 esse
2914 4377 3010 4432 Dei
3040 4377 3268 4431 domum
3289 4417 3302 4440 ,
3336 4389 3505 4429 vosne
3546 4374 3705 4429 Aria-

2091 4488 2213 4538 nos,
2234 4489 2301 4526 an
2330 4488 2429 4525 nos
2449 4470 2824 4526 Christianos?
2853 4470 2909 4524 Si
2934 4469 3080 4524 enim
3108 4477 3291 4522 vestra
3315 4466 3548 4535 maligna
3573 4480 3707 4520 con-

2089 4567 2333 4639 gregatio
2355 4575 2440 4621 est
2467 4565 2664 4620 domus
2693 4562 2810 4627 Dei,
2841 4577 2974 4631 ergo
3027 4562 3300 4615 latronum
3347 4559 3704 4629 congregatio

382 4668 741 4737 coinquinares
762 4669 870 4721 vias
905 4677 1036 4731 tuas,
1082 4674 1131 4719 et
1160 4664 1214 4718 in
1240 4662 1476 4716 manibus
1522 4661 1623 4714 tuis
1649 4660 1884 4713 inuentus
1912 4668 1987 4714 est
2016 4659 2065 4720 D
2091 4670 2177 4716 est
2205 4660 2397 4713 domus
2424 4659 2540 4713 Dei.
2574 4656 2685 4712 Vos
2714 4656 2918 4711 etenim
2952 4653 3231 4709 fundendo
3257 4650 3581 4723 sanguinem
3604 4650 3707 4707 Dei

380 4761 591 4833 sanguis
645 4760 942 4813 animarum
984 4756 1337 4811 innocentium
1379 4751 1545 4827 (Ibid.
1591 4752 1704 4821 55).
1761 4750 1885 4806 Eris
1932 4749 1987 4805 in

381 4862 646 4907 teternnm
696 4850 838 4907 inter
881 4849 975 4905 Dei
1024 4849 1302 4912 inimicos,
1344 4848 1445 4901 nisi
1492 4845 1733 4900 audieris
1762 4846 1989 4899 audiens

381 4943 501 5013 ejus
526 4952 771 4998 sanetam
799 4941 1038 4997 dicentis
1064 4940 1492 4995 admonitionem
1529 4955 1541 4990 :
1578 4937 1639 4992 Si
1662 4935 1994 4990 emendantes

380 5035 767 5092 emendabitisb
797 5042 907 5090 vias
939 5045 1151 5099 vestras,
1202 5044 1250 5088 et
1291 5034 1630 5104 cogitationes
1684 5038 1896 5093 vestras,
1946 5037 1994 5081 et

381 5130 633 5201 facientes
660 5129 884 5201 feceritis
929 5128 1195 5200 judicium
1236 5126 1371 5180 inter
1423 5125 1588 5179 uirum
1615 5131 1663 5177 et
1694 5121 1990 5191 proximum

456 5316 481 5343 ⁸
510 5306 669 5363 Vers.
700 5308 829 5361 Ant.
866 5306 1126 5361 Deum...
1171 5306 1227 5358 in
1266 5304 1505 5359 bonis....
1550 5304 1672 5373 quia
1697 5321 1826 5376 quos
1856 5320 1989 5376 prte-

381 5380 567 5432 scit....
596 5380 838 5449 imaginis
854 5420 870 5443 ,
911 5388 1017 5432 etc.

454 5449 483 5489 ι)
508 5451 693 5503 δίψει.
707 5447 715 5449 ἡ
730 5451 864 5518 legit
911 5447 1321 5502 emendaveritis.

462 5531 484 5559 ε
518 5520 573 5575 ltl
595 5529 698 5585 est,
726 5516 1028 5591 potestatem
1059 5528 1279 5591 vestram
1305 5533 1407 5591 non
1430 5516 1755 5591 exercebitis,
1786 5527 1994 5591 utrsan-

385 5593 595 5664 guinem
649 5586 761 5663 ejus
810 5591 975 5657 {unda
1000 5591 1066 5653 is,
1109 5598 1157 5643 et
1189 5586 1706 5664 ipsumiuterﬁciatis
1738 5602 1755 5640 .'
1781 5590 1868 5641 ubi
1898 5604 1991 5659 po-

388 5660 735 5732 lentare,pr9
767 5671 1069 5732 potestatem
1096 5671 1145 5714 et
1173 5660 1461 5713 dominium
1483 5672 1721 5711 exercere
1742 5669 1989 5730 usurpat.

387 5731 494 5787 Tit.
527 5746 574 5786 et
608 5731 659 5786 la
689 5730 874 5787 Cerdo.

460 5801 485 5837 ἀ
508 5802 659 5857 Hanc
684 5802 1010 5859 Arianorum
1037 5800 1325 5857 formulam
1343 5808 1533 5869 aperte
1550 5799 1826 5855 damnavit
1846 5798 1956 5866 Syn
1971 5829 1989 5841 ρ

2093 4768 2400 4815 servorum,
2428 4759 2483 4806 ut
2508 4761 2635 4804 tunc
2661 4747 2956 4803 fundebant
2983 4746 3179 4809 Judaei,
3210 4743 3549 4815 inspicimini
3579 4755 3704 4799 esse

2092 4845 2355 4899 latrones.
2409 4844 2490 4897 Ex
2534 4842 2798 4897 fructibus
2846 4840 2985 4907 tuis,
3040 4838 3345 4908 Imperator
3384 4835 3699 4902 Constanti,

2094 4952 2203 4990 non
2233 4950 2356 4991 esse
2395 4934 2759 5000 Christianus,
2792 4933 2888 4989 sed
2937 4932 3096 5003 plane
3135 4944 3394 5000 manceps
3424 4930 3701 4983 latronum

2094 5028 2461 5101 cognosceris.
2498 5027 2756 5098 Praecipis
2782 5028 3015 5097 denique
3060 5029 3386 5079 innocentes
3424 5017 3703 5084 interimi,

2096 5122 2349 5178 habitans
2378 5121 2587 5178 scilicet
2609 5136 2717 5177 non
2744 5121 2797 5176 in
2840 5120 3075 5177 ecclesia
3104 5117 3342 5181 Domini,
3373 5113 3471 5169 sed
3496 5113 3549 5167 in
3575 5125 3701 5180 spe-

2101 5306 2241 5361 odus
2284 5305 2503 5361 Nicaena
2534 5324 2547 5361 :
2588 5304 2696 5361 Eos
2720 5317 2912 5373 autem,
2942 5306 3032 5376 qui
3060 5305 3260 5369 dicunt,
3302 5301 3433 5356 Erat
3477 5298 3700 5370 quando

2101 5392 2209 5431 non
2240 5389 2385 5440 erat,
2421 5389 2500 5442 et,
2531 5378 2849 5445 Priusquam
2902 5385 3243 5441 nasceretur,
3282 5388 3400 5445 ‘non
3444 5380 3592 5445 erat,
3624 5381 3698 5438 et,

2097 5448 2229 5516 Quia
2252 5464 2316 5502 ex
2342 5451 2507 5503 nullis
2553 5442 2891 5503 exstantibus
2924 5447 3102 5501 factus
3127 5456 3212 5499 est
3234 5486 3249 5513 ,
3272 5442 3367 5498 hos
3389 5442 3692 5497 anathema-

2097 5523 2219 5573 tizat
2246 5520 2501 5572 catholica
2523 5528 2570 5571 et
2598 5520 2886 5586 apostolica
2917 5516 3176 5571 Ecclesia.

2171 5589 2347 5645 eCum
2375 5591 2553 5644 Latin.
2586 5582 2641 5643 et
2668 5599 2816 5644 recte
2844 5590 2917 5643 ita
2944 5588 3321 5653 correximus;
3351 5585 3403 5640 in
3444 5582 3592 5639 edito
3614 5582 3695 5637 le-

2093 5662 2321 5732 gebatur
2352 5677 2444 5729 pro
2465 5668 2586 5731 quo.

2174 5732 2190 5769 τ
2220 5731 2339 5785 Eris
2353 5728 2359 5729 ί
2372 5728 2503 5786 unus
2518 5746 2583 5785 ea:
2606 5730 2731 5785 illis.
2768 5728 2871 5784 Til.
