4148 6186
554 276 662 336 883

1640 265 1967 333 LUCH’EM
2006 264 2313 333 EPISCDPI
2353 270 2772 329 CALARITANI

3734 276 3820 333 884

554 393 717 447 lunca
754 391 1027 446 latronum
1060 408 1071 441 :
1099 400 1208 443 non
1248 388 1454 443 desinis
1500 387 1812 443 interﬁcere
1860 402 1979 452 eos,
2022 400 2160 458 quos
2188 392 2237 449 Α
2265 402 2377 442 rere
2401 396 2549 441 meet
2572 388 2884 457 intelligere,
2930 394 2977 439 et
3028 385 3159 439 scire
3176 385 3227 438 in
3262 384 3433 439 Deum
3463 386 3688 457 gloriari,
3726 392 3821 456 quia

554 485 741 539 videas
770 483 1001 538 intertlri
1036 489 1253 551 paratos
1288 494 1388 550 pro
1420 481 1567 535 unici
1603 481 1695 535 Dei
1728 480 1847 534 Filii
1881 480 2155 545 claritate,

554 593 654 647 pro
684 580 886 632 :eterna
921 576 1065 630 illius
1103 575 1405 642 majestate.
1436 574 1725 628 Noluimus
1757 571 1823 627 ad
1851 573 2013 627 falsas
2032 586 2163 643 sug-

554 676 831 741 gestiones
879 680 1019 736 tuas,
1078 668 1211 723 dare
1257 677 1451 722 contra
1482 668 1660 722 virum
1704 667 1910 737 justum
1942 677 2164 721 senten-

558 765 711 828 tiam,
740 778 807 817 ne
834 770 890 816 et
916 774 1018 815 nos
1044 770 1359 831 percuteret
1382 766 1561 814 tecum
1593 769 1648 814 et
1678 774 1801 813 cum
1834 759 2039 814 Iudaeis
2064 761 2161 813 ista

559 853 772 910 Domini
816 855 1120 923 increpatio
1147 872 1159 907 :
1192 852 1442 908 Extendit
1473 853 1707 924 linguam
1734 869 1882 907 suam
1908 854 2039 906 sicut
2079 869 2167 908 ar-

492 962 497 965 ·
560 962 678 1000 cum
713 948 769 999 in
803 948 959 1016 falso,
994 957 1041 1000 et
1070 945 1199 1015 ﬁdes
1228 961 1331 999 non
1357 945 1572 998 incaluit
1621 960 1773 1016 super
1803 955 2011 1006 terram,
2044 947 2166 1015 quia

557 1042 623 1095 de
648 1042 805 1094 malis
832 1042 974 1093 mala
990 1040 1248 1103 exierunt,
1280 1047 1332 1093 et
1360 1054 1438 1091 tne
1466 1038 1759 1091 nescierunt
1790 1036 1954 1109 (Ibid.
1982 1052 2057 1101 ιχ,
2084 1035 2163 1105 5).

562 1135 663 1199 Tu,
694 1136 785 1204 qui
833 1132 1097 1187 lalsorum
1140 1146 1199 1187 es
1237 1132 1529 1187 criminum
1574 1132 1934 1187 concinnatur
1964 1135 2167 1200 pariter

561 1239 617 1283 et
646 1238 881 1293 amator,
914 1238 971 1281 tu
1012 1226 1301 1281 Dominum
1334 1227 1607 1292 nesciens,
1644 1227 1747 1280 nisi
1779 1235 1803 1263 ι
1833 1236 1885 1280 te
1914 1241 2167 1282 correxe-

559 1322 657 1389 ris,
688 1333 744 1377 ut
770 1337 852 1389 es,
881 1336 1026 1378 unus
1055 1323 1166 1377 eris
1185 1337 1251 1377 ex
1300 1322 1438 1388 illis,
1469 1321 1538 1375 de
1577 1321 1775 1390 quibus
1806 1322 2067 1390 scriptum
2092 1322 2170 1377 le-

558 1418 685 1488 gisti
718 1434 729 1469 :
770 1415 1046 1471 Veritatem
1078 1431 1180 1470 non
1227 1417 1530 1482 loquuntur,
1564 1414 1746 1468 didicit
1786 1415 1967 1485 lingua
1991 1430 2170 1469 eorum

563 1512 704 1581 loqui
732 1512 1060 1567 mendacium
1094 1529 1109 1565 :
1137 1511 1321 1564 reverti
1352 1509 1655 1573 noluerunt,
1680 1518 1726 1562 et
1758 1492 2171 1583 non'obrelique-

560 1616 683 1660 runt
716 1622 929 1660 usuram
968 1622 1121 1674 super
1158 1616 1392 1668 usuram,
1418 1602 1599 1656 dolum
1637 1616 1793 1671 super
1821 1602 1998 1655 dolum
2033 1617 2050 1654 :
2075 1616 2173 1655 no-

564 1702 773 1755 luerunt
824 1716 903 1753 me
950 1716 1120 1762 nosse,
1166 1700 1295 1751 dicit
1343 1698 1619 1751 Dominus.
1666 1697 1886 1769 Pr0pter
1913 1696 2042 1761 htec,
2076 1698 2172 1751 hoc

2262 495 2359 551 ego
2380 496 2492 533 sunt
2514 479 2766 533 Dominus
2789 480 2876 549 qui
2903 480 3041 550 facio
3060 479 3495 544 misericordiam,
3520 488 3570 534 et
3584 479 3825 550 judicium,

2263 586 2312 631 et
2327 578 2587 649 justitiam
2612 592 2769 646 super
2790 586 3002 639 terrain,
3030 576 3155 645 quia
3178 578 3231 630 in
3257 576 3342 629 Itis
3370 586 3444 629 est
3470 576 3696 629 voluntas
3719 594 3829 644 me,

2263 671 2388 723 dicit
2415 670 2671 725 Dominus
2695 668 2912 741 (Ibid.).
2936 670 3073 724 Cum
3107 671 3288 738 itaque
3313 670 3579 739 judicium
3611 671 3686 726 vis
3716 671 3833 741 inju-

2263 775 2407 820 stum
2443 781 2469 816 π
2503 766 2594 819 Dei
2626 766 2861 836 proferri
2887 765 3287 829 sacerdotibus,
3320 778 3448 820 cum
3491 766 3565 819 sis
3603 765 3739 820 lusor
3766 768 3835 819 in-

2266 858 2577 912 nocentium
2610 860 2909 928 sanguinis,
2942 873 3048 914 non
3093 873 3153 914 es
3191 860 3313 927 eius
3356 872 3570 923 servus,
3618 862 3704 929 qui
3742 860 3839 917 lucc

2265 966 2362 1005 ore
2391 952 2532 1021 loqui
2559 952 2811 1022 dignatus
2834 956 2905 1007 sit
2938 951 3242 1022 prophetae,
3272 951 3375 1006 sed
3412 952 3573 1020 plane
3621 967 3678 1004 es
3716 951 3840 1007 illius

2268 1044 2501 1099 [stitutus
2531 1048 2621 1116 qui
2658 1047 2953 1116 repleverit
2993 1061 3092 1102 cor
3119 1045 3279 1111 Cain,
3326 1055 3387 1099 ut
3412 1045 3613 1115 justum
3640 1058 3838 1117 puerum

2268 1138 2502 1206 primum
2532 1138 2792 1194 cultorem
2828 1140 3160 1194 interﬁceret
3194 1136 3438 1192 Domini.
3464 1136 3597 1192 Hinc
3618 1146 3695 1191 est
3720 1139 3839 1206 quod

2268 1244 2390 1285 cum
2422 1232 2498 1285 sis
2516 1240 2663 1285 tanta
2688 1231 2739 1285 in
2767 1232 3106 1286 sublimitate
3146 1232 3386 1301 positus,
3437 1244 3579 1284 unus
3610 1240 3767 1285 tamen
3787 1245 3839 1286 ex

2270 1324 2353 1379 his
2382 1339 2502 1379 esse
2536 1325 2851 1391 invenieris,
2886 1325 2955 1381 de
2977 1325 3176 1393 quibus
3217 1324 3513 1378 Dominum
3553 1323 3771 1378 locutum
3798 1325 3839 1377 in

2272 1418 2556 1489 cvangelio
2584 1418 2763 1488 legisti
2794 1435 2807 1471 :
2841 1417 2941 1473 Vos
2965 1428 2989 1454 ο
3018 1419 3082 1471 de
3107 1417 3318 1471 diabolo
3343 1427 3495 1487 patre
3530 1418 3635 1470 neti
3662 1417 3843 1481 στήκει

2272 1512 2738 1580 concupiscentia»:
2770 1512 2935 1579 patris
2982 1511 3140 1565 vestri
3172 1513 3350 1582 facere
3391 1511 3549 1563 uultis
3576 1526 3592 1564 :
3618 1511 3701 1563 ille
3732 1510 3841 1563 enim

2275 1602 2529 1655 nauticido
2542 1603 2639 1673 fuit
2668 1602 2731 1656 ab
2753 1604 2991 1668 initio,et
3019 1604 3073 1655 in
3094 1604 3315 1656 ueritate
3346 1617 3451 1656 non
3478 1602 3614 1656 stetit
3635 1599 3840 1671 (Jo.rtn,

2272 1693 2305 1746 4
2322 1695 2386 1765 ι).
2407 1695 2474 1747 Es
2488 1694 2721 1748 mendax
2737 1704 2789 1749 et
2804 1694 3078 1749 homicida
3106 1713 3117 1746 :
3144 1694 3407 1759 mendax,
3427 1696 3515 1764 qui
3540 1693 3745 1748 crimina
3764 1691 3843 1745 lal-

565 1792 691 1846 dicit
717 1786 973 1845 Dominus
1002 1806 1019 1843 :
1052 1788 1183 1844 Ecce
1204 1806 1297 1861 ego
1334 1788 1580 1843 comburo
1602 1805 1708 1852 eos,
1735 1797 1781 1842 et
1809 1786 2035 1859 probabo
2064 1804 2169 1855 eos,
2204 1782 2249 1840 Β
2278 1803 2335 1844 sa
2360 1789 2629 1844 abieceris
2658 1787 2674 1825 τ
2706 1789 2978 1844 Deiservo
3000 1787 3331 1853 Athanasio;
3361 1785 3740 1857 mendax,quia‘
3755 1784 3842 1838 bte-

564 1886 687 1955 qnia
712 1886 789 1938 sic
818 1885 1004 1955 faciam
1047 1901 1079 1937 u
1104 1884 1239 1953 facie
1275 1884 1623 1955 malignitatis
1669 1883 1793 1949 ﬁiite
1836 1882 2020 1951 populi
2056 1884 2174 1936 mei.

569 1980 775 2050 Sagitta
820 1980 1099 2031 vulnerans
1140 1977 1318 2048 lingua
1362 1992 1560 2041 eorum,
1606 1975 1838 2047 maligna
1881 1976 2029 2029 verba
2075 1977 2178 2029 aris

574 2088 750 2127 eorum
775 2090 793 2127 :
814 2073 1053 2142 proximo
1080 2089 1174 2126 suo
1199 2073 1427 2142 loquitur
1443 2070 1682 2139 paciﬁca,
1701 2080 1747 2125 et
1776 2070 1828 2123 in
1850 2069 2177 2137 semetipsum

565 2165 757 2219 detinet
790 2165 1139 2220 inimicitiam.
1186 2162 1458 2234 Numquid
1501 2164 1554 2216 in
1605 2162 1687 2216 his
1727 2161 1754 2199 δ
1785 2162 2022 2227 uisitabo,
2052 2161 2179 2215 dicit

568 2254 847 2323 Dominus,
876 2267 965 2311 aut
1013 2259 1067 2310 in
1106 2266 1304 2329 gentem
1334 2256 1489 2310 talem
1538 2270 1643 2308 non
1684 2254 1965 2309 uindicabit
2003 2256 2178 2308 anima

565 2366 680 2403 mea
708 2348 871 2419 (Ibid.
905 2350 997 2423 5)?
1042 2349 1209 2419 Eripe
1243 2360 1318 2415 te,
1348 2348 1666 2415 Constanti,
1700 2364 1731 2404 a
1765 2347 1926 2403 fovea
1960 2348 2177 2403 Arianae

567 2442 883 2509 dementize,
916 2458 982 2496 ne
1011 2443 1108 2497 des
1137 2452 1371 2497 reternas
1398 2457 1586 2511 poenas
1616 2456 1741 2495 cum
1787 2441 2178 2511 consacrilegis

570 2538 696 2590 tuis.
727 2535 845 2590 Noli
872 2536 1091 2606 gloriari
1126 2536 1217 2589 tibi
1251 2534 1319 2590 de
1341 2534 1544 2589 caduca
1579 2542 1665 2587 tua
1699 2534 1966 2604 dignitate
2002 2551 2015 2586 :
2048 2549 2178 2588 con-

568 2630 748 2684 sidera
784 2641 835 2683 te
869 2631 1179 2697 mortalem,
1211 2631 1333 2696 quia
1366 2628 1529 2685 aliter
1571 2645 1678 2683 non
1711 2622 1885 2699 possis
1914 2629 2177 2698 consequi

569 2722 1061 2785 immortalitatem,
1089 2723 1191 2777 nisi
1220 2723 1392 2777 Deum
1417 2724 1728 2792 agnoveris,
1762 2730 1817 2775 et
1847 2722 1964 2788 ejtts
1980 2722 2179 2777 feceris

572 2815 940 2878 voluntatem;
966 2816 1107 2868 sicut
1134 2815 1397 2883 scriptum
1418 2824 1502 2868 cst
1527 2832 1539 2867 :
1571 2812 1701 2868 Illuc
1727 2814 1854 2867 dicit
1886 2810 2174 2867 Dominus:

576 2904 700 2957 Non
728 2906 978 2973 glorietur
1003 2906 1205 2973 sapiens
1236 2907 1286 2958 in
1306 2924 1399 2959 sua
1425 2906 1682 2973 sapientia
1703 2917 1749 2970 ε,
1782 2916 1829 2959 et
1860 2922 1962 2961 non
1990 2907 2180 2978 glorie-

576 3009 659 3051 tur
682 2999 833 3066 [ortis
856 2999 909 3050 in
932 2999 1235 3067 fortitudine
1259 3016 1374 3061 sua,
1404 3016 1495 3052 nec
1517 3000 1765 3068 glorietur
1796 3000 1936 3052 dives
1957 3001 2010 3052 in
2048 3000 2179 3053 diul-

572 3093 666 3143 tiis
697 3091 827 3152 suis,
855 3092 943 3145 sed
968 3092 1018 3142 in
1051 3094 1148 3143 hoc
1178 3091 1427 3159 glorietur
1455 3091 1542 3158 qui
1570 3092 1846 3160 gloriatur,
1878 3089 2177 3160 inquirered

2282 1883 2501 1937 reticam
2528 1880 2687 1935 tidem
2713 1882 2863 1936 dicas
2891 1881 3219 1937 catholicam
3238 1923 3254 1947 ,
3304 1891 3360 1936 et
3387 1882 3699 1935 catholicam
3721 1879 3840 1932 dicas

2282 1975 2626 2039 ha-reticam;
2659 1975 2954 2037 homicida,
2981 1978 3105 2046 quia
3144 1986 3196 2029 et
3247 1976 3566 2045 sanguinem
3592 1984 3841 2044 perseque-

2282 2067 2355 2121 ris
2384 2067 2687 2130 Athanasii,
2713 2078 2767 2122 et
2785 2068 2895 2134 jam
2930 2068 3281 2123 interfeceris
3314 2076 3337 2115 8
3367 2078 3570 2122 certum
3597 2079 3836 2120 nmnerum

2284 2160 2376 2214 Dei
2408 2161 2699 2215 cultorum.
2750 2160 2865 2216 Non
2917 2163 3115 2217 stetisti
3161 2162 3285 2218 sine
3331 2161 3501 2217 dubio
3543 2162 3592 2214 in
3620 2160 3832 2222 veritate,

2280 2251 2403 2319 quia
2435 2251 2511 2304 sis
2539 2250 2656 2305 bzee
2672 2266 2891 2320 gerens,
2943 2251 3039 2306 sed
3068 2266 3126 2306 es
3165 2262 3318 2306 totus
3365 2253 3416 2306 in
3446 2251 3711 2305 mendacio
3734 2264 3835 2302 con-

2280 2343 2523 2406 stitutus,
2549 2342 2671 2413 quia
2702 2352 2754 2397 et
2795 2344 3026 2398 mendax
3069 2343 3141 2398 sit
3170 2353 3331 2414 pater
3359 2354 3505 2408 tuus,
3544 2344 3626 2412 qui
3657 2352 3701 2396 te
3723 2340 3835 2410 cogit

2282 2436 2349 2493 ad
2378 2438 2593 2492 unicum
2619 2436 2927 2509 negandum
2968 2438 3059 2493 Dei
3087 2437 3317 2501 Filium,
3351 2438 3443 2509 qui
3478 2447 3527 2492 te
3560 2435 3759 2506 impellit
3781 2432 3832 2487 ad

2283 2530 2404 2599 ejus
2458 2544 2737 2583 servorum
2792 2530 3181 2585 effundendum
3251 2546 3536 2586 cruorem.
3602 2528 3834 2583 Noluimus

2283 2621 2542 2676 damnare
2594 2623 2911 2686 absentem,
2970 2623 3247 2676 noluimus
3310 2617 3832 2676 innocentumhlerre

2281 2716 2641 2780 st‘ntentiam,
2675 2714 2947 2768 noluimus
2990 2712 3243 2767 haeresim
3276 2714 3565 2781 suscipere
3592 2721 3744 2772 tuam,
3782 2720 3833 2758 ne

2283 2802 2406 2860 lacti
2460 2804 2552 2861 tibi
2601 2805 2812 2860 similes
2857 2814 3199 2860 mererentur
3241 2804 3463 2868 audire,
3508 2817 3619 2871 quae
3654 2798 3831 2853 audiunt

2282 2899 2566 2953 coerratici
2604 2898 2614 2933 ί
2657 2899 2729 2950 ιιιί
2754 2897 2926 2953 Judmi
2951 2939 2964 2961 ,
3012 2897 3063 2950 in
3093 2912 3332 2965 quorum
3362 2893 3691 2963 opprobrium
3717 2887 3831 2943 Colli-

2280 2991 2456 3059 gimus
2478 3004 2579 3059 per
2602 2989 2893 3044 Jeremiam
2924 2989 3128 3043 dictum
3166 3006 3178 3042 :
3218 2987 3418 3041 Omnes
3448 2997 3609 3057 gentes
3642 2985 3733 3036 sine
3756 2981 3830 3032 cir-

2283 3084 2592 3137 cumcisione
2620 3094 2736 3137 sunt
2758 3086 2770 3132 J
2790 3128 2802 3149 ,
2831 3093 2875 3136 et
2903 3082 3067 3136 omnis
3093 3080 3119 3118 ¹ί
3145 3080 3520 3135 donmslsrael
3536 3079 3636 3131 sine
3654 3077 3831 3128 circum-

577 3201 656 3235 me
687 3192 731 3236 et
762 3182 1069 3252 intelligere,
1102 3192 1151 3236 et
1183 3183 1317 3238 scire
1344 3184 1395 3235 in
1436 3181 1603 3234 Demn
1649 3183 1885 3251 gloriari,
1936 3184 2058 3251 quia
2086 3200 2179 3253 ego
2206 3168 2249 3230 C
2284 3175 2473 3227 cisione
2500 3182 2618 3227 sunt
2645 3173 2813 3227 cordis
2840 3171 2973 3241 (.ler.
2998 3188 3070 3235 lx,
3102 3171 3213 3242 i6).
3249 3172 3332 3226 Es
3364 3183 3523 3240 atque
3542 3169 3659 3231 eris,
3687 3163 3771 3219 nisi
3796 3174 3832 3215 Ie

573 3292 685 3327 sum
724 3273 973 3328 Dominus
996 3274 1085 3344 qui
1111 3276 1249 3346 facio
1276 3274 1709 3339 misericordiam,
1740 3284 1783 3327 et
1821 3274 2099 3345 judicium,
2135 3287 2183 3329 et

563 3368 822 3438 jttstttiam
864 3384 1018 3435 super
1048 3376 1261 3430 terram;
1291 3368 1411 3436 quia
1439 3368 1489 3419 in
1518 3364 1598 3418 his
1644 3378 1717 3421 est
1758 3370 1997 3421 uoluntas
2042 3385 2177 3436 mea,

571 3460 693 3512 dicit
728 3457 978 3511 Dominus
1011 3456 1177 3513 (Ibid.
1208 3460 1327 3530 93).
1392 3461 1524 3513 Cum
1562 3461 1724 3527 igitur
1754 3460 1942 3515 videas
1991 3464 2043 3515 in
2094 3462 2179 3517 his

570 3566 692 3605 oSse
719 3551 1052 3603 voluntatem
1076 3551 1308 3610 Dotnini,
1333 3546 1608 3620 quomodo
1630 3552 1745 3607 haec
1768 3568 1888 3623 qua:
1909 3569 2093 3608 amare
2119 3570 2178 3610 se

572 3645 699 3699 dicit
732 3642 1026 3707 Dominus,
1067 3659 1259 3711 perosa
1312 3646 1516 3701 habere
1549 3647 1822 3717 dignaris?
1852 3644 1915 3702 In
1939 3649 2057 3714 hoc,
2089 3648 2175 3702 in-

570 3737 709 3806 quit,
740 3736 1009 3807 glorietur,
1048 3738 1132 3807 qui
1150 3738 1426 3807 gloriatur,
1479 3739 1736 3809 inquirere
1776 3756 1857 3793 me
1896 3750 1941 3794 et
1982 3742 2176 3795 intelli-

570 3845 709 3899 gere,
736 3839 784 3883 et
812 3829 945 3883 scire
990 3830 1041 3883 in
1093 3828 1260 3884 Deum
1286 3831 1501 3902 gloriari
1544 3830 1713 3899 (Ibid.
1738 3832 1859 3903 24).
1892 3832 2178 3900 Quomodo

574 3924 778 3991 poteris
820 3929 873 3977 te
901 3922 1085 3977 dicere
1119 3940 1261 3978 nunc
1289 3925 1340 3977 in
1392 3925 1559 3979 Deum
1608 3925 1866 3993 gloriari?
1888 3925 2177 3993 Quomodo

569 4013 779 4079 poteris
823 4014 1105 4082 requirere
1144 4023 1195 4067 te
1240 4015 1394 4069 illum
1438 4022 1712 4079 astruere,
1756 4031 1879 4069 cum
1931 4017 2008 4070 sis
2053 4033 2179 4084 pro-

572 4114 775 4155 vocans
796 4116 986 4155 omnes
1009 4104 1250 4158 cultores
1271 4107 1392 4172 ejus
1410 4104 1716 4173 majestatis
1730 4106 1795 4160 ad
1814 4107 2174 4163 deserendum

567 4189 731 4245 ﬁdem
759 4193 1157 4261 apostolorum,
1183 4196 1248 4247 ad
1279 4195 1670 4265 blasphemiam
1705 4196 1974 4268 dogmatis
1998 4203 2167 4256 vestri

570 4287 1021 4359 suscipiendam?
1074 4288 1139 4344 In
1167 4289 1262 4345 hoc
1288 4292 1565 4367 glorietur,
1597 4293 1686 4363 qui
1707 4294 1983 4365 gloriatur,
2007 4297 2172 4369 inqui-

2286 3266 2442 3321 nobis
2469 3266 2777 3329 tradideris,
2800 3266 2944 3319 inter
2972 3256 3117 3329 illos,
3149 3278 3291 3335 quos
3331 3273 3518 3320 contra
3547 3254 3831 3323 clamatSpi-

2282 3363 2420 3414 ritus
2464 3369 2684 3413 sanctus
2736 3374 2800 3414 ex
2852 3372 3085 3429 persena
3130 3360 3317 3413 nostri
3368 3357 3551 3429 populi
3597 3354 3653 3407 ad
3699 3350 3828 3404 Deum

2283 3453 2471 3509 dicens
2501 3471 2514 3506 :
2548 3453 2695 3520 Scio,
2725 3452 2964 3519 Domine,
3004 3454 3249 3521 quoniam
3277 3468 3387 3506 non
3416 3462 3529 3505 sunt
3551 3445 3740 3502 hominis
3759 3440 3831 3493 vite

2283 3553 2417 3622 ejus,
2452 3566 2613 3619 neque
2633 3553 2713 3602 uir
2738 3549 2829 3603 ibit
2851 3558 2893 3601 et
2925 3550 3143 3619 corriget
3170 3549 3539 3617 cogitationem
3560 3554 3716 3597 suam:
3735 3535 3833 3587 doce

2287 3660 2381 3697 nos
2411 3641 2651 3703 Domine,
2705 3644 2795 3697 sed
2824 3645 2876 3696 in
2896 3643 3128 3717 judicio,
3160 3652 3209 3696 et
3244 3656 3355 3697 non
3391 3644 3445 3696 in
3472 3643 3565 3703 ira,
3604 3652 3660 3688 ne
3682 3641 3831 3703 palm

2288 3757 2383 3795 nos
2408 3741 2571 3811 facias
2606 3756 2625 3794 :
2652 3737 2861 3807 eﬂunde
2890 3740 3019 3792 iram
3052 3749 3193 3792 tuam
3226 3754 3388 3804 super
3432 3743 3621 3811 gentes,
3645 3734 3741 3798 qua
3763 3735 3832 3774 tte-

2286 3834 2451 3887 sciunt
2474 3842 2548 3898 te,
2575 3843 2620 3887 et
2648 3848 2803 3902 super
2828 3848 2987 3903 regna
3025 3847 3138 3901 qua:
3166 3847 3360 3886 nomen
3392 3838 3533 3885 tuum
3557 3836 3646 3880 non
3667 3820 3831 3873 invecta

2290 3937 2485 3990 verunt,
2501 3928 2620 3995 quia
2643 3923 3162 3990 comederuntlacob,
3190 3935 3237 3979 et
3262 3925 3670 3994 consutnpserunt
3692 3909 3828 3967 illum,

2286 4032 2331 4073 et
2357 4036 2545 4090 pascua
2588 4024 2701 4093 ejus
2740 4021 3201 4074 exterminaverunt
3247 4014 3265 4055 ι
3297 4016 3411 4088 (Ib.
3440 4034 3490 4081 κ,
3516 4011 3618 4079 23)-
3644 3997 3831 4094 Consi“:

2287 4089 2367 4166 cis
2422 4123 2471 4166 te
2502 4089 2666 4165 unum
2722 4125 2846 4165 esse
2890 4127 2956 4165 ex
3001 4111 3130 4177 illis,
3172 4122 3367 4165 contra
3418 4120 3548 4177 quos
3598 4099 3712 4154 dicit
3757 4089 3826 4143 Dti

2287 4204 2511 4274 Spiritus
2561 4221 2626 4259 ex
2658 4218 2885 4275 persona
2927 4204 3108 4273 populi
3141 4204 3343 4257 nostri.
3396 4196 3645 4268 Respicis,
3672 4186 3756 4243 nisi
3790 4189 3827 4233 ιε

2287 4297 2656 4364 converteris,
2713 4296 2858 4368 quod
2900 4296 2977 4351 ira
3034 4295 3248 4349 Domini
3292 4295 3349 4349 in
3405 4303 3455 4348 te
3504 4286 3823 4351 alienigenam,

642 4486 666 4512 ⁸
700 4474 815 4531 Nisi
847 4486 894 4529 te
922 4476 1227 4541 correxeris,
1254 4476 1352 4530 eris
1384 4492 1517 4529 unus
1546 4490 1609 4530 ex
1634 4476 1762 4531 illis.
1794 4475 1871 4531 Id.
1899 4485 1953 4531 et
1974 4476 2177 4532 Galan-
2205 4478 2257 4538 D
2286 4485 2518 4533 testatur
2542 4477 2866 4532 Athanasius
2886 4477 2937 4530 in
2953 4475 3194 4545 epist.ad
3211 4475 3379 4531 Solit.
3411 4493 3424 4528 :
3448 4455 3826 4545 Episcopiﬂdyf:

569 4545 722 4611 dius;
755 4546 850 4602 sed
895 4557 1077 4617 petest
1097 4548 1349 4612 retineri,
1384 4555 1439 4600 ut
1487 4564 1560 4612 es,
1594 4548 1699 4602 hoc
1730 4562 1894 4603 sensu
1929 4567 1941 4602 :
1978 4547 2096 4602 Nisi
2130 4559 2177 4604 te

570 4620 932 4689 eorer
955 4634 1035 4681 eo,
1064 4620 1150 4689 qui
1175 4635 1311 4673 nunc
1345 4634 1419 4673 es.

645 4688 671 4726 b
701 4688 1078 4809 Not‘tiuist'tabo.
1112 4690 1292 4746 Latin.
1326 4690 1378 4744 in
1411 4689 1604 4745 Grteco
1624 4696 1695 4762 μή
1720 4693 1806 4746 οὐκ
1832 4699 1889 4745 ut
1928 4690 1979 4745 itt
2016 4691 2172 4761 Vulg.

645 4775 787 4809 mam
862 4776 989 4809 non.

574 4775 824 4827 numquta
862 4776 989 4812 non.

652 4840 673 4900 ς
716 4830 988 4883 Patientia.
1013 4827 1244 4885 Codices
1282 4829 1499 4899 quidam
1528 4832 1667 4900 apud
1701 4832 1923 4887 Titium.

643 4898 671 4977 tl
709 4901 862 4956 Vers.
898 4903 1023 4957 Ant.
1075 4898 1392 4977 (intelligere,
1425 4913 1472 4957 et
1518 4898 1685 4977 nosse,
1737 4905 1857 4973 quia
1899 4921 2011 4977 ego,
2066 4915 2172 4977 etc.

572 4972 710 5098 Vid7e
740 4987 862 5043 quae
902 4988 1066 5042 super
1098 4972 1201 5028 hoc
1232 4972 1389 5029 textu
1435 4972 1757 5033 notavimus
1787 4972 1953 5047 supra
2001 4992 2053 5047 p.
2086 4975 2176 5043 65,

576 5060 634 5098 n.
704 5082 716 5096 .

576 5060 634 5101 η.
666 5060 716 5098 ⁷1.

649 5122 671 5149 ε
704 5115 969 5170 Convenit
1007 5130 1129 5171 eum
1161 5112 1325 5185 Cypr.
1356 5115 1453 5171 lib.
1488 5116 1556 5171 de
1586 5124 1726 5171 orat.
1758 5116 1977 5171 Domin.
2012 5116 2171 5172 Vers.

569 5186 700 5240 Ant.
736 5185 817 5239 Ea:
865 5197 1028 5258 patreﬁ
1054 5187 1258 5241 diabolo
1282 5189 1423 5253 estis,
1460 5199 1506 5241 et
1530 5188 1883 5242 desideriu....
1914 5188 2175 5242 homicida

566 5264 697 5328 erat,
726 5268 836 5311 etc.
864 5257 963 5313 bis.
992 5257 1307 5328 Cantabrig.
1340 5258 1480 5328 apud
1504 5258 1691 5315 Sahst.
1716 5270 1771 5314 et
1801 5259 1942 5312 idem
1961 5259 2090 5312 Sub.
2120 5259 2171 5314 in

571 5327 745 5385 Lucil.
772 5328 936 5383 habet
973 5327 1440 5399 concupiscentiae,
1475 5338 1531 5383 ut
1582 5330 1778 5399 legitur
1807 5332 1971 5385 etiam
1998 5330 2049 5384 in
2073 5330 2168 5385 lib.

571 5398 637 5455 de
655 5415 770 5470 non
791 5415 937 5470 perc.
958 5400 1012 5454 in
1040 5398 1202 5455 Deum
1229 5401 1422 5469 delinq.

648 5468 666 5505 ί
696 5468 800 5522 Pro
831 5471 1100 5541 objeceris.
1143 5471 1249 5527 Til.
1278 5468 1420 5540 Qudt
1447 5480 1503 5527 et
1532 5486 1694 5541 quam
1745 5487 1939 5541 graves
1964 5472 2165 5528 calum-

572 5540 692 5619 nias
731 5541 783 5619 in
816 5540 1171 5619 Athanasium
1219 5542 1464 5600 hazretici
1507 5540 1906 5610 centinxerint,
1955 5559 2024 5599 ex
2053 5544 2170 5613 ejus

573 5611 684 5661 vita
714 5611 873 5681 plane
899 5613 1267 5681 perspicuum.

649 5686 673 5751 ξ
708 5678 989 5751 .Ermnnis
1013 5678 1240 5749 scilicet,
1287 5683 1513 5751 exsiliis,
1547 5686 1862 5743 carceribus
1891 5686 2168 5742 conlectos

569 5747 893 5819 gatltolicos,
940 5747 1242 5825 praesertim
1317 5747 1635 5831 Episcopus,
1693 5759 1959 5831 intelligit.
2020 5758 2164 5819 Idem

518 5838 555 5863 HI

2286 4526 2419 4614 ἰᾶἷίῘ
2435 4526 2943 4605 ὲῖἀὲὶῖὸῗὲ’ἶνξὲιὲῐιὶἰὲ
2958 4526 3246 4603 signa:
3265 4526 3385 4601 an.
3444 4526 3456 4599 .
3468 4587 3479 4599 .
3491 4526 3556 4613 ἦα
3564 4549 3609 4593 ot
3628 4526 3823 4614 ίηιρηἀςᾴί

2284 4608 2555 4690 ﬂagellati,
2576 4629 2694 4690 quot
2716 4619 2960 4689 Episwpi
2985 4620 3173 4674 concisi
3192 4620 3210 4671 !
3228 4608 3527 4689 prmsertim
3552 4614 3598 4665 in
3626 4608 3821 4690 Uriegtg.

2287 4670 2385 4747 ubi
2410 4670 2729 4746 versabatur
2759 4670 3140 4757 Donsiantins;
3195 4670 3453 4744 clariores
3493 4698 3613 4739 vero
3642 4691 3696 4729 cx
3726 4670 3823 4757 ξίνξς

2285 4744 2465 4832 scopis
2494 4744 2905 4829 inperl'erenda
2944 4744 3252 4816 Constantii
3275 4757 3595 4833 crudelitate
3626 4744 3822 4833 nominat

2286 4815 2814 4897 serapammonen;
2845 4815 2898 4887 et
2947 4815 3228 4901 Paulinum
3272 4831 3315 4884 Τ
3320 4825 3638 4902 revirensis,

2286 4885 2438 4959 hinni
2456 4885 2869 4975 Vercelleus'is;
2888 4885 3212 4975 Dionysium
3254 4892 3671 4975 Mediolanensis.

2284 4953 2459 5032 ista.
2476 4953 2670 5046 ’ίρἐῖιῖιῖ
2682 4953 2881 5031 ’ᾶῖιίἶτί
2892 4953 3056 5030 (alii?
3073 4953 3349 5046 aestatis
3361 4953 3405 5027 tt
3416 4970 3655 5046 ingentes,
3692 4953 3820 5046 aliaf-

2282 5064 2409 5118 que,
2444 5036 2518 5101 de
2543 5047 2742 5115 quibus
2773 5048 3018 5102 meminit
3039 5045 3419 5101 Ecclesiastica
3447 5036 3682 5094 Historia,
3715 5036 3821 5096 prm-

2280 5117 2470 5173 s’ertim
2502 5119 2569 5173 de
2604 5117 2806 5171 Hilario
2832 5118 3177 5171 l’iCIaviensi.
3558 5176 3573 5184 _
3608 5175 3616 5184 ,
3705 5176 3715 5184 _
3785 5159 3814 5184 Α,

2350 5189 2379 5229 δ
2409 5190 2515 5244 Pro
2553 5190 2615 5241 de
2647 5190 3000 5242 innocentibus
3031 5206 3049 5242 .'
3077 5188 3277 5242 clarius
3333 5196 3503 5239 tamen
3554 5174 3815 5243 lttissel._5|

2278 5261 2527 5325 dixisset,
2558 5258 2839 5313 Noluimus
2859 5260 2994 5327 ferre
3011 5260 3313 5314 sententiam
3343 5265 3394 5309 tn
3418 5255 3707 5327 innoccttm.
3730 5244 3817 5327 ζξξθ

2275 5310 2806 5395 ὗῖἱὶιῐῖᾱέὲιὶιεὶιῖξέῖ
2822 5310 2985 5386 una
3005 5310 3408 5384 ἶιῖἰήἠοέὲηιεηι
3434 5317 3694 5391 legendum
3732 5310 3810 5357 est.

2278 5401 2364 5455 Til
2384 5411 2433 5456 et
2458 5401 2632 5455 Latin.

2356 5472 2368 5563 ξ
2399 5472 2457 5563 {‘3
2482 5474 2709 5563 “"51"?
2737 5483 2907 5563 ιεευτη
2939 5484 3134 5555 mlt-
3367 5544 3379 5563 .
3416 5556 3460 5563 μ
3503 5544 3655 5563 -
3688 5510 3813 5563 nm:

2351 5544 2363 5593 ἱ
2399 5518 2724 5600 ’Vers.’Avnt.
2758 5540 3114 5599 Incircuntcisi
3141 5561 3315 5612 carne,
3348 5544 3522 5599 domus
3551 5544 3655 5588 vero
3684 5518 3799 5575 ista!

2272 5616 2620 5670 incircumcisi
2645 5628 2763 5670 sunt
2786 5617 2960 5671 corde.

2346 5684 2369 5725 ι
2402 5687 2588 5743 Sabat.
2626 5687 2754 5752 legit
2783 5703 2973 5742 omnes.

2353 5756 2371 5801 ι
2398 5758 2537 5829 intra
2563 5758 2781 5827 Lucifer
2806 5760 2946 5833 ipse,
2979 5760 3369 5825 desciuerunt.
