4148 6186
381 271 486 328 883

1353 237 1360 244 ’
1452 271 1587 329 pno
1629 272 1902 330 sanare
1941 274 2336 334 ATIIANASIO
2372 279 2504 336 LIB.
2547 279 2613 336 ιι.

3575 283 3679 339 886

380 396 432 447 in
465 404 516 447 te
541 406 744 464 regem;
775 390 898 463 quia
935 404 1040 444 non
1070 389 1244 446 solum
1279 405 1385 447 non
1410 389 1752 446 invocaveris
1781 406 1977 445 nomen
2008 397 2055 454 Α
2086 393 2266 448 cordis
2311 392 2387 448 illi
2418 396 2490 451 tui
2518 395 2661 450 oculi
2703 395 3042 468 blaSpltemia
3068 397 3252 452 caecati
3286 396 3405 453 Arii
3433 397 3685 469 patefacti

379 475 616 552 Domini,
667 483 762 539 sed
797 483 979 539 adhuc
1029 482 1203 538 fueris
1235 491 1578 552 persecutus,
1607 481 1677 536 sit
1727 492 1978 536 ventura.

380 577 510 633 Nam
546 587 751 634 etcum
780 577 913 633 dicit
945 597 956 628 :
993 577 1128 644 Quia
1177 567 1502 638 comederunt
1540 573 1726 641 Iacob,
1773 585 1818 629 et
1863 591 1986 629 con-

377 681 707 743 sumpserunt
728 688 863 734 eum,
892 681 938 726 et
955 688 1148 743 pascua
1161 672 1270 741 ejus
1297 670 1652 725 desolaverunt
1668 666 1834 741 (Ibid.
1849 666 1943 738 ‘25)
1965 685 1979 735 ;

379 763 506 834 quis
550 763 776 833 reperiri
833 770 1014 834 potest
1069 777 1194 817 csse
1250 762 1393 816 inter
1437 773 1807 833 coutyraunos
1838 771 1979 828 tuos,

381 859 638 928 princeps
668 855 830 928 hujus
857 872 1072 926 pascua:
1096 857 1512 923 exterminator,
1537 854 1641 910 nisi
1669 865 1720 909 tu
1740 854 1980 926 quidem,

378 950 472 1022 qui
527 965 628 1006 nec
656 949 915 1005 laniando
949 958 972 986 τι
1008 949 1105 1004 Dei
1143 949 1425 1004 destiteris
1461 963 1674 1014 servos,
1709 963 1809 1003 nec
1839 948 1984 1004 blas-

376 1041 623 1113 phemias
655 1051 772 1096 luas
799 1051 912 1096 toto
937 1041 987 1094 in
1037 1055 1206 1111 regno
1249 1041 1528 1095 seminans
1561 1041 1689 1095 tuo?
1715 1039 1984 1095 Extermi-

375 1147 507 1188 nare
552 1131 757 1188 etenim
791 1142 841 1188 te
869 1131 1054 1204 populi
1089 1133 1180 1187 Dei
1223 1149 1480 1203 pascuam
1523 1145 1779 1187 conatum
1821 1148 1926 1188 non
1953 1131 1980 1170 b

372 1225 577 1297 poterit
624 1223 884 1290 dubitari,
942 1225 1158 1296 quando
1187 1225 1308 1296 ejus
1361 1237 1610 1296 pastores
1656 1226 1868 1292 tuleris,
1914 1227 1982 1281 de

374 1320 573 1391 quibus
598 1362 612 1386 ,
651 1323 788 1375 sicut
823 1335 968 1390 smpe
1016 1317 1284 1389 diximus,
1323 1336 1418 1392 per
1449 1320 1742 1376 Jeretniam
1778 1320 1982 1376 dixerit

376 1413 551 1468 Deus:
578 1409 646 1467 Et
672 1413 803 1468 dabo
840 1414 977 1468 vobis
1023 1425 1255 1486 pastores
1280 1415 1564 1469 secundum
1595 1430 1684 1470 cor
1712 1432 1903 1482 meum,
1934 1427 1981 1470 et

375 1517 584 1579 pascent
617 1522 704 1560 vos
745 1516 1009 1576 pascentes
1057 1524 1172 1561 cum
1218 1509 1495 1578 disciplina
1524 1505 1632 1578 (Ib.
1661 1523 1742 1575 tu,
1777 1507 1897 1578 £5);
1930 1517 1983 1563 et

373 1599 631 1656 statueris
678 1598 991 1666 litereticos,
1031 1600 1152 1654 aliis
1183 1615 1314 1655 vero
1342 1600 1632 1656 Catholicis
1659 1601 1864 1670 imponi
1899 1599 1980 1656 fe-

373 1693 514 1746 ceris
544 1690 788 1757 modum,
822 1691 944 1744 utsi
977 1690 1028 1745 in
1066 1703 1086 1728 ε
1117 1692 1253 1745 votis
1280 1701 1539 1762 gererent
1561 1690 1614 1745 in
1645 1694 1760 1746 suis
1791 1691 1979 1745 cousi-

2089 502 2184 554 per
2217 486 2307 542 Dei
2337 502 2527 543 servos
2550 487 2686 543 hanc
2716 488 3144 559 iucrepationem
3175 490 3395 546 videant
3419 493 3597 544 omnia
3633 500 3686 546 te

2085 576 2284 634 fecisse
2305 595 2426 649 quae
2476 580 2568 635 tibi
2610 581 2927 650 objecimus.
2961 582 3170 652 Negare
3219 599 3324 637 non
3353 585 3578 654 poteris,
3609 593 3688 640 ta-

2088 668 2193 724 lem
2227 681 2277 725 te
2304 671 2544 740 prteberc
2577 673 2718 727 tirca
2771 691 2892 740 nos,
2924 678 3140 744 qualem
3171 692 3228 731 se
3261 677 3550 747 prasbuerlt
3581 677 3686 734 He-

2086 761 2247 814 rodes
2279 761 2393 827 ille,
2419 763 2572 816 cuiet
2593 763 2643 816 in
2678 766 3006 819 carnilit-iua:
3031 767 3202 832 rabie,
3227 767 3348 822 etin
3370 767 3684 838 sacrilegio,

2085 860 2139 906 et
2164 851 2215 904 in
2250 851 2418 922 regali
2474 853 2740 923 dignitate
2780 855 2902 909 esse
2961 857 3222 912 inveniris
3262 860 3496 929 collega,
3537 860 3684 916 circa

2087 944 2212 1000 illos
2258 960 2396 1016 quos
2449 947 2500 1000 in
2534 949 2814 1017 evangelio
2862 949 3089 1020 legimus
3140 965 3360 1022 propter
3392 956 3554 1008 Deum
3590 955 3684 1009 Dei

2087 1035 2280 1092 Filium
2312 1037 2631 1093 interfectos
2661 1039 2936 1110 parvulos.
2975 1043 3229 1097 llt\'€lll.~li
3286 1047 3469 1114 utique
3518 1048 3690 1116 sciip-

2084 1142 2194 1186 tam
2245 1132 2620 1189 crudelitatem
2677 1134 2930 1201 llerodis,
2983 1152 3144 1206 quam
3181 1153 3323 1193 nunc
3355 1148 3406 1194 tu
3448 1139 3688 1210 dignaris

2084 1227 2371 1294 exhibere,
2417 1229 2556 1297 apud
2589 1228 2900 1284 Mattbteum
2925 1233 3318 1302 evangelistam
3356 1251 3369 1286 :
3403 1234 3547 1288 Tunc
3579 1234 3686 1290 He-

2084 1318 2234 1372 rodes
2251 1336 2366 1372 cum
2395 1318 2408 1354 ί
2447 1322 2638 1374 videret
2668 1324 2788 1390 quia
2813 1322 3022 1376 delusus
3037 1335 3106 1378 est
3133 1342 3163 1377 a
3194 1322 3388 1396 Magis,
3427 1327 3588 1380 iratus
3612 1339 3683 1381 est

2085 1411 2424 1479 vehementer,
2471 1422 2518 1466 et
2550 1413 2686 1466 misit
2727 1415 2962 1469 occidere
2990 1431 3164 1469 omnes
3193 1417 3418 1487 infantes
3445 1420 3498 1472 in
3525 1417 3686 1472 Beth-

2085 1504 2270 1569 lehem,
2314 1515 2358 1558 et
2413 1505 2465 1556 in
2513 1506 2748 1558 omnibus
2798 1506 2990 1574 ﬁnibus
3035 1509 3144 1575 ejus
3171 1525 3202 1561 a
3234 1508 3428 1562 bimatu
3449 1518 3497 1562 et
3521 1510 3681 1580 infra,

2082 1597 2366 1651 secundum
2391 1606 2593 1668 tempus
2636 1600 2770 1666 quod
2793 1599 3099 1669 exquisierat
3126 1617 3157 1653 a
3179 1598 3350 1672 Magis
3386 1601 3601 1674 (Matth.
3621 1619 3682 1669 tt,

2088 1691 2194 1760 l6).
2223 1689 2442 1746 Minime
2490 1691 2666 1746 adhuc
2697 1691 2946 1746 fortassis
2973 1694 3246 1764 conspicis
3278 1695 3356 1748 sic
3390 1706 3440 1749 te
3483 1695 3685 1765 injuste

371 1786 503 1843 dere.
523 1786 770 1852 sedibus,
802 1801 908 1841 non
936 1785 1202 1841 auderent
1234 1785 1397 1841 fidem
1430 1784 1726 1855 praedicare
1757 1794 1974 1855 aposto-
2009 1781 2056 1840 B
2083 1794 2270 1841 contra
2312 1801 2410 1839 nos
2446 1785 2537 1840 Dei
2567 1785 2803 1841 cultores
2831 1794 3035 1840 motum
3057 1829 3070 1852 ,
3100 1798 3158 1842 ut
3187 1798 3374 1843 contra
3400 1789 3524 1844 illos
3557 1804 3681 1860 par-

372 1879 554 1944 licam,
587 1893 694 1934 non
724 1887 1000 1933 tentarent
1020 1873 1071 1943 ἀ,
1103 1888 1155 1932 te
1187 1878 1410 1932 haeresis
1441 1879 1656 1932 Arianae
1685 1875 1975 1934 defensore

372 1972 588 2044 degenti
618 1974 668 2027 iu
702 1987 954 2044 corpore,
986 1972 1354 2042 evangelicam
1387 1972 1734 2027 traditionem
1763 1971 1975 2042 populis

376 2069 674 2123 insinuare.
711 2067 837 2123 lltrc
889 2076 973 2122 est
1012 2081 1194 2127 causa.
1245 2082 1364 2136 quae
1395 2076 1446 2122 te
1484 2066 1682 2136 probat
1718 2080 1972 2135 pascuam

375 2157 466 2213 Dei
495 2159 675 2229 populi
704 2159 1071 2213 exterminare
1098 2167 1360 2213 tentasse.
1387 2158 1577 2212 Omnis
1604 2159 1805 2213 etenim
1835 2159 1976 2229 sagi-

373 2266 440 2306 na
470 2263 491 2288 θ
520 2252 826 2307 animarum
855 2250 1271 2306 chriStianat-um
1318 2266 1424 2307 non
1451 2261 1535 2306 est
1567 2251 1670 2307 nisi
1719 2252 1970 2318 credere,

371 2345 642 2418 quomodo
667 2355 720 2401 et
745 2345 1083 2402 crediderint
1123 2345 1469 2418 patriarchae,
1501 2347 1806 2417 prophetas,
1839 2362 1972 2417 apo-

371 2437 498 2492 stoli
534 2451 596 2492 ac
636 2446 922 2509 martyres,
957 2437 1158 2494 deinde
1203 2454 1421 2494 omnem
1455 2437 1634 2495 facere
1681 2439 1970 2510 justitiam.

371 2527 450 2584 Tu
477 2537 665 2583 contra
699 2545 822 2585 cum
851 2539 907 2585 et
930 2529 1092 2585 fidem
1128 2531 1324 2588 tollere
1353 2531 1594 2586 volueris
1620 2532 1686 2587 de
1715 2532 1975 2587 cordibus

373 2622 696 2692 p0pulorum
733 2621 853 2688 Dei,
910 2630 966 2676 et
1021 2621 1302 2692 perfidiam
1346 2633 1490 2676 tuam
1537 2622 1805 2690 inserere,
1850 2639 1971 2678 cum

369 2713 578 2783 justitia
608 2712 624 2750 τ
653 2714 743 2768 Dei
771 2715 850 2769 vis
878 2714 929 2769 in
961 2716 1191 2769 ecclesia
1221 2716 1336 2771 fieri
1383 2725 1444 2771 ut
1484 2716 1682 2771 absens
1729 2727 1784 2771 et
1819 2719 1974 2772 inno-

372 2825 501 2864 cens
522 2808 811 2865 damnetur
836 2826 864 2863 a
894 2809 1122 2880 iustitiae
1151 2811 1537 2875 sectatoribus,
1574 2819 1628 2864 et
1663 2825 1758 2879 per
1788 2825 1971 2866 sacer-

372 2900 529 2956 dotes
591 2903 852 2972 puniatur
897 2902 1266 2958 consacerdos
1312 2918 1500 2958 eorum
1552 2902 1858 2958 catholicus
1903 2904 1972 2958 ad

373 3003 515 3048 tuam
551 2994 788 3048 haeretici
821 3003 846 3039 ις
874 2995 1309 3064 suggestionem;
1353 2995 1628 3064 quomodo
1673 2996 1842 3052 videri
1880 3012 1974 3067 po—

374 3087 504 3142 teris
535 3101 640 3143 non
671 3101 793 3143 esse
819 3089 1216 3144 exterminator
1250 3105 1466 3158 pascuze
1494 3090 1750 3146 dominici
1774 3093 1970 3162 gregis,

2082 1879 2237 1933 vulos
2263 1878 2428 1933 fuerit
2454 1888 2632 1934 motus
2662 1877 2929 1934 Herodes.
2959 1881 3069 1936 Cur
3095 1882 3252 1937 nobis
3291 1883 3534 1954 dignaris
3559 1898 3682 1940 esse

2081 1972 2349 2028 infestus?
2381 1988 2573 2042 nempe
2598 1972 2722 2042 quia
2755 1971 3025 2028 fateamur
3072 1990 3171 2029 nos
3199 1973 3563 2043 Chrisuanos,
3587 1979 3680 2046 qui

2080 2080 2185 2120 non
2210 2065 2653 2119 datnnaveritnus
2692 2064 2898 2135 justum
2932 2065 3084 2122 falsis
3125 2083 3154 2122 a
3193 2063 3244 2122 te
3287 2079 3681 2138 praegravatum

2079 2159 2419 2214 criminibus.
2479 2158 2688 2225 Quibus
2737 2159 2901 2214 rebus
2953 2161 3205 2231 quisnam
3252 2163 3360 2229 sis,
3413 2179 3482 2218 ex
3538 2162 3685 2235 beati

2079 2251 2334 2321 Baptistae
2363 2249 2590 2304 Joannis
2631 2251 2909 2321 responsis
2959 2252 3164 2320 poteris
3219 2254 3581 2324 perpendere,
3630 2263 3682 2309 ct

2079 2351 2249 2399 temet
2282 2341 2629 2398 reconciliare
2658 2342 2770 2396 Dco
2795 2358 2910 2420 per
2952 2344 3365 2414 ptenitentiam:
3402 2345 3684 2418 Progenies

2077 2437 2386 2507 viperarum,
2437 2435 2552 2505 quis
2599 2433 2962 2490 demonstravit
2997 2437 3009 2484 i
3041 2436 3182 2490 robis
3210 2440 3390 2508 fugere
3414 2437 3477 2491 ab
3499 2438 3578 2490 ira
3597 2454 3685 2491 su—

2077 2526 2425 2600 perrentura?
2450 2525 2630 2580 Facite
2670 2543 2790 2597 ergo
2815 2526 3032 2598 diguunt
3075 2529 3388 2598 paenitentiae
3429 2531 3680 2598 fructum,

2077 2631 2124 2676 et
2161 2622 2319 2676 nolite
2367 2621 2613 2691 prteferre
2643 2619 2666 2655 ¹ί
2702 2636 2820 2686 ros,
2873 2620 3097 2675 dicentes
3124 2637 3142 2674 :
3173 2619 3386 2675 Patrem
3439 2621 3682 2676 habemus

2080 2714 2360 2768 Abraham.
2390 2711 2523 2766 Dico
2550 2714 2687 2766 enim
2736 2713 2896 2778 vobis,
2919 2713 3055 2782 quod
3086 2721 3264 2782 potens
3297 2714 3363 2766 sit
3393 2710 3406 2748 ι
3440 2701 3580 2768 Deus
3619 2715 3683 2769 de

2077 2808 2334 2878 lapidibus
2378 2806 2490 2860 istis
2511 2806 2762 2860 suscitare
2788 2805 2926 2874 ﬁlios
2957 2805 3196 2858 Abrahae.
3225 2793 3348 2859 1am
3382 2807 3514 2860 enim
3543 2817 3580 2842 ιη
3613 2807 3680 2861 ad

2076 2901 2275 2955 radices
2306 2899 2549 2953 arborum
2574 2899 2741 2971 posita
2763 2909 2836 2954 est
2857 2900 3070 2954 securis.
3096 2899 3277 2954 Omnis
3318 2900 3454 2954 enim
3475 2909 3500 2936 τι
3529 2901 3683 2954 arbor

2075 3010 2190 3065 qua:
2214 3010 2315 3046 non
2358 2993 2482 3063 facit
2508 2995 2736 3064 fructum
2768 2992 2987 3061 bonum,
3017 2993 3290 3059 exciditur,
3325 3003 3371 3049 et
3420 2996 3474 3049 in
3511 2995 3680 3065 ignent

2078 3088 2294 3141 mittitur
2315 3083 2424 3158 (Ib.
2449 3101 2530 3153 tu,
2564 3083 2645 3155 7).
2692 3084 2830 3153 Quid
2859 3085 3032 3140 sentis
3083 3085 3149 3141 ad
3205 3085 3364 3141 haec?
3394 3086 3682 3142 debuimus

372 3179 591 3251 quando
617 3191 800 3237 nostra
833 3195 1030 3253 pascua
1058 3199 1162 3237 non
1194 3182 1268 3237 sit
1295 3184 1400 3238 nisi
1424 3184 1662 3240 etelestis
1692 3184 1972 3239 doctrina?
2000 3170 2046 3233 C
2078 3181 2337 3238 damnare
2357 3181 2722 3245 innocentem,
2741 3177 3171 3234 debuimusdare
3193 3186 3379 3233 contra
3395 3178 3676 3232 absentem

375 3277 435 3333 Si
463 3279 558 3343 vis,
589 3279 764 3350 inquit
814 3277 1100 3344 Dominus,
1148 3278 1217 3332 ad
1250 3280 1402 3332 vitam
1432 3280 1622 3343 venire,
1656 3295 1801 3334 serva
1828 3296 1977 3334 man-

374 3371 497 3424 data
553 3369 768 3442 (Matth.
820 3387 933 3437 nx,
970 3371 1096 3443 l7);
1132 3381 1186 3427 et
1214 3371 1406 3428 iterum
1443 3391 1454 3426 :
1489 3373 1548 3428 Si
1600 3373 1824 3443 feceritis
1868 3389 1981 3444 aute

373 3463 564 3518 mando
590 3464 752 3529 vobis,
783 3467 902 3538 jam
949 3481 1052 3519 non
1101 3465 1216 3519 dico
1257 3481 1345 3520 vos
1371 3481 1560 3531 servos,
1607 3466 1698 3518 scd
1739 3466 1928 3520 amicos
1952 3464 1976 3501 ιι

373 3555 485 3630 (lo.
520 3573 609 3624 xv,
641 3555 753 3628 M).
787 3559 922 3612 Cum
954 3557 1070 3612 btec
1120 3559 1192 3612 ita
1231 3559 1362 3622 sint,
1393 3557 1560 3613 debes
1593 3566 1647 3612 tu
1678 3557 1745 3612 ad
1776 3568 1826 3612 te
1858 3574 1979 3628 pur-

374 3650 611 3721 gandum
664 3651 794 3706 dare
836 3658 1101 3722 praecepta
1127 3649 1427 3716 dominica,
1461 3665 1581 3720 qua:
1605 3651 1866 3718 jusseriut
1896 3652 1976 3706 in-

377 3754 661 3799 nocentem
691 3743 1020 3799 catholicutn
1048 3745 1391 3813 episcopum,
1411 3754 1460 3796 te
1487 3742 1742 3797 hacrctico
1769 3746 1974 3800 interea

378 3835 708 3906 imperatore
729 3845 1040 3900 accusante,
1064 3835 1264 3890 debere
1302 3835 1536 3890 interfici
1563 3850 1592 3889 a
1619 3836 1977 3892 consacerdo-

378 3927 522 3983 tibus
547 3927 682 3984 suis.
714 3927 985 3983 Fortassis
1013 3927 1218 3983 etenim
1248 3928 1484 3982 tentaliis
1531 3928 1636 3990 isto
1667 3930 1718 3983 in
1753 3929 1870 3985 loco
1893 3929 1977 3985 di-

377 4036 523 4088 cere,
551 4038 657 4076 non
690 4031 742 4077 te
775 4036 1030 4091 pascuam
1078 4021 1338 4076 dominici
1367 4022 1548 4092 gregis
1607 4023 1978 4079 exterminare

378 4124 654 4168 conatum.
705 4111 759 4168 Si
794 4112 997 4166 nullum
1049 4112 1268 4167 Domini
1315 4123 1648 4183 prasceptum
1683 4115 1978 4170 illiusmodi

378 4205 539 4275 quale
572 4203 838 4274 prolatum
867 4212 951 4260 est
973 4219 1002 4258 a
1037 4211 1089 4259 te
1116 4203 1321 4274 poteris
1352 4205 1617 4273 prolerre,
1647 4217 1897 4274 superest
1924 4217 1981 4262 ut

453 4371 478 4399 α
510 4361 652 4416 Dura
701 4377 763 4419 ac
797 4362 945 4417 rudis
992 4361 1281 4417 admodum
1331 4370 1414 4418 est
1447 4363 1671 4428 locutio,
1726 4373 1779 4418 et
1823 4380 1975 4420 more

373 4435 693 4489 lGraecorum
717 4433 839 4490 dure
871 4434 1134 4503 negativm
1163 4448 1260 4504 pro
1291 4433 1651 4488 afﬁrmatione
1678 4444 1973 4503 ponuntur.

375 4506 514 4561 Item
546 4505 678 4561 dicit
705 4506 954 4559 laniando
978 4522 1074 4574 pro
1100 4507 1322 4570 lentiore,
1355 4514 1416 4559 ut
1443 4520 1822 4574 saepenumero
1849 4517 1977 4562 ante

383 4577 590 4634 dictum
615 4588 720 4644 est,
753 4578 1076 4647 gerundium
1109 4591 1204 4646 pro
1241 4577 1509 4631 inlinilivo
1535 4592 1740 4646 ponens
1773 4595 1786 4630 :
1820 4578 1974 4633 dein-

382 4649 451 4703 de
481 4663 603 4703 mox
639 4659 865 4718 usurpat
903 4647 1248 4718 participium
1289 4663 1386 4718 pro
1435 4647 1701 4702 inliuitivo
1720 4650 1978 4702 seminans

384 4736 482 4792 pro
522 4717 813 4792 seminare:
844 4717 1000 4792 quod
1024 4719 1264 4792 Latinius
1283 4717 1603 4792 efferretur:
1637 4718 1756 4773 Nisi
1789 4731 1843 4774 tu
1868 4723 1981 4788 qui-

381 4789 645 4862 dem,qui
697 4789 870 4862 neque,
897 4791 1095 4845 laniare
1148 4789 1241 4842 Dei
1279 4789 1540 4862 destiteris
1583 4807 1776 4862 servos,
1827 4808 1986 4860 neque

384 4861 734 4931 blasphemias
757 4873 872 4915 tuas
902 4872 1004 4916 toto
1029 4866 1079 4914 in
1109 4877 1265 4932 regno
1300 4870 1386 4914 tuo
1408 4861 1681 4932 seminare.
1708 4861 1815 4917 Til.
1842 4875 1893 4917 et
1938 4863 1984 4917 la

383 4930 582 4999 Corda,
615 4933 708 5003 qui
733 4931 916 4987 addit:
949 4934 1036 4987 sed
1062 4934 1142 4986 hic
1167 4930 1249 4986 ἰσὶν
1279 4930 1537 5005 gerundia
1565 4948 1758 5001 ponens
1786 4951 1878 5005 pro
1907 4935 1987 4986 in-

390 5005 550 5075 ﬁnitis
579 5005 851 5058 conturbat
872 5006 1194 5058 sententiam.

429 5117 434 5120 .
462 5073 488 5112 ι)
519 5075 623 5129 Pro
651 5091 795 5128 nemo
823 5077 1005 5141 poterit
1038 5076 1298 5138 dubitare,
1333 5074 1382 5128 id
1419 5081 1522 5135 est.
1558 5091 1708 5128 nemo
1736 5075 1988 5142 ignorabit

391 5151 696 5271 tiiqonatum
723 5146 886 5216 fuisse
907 5147 1245 5199 exterminare
1267 5161 1506 5214 pascuum
1533 5161 1630 5216 pro
1653 5159 1844 5216 pascua
1869 5145 1986 5200 Dei.

445 5234 455 5270 ι
489 5256 500 5269 .

466 5299 488 5325 ε
525 5285 628 5340 Pro
655 5289 710 5340 in
737 5288 864 5340 votis
883 5286 1142 5354 haberent,
1179 5285 1231 5338 id
1263 5295 1366 5350 est,
1401 5289 1445 5341 si
1470 5287 1656 5343 vellent
1685 5289 1735 5342 in
1767 5287 1873 5342 suis
1900 5303 1985 5340 re-

393 5374 596 5412 manere
646 5357 852 5412 sedibus
887 5361 1078 5424 securi,
1126 5359 1462 5425 apostolicam
1495 5360 1783 5426 prwdicare
1833 5359 1986 5427 ﬁdem

391 5447 493 5484 non
522 5428 776 5483 auderent
801 5445 818 5483 :
847 5430 935 5484 ubi
959 5428 1193 5483 notanda
1213 5436 1297 5480 est
1324 5428 1700 5483 bteretictirum
1726 5431 1987 5484 adversus

389 5501 704 5558 Catholicos
735 5501 1027 5556 crudelitas
1055 5509 1110 5556 et
1137 5500 1367 5553 saevitia.
1401 5497 1487 5552 Id.
1521 5510 1568 5554 et
1595 5501 1646 5552 la
1677 5497 1862 5552 Cerda.

462 5569 488 5609 ά
517 5565 624 5625 l’ro
645 5573 1068 5642 aggrederentur,
1102 5579 1156 5642 et
1183 5579 1377 5623 tentare
1407 5571 1686 5642 auderent.
1708 5569 1807 5623 lid.

467 5655 490 5680 ι’
527 5642 580 5697 Id
603 5639 868 5710 est,’ﬁdes
900 5640 1342 5711 patriarcharum,
1375 5650 1496 5706 etc.,
1535 5649 1609 5694 est
1636 5640 1841 5710 pinguis
1875 5639 1989 5692 ani-

395 5719 492 5772 tnce
510 5713 746 5766 nutritio.

473 5783 489 5828 τ
524 5784 730 5843 Sensus
752 5795 873 5840 esse
907 5787 1115 5858 pmest,
1141 5781 1270 5837 Cum
1300 5783 1589 5858 uisjustum
1619 5796 1727 5836 esse
1750 5778 1994 5839 inEccle-

2081 3273 2378 3329 inauditum
2401 3269 2768 3327 sententiam?
2795 3279 2848 3325 et
2875 3268 3146 3340 quomodo
3173 3285 3295 3323 eum
3325 3268 3428 3323 hoc
3459 3267 3684 3323 fecisse-

2084 3381 2224 3432 mus,
2252 3373 2599 3436 potueramus
2649 3361 2874 3434 rcperiri
2911 3360 3242 3415 Christiani?
3269 3360 3400 3414 tium
3431 3359 3556 3414 illos
3577 3375 3682 3428 quo

2085 3463 2292 3532 possint
2321 3476 2442 3515 esse
2472 3458 2786 3522 Christiani,
2819 3456 3066 3512 hortatus
3121 3455 3285 3511 fuerit
3334 3454 3683 3511 beatissimus

2083 3554 2343 3620 Joannes,
2380 3562 2438 3607 ut
2467 3549 2689 3622 dignum
2718 3548 2952 3605 fructum
2981 3549 3238 3605 fecissent
3267 3558 3290 3585 ο
3315 3547 3680 3620 ptenitcntitc;

2083 3641 2181 3704 illi,
2206 3639 2294 3710 qui
2319 3653 2416 3693 uec
2432 3635 2559 3692 dum
2577 3633 3101 3706 comprehenderant
3122 3631 3524 3704 viatnjustitiae,
3539 3647 3679 3688 com-

2086 3731 2422 3804 prehendere
2435 3731 2790 3800 cogebantur;
2812 3745 2930 3795 nos,
2949 3729 3157 3799 quijam
3177 3737 3445 3793 tenemus,
3462 3725 3683 3797 urgeba-

2084 3843 2205 3882 mur
2229 3836 2390 3896 atquc
2410 3829 2662 3894 urgemur
2684 3839 2712 3877 ιι
2736 3835 2786 3878 te
2811 3823 2940 3878 illud
2954 3837 3220 3892 occupare
3238 3823 3341 3877 iter
3360 3820 3681 3892 iniquitatis,

2080 3922 2130 3976 ir.
2149 3936 2254 3991 quo
2277 3919 2434 3989 positi
2457 3929 2748 3972 noscantur
2764 3915 2959 3972 Judaei.
2979 3915 3116 3984 Quid
3143 3914 3305 3984 igitur
3325 3909 3482 3967 nobis
3497 3919 3710 3982 posset

2078 4012 2413 4076 accidere,si
2447 4010 2677 4080 vipereis
2705 4009 2807 4064 tuis
2840 4008 3046 4078 depasti
3078 4006 3365 4061 fuissemus
3390 4001 3676 4060 consiliis?

2082 4107 2184 4161 nisi
2229 4115 2286 4160 ut
2315 4120 2376 4158 ex
2411 4101 2734 4158 Christianis
2782 4100 3070 4155 fuissemus
3103 4097 3304 4168 vipera!
3339 4105 3365 4146 Ρ
3389 4096 3678 4168 progenies

2081 4199 2282 4256 ell‘ecti.
2311 4197 2420 4253 Cur
2453 4198 2568 4250 haec
2598 4195 2714 4250 ﬁeri
2740 4191 3030 4260 mandasti,
3064 4191 3166 4246 nisi
3194 4191 3314 4262 quia
3353 4204 3680 4260 conserpen-

2085 4368 2164 4420 sia
2192 4363 2309 4429 Dei,
2336 4371 2408 4424 ut,
2457 4364 2564 4412 etc.
2615 4351 2935 4425 Injuslitiam
2976 4365 3074 4422 pro
3090 4353 3302 4424 justilia
3333 4350 3551 4420 subjicit
3573 4350 3683 4405 Ga-

2088 4434 2325 4490 landins.

2159 4516 2184 4554 s
2213 4504 2316 4571 Qui
2339 4518 2390 4556 es
2420 4496 2714 4571 hereticus.

2159 4574 2186 4612 ¹ι
2217 4557 2288 4629 fta
2312 4575 2473 4628 etiam
2497 4569 2667 4622 codex
2684 4563 2870 4635 Major.
2900 4562 3130 4635 Monast.
3152 4561 3292 4631 apud
3313 4557 3500 4635 Sabat.
3524 4562 3680 4635 vers.

2089 4651 2214 4704 Ant.
2243 4643 2364 4698 Jam
2385 4658 2487 4695 non
2517 4639 2632 4692 dico
2659 4649 2744 4689 ros
2765 4633 2960 4696 servos,
2983 4634 3104 4702 quia
3131 4641 3252 4698 etc.,
3274 4647 3359 4687 vos
3381 4633 3552 4688 autem
3579 4633 3690 4690 aut

2086 4720 2299 4774 amicos.
2330 4711 2549 4768 Lucifer
2579 4713 2694 4779 ipse
2723 4706 2885 4762 habet
2931 4705 3094 4779 paulo
3124 4715 3269 4770 post,
3317 4704 3472 4779 Quod
3497 4709 3689 4779 mando

2087 4791 2388 4860 vobis,jam
2418 4801 2521 4860 non
2550 4777 2754 4844 dicam,
2803 4785 2936 4842 etc.,
2979 4784 3034 4830 et
3082 4778 3276 4832 iterum
3323 4777 3484 4844 infra,
3538 4778 3689 4846 Quod

2087 4857 2334 4934 prtecipio
2365 4857 2524 4916 vobis,
2555 4863 2657 4934 etc.
2688 4921 2700 4932 ο
2926 4918 2935 4928 _
3517 4921 3528 4932 ο
3570 4922 3576 4929 ,

2168 4931 2180 4967 ί
2220 4931 2372 4984 V’ers.
2409 4929 2536 4979 Ant.
2575 4922 2745 4984 Vidit,
2780 4935 3118 4988 quoniam...
3150 4919 3318 4984 ralde,
3369 4930 3418 4974 et
3459 4934 3596 4973 nnstt
3643 4927 3690 4974 et

2089 5003 2372 5056 occidit....
2399 5012 2582 5066 pueros
2603 4994 2846 5066 quierant
2869 4991 2994 5066 in”:
3021 4990 3314 5066 regionibus
3331 4994 3460 5066 ejus.

2168 5073 2180 5122 i
2223 5057 2629 5128 Demonstravit,
2683 5062 2867 5116 ferunt
2896 5057 3286 5131 codtlfplures
3325 5057 3465 5131 a'pud
3496 5057 3683 5116 Sabat.

2092 5145 2248 5200 Vers.
2283 5145 2412 5197 Aut.
2437 5133 2840 5195 Demonstrabit,
2993 5132 3071 5184 ira
3103 5147 3330 5185 rentura.

2164 5199 2186 5252 Ιέ
2219 5213 2370 5268 Vers.
2402 5212 2526 5264 Aut.
2557 5208 2808 5277 proferre.
2842 5202 2936 5256 Ms.
2963 5203 3019 5257 S.
3047 5200 3228 5257 Germ.
3260 5217 3325 5256 ex
3355 5199 3541 5256 Sabat.
3564 5216 3685 5256 cum

2089 5285 2374 5410 Lnlc'hers.
2408 5351 2537 5406 Ant.
2574 5345 2828 5415 Quoniam
2857 5353 3032 5413 potens
3063 5353 3155 5396 est.

2165 5439 2201 5464 ιιι
2229 5424 2450 5479 Etenim.
2490 5421 2661 5472 Vattc.

2164 5507 2189 5534 ι·
2221 5501 2377 5554 Vers.
2409 5493 2538 5546 Ant.
2562 5487 2740 5541 Omnis
2767 5501 2889 5552 ergo
3031 5485 3297 5538 excidetur
3442 5484 3688 5540 mittetur.

2094 5572 2265 5626 Grato.
2305 5581 2426 5620 cum
2461 5557 3072 5628 Ιλιιοίΐε-ἓκκὸπτιται...)
3134 5556 3393 5628 βάλλεται.

2171 5650 2193 5675 ρ
2219 5629 2322 5694 pm
2352 5640 2600 5706 facerent.
2630 5626 2736 5706 _Til.
2771 5635 2824 5682 et
2854 5626 2901 5677 la
2927 5625 3123 5680 Cerda.

2173 5723 2197 5761 ιι
2241 5699 2484 5779 Vipérete.
2522 5699 2696 5764 Vatic.
