4148 6186
566 288 667 346 887
1644 286 1962 345 LUCIFERI
2000 284 2311 344 EPISCOPI
2346 286 2770 343 CALARITANI
3751 293 3840 350 888

558 414 643 460 tes
668 418 765 460 nos
787 415 908 459 tuos
933 403 1076 459 effici
1102 403 1373 475 cupiveris
1397 401 1497 457 tu?
1526 403 1615 474 qui
1647 417 1769 456 cum
1790 400 1935 457 scias
1959 401 2164 457 dixisse
2192 403 2245 462 Α
2269 402 2399 455 vade
2428 401 2572 471 prius
2602 403 2929 457 reconciliari
2956 404 3111 473 fratri
3142 413 3248 471 tuo,
3276 414 3325 459 et
3356 412 3477 459 tunc
3499 420 3719 460 reversus
3733 406 3843 475 offer

562 498 859 553 Dominum
892 498 945 552 in
974 498 1262 569 evangelio
1294 515 1306 549 :
1335 494 1485 551 Beati
1519 497 1607 566 qui
1647 497 1883 550 esuriunt
1913 504 1959 551 et
1988 495 2169 550 sitiunt

556 592 844 663 justitiam,
875 592 997 660 quia
1026 592 1125 662 ipsi
1166 589 1563 645 saturabuntur.
1590 587 1738 642 Beati
1787 588 2169 653 misericordes,

567 686 691 755 quia
723 695 745 719 ιι
775 686 880 755 ipsi
908 684 1316 739 misericordiam
1334 691 1708 751 consequentur
1738 681 1846 746 (Ib.
1880 698 1933 749 v,
1980 682 2035 752 6)
2068 699 2082 745 ;
2118 690 2174 736 et

563 776 593 815 δ
625 786 805 834 tamen
854 778 1093 844 dixeris,
1124 776 1429 832 necandum
1479 777 1847 831 innocentem.
1886 774 2172 843 Quomodo

565 872 771 927 etenim
827 871 1017 926 beatus
1060 880 1249 940 potero
1297 884 1420 924 esse
1449 909 1463 933 ,
1517 869 1562 923 si
1609 869 1940 922 damnavero
1996 866 2171 921 virum

564 965 793 1030 justum,
830 964 872 1017 si
901 963 1155 1032 rejiciens
1183 961 1326 1015 sitim
1348 960 1577 1030 justitia:
1597 974 1903 1029 concepero
1921 958 2172 1014 ardorem

568 1055 895 1123 iniustitiae?
924 1054 1207 1122 Quomodo
1240 1064 1464 1124 propter
1508 1055 1713 1107 fructus
1762 1053 1984 1121 justitire
2029 1061 2177 1107 salu-

566 1147 735 1202 rabor
761 1162 791 1202 a
821 1148 951 1212 Deo,
984 1162 1107 1201 cum
1136 1160 1273 1217 opus
1304 1146 1407 1200 hoc
1440 1146 1697 1215 injustam
1735 1145 1897 1200 faciat
1926 1159 2012 1199 me
2041 1144 2174 1199 Cain

572 1239 937 1294 fratricidam?
972 1238 1255 1307 Quomodo
1280 1239 1475 1293 iterum
1529 1249 1723 1308 potero
1779 1240 1921 1293 inter
1963 1238 2177 1293 miseri-

572 1333 764 1387 cordes
818 1333 1085 1388 fructibus
1129 1333 1519 1389 misericordiae
1555 1332 1901 1402 locupletatis
1949 1348 2174 1402 regnum

573 1432 828 1498 consequi
860 1427 1117 1483 eteleste‘?
1143 1442 1289 1491 cum,
1323 1428 1367 1481 si
1397 1427 1887 1496 interfecerojuxta
1908 1426 2178 1482 desideria

572 1534 663 1576 tua
698 1522 1051 1587 Deiscrvum,
1088 1521 1339 1574 inveniar
1388 1536 1494 1574 non
1539 1521 1873 1582 misericors,
1918 1519 2013 1574 sed
2059 1535 2181 1574 cru-

572 1611 713 1667 delis
748 1622 912 1682 atque
962 1612 1300 1677 sceleratus,
1344 1613 1545 1683 quippe
1596 1611 2077 1677 homicida;cum,
2135 1612 2181 1665 si

572 1722 695 1762 cum
731 1718 752 1745 ο
786 1722 886 1778 ego
915 1708 1303 1762 immisericors
1327 1706 1521 1761 fuerim
1546 1706 1691 1760 circa
1724 1707 1944 1760 fratrem
1976 1720 2177 1769 memn,

2272 493 2455 547 muniis
2484 492 2690 563 tuum(I
2699 494 2804 548 bid.
2831 495 2947 567 9.3).
2969 495 3109 564 Quid
3129 495 3304 553 fuerat
3329 506 3593 568 operatus
3614 498 3845 555 malorum

2272 581 2623 648 Athanasius,
2660 593 2717 638 ut
2749 584 2864 639 haec
2895 596 3267 657 transgressus
3317 599 3599 660 praecepta
3648 590 3849 648 interﬁci

2273 690 2395 731 eum
2424 676 2751 753 t'nandares?
2792 694 2989 749 nempe
3038 680 3157 745 hoc,
3206 680 3348 751 quod
3401 696 3463 736 se
3512 683 3849 739 Christianum

2274 769 2492 837 dixerit,
2534 782 2626 826 aut
2653 771 2821 827 dicat.
2850 774 3009 829 Aliud
3038 775 3239 830 etenim
3272 760 3530 830 nihil‘est
3549 777 3686 845 quod
3722 793 3853 833 exse-

2275 867 2467 927 craris,
2491 877 2653 935 atque
2683 881 2743 921 es
2771 868 2961 936 punire
3014 869 3240 938 cupiens
3292 870 3348 924 in
3394 855 3709 925 Athanasio:
3756 871 3851 926 Non

2279 959 2606 1013 memineras
2639 963 2962 1030 praecepisse
2987 962 3269 1016 Dominum
3303 963 3475 1018 etiam
3509 964 3751 1018 inimicos
3789 964 3855 1019 di-

2278 1052 2541 1123 ligendos.
2581 1062 2638 1108 ut
2663 1069 2785 1109 eum
2816 1071 2975 1126 quem
3012 1071 3187 1127 neque
3216 1058 3267 1111 in
3300 1062 3585 1128 te,’neque
3632 1057 3681 1111 in
3709 1057 3852 1113 Deum

2279 1146 2450 1200 scires
2489 1160 2768 1215 peccasse,
2831 1157 2936 1201 tam
2962 1149 3227 1203 acerrime
3277 1148 3483 1202 fuisses
3527 1149 3852 1218 persecutus?

2280 1234 2511 1289 Audistis
2539 1236 2663 1305 quia
2693 1236 2888 1290 dictum
2914 1246 2989 1291 est
3020 1253 3038 1291 :
3067 1236 3266 1308 Diliges
3298 1241 3601 1309 proximum
3640 1249 3789 1305 tuum,
3816 1252 3853 1295 et

2281 1327 2399 1382 odio
2424 1327 2633 1382 habebis
2667 1328 2680 1379 i
2720 1330 2990 1383 inimicum
3018 1341 3184 1385 tuum.
3219 1330 3330 1402 Ego
3355 1342 3532 1386 autem
3555 1332 3667 1387 dico
3690 1334 3813 1387 vobis
3839 1351 3852 1388 :

2282 1420 2504 1494 Diligite
2538 1422 2775 1476 inimicos
2831 1432 3024 1478 vestros
3051 1466 3065 1489 ,
3111 1433 3157 1478 et
3197 1423 3487 1480 benedicite
3532 1425 3851 1480 maledicentes

2282 1533 2392 1582 vos,
2417 1528 2464 1571 et
2492 1516 2778 1588 bdtcfacite
2804 1518 2896 1585 eis,
2923 1520 3009 1588 qui
3038 1516 3061 1555 ¹ε
3094 1530 3477 1590 persequuntur
3528 1537 3642 1584 vos,
3669 1530 3713 1575 et
3739 1533 3852 1575 orate

2286 1628 2379 1682 pro
2409 1612 2503 1677 eis,
2533 1613 2620 1681 qui
2640 1628 2729 1666 vos
2762 1622 3154 1683 persequuntur,
3182 1614 3369 1667 utsitis
3398 1613 3501 1683 filii
3536 1610 3702 1667 Patris
3728 1616 3851 1667 vestri

2285 1705 2371 1773 qui
2397 1712 2473 1758 est
2502 1705 2555 1756 in
2578 1704 2739 1768 ccelis,
2764 1705 2853 1773 qui
2883 1703 3008 1758 solis
3044 1716 3189 1758 ortus
3222 1705 3428 1759 exhibet
3469 1721 3621 1772 super
3646 1705 3785 1758 bonos
3815 1716 3850 1759 et

570 1801 650 1854 sic
678 1800 750 1854 sit
777 1810 831 1855 et
858 1800 1001 1855 circa
1032 1815 1116 1854 me
1140 1800 1350 1854 futurus
1378 1799 1471 1854 ille
1504 1798 1893 1853 misericordiae
1938 1807 2170 1867 amator,
2206 1800 2254 1859 B
2282 1796 2473 1858 malos,
2502 1805 2550 1850 et
2579 1797 2709 1864 pluit
2735 1812 2889 1865 super
2908 1798 3079 1865 justas
3100 1806 3146 1851 et
3168 1798 3417 1871 injustos.
3449 1796 3512 1852 Si
3534 1798 3664 1851 enim
3690 1798 3850 1853 dilexe-

572 1889 664 1944 ille
685 1891 913 1959 justitia:
941 1900 1183 1956 exactor,
1208 1891 1300 1961 qui
1323 1891 1453 1945 dicit
1485 1909 1497 1945 :
1532 1889 1680 1943 Beati
1735 1890 1822 1960 qui
1869 1894 2103 1944 esuriant
2132 1898 2177 1942 et

573 1984 754 2036 sitiunt
778 1983 1057 2051 iustitiam,
1090 1984 1214 2053 quia
1241 1983 1342 2050 ipsi
1368 1982 1757 2036 saturabuutur.
1796 1979 1945 2035 Beati
1974 1981 2176 2035 miseri-

571 2076 776 2142 cordes,
805 2077 926 2146 quia
947 2073 974 2112 ά
998 2076 1099 2146 ipsi
1125 2075 1534 2130 misericordiam
1553 2083 1925 2143 consequentur
1949 2070 2174 2145 (Ibid.).

578 2169 903 2238 Quicumque
936 2211 950 2235 ,
999 2169 1131 2224 dicit
1206 2169 1470 2224 Dominus
1492 2190 1517 2233 ι,
1596 2168 1799 2221 solverit
1896 2182 2056 2219 unum
2116 2180 2180 2219 ea:

574 2262 837 2316 mandatis
854 2264 934 2317 his
955 2263 1199 2325 minimis,
1228 2271 1274 2315 et
1298 2261 1529 2315 docuerit
1559 2259 1633 2313 sic
1655 2258 1911 2324 homines,
1933 2257 2179 2310 minimus

572 2355 845 2409 vocabitur
889 2356 942 2410 in
988 2372 1147 2426 regno
1201 2356 1447 2409 ccelorum
1503 2352 1669 2425 (Ibid.
1726 2351 1856 2422 l9);
1905 2360 1959 2404 ct
2001 2351 2175 2414 dicis,

575 2448 887 2517 Constanti,
921 2459 980 2505 ut
1009 2448 1339 2520 quicumque
1361 2463 1465 2502 non
1507 2446 1706 2501 fuderit
1747 2445 2067 2516 sanguinem
2096 2443 2177 2496 in-

576 2546 847 2612 nocentis,
903 2560 1013 2599 non
1068 2552 1242 2613 potest
1282 2558 1507 2611 regnum
1565 2539 1821 2609 consequi
1875 2535 2182 2592 etelorum?

578 2638 698 2705 Dic,
721 2638 1086 2703 sanctissime,
1118 2638 1169 2690 in
1194 2650 1300 2706 quo
1325 2633 1602 2689 abundare
1626 2632 1829 2701 poterit
1844 2628 2183 2683 Christiano-

578 2728 948 2800 rumjustitia,
990 2730 1114 2800 plus
1140 2743 1301 2799 quam
1325 2727 1629 2782 scribarum
1669 2734 1723 2779 et
1758 2721 2178 2793 pharisuzorum,

577 2824 629 2876 si
653 2837 800 2885 eum,
834 2837 996 2892 quem
1028 2830 1105 2884 tu,
1127 2820 1271 2891 quod
1302 2834 1361 2874 se
1378 2816 1746 2874 Christianum
1801 2814 1982 2879 dicat,
2036 2810 2180 2882 quod

580 2914 718 2967 nolit
748 2913 862 2966 ﬁeri
893 2912 1143 2977 Ariauus,
1171 2909 1540 2981 persequeris,
1598 2904 2077 2963 interfecerimus?
2126 2904 2178 2957 in

580 3019 686 3074 quo
728 3018 977 3060 essemus
1002 3003 1245 3073 potiores
1265 3002 1459 3058 scribis
1482 3014 1536 3057 et
1568 3000 1872 3071 pharisaeis,
1915 3000 1960 3055 si
2017 2998 2183 3054 exsti-

577 3100 834 3153 tisscmus
852 3106 1029 3152 tecum
1062 3105 1345 3167 negatores
1376 3095 1520 3150 unici
1574 3095 1667 3149 Dei
1715 3094 1859 3159 Filii,
1905 3093 1972 3160 si,
2007 3103 2067 3147 ut
2107 3093 2182 3147 illi

2277 1889 2394 1941 ritis
2414 1904 2498 1941 eos
2518 1888 2604 1958 qui
2646 1904 2731 1941 vos
2770 1888 3021 1957 diligunt,
3064 1906 3219 1959 quam
3254 1890 3547 1945 mercedem
3598 1890 3849 1944 habebitis?

2282 1996 2452 2034 nonne
2478 1990 2526 2034 et
2557 1979 2817 2049 publicani
2846 1981 2919 2033 ita
2953 1978 2969 2016 ι
2996 1980 3242 2050 faciunt?
3268 1992 3315 2036 et
3340 1982 3387 2035 si
3415 1982 3650 2035 salutatis
3693 1982 3848 2034 amicos

2281 2083 2472 2127 uestros
2496 2082 2713 2137 tantum,
2736 2071 2861 2142 quid
2906 2072 3025 2141 plus
3077 2073 3303 2142 facitis?
3369 2088 3540 2127 nonne
3584 2083 3630 2128 et
3675 2074 3846 2144 gentiles

2278 2164 2507 2234 idipsum
2534 2164 2776 2235 faciunt?
2809 2163 2970 2217 Eritis
2998 2181 3119 2235 ergo
3162 2174 3215 2219 et
3267 2179 3359 2219 vos
3408 2166 3640 2236 perfecti,
3665 2166 3774 2217 sicut
3810 2170 3846 2216 et

2286 2258 2446 2312 Pater
2474 2267 2651 2321 uester,
2684 2257 2771 2325 qui
2798 2266 2871 2310 est
2892 2257 2945 2310 in
2975 2256 3137 2322 caelis,
3165 2258 3434 2328 perfectus
3479 2266 3550 2311 est
3580 2256 3726 2327 (Ibid.
3751 2253 3841 2320 45).

2282 2350 2592 2421 Diligendos
2643 2348 2865 2403 mandat
2911 2350 3075 2403 etiam
3106 2349 3363 2405 inimicos
3425 2349 3767 2411 Dominus;ct
3801 2354 3840 2398 tu

2283 2461 2385 2501 nos
2409 2443 2755 2515 persequeris
2783 2441 2927 2511 quod
2956 2443 3268 2498 innocentis
3323 2441 3543 2497 Domini
3590 2438 3839 2495 sacerdotis

2282 2550 2531 2592 cruorem
2562 2551 2666 2589 non
2693 2546 2869 2589 tecum
2896 2533 3220 2588 fuderimus.
3251 2534 3445 2589 Divina
3468 2533 3655 2588 clamat
3678 2544 3761 2583 vox
3778 2529 3839 2583 di-

2283 2646 2434 2685 cens:
2454 2627 2523 2682 In
2538 2645 2638 2699 quo
2646 2628 2852 2697 judicio
2861 2628 3246 2700 judicaveritis,
3262 2628 3392 2682 etde
3409 2623 3836 2699 cobisjudicabitur,

2282 2732 2330 2777 et
2360 2724 2414 2776 in
2437 2739 2539 2792 qua
2567 2736 2809 2776 mensura
2834 2720 2997 2773 mensi
3024 2721 3250 2790 fueritis,
3276 2721 3330 2774 in
3361 2720 3537 2774 eadem
3554 2718 3837 2772 remitteturm

2282 2815 2534 2889 vobis(lb.
2570 2832 2665 2879 vn,
2687 2815 2828 2885 2),et
2851 2826 2906 2869 tu
2933 2815 3071 2871 dicis
3095 2833 3108 2868 :
3137 2812 3404 2885 Iugulase
3452 2829 3595 2885 quem
3622 2811 3837 2882 deliquisse

2282 2910 2555 2980 ignoratis.
2591 2908 2818 2963 Fontem
2853 2908 3120 2962 malorum
3164 2924 3287 2962 cum
3308 2918 3376 2965 te
3396 2924 3518 2964 esse
3559 2903 3837 2965 memineris,

2286 3001 2431 3056 fuisti
2453 3010 2632 3056 tamen
2653 3016 2819 3056 ausus
2849 3000 2916 3055 de
2943 3016 3030 3065 eo,
3061 3017 3222 3071 quem
3249 3002 3480 3056 sciebas
3508 3000 3631 3055 false
3657 2997 3834 3068 petitum

2286 3108 2315 3147 a
2356 3093 2536 3160 vobis,
2565 3092 2793 3148 dicere:
2829 3092 2971 3147 Reus
3015 3103 3093 3147 est
3145 3094 3355 3147 mortis.
3399 3093 3548 3148 Adeo
3577 3105 3631 3146 es
3670 3097 3834 3149 ercurs,

579 3191 1100 3261 repudiant,tccum
1132 3190 1543 3259 repudiaremus
1582 3187 1949 3255 evangelicum
2000 3187 2182 3253 fidem,
2214 3178 2261 3242 C
2292 3184 2577 3241 Constanti
2632 3194 2859 3255 auguste
2889 3226 2903 3249 ,
2972 3194 3031 3239 ut
3080 3200 3178 3240 nec
3235 3185 3453 3240 dictum
3508 3183 3627 3238 illud
3672 3174 3833 3234 Domini

580 3283 1158 3354 destruxissemusque
1208 3281 1564 3352 apostolicam
1608 3279 1997 3334 traditionem?
2050 3278 2128 3333 Ne
2158 3288 2181 3315 θ

582 3376 788 3431 dixisse
813 3375 1145 3431 memineras
1182 3375 1469 3429 Dominum
1506 3389 1519 3424 ί
1558 3371 1793 3426 Audistis
1830 3373 1953 3441 quia
1992 3370 2183 3423 dictum

581 3478 658 3524 est
686 3470 914 3537 antiquis
948 3466 967 3505 ί
1000 3485 1017 3521 :
1052 3466 1178 3522 Non
1233 3466 1474 3531 occides;
1504 3466 1809 3534 quicumque
1851 3476 2020 3518 autent
2050 3466 2187 3519 occi-

582 3563 739 3628 derit,
769 3579 885 3616 reus
913 3562 1011 3616 erit
1029 3561 1233 3633 judicio
1262 3570 1311 3615 ϐ.
1348 3559 1461 3633 Ego
1485 3568 1653 3612 autem
1691 3559 1808 3613 dico
1855 3560 1995 3613 uobis
2048 3559 2186 3624 quod

581 3659 751 3712 omnis
799 3657 889 3725 qui
932 3656 1172 3709 irascitur
1201 3653 1357 3722 fratri
1398 3669 1493 3706 suo
1532 3654 1644 3706 sine
1697 3668 1873 3715 causa,
1924 3669 2043 3706 reus
2088 3653 2184 3706 erit

572 3752 783 3826 judicio
812 3749 976 3825 (Ibid.
1002 3749 1130 3819 ‘21);
1158 3761 1216 3803 ut
1248 3747 1364 3802 haec
1388 3748 1504 3821 fieri
1529 3746 1868 3817 imperares?
1908 3748 1961 3801 δί
2015 3746 2187 3801 iratus

579 3844 737 3900 fuero
788 3844 907 3898 sine
936 3857 1099 3897 causa
1142 3840 1294 3895 fratri
1347 3854 1489 3905 meo,
1523 3840 1568 3892 si
1618 3840 1812 3895 dixero
1850 3839 1937 3906 ei,
1992 3838 2181 3906 Fatue,

580 3951 736 3991 reum
766 3950 852 3990 me
881 3934 1013 3989 dicit
1036 3933 1273 3988 futurum
1305 3931 1498 3985 unicus
1541 3929 1635 3985 Dei
1683 3929 1851 3985 Filius
1893 3931 1947 3985 in
1985 3929 2187 3999 gehen-

584 4041 711 4082 nam
738 4043 752 4091 ;
781 4035 837 4080 et
864 4024 915 4093 ιι,
950 4028 1246 4094 imperator
1275 4023 1583 4088 Constanti,
1612 4022 1660 4077 si
1696 4022 1890 4077 fudere
1930 4037 2182 4077 cruorem

582 4119 914 4184 innocentis,
957 4117 1115 4181 dicis,
1167 4116 1408 4186 requiem
1466 4123 1727 4169 aeternam
1760 4131 2135 4185 possessurnm
2169 4135 2182 4171 :

582 4224 687 4267 nec
712 4210 948 4264 retinere
994 4207 1257 4277 potuisti,
1306 4206 1521 4276 quando
1567 4207 1917 4262 mcditabaris
1957 4209 2187 4265 interfici

581 4304 892 4375 oportuisse
928 4300 1308 4368 Athanasium,
1339 4301 1439 4355 sub
1454 4300 1931 4371 qualiconditione
1963 4318 2182 4359 munera

577 4398 810 4468 jusserit
840 4396 1027 4452 offerri
1064 4394 1360 4449 Dominus?
1384 4393 1443 4449 Si
1460 4394 1623 4466 igitur
1642 4394 1805 4463 offers
1827 4411 2015 4450 munus
2040 4406 2184 4450 tuum

580 4489 651 4544 ad
676 4490 867 4554 altare,
902 4498 951 4544 et
981 4488 1051 4543 ibi
1083 4496 1455 4543 rememoratus
1511 4489 1674 4557 fueris
1698 4529 1712 4553 ,
1769 4488 1908 4559 quod
1945 4486 1959 4524 ί
1996 4487 2184 4544 habeas

2288 3295 2409 3335 cum
2445 3282 2561 3334 lucc
2594 3279 2882 3334 mandares
2911 3279 3050 3343 fieri,
3085 3278 3340 3349 potueris
3402 3272 3699 3332 reminisci:
3732 3266 3833 3335 Quid

2289 3382 2459 3427 autem
2481 3372 2623 3426 vides
2650 3376 2902 3443 festucam
2925 3372 2978 3424 in
2999 3371 3149 3425 oculo
3172 3371 3350 3440 fratris
3392 3372 3487 3438 tui,
3514 3367 3683 3423 trabem
3704 3370 3831 3416 autem

2288 3466 2343 3518 in
2367 3465 2517 3518 oculo
2540 3475 2626 3518 tuo
2656 3480 2758 3517 non
2810 3464 2994 3517 uides?
3017 3472 3106 3517 aut
3134 3463 3404 3533 quomodo
3427 3462 3552 3517 dicis
3579 3456 3709 3531 fratri
3729 3466 3795 3507 tuo
3820 3464 3833 3501 :

2294 3558 2421 3614 Sine
2447 3569 2501 3613 ut
2524 3560 2728 3632 ejiciam
2773 3558 2863 3613 tibi
2915 3562 3164 3629 festucam
3218 3557 3282 3611 de
3328 3556 3493 3612 oculo
3534 3565 3630 3615 tuo,
3670 3560 3710 3604 et
3746 3559 3831 3599 ecce

2296 3654 2461 3708 trabes
2488 3662 2517 3688 ιι
2556 3654 2609 3706 in
2655 3653 2803 3708 oculo
2846 3661 2933 3706 tuo
2984 3652 3104 3705 est?
3148 3651 3471 3722 Hyporrita,
3524 3651 3639 3723 ejice
3662 3647 3830 3711 primum

2297 3746 2490 3801 trabem
2516 3746 2580 3800 de
2605 3746 2756 3801 oculo
2783 3756 2893 3809 tuo,
2928 3754 2975 3798 et
3000 3754 3120 3798 tunc
3169 3745 3377 3798 videbis
3425 3745 3598 3815 ejicere
3635 3739 3827 3807 festucam

2298 3840 2363 3893 de
2393 3840 2541 3894 oculo
2565 3841 2744 3911 fratris
2766 3839 2838 3892 tui
2865 3838 3031 3909 (Ibid.
3083 3840 3163 3906 5).
3194 3838 3435 3894 Trahem
3492 3838 3542 3891 in
3592 3830 3719 3887 oculo
3753 3834 3824 3876 tuo

2296 3933 2572 3989 dicitcsse
2603 3934 2863 3988 Dominus
2887 3973 2902 3997 ,
2934 3941 2989 3988 et
3019 3932 3189 3987 audes
3217 3932 3405 3989 dicere
3430 3925 3696 3988 Athanasio
3733 3919 3822 3971 vim

2292 4025 2620 4095 iustissimo,
2656 4023 2932 4079 Festucam
2958 4026 3109 4080 habes
3131 4025 3183 4077 in
3221 4026 3420 4080 oculo?
3449 4024 3543 4079 Ille
3570 4018 3693 4076 enim
3722 4006 3821 4064 nihil

2294 4118 2491 4172 horum
2523 4117 2816 4185 commisit,
2850 4134 2973 4188 quae
3000 4119 3049 4173 ei
3082 4117 3325 4189 dignaris
3372 4116 3635 4186 obiicere:
3675 4109 3820 4160 contra

2291 4221 2370 4277 tu,
2426 4225 2784 4281 quaecumque
2830 4211 3095 4275 diximus,
3144 4226 3202 4263 es
3261 4218 3535 4279 operatus,
3583 4202 3818 4256 Damnata.

2289 4307 2507 4374 quoties
2536 4304 2747 4370 dixisti,
2778 4305 3121 4358 innocentem.
3147 4303 3319 4371 Quam
3351 4318 3449 4358 nos
3477 4300 3623 4353 aliam
3654 4284 3819 4345 νοΙιιίειί

2288 4398 2757 4468 comprehendere
2811 4396 2989 4461 viam,
3039 4396 3142 4450 nisi
3185 4408 3359 4463 tuam,
3408 4408 3562 4465 quam
3613 4376 3821 4441 describit

2291 4490 2575 4557 Dominus,
2608 4490 2834 4545 dicens:
2867 4489 3035 4556 Quam
3070 4498 3094 4525 ο
3127 4490 3233 4544 lata
3263 4501 3311 4544 et
3342 4489 3565 4561 spatiosa
3607 4481 3695 4543 οἱα,
3735 4481 3821 4541 li“

578 4581 780 4651 aliquid
795 4599 910 4636 cum
930 4584 1095 4651 fratre
1120 4591 1229 4651 tuo,
1245 4597 1381 4652 pone
1407 4597 1595 4635 munus
1622 4592 1765 4635 tttum
1788 4591 1907 4635 ante
1929 4582 2114 4649 altare,
2140 4594 2187 4637 et
2216 4578 2267 4638 D
2293 4586 2433 4639 ducit
2462 4584 2530 4637 ad
2559 4584 2843 4646 interitum,
2870 4592 2918 4637 et
2942 4579 3094 4637 multi
3122 4593 3241 4637 sunt
3264 4584 3354 4653 qui
3380 4584 3565 4637 intrant
3599 4587 3677 4643 per
3708 4564 3818 4619 ίίίαπί

656 4714 843 4768 αϐιιιη
894 4714 1056 4784 (Iypr.
1091 4715 1130 4770 l.
1181 4715 1216 4769 '5
1260 4718 1468 4770 testim.
1525 4714 1687 4769 Vers.
1743 4715 1870 4769 Ant.
1920 4715 2180 4782 Quoniam

578 4783 1046 4855 ipsisgmiserebitur
1076 4784 1238 4839 Deus.

649 4852 676 4893 b
703 4853 862 4910 Forte
893 4854 969 4907 Tu
1000 4866 1191 4909 tamen.
1220 4854 1451 4910 Galand.
1487 4854 1579 4924 qui
1614 4856 1777 4926 paulo
1829 4855 2053 4913 inferius
2103 4860 2179 4915 le-

578 4926 660 4996 git
686 4927 1028 4991 locupletatos
1060 4941 1159 4995 pro
1182 4926 1534 4993 locupletatis.

655 5008 677 5036 ο
711 4997 773 5052 Si
795 5013 955 5063 cum;
988 4996 1234 5066 intellige
1265 4999 1307 5050 si
1336 4999 1565 5067 quando.

649 5066 675 5105 ά
708 5068 845 5124 Vide
872 5085 1000 5123 mox
1027 5068 1192 5123 dicta.

652 5150 675 5176 ε
706 5139 812 5195 Pro
853 5156 944 5195 nec
984 5140 1087 5195 Til.
1118 5148 1195 5211 get
1248 5137 1307 5211 la
1345 5138 1544 5204 Cerda,
1600 5149 1659 5195 et
1712 5140 1945 5197 Galand.
1994 5142 2176 5211 Forte,

572 5227 730 5277 anne,
758 5212 843 5266 vel
879 5228 1069 5266 nonne.
1102 5209 1333 5266 Galand.
1364 5211 1588 5265 rectius.

650 5282 670 5319 τ
708 5283 861 5339 Vers.
899 5286 1024 5338 Ant.
1057 5283 1133 5337 Ab
1162 5280 1479 5349 antiquis....
1512 5282 1601 5349 qui
1622 5290 1815 5335 autem.

647 5362 672 5400 κ
704 5352 859 5410 Vers.
923 5356 1054 5411 Ant.
1106 5352 1400 5422 utrobique
1457 5352 1511 5404 in
1547 5351 1774 5424 judicio.
1832 5352 1897 5406 In
1948 5353 2105 5409 abest
2142 5369 2172 5410 a

574 5430 790 5489 Graeco,
822 5426 896 5480 uti
922 5443 949 5477 a
982 5424 1159 5480 Lucil.

642 5500 671 5578 ξι
698 5494 963 5578 ξονιθλει
986 5508 1039 5578 tu
1063 5498 1365 5578 imperator;
1398 5503 1505 5550 etc.
1538 5493 1773 5578 Galand.

648 5571 663 5606 i
699 5568 830 5620 Cum
860 5566 1065 5621 Hilario
1086 5565 1292 5621 Pictav.
1324 5565 1633 5621 Comment.
1682 5567 1736 5621 in
1782 5566 1970 5622 Matth.
2002 5567 2161 5624 Vere.

568 5639 699 5711 Ant.
725 5650 741 5688 :
779 5638 839 5690 Si
860 5653 985 5708 ergo
1006 5635 1286 5711 omne...
1315 5638 1437 5705 quia
1465 5641 1624 5711 frater
1649 5649 1765 5711 tu_us
1792 5638 1945 5693 habet
1966 5640 2165 5711 aliquid

568 5710 814 5763 adversus
845 5715 893 5758 te
917 5707 933 5757 ἐ
962 5707 1194 5770 relinque
1219 5707 1381 5774 ibi....
1407 5710 1612 5763 ueniens
1633 5707 1849 5773 oﬂ'eres.
1950 5744 1953 5749 -
2053 5707 2083 5735 ³

644 5777 658 5823 i
692 5775 848 5830 Vers.
875 5777 999 5827 Ant.
1022 5774 1249 5826 Udies...
1283 5776 1561 5835 benedicite
1575 5782 1660 5849 qui
1687 5780 2159 5839 maledicentvobis.

2354 4719 2378 4757 ιε
2406 4719 2564 4774 Vers.
2595 4718 2723 4773 Ant.
2756 4718 2871 4786 His,
2896 4722 2983 4790 qui
3004 4720 3185 4774 odiunt
3212 4736 3323 4784 vos,
3375 4728 3423 4775 et
3464 4724 3597 4771 orate
3644 4721 3720 4778 Ιπο
3747 4714 3816 4790 ff

2283 4771 2871 4857 tumniann‘bussabis,’
2901 4771 2978 4845 2i"
3002 4771 3424 4861 sinuatis-ia
3467 4771 3661 4861 sos.._..l_
3691 4771 3816 4861 sugg

2283 4841 2846 4934 iii's."sn'ri;;.ie'¢1;;:
2873 4841 3418 4933 εἴειῖίὶὶίᾱῖῐέῥίῐίῖζξ
3444 4861 3546 4934 hoc
3568 4841 3817 4934 [ιίςξιιηιξςς

2355 4915 2622 4988 salutaris,
2653 4915 2982 5004 fratres“;
3036 4915 3282 5000 ampliti’sr
3316 4915 3512 5003 Ϊαείε¹ί³
3527 4915 3815 5004 (infe-ff

2226 5056 2231 5059 .
2286 4986 2612 5087 Ethnicihoc
2634 4986 2833 5087 faciunt
2853 4986 3068 5059 ?Estote
3090 4986 3211 5087 ergo
3231 4986 3327 5087 et_c_:
3348 5004 3504 5087 Cypr:
3638 4986 3813 5087 dfnl’f?

2285 5058 2514 5146 patient.
2557 5058 2645 5147 qui
2678 5092 2765 5130 vos
2819 5058 3212 5147 persequuntur.
3272 5058 3618 5147 Μξς.”ρίιιτ9ξ
3659 5058 3809 5147 Ψᾷθξθξῖ

2287 5118 2514 5146 rum...
2559 5118 2645 5147 η.-.
2680 5118 2765 5130 ..η
2819 5118 3212 5147 ,,-..,-.,...........
3272 5118 3397 5131 ...νη
3448 5118 3599 5145 ,-_--_
3666 5118 3674 5133 .

2287 5147 2502 5201 amicos.
2538 5148 2717 5201 Graec.
2769 5155 2989 5212 ποιεῖτε,
3042 5147 3256 5213 facitis:
3306 5136 3654 5213 Tertull._l|b.
3694 5118 3813 5183 lad‘

2288 5231 2476 5272 versus
2506 5217 2674 5272 Marc.
2705 5218 2852 5271 eritis
2880 5234 2898 5271 :
2929 5209 3121 5273 omnes
3153 5217 3206 5271 hi
3235 5232 3359 5274 cum
3406 5209 3566 5271 Lucii.

2362 5286 2381 5325 1
2417 5287 2529 5341 Ista
2562 5288 2688 5357 legit
2715 5288 2900 5342 Sabat.
3475 5355 3485 5357 _
3644 5341 3694 5357 ....

2280 5428 2304 5483 Ι
2356 5340 2779 5485 Ἑνωωᾜώ.
2846 5340 3180 5426 remetietur;
3229 5361 3301 5415 ita
3351 5355 3609 5425 corrigunt
3644 5341 3731 5399 'l'il.
3769 5340 3809 5388 el

2304 5444 2355 5485 sa
2388 5446 2459 5484 In.
3654 5484 3657 5485 γ
3792 5480 3801 5485 _

2276 5463 2571 5627 :ari'iuligbt.
2599 5511 2652 5556 et
2681 5501 2967 5573 Sangerm.
2991 5501 3151 5557 codd.
3188 5504 3366 5568 trabis,
3399 5495 3531 5570 apud
3584 5484 3742 5543 Sabat.
3765 5480 3804 5528 οι

2325 5588 2432 5627 crs.
2509 5590 2539 5626 η
2573 5612 2586 5627 .

2325 5577 2586 5698 egsilgrgi.
2613 5646 2738 5698 Ant.
2770 5644 2908 5711 Quia
2957 5644 3153 5698 lata....
3208 5646 3291 5699 uia
3311 5653 3473 5701 est....
3512 5634 3575 5711 ad
3604 5617 3803 5711 Ρεᾷέίξῗξ

2272 5731 2407 5786 tum.
2424 5688 2434 5697 ’
2454 5688 2597 5786 ἓᾶἱξ.
2613 5688 2738 5784 "liii:
2772 5688 3589 5786 Ξῖὲέῄᾶἶῗίζῖιῑῑεέιῗῖἷῆῑίὲιὶιι.
3604 5688 3626 5759 ’;
3654 5688 3797 5748 Codri

2270 5778 2748 5851 ClaromfiSabai.
2776 5802 2897 5842 cum
2925 5778 3095 5842 Lucii.
3120 5778 3285 5853 Quam
3311 5787 3429 5842 latnt
