4148 6186
333 292 441 349 889

1403 291 1543 348 PRO
1583 290 1855 350 SANCTO
1893 290 2289 350 ATBANASIO
2328 293 2455 350 LIB.
2502 296 2566 352 ll.

3535 301 3642 360 890

332 412 500 485 (Ibid.
530 413 671 482 i5)?
700 410 837 478 Quia
868 418 893 447 δ
924 409 1107 481 itaque
1147 408 1222 465 sis
1262 408 1317 464 in
1339 407 1443 463 hac
1473 409 1581 464 lata
1611 417 1669 465 et
1694 409 1934 480 spatiosa
1962 414 2012 473 Α
2041 412 2265 483 patietur
2298 431 2317 468 :
2339 415 2700 485 quodcumque
2726 418 3059 474 wstimaverit
3083 418 3111 458 ιι
3138 422 3214 475 vir
3260 420 3515 486 mulieris,
3547 421 3645 474 da-

330 507 665 563 constitutus
696 505 807 572 via,
830 503 1137 574 praecepisti
1165 504 1413 559 damnari
1442 504 1812 568 innocentem.
1842 520 1928 560 cu-

328 606 488 672 piens
521 600 765 670 profecto
805 598 1023 654 cunctis
1077 598 1340 663 revelari,
1373 596 1516 668 quod
1547 606 1635 652 tua
1676 597 1786 653 late
1815 612 1933 667 per-

329 694 469 750 ditio
497 694 823 749 dominetur.
852 692 1121 761 Tempore
1141 689 1170 728 ι)
1201 706 1311 758 quo
1351 690 1544 746 venisti
1587 688 1654 743 ad
1700 689 1931 755 Italiam,

332 789 415 845 sic
447 798 501 843 te
542 788 723 856 lupum
746 784 984 840 ﬁnxeras
1006 797 1185 850 ovem,
1211 792 1487 853 tamquam
1510 796 1615 836 non
1645 782 1933 837 fuissemus

310 896 402 935 ex
437 879 692 948 Oper-ibus
723 879 827 932 tuis
859 885 911 931 le
942 876 1233 945 reperturi,
1263 886 1535 945 tamquam
1579 872 1807 944 fugisset
1833 888 1933 929 nos

334 970 552 1026 Domini
583 969 820 1023 monella
856 979 877 1005 ο
906 965 1140 1022 dicentis
1170 986 1183 1020 :
1234 967 1492 1021 Attendite
1538 967 1679 1020 nobis
1723 982 1755 1018 a
1784 966 1933 1037 falsis

329 1062 619 1135 prophetis,
653 1063 743 1132 qui
773 1062 981 1116 veniunt
1033 1060 1103 1114 ad
1153 1075 1240 1114 vos
1277 1060 1331 1113 in
1381 1060 1562 1115 uestitu
1608 1059 1797 1124 arium,
1846 1059 1929 1111 in-

330 1156 585 1210 trinsecus
624 1152 651 1191 τι
698 1165 873 1208 autem
912 1162 1033 1208 sunt
1080 1154 1193 1223 lupi
1242 1169 1456 1220 rapaces
1492 1195 1507 1220 ,
1567 1169 1631 1207 ea:
1677 1151 1931 1222 fructibus

325 1264 507 1303 eorum
554 1249 871 1320 coquoscetis
922 1263 1010 1301 eos
1065 1244 1248 1319 (Ibid.
1306 1244 1434 1318 15).
1504 1245 1773 1317 Numquid
1823 1261 1929 1301 non

328 1340 591 1395 luxerunt
622 1341 765 1395 illico
798 1340 983 1395 tristes
1014 1338 1241 1394 venenis
1267 1338 1471 1393 diaboli
1510 1340 1561 1392 in
1605 1348 1657 1393 te
1710 1338 1932 1393 insemi-

325 1435 442 1488 nati
466 1432 793 1488 amarissimi
829 1430 1035 1486 fructus
1070 1433 1169 1495 tui,
1192 1442 1252 1485 ut
1283 1431 1462 1486 dicere
1488 1430 1744 1495 tentasti,
1777 1430 1930 1483 dam-

326 1526 569 1582 nandum
594 1525 761 1581 fuisse
787 1524 1134 1580 inauditum?
1158 1523 1418 1595 numquid
1449 1539 1571 1578 nam
1606 1539 1715 1581 n00
1741 1534 1930 1593 patue-

328 1630 455 1675 runt
480 1618 774 1675 confestim
808 1617 1023 1673 insidize
1052 1626 1158 1672 tua:
1187 1616 1295 1687 lupi
1318 1617 1571 1687 rapacis?
1596 1617 1748 1685 Quod
1783 1616 1928 1678 enim

324 1726 516 1770 contra
548 1713 648 1769 Dei
680 1714 821 1768 ovile
854 1713 1161 1767 machinam
1192 1712 1593 1766 construxisses
1612 1712 1926 1777 maximam,

2039 505 2108 559 bit
2141 522 2256 560 cum
2291 507 2306 543 ί
2341 508 2616 578 dignitate.
2653 508 2811 577 Quod
2834 512 2880 565 si
2900 511 3247 580 deformatum
3280 513 3459 584 fuerit,
3500 511 3643 566 dabit

2037 600 2267 653 animam
2310 616 2405 671 pro
2431 602 2630 667 anima,
2669 602 2877 657 oculum
2927 621 3020 675 pro
3069 606 3242 669 oculo,
3292 604 3496 659 dentem
3546 618 3642 674 pro

2038 692 2208 756 dente,
2238 709 2450 747 manuni
2483 712 2578 761 pro
2615 711 2796 760 manu,
2824 696 3003 766 pedem
3023 713 3118 767 pro
3142 697 3291 766 pede,
3326 695 3640 751 combustum

2037 799 2131 854 pro
2161 785 2446 851 combusto,
2487 787 2675 842 vulnus
2709 805 2805 857 pro
2832 790 3043 842 vulnere
3066 830 3080 851 ,
3132 790 3341 843 livorem
3368 805 3462 857 pro
3487 789 3645 843 livore

2036 877 2163 947 (Ex.
2204 893 2315 944 XXI,
2366 877 2481 948 22).
2539 879 2767 934 Credoi
2832 880 2969 935 nihil
3020 895 3299 936 sacrarum
3358 892 3410 936 te
3458 884 3643 953 fugere

2035 969 2482 1038 scripturarum:
2534 986 2713 1040 neque
2755 972 2903 1026 enim
2960 988 3154 1043 posses
3206 974 3425 1044 egregia
3482 975 3642 1029 nobis

2033 1062 2167 1117 dare
2208 1062 2490 1128 mandata,
2550 1062 2652 1117 nisi
2712 1062 2911 1119 fuisses
2956 1064 3091 1135 legis
3146 1066 3379 1134 peritus.
3431 1064 3639 1135 Legisti

2034 1156 2221 1226 utique
2262 1157 2427 1211 etiam
2479 1157 2638 1211 haec:
2692 1157 2875 1212 Omnis
2915 1160 3002 1228 qui
3046 1159 3195 1213 audit
3245 1159 3338 1213 hos
3382 1176 3642 1216 sermones

2035 1265 2175 1304 meos
2206 1247 2231 1285 κ
2259 1260 2305 1302 et
2334 1250 2457 1320 facit
2481 1250 2624 1316 illos,
2657 1251 2877 1304 similem
2902 1252 3167 1306 testimabo
3196 1252 3345 1306 illum
3372 1252 3482 1306 viro
3511 1268 3641 1323 pru-

2035 1343 2178 1398 denti
2204 1342 2249 1411 1,
2281 1345 2367 1415 qui
2408 1343 2685 1413 aedificavit
2740 1344 2949 1399 domum
2991 1362 3137 1400 suam
3195 1362 3351 1417 super
3399 1356 3639 1414 petram:

2036 1436 2301 1490 descendit
2348 1436 2522 1505 pluria
2546 1479 2559 1502 ,
2613 1448 2661 1491 et
2691 1447 2729 1473 ιη
2760 1448 3008 1491 venerunt
3064 1438 3286 1507 flumina
3314 1480 3330 1506 ,
3384 1440 3639 1508 [laverunt

2034 1530 2189 1596 venti,
2220 1529 2542 1599 impegerunt
2568 1538 2594 1565 ¹¹
2622 1530 2693 1584 inv
2709 1530 2920 1584 domum
2956 1530 3125 1598 illaut,
3177 1542 3225 1585 et
3264 1547 3367 1585 non
3416 1533 3637 1586 cecidit:

2034 1620 2253 1691 fundata
2299 1622 2435 1674 enim
2470 1632 2582 1676 erat
2616 1638 2768 1693 super
2800 1632 3020 1692 petram.
3050 1621 3119 1676 Et
3148 1624 3314 1678 omnis
3352 1624 3441 1691 qui
3491 1625 3639 1678 audit

2034 1730 2293 1768 sermones
2314 1718 2475 1781 meos,
2508 1731 2599 1768 nec
2629 1716 2749 1769 illos
2794 1718 2950 1785 facit,
2997 1716 3217 1772 similem
3258 1717 3523 1772 aestimabo
3572 1718 3639 1771 il-

327 1809 595 1864 fructibus
622 1823 754 1878 ergo
788 1808 893 1862 tuis
917 1806 1194 1877 quomodo
1226 1822 1330 1861 non
1358 1806 1477 1860 ovis
1500 1806 1690 1871 fuisse,
1719 1805 1812 1860 sed
1845 1805 1926 1859 lu-
1958 1810 2002 1869 Β
2032 1807 2137 1861 lum
2167 1815 2190 1842 ο
2219 1809 2415 1861 homini
2442 1809 2621 1873 stulto,
2650 1809 2740 1879 qui
2766 1808 3043 1878 wdiﬁcavit
3066 1809 3278 1863 domum
3301 1826 3449 1865 suam
3478 1826 3635 1881 super

327 1917 432 1973 pus
462 1902 678 1972 agnitus
709 1916 769 1956 es
795 1942 810 1967 ,
843 1900 923 1956 sic
956 1910 1011 1956 et
1049 1898 1323 1970 quomodo
1370 1899 1471 1966 sis,
1530 1898 1631 1953 nisi
1674 1898 1768 1951 tibi
1800 1912 1930 1952 con-

328 1993 591 2057 sulueris,
622 1993 787 2048 arbor
816 1993 925 2063 igni
971 1992 1269 2057 destinata,
1303 1992 1537 2061 probant
1580 2006 1735 2047 sacra
1767 2006 1932 2045 cvan-

328 2086 493 2156 gelia.
529 2084 797 2167 Numquid
821 2086 1075 2157 colligunt
1118 2088 1180 2140 de
1220 2087 1383 2158 spinis
1436 2102 1588 2140 uvam
1636 2096 1679 2152 (⁸,
1732 2094 1821 2139 aut
1869 2085 1930 2139 de

328 2177 529 2233 tribulis
581 2178 713 2245 ficus
737 2176 761 2230 ?
786 2178 859 2230 sic
880 2178 1046 2232 omnis
1071 2178 1223 2232 arbor
1249 2178 1383 2232 bona
1414 2177 1573 2232 bonos
1617 2181 1816 2249 fructus
1848 2182 1930 2247 fa-

330 2270 419 2333 cit,
454 2269 594 2323 mala
623 2278 795 2323 autent
836 2269 991 2323 arbor
1021 2270 1185 2325 malos
1215 2273 1415 2342 fructus
1439 2273 1584 2341 facit.
1613 2270 1737 2324 Non
1770 2282 1931 2339 potest

330 2361 485 2415 arbor
514 2360 649 2415 bona
694 2362 859 2414 malos
888 2366 1093 2432 fructus
1149 2362 1340 2431 facere,
1395 2378 1553 2432 neque
1596 2362 1748 2416 arbor
1789 2365 1930 2417 mala

329 2455 491 2509 bonos
515 2458 719 2525 fructus
748 2458 937 2524 facere.
968 2454 1147 2508 Omnis
1177 2454 1330 2509 arbor
1356 2471 1471 2525 qua:
1500 2472 1602 2509 non
1636 2455 1763 2525 facit
1788 2454 1930 2524 fruc-

333 2557 441 2600 tum
480 2547 667 2601 bonum
697 2548 985 2615 excidatur,
1018 2558 1066 2603 et
1114 2550 1168 2603 in
1202 2550 1369 2620 ignem
1397 2552 1623 2605 mittetur
1655 2567 1672 2604 :
1703 2567 1766 2605 ea:
1790 2554 1929 2620 fruc-

331 2641 467 2695 tibus
492 2646 630 2695 enim
660 2657 836 2695 eorum
869 2643 1191 2713 cognoscetis
1222 2659 1327 2697 eos.
1360 2642 1482 2697 Non
1506 2645 1671 2699 omnis
1694 2644 1783 2714 qui
1803 2643 1929 2697 mihi

332 2733 481 2799 dicit,
505 2730 750 2799 Domine,
792 2731 1036 2800 Domine,
1076 2734 1284 2789 intrabit
1323 2737 1377 2789 in
1411 2752 1625 2809 regnum
1661 2736 1926 2803 calorum,

328 2826 418 2879 sed
442 2826 529 2895 qui
553 2825 680 2894 facit
700 2826 1011 2880 voluntatem
1060 2825 1236 2880 Patris
1265 2830 1362 2881 mei
1390 2827 1438 2899 (Ι
1448 2828 1556 2882 bid.
1586 2826 1699 2900 16).
1744 2828 1801 2885 Si
1834 2843 1929 2883 vo-

330 2919 592 2973 luntatem
617 2917 796 2973 Patris
826 2920 973 2973 unici
1008 2919 1101 2974 Dei
1131 2920 1250 2974 Filii
1277 2920 1432 2988 facis,
1479 2921 1755 2991 quomodo
1786 2922 1845 2976 fit
1873 2932 1927 2976 ut

329 3010 449 3080 ejus
480 3009 674 3064 Filium
715 3025 881 3080 neges
910 3011 1270 3081 unigenitum,
1305 3022 1363 3067 ut
1386 3013 1563 3084 ipsum
1594 3013 1810 3068 Patrem
1841 3013 1925 3068 di-

328 3116 421 3157 cas
457 3118 565 3157 non
608 3116 731 3159 esse
778 3119 971 3159 verum
1027 3104 1241 3158 Patrem
1267 3144 1283 3170 ,
1332 3113 1391 3159 ttt
1433 3104 1781 3161 fundamenta
1831 3120 1927 3175 per

2031 1916 2241 1953 arenam
2273 1918 2291 1954 :
2341 1902 2602 1956 descendit
2626 1902 2826 1973 pluvia,
2856 1902 3177 1975 advenerunt
3199 1904 3441 1973 ﬂumina,
3471 1904 3635 1973 flave-

2032 2004 2148 2045 runt
2180 1994 2334 2059 venti,
2376 1993 2633 2049 illiserunt
2663 1994 2839 2047 domui
2862 1995 2965 2061 illi,
2998 2005 3045 2048 et
3070 1995 3276 2062 cecidit,
3315 2004 3361 2049 et
3402 1999 3543 2067 facta
3564 2008 3636 2051 est

2030 2086 2187 2139 ruina
2215 2090 2329 2159 ejus
2350 2104 2542 2157 magna
2567 2087 2783 2158 (Matth.
2818 2104 2915 2152 vtt,
2942 2089 3058 2159 24).
3116 2090 3291 2156 Quem
3341 2098 3393 2145 te
3441 2090 3635 2144 horum

2031 2193 2154 2233 esse
2177 2179 2335 2246 dicis,
2362 2178 2674 2246 Constanti,
2700 2180 3030 2250 sapientem,
3059 2195 3129 2235 an
3161 2180 3517 2251 insipientem
3538 2182 3634 2238 ?Si

2031 2272 2240 2328 dixeris
2270 2275 2596 2343 sapientem,
2631 2291 2729 2329 cur
2757 2289 2922 2345 opera
2961 2284 3047 2329 tua
3082 2285 3390 2331 monstrant
3420 2288 3473 2331 te
3505 2276 3640 2331 insi-

2032 2367 2434 2437 pientem?cur
2458 2366 2654 2421 domus
2697 2378 2785 2421 tua
2819 2367 3099 2422 invenitur
3148 2368 3413 2423 collocata
3468 2384 3634 2438 supra

2031 2460 2297 2512 arenam?
2325 2456 2510 2527 Neque
2541 2458 2687 2513 enim
2740 2458 2948 2527 poteris
2970 2474 3136 2531 supra
3165 2469 3377 2530 petram
3412 2467 3464 2515 te
3494 2458 3635 2514 a-di-

2032 2549 2227 2604 ficasse
2257 2549 2478 2604 domum
2511 2560 2657 2605 tuam
2690 2551 2900 2619 dicere,
2930 2567 3052 2607 cum
3085 2554 3265 2608 omnis
3304 2540 3524 2624 sapiens
3555 2556 3633 2608 vi—

2029 2643 2158 2700 deat
2186 2645 2447 2701 fabricam
2473 2646 2726 2701 stultitia:
2759 2656 2887 2709 tuac,
2914 2662 3039 2702 cum
3069 2650 3250 2703 omnis
3296 2648 3392 2704 Dei
3441 2663 3635 2704 servus

2031 2740 2337 2809 conSpiciat
2368 2754 2620 2811 magnam
2668 2739 2812 2796 hanc
2852 2756 3012 2811 quam
3072 2742 3326 2812 praedixit
3373 2742 3636 2798 Dominus

2029 2836 2246 2889 ruinam
2276 2835 2470 2889 salutis
2502 2843 2628 2890 tum.
2686 2835 2741 2889 ln
2769 2850 2876 2901 quo
2903 2836 3107 2890 etenim
3163 2832 3439 2891 invenitur
3484 2845 3631 2891 stare

2029 2927 2399 2994 Christianus,
2436 2928 2539 2983 nisi
2574 2929 2627 2983 in
2656 2942 2724 2984 eo
2751 2929 2897 2999 qttod
2935 2929 3225 2999 prmecptis
3276 2938 3464 2998 pareat
3516 2928 3625 2982 Do-

2030 3018 2211 3076 mini?
2238 3020 2343 3074 nisi
2377 3019 2525 3076 ineo
2557 3021 2733 3087 quod,
2786 3021 3042 3076 omnibus
3095 3022 3142 3077 si
3192 3022 3356 3077 fuerit
3404 3032 3629 3076 vexatus

2040 3127 2136 3183 pro
2164 3113 2385 3167 nomine
2429 3112 2527 3168 Dei
2559 3113 2684 3167 Filii
2711 3114 3207 3182 persecutionibus,
3260 3124 3444 3168 tamen
3476 3112 3632 3168 duret

328 3195 611 3263 aposmlos
636 3197 853 3250 coneris
878 3195 1168 3253 destruere
1189 3197 1357 3267 jacta,
1386 3208 1443 3252 ut
1474 3198 1817 3254 interficeres
1846 3207 1926 3252 at-
1954 3203 2000 3267 C
2033 3206 2365 3262 immobilis?
2402 3207 2455 3261 in
2480 3222 2588 3275 quo
2618 3209 2724 3261 erit
2770 3207 3048 3277 perfectus
3104 3204 3468 3271 Christianus,
3521 3207 3625 3261 nisi

327 3304 431 3358 quc
457 3288 754 3343 interlicias
784 3290 1026 3345 cultores
1051 3291 1203 3361 ejus,
1239 3302 1297 3346 ut
1321 3292 1592 3347 antistites
1631 3292 1802 3361 ipsius
1859 3292 1928 3348 de

329 3382 546 3452 pupulis
564 3384 795 3452 pelleres
819 3384 922 3439 sibi
941 3386 1274 3452 commissis,
1303 3398 1359 3440 ut
1382 3387 1666 3441 absentem
1689 3394 1743 3442 et
1768 3388 1924 3440 inau-

326 3474 500 3530 ditum
522 3476 767 3532 damnari
786 3477 1032 3546 juberes,
1058 3489 1116 3533 ut
1140 3481 1393 3535 Itmresint
1419 3492 1587 3547 tuam,
1619 3496 1738 3548 quae
1762 3496 1925 3536 unam

326 3568 671 3638 blasphemat
719 3569 1062 3627 divinitatem
1119 3572 1297 3627 Patris
1329 3582 1383 3627 et
1412 3573 1530 3628 Filii
1581 3583 1634 3628 et
1686 3574 1925 3643 Spiritus

323 3661 521 3727 sancti,
554 3662 605 3716 in
637 3662 929 3718 ecclesiam
955 3664 1381 3722 introduceres?
1409 3666 1465 3722 Si
1486 3666 1601 3721 hac
1627 3678 1843 3734 cuncta,
1865 3676 1923 3723 ut

324 3751 577 3817 diximus,
615 3753 811 3823 placita
844 3764 971 3810 sunt
1005 3758 1114 3812 Deo
1164 3758 1327 3825 Patri,
1389 3760 1592 3830 poteris
1633 3759 1837 3816 intrare
1868 3762 1920 3816 in

326 3860 550 3914 regnum
591 3847 878 3903 cmlorum.
910 3850 1080 3905 Audis
1125 3852 1269 3906 enim
1324 3852 1506 3907 dicere
1553 3856 1771 3908 unicum
1828 3855 1917 3910 Fi-

325 3939 456 3994 lium
488 3941 607 4007 ejus
640 3958 655 3995 :
693 3940 1001 3997 Nanomnis
1042 3945 1128 4013 qui
1171 3944 1298 4000 dicit
1332 3947 1477 4011 mihi,
1509 3946 1761 4016 Domine,
1813 3948 1919 4004 Do-

324 4033 482 4098 mine,
516 4033 729 4088 intrabit
760 4036 813 4088 in
836 4052 1049 4107 regnum
1076 4038 1343 4103 caelorum,
1374 4038 1465 4092 sed
1485 4041 1572 4110 qui
1596 4041 1718 4109 facit
1744 4042 1924 4095 volun-

321 4132 479 4178 tatem
506 4123 682 4179 Patris
710 4128 807 4180 mei
838 4125 1005 4198 (Ibid.
1034 4126 1151 4198 21).
1195 4128 1447 4184 Damnari
1467 4130 1628 4200 jnbes
1658 4133 1916 4189 innocen-

322 4225 429 4270 tem
464 4235 476 4269 :
516 4232 620 4271 non
650 4218 854 4273 recolis
884 4220 935 4273 in
968 4220 1163 4276 Exodo
1192 4221 1397 4277 dixisse
1454 4224 1666 4279 Deum?
1692 4224 1754 4279 Si
1779 4228 1920 4280 rixa-

320 4309 488 4363 verint
523 4308 540 4345 ί
592 4309 696 4364 duo
721 4352 735 4375 ,
775 4319 822 4364 et
864 4313 1210 4379 percusserint
1258 4314 1525 4367 mulierem
1557 4317 1609 4368 in
1640 4325 1782 4370 utero
1827 4317 1923 4369 ha-

322 4399 540 4469 bentem,
566 4412 612 4456 et
643 4404 937 4458 abortiverit
964 4413 986 4450 Β
1015 4421 1116 4459 non
1145 4406 1522 4475 deformatum,
1560 4408 1921 4467 detrimentum

394 4595 418 4623 ³
447 4586 554 4641 Pio
580 4604 719 4642 cum.
750 4586 856 4642 Til.

391 4657 419 4697 ιι
449 4658 627 4713 lnnuit
666 4657 967 4714 Constantii
991 4675 1023 4714 e
1047 4659 1238 4715 Galliis
1263 4661 1557 4716 adventum
1611 4663 1663 4717 in
1706 4663 1914 4719 Italiam

318 4745 410 4785 an.
450 4729 580 4794 554,
614 4729 700 4784 tibi
735 4745 798 4785 ea
830 4732 1048 4785 molitus
1077 4741 1192 4793 est,
1250 4748 1370 4801 qua:
1429 4735 1480 4787 itt
1503 4734 1918 4796 ,Mediolanensi

320 4802 722 4928 (Σιῖιῖἱςίυξιιιηί
769 4803 1110 4872 insequentis
1158 4802 1369 4859 nefarie
1424 4815 1739 4874 perpetrata
1791 4818 1917 4862 sunt

320 4887 347 4927 a
467 4888 653 4925 nanis.

317 4874 389 4927 ab
420 4873 653 4927 Ariauis.

396 4955 417 4982 ο
450 4945 554 4998 Pro
605 4943 955 4999 admonitione
984 4954 1039 5001 et
1066 4944 1439 5000 exhortatione.
1478 4947 1521 5001 Τ
1526 4947 1581 5001 il.
1645 4947 1794 5002 Hanc
1821 4965 1914 5004 vo-

317 5030 436 5141 cefm
463 5023 614 5069 notat
636 5016 799 5071 etiam
821 5017 893 5072 du
918 5014 1155 5087 Cangius
1176 5019 1229 5071 itt
1252 5017 1435 5073 Gloss.
1479 5019 1583 5073 litt.
1616 5019 1683 5073 Μ.
1716 5035 1781 5074 ex
1811 5020 1917 5075 Lu-

318 5104 365 5141 ct
394 5102 507 5141 ero.

318 5102 507 5143 CIIBI‘O.

390 5155 416 5194 ιι
449 5158 600 5216 Vers.
626 5160 753 5215 Ant.
782 5160 1009 5213 abintus.

393 5238 416 5267 ε
452 5229 606 5304 Yers.
642 5232 771 5304 Aut.
826 5230 1063 5287 Uvas....
1114 5230 1293 5285 Omnis
1352 5249 1593 5303 ergo.....
1646 5232 1817 5304 Igitur
1857 5251 1920 5289 ea:

318 5301 593 5371 fructibus.
606 5342 641 5356 ..
655 5344 667 5356 .
705 5302 864 5356 dicet.

398 5370 414 5408 ί
445 5372 601 5446 Υθτς.
627 5376 753 5427 Αηῑ.
782 5375 844 5429 Si
872 5373 1145 5446 litigabunt
1177 5374 1280 5427 duo
1309 5374 1425 5428 viri.

391 5451 415 5489 ε
445 5442 547 5497 Pro
573 5446 811 5500 abortum
840 5442 995 5512 passa
1050 5446 1237 5511 fuerit.
1264 5455 1311 5499 et
1333 5447 1585 5516 pepererit
1617 5464 1718 5501 non
1739 5449 1917 5515 defor-

316 5524 532 5575 matum,
563 5518 613 5570 id
659 5526 766 5574 est.
814 5517 1070 5587 integrum
1096 5525 1142 5569 et
1173 5520 1497 5640 per{ectum,
1542 5534 1634 5569 nec
1683 5518 1921 5573 membris

316 5597 548 5640 captum.
578 5597 668 5640 aut
696 5589 940 5640 mutilum
969 5603 987 5640 :
1017 5597 1073 5640 et
1098 5586 1211 5640 hate
1284 5586 1426 5640 ectin
1458 5591 1680 5640 pronius
1713 5590 1921 5640 accedit

316 5597 548 5654 captum,
578 5597 668 5641 aut
696 5589 940 5641 mutilum
969 5603 987 5640 :
1017 5597 1073 5642 et
1098 5586 1211 5640 hate
1263 5586 1426 5641 lectio
1458 5591 1680 5656 propius
1713 5590 1922 5644 accedit

316 5658 384 5709 ad
412 5666 615 5711 textum
653 5659 1000 5720 llebraicuut,
1031 5672 1192 5725 quam
1222 5666 1403 5712 nnstra
1445 5660 1771 5712 communis.
1809 5661 1917 5714 'lil.

317 5736 375 5801 et
400 5727 446 5793 la
469 5728 663 5801 Cerda.
700 5729 855 5801 γει-ετ
889 5733 1016 5801 Alit.
1042 5729 1110 5801 (Et
1136 5730 1316 5801 exierit
1350 5730 1524 5801 infans
1553 5733 1665 5797 ejus
1694 5732 1922 5785 nondum

319 5790 594 5868 formatus.
626 5790 927 5856 Galandius
952 5800 1079 5868 legit
1098 5795 1329 5855 nandum
1348 5790 1633 5871 formatum
1663 5816 1783 5857 cum
1821 5807 1919 5857 Au-

2032 3301 2076 3357 si
2109 3301 2272 3355 etiam
2307 3299 2471 3354 fuerit
2499 3299 2820 3355 interfectus
2872 3314 2968 3367 pro
3020 3315 3103 3362 eo,
3139 3313 3300 3369 quem
3333 3307 3386 3351 tu
3428 3312 3629 3368 negare

2031 3392 2273 3464 dignaris
2305 3408 2493 3449 verum
2526 3407 2651 3447 esse
2683 3391 2882 3446 Filium
2916 3391 3055 3444 Dei?
3104 3390 3185 3445 Tu
3235 3397 3450 3454 contra,
3500 3404 3624 3444 cum

2031 3500 2137 3540 non
2172 3486 2222 3539 in
2250 3486 2486 3540 ecclesia
2511 3486 2609 3549 sis,
2644 3483 2741 3539 sed
2777 3482 2917 3553 apud
2949 3481 3184 3536 Arianus
3230 3482 3319 3536 Dei
3352 3479 3623 3547 inimicos,

2026 3592 2151 3632 cum
2181 3577 2275 3631 Dei
2308 3578 2528 3631 unicum
2557 3576 2756 3630 Filium
2792 3591 2995 3646 ncgans
3012 3576 3105 3640 sis,
3137 3590 3259 3629 cum
3285 3588 3390 3627 non
3421 3575 3496 3628 sis
3518 3573 3625 3627 iut-

2027 3672 2183 3740 plens
2214 3671 2333 3739 ejus
2366 3671 2620 3723 mandata
2654 3669 2985 3734 clementiic,
3019 3668 3114 3723 sed
3144 3668 3314 3738 magis
3336 3667 3625 3723 destruere

2029 3766 2267 3830 coneris,
2297 3779 2420 3819 cum
2448 3765 2524 3817 sis
2558 3764 2947 3833 przet'aricator
2991 3762 3149 3832 legis,
3201 3777 3324 3815 cum
3376 3761 3625 3815 desertor

2026 3856 2352 3910 sacramenti
2384 3855 2589 3909 militia:
2613 3855 2875 3917 cmlestis,
2908 3870 3032 3909 cum
3065 3866 3385 3923 persecutor
3416 3853 3513 3906 Dei
3543 3867 3629 3906 re-

2026 3948 2265 4020 ligioitis,
2297 3963 2420 4002 cum
2451 3958 2503 4003 te
2525 3949 2672 4003 circa
2697 3949 2816 4016 ejus
2848 3948 3089 4002 cultores
3140 3946 3388 4016 przebeas
3437 3944 3623 3999 carni-

2029 4043 2209 4106 licem,
2243 4042 2516 4113 quomodo
2550 4042 2753 4112 poteris
2784 4040 3002 4113 sapiens
3037 4040 3120 4093 vir
3150 4038 3381 4093 inveniri
3432 4036 3628 4090 similis

2023 4135 2128 4202 illi,
2160 4151 2320 4207 quem
2351 4136 2554 4191 dixerit
2584 4136 2852 4191 Dominus
2882 4150 3047 4206 supra
3082 4145 3293 4205 petram
3324 4132 3625 4188 aedificasse

2019 4227 2241 4283 domum
2273 4244 2427 4284 suam
2449 4229 2473 4282 ?
2497 4229 2603 4285 Sed
2635 4229 2817 4296 inquis
2841 4236 3029 4282 contra
3058 4228 3209 4283 haec:
3247 4225 3369 4281 Non
3397 4241 3512 4279 sum
3534 4225 3620 4278 in-

2022 4320 2241 4387 sipiens,
2271 4337 2363 4393 ego
2393 4323 2510 4375 novi
2540 4337 2620 4375 me
2646 4321 2951 4389 sapientem.
2983 4318 3039 4374 Si
3084 4319 3303 4388 sapiens
3332 4331 3411 4382 es,
3439 4331 3537 4371 cur
3558 4331 3625 4370 ea

2027 4417 2203 4473 fecisti
2229 4430 2391 4489 atque
2422 4434 2482 4474 es
2514 4418 2738 4483 faciens,
2772 4432 2891 4487 quae
2918 4419 3019 4471 soli
3065 4424 3296 4485 possunt
3330 4413 3514 4468 facere
3542 4412 3626 4466 iu-

1946 4616 1999 4676 Ι)
2020 4597 2235 4667 gustino
2261 4597 2465 4665 Qumsl.
2500 4612 2677 4676 Lsxs;
2703 4604 2758 4650 et
2778 4594 2956 4664 rcjicit
2980 4592 3106 4648 Tilii
3133 4590 3484 4657 sententiam,
3504 4606 3624 4661 qua:

2024 4679 2205 4739 tamen
2229 4676 2412 4739 potest
2440 4669 2676 4737 probari.

2092 4737 2120 4775 ¹¹
2156 4734 2303 4795 Veis.
2336 4734 2464 4794 Ant.
2492 4739 2752 4808 Quantum
2780 4737 3087 4792 indixerit...
3117 4745 3164 4789 et
3190 4734 3352 4808 dabit.

2099 4810 2114 4846 ί
2152 4811 2225 4866 lla
2267 4812 2441 4867 Graec.
2470 4806 2600 4883 μὲτά
2628 4813 2932 4881 ἀξιώματος.
2964 4808 3124 4883 Vers.
3151 4811 3278 4861 Ant.
3327 4806 3456 4883 Cum
3500 4823 3619 4883 pos-

2022 4883 2293 4948 tulatione,
2319 4894 2394 4945 et,
2420 4879 2654 4935 siautem
2688 4879 2965 4951 formatum
2988 4880 3267 4952 fuerit"...
3309 4879 3620 4932 combustio-

2022 4968 2137 5006 nem
2160 4956 2640 5078 prodeombustione.
2662 4953 2797 5008 Sub.
2824 4954 2970 5023 legit,
2995 4953 3039 5006 si
3061 4961 3230 5005 autem
3253 4952 3621 5022 deformatum,

2024 5039 2118 5078 orn
2139 5042 2238 5078 auo
2303 5042 2366 5078 si.

2024 5039 2118 5092 pro
2139 5039 2276 5092 quoa
2303 5042 2366 5079 si.

2102 5043 2118 5145 ξ
2139 5042 2281 5151 (Ilii-git:
2303 5042 2510 5152 iit-unice
2533 5096 2700 5153 dicta.
2731 5095 2865 5151 Vide
2890 5103 3063 5151 notat.
3091 5093 3147 5149 in
3170 5093 3261 5148 lib.
3288 5090 3621 5146 Moriendum

2024 5183 2119 5238 pro
2154 5167 2290 5221 Filio
2316 5166 2437 5223 Dei.
2588 5232 2591 5235 _

2097 5238 2123 5275 1‘
2150 5239 2303 5293 Vers.
2336 5245 2464 5294 Ant.
2503 5238 2669 5293 Verba
2688 5255 2800 5293 mea
2822 5242 2999 5292 lucc...
3023 5237 3208 5291 similis
3232 5241 3327 5287 est.

2102 5306 2120 5346 1
2152 5309 2286 5388 gum
2319 5310 2558 5388 (ξι-αεωέ
2583 5314 2826 5388 φρονίμῳ.
2854 5310 3010 5388 vers.
3037 5308 3170 5388 .Aut.
3194 5305 3460 5388 sapientia

2097 5390 2137 5416 ιη
2162 5380 2320 5436 Vers.
2340 5383 2463 5437 Ant.
2492 5377 2949 5444 Fla'tierunt'venti,
2978 5378 3290 5430 advenerunt
3313 5377 3552 5445 fiumina,
3574 5385 3625 5429 et

2024 5452 2439 5523 impegerunt....
2463 5453 2614 5505 verba
2640 5468 2753 5505 mea
2783 5450 2917 5523 hare,
2945 5458 2993 5501 et
3017 5464 3119 5500 non
3150 5448 3385 5523 [αι-ἔρια,
3435 5447 3620 5523 similis

2027 5533 2099 5576 est
2124 5518 2327 5577 virm...
2354 5524 2606 5593 ﬂaverant
2629 5527 2781 5586 venti,
2807 5520 3121 5574 advenerunt
3141 5518 3380 5588 flumina,
3434 5528 3481 5571 et
3523 5520 3619 5571 im-

2028 5604 2275 5664 pegerunt
2302 5596 2356 5647 in
2373 5593 2587 5645 domum
2613 5593 2777 5646 illam.

2100 5673 2127 5699 υ
2154 5668 2365 5719 Caltttet
2394 5666 2521 5731 legit
2545 5679 2610 5719 ex
2644 5663 2812 5717 Lucil.
2836 5662 3166 5732 impugerunt
3205 5660 3344 5716 inter
3386 5660 3620 5716 variant.

2030 5735 2251 5791 lectinn.
2285 5735 2441 5789 'l‘om.
2472 5749 2552 5787 .vtt
2593 5732 2900 5790 Comment.
2930 5731 3073 5787 inS.
3109 5731 3312 5801 Script.

2105 5816 2127 5835 "
2153 5803 2287 5859 Eam
2315 5807 2442 5874 legit
2470 5800 2595 5862 Sub.
