4148 6186
593 222 695 278 891

1679 217 2004 278 LUCIFERI
2046 221 2350 281 EPISGOPI
2385 224 2814 280 CAMRITA-Nl

3806 226 3893 284 893

593 337 902 406 Sipinttlcs?
951 337 1004 393 Si
1055 352 1114 393 cs
1167 337 1415 404 sapiens,
1472 350 1569 393 cur
1619 336 1871 392 damnari
1930 335 2195 393 mandasti
2224 341 2278 404 Α
2303 338 2398 394 ille
2425 340 2499 396 sis
2521 341 2610 412 qui
2635 340 2860 396 domum
2892 348 3039 397 tuam
3069 339 3444 398 aedificaveris
3477 357 3646 412 supra
3667 353 3893 413 petram:

594 435 896 492 inauditum
953 434 1286 490 absentem?
1333 449 1430 490 cur
1485 435 1833 490 innocentem
1893 434 2200 506 praecepisti

592 528 824 584 interfici
849 528 871 580 ?
897 543 995 582 cur
1026 527 1124 583 Dei
1160 527 1476 583 sacerdotes
1504 527 1831 583 desiderasti
1877 528 2065 584 hostes
2111 529 2201 584 Dei

591 620 753 675 fieri?
804 635 980 690 neque
1012 621 1156 675 enim
1192 621 1404 692 possint
1438 621 1535 676 Dei
1568 621 1712 676 effici
1765 620 1926 676 amici
1975 637 2069 691 per
2101 620 2205 677 hoc

591 713 812 774 laetum,
849 727 974 766 cum
1019 713 1308 766 Dominum
1342 712 1484 767 scias
1517 712 1725 767 dixisse
1776 712 2043 784 apostolis
2073 731 2086 766 :
2143 712 2205 769 Si

593 803 822 872 feceritis
851 812 876 840 ει
905 804 1042 874 quod
1072 804 1265 859 mando
1294 805 1455 869 vobis,
1479 806 1596 875 jam
1623 821 1725 859 non
1774 807 1947 860 dicam
1975 821 2062 860 uos
2098 821 2206 860 ser-

599 911 706 960 vos,
736 893 825 948 sed
852 895 1046 948 amicos
1081 893 1193 966 (lo.
1221 911 1308 961 xv,
1338 894 1448 965 14).
1480 895 1537 950 Si
1566 894 1788 964 sapiens
1817 913 1900 964 es,
1921 912 2019 952 cur
2046 898 2202 952 dam-

600 995 825 1041 nantem
853 994 904 1040 te
935 987 1296 1040 Athanasium
1334 986 1428 1041 Dei
1475 988 1731 1042 sacerdos
1757 987 1946 1043 audire
1985 986 2206 1044 debeo?

603 1080 681 1135 Tu
715 1096 837 1134 (ιιιτη
872 1095 1066 1135 esusas
1124 1090 1388 1150 praestare
1426 1081 1814 1151 allegationum
1856 1096 2076 1137 suarum
2107 1082 2210 1136 mi-

605 1173 749 1228 nime
773 1190 832 1227 es
863 1188 1078 1243 passus.
1102 1166 1162 1230 Si
1197 1173 1414 1242 sapiens
1443 1189 1526 1240 es,
1555 1174 1599 1227 si
1631 1187 1690 1227 es
1722 1173 1816 1232 Dei
1847 1174 2054 1240 cultor,
2111 1189 2209 1230 cur

606 1282 724 1330 nos,
756 1265 880 1336 quia
913 1267 1258 1320 Christianos
1289 1280 1412 1321 esse
1445 1280 1544 1319 nos
1572 1263 1874 1329 fateamur.
1915 1281 2210 1339 perseque—

609 1361 726 1415 ris?
758 1378 852 1414 cur
883 1375 1002 1427 eos,
1032 1363 1120 1430 qui
1145 1374 1204 1415 se
1238 1375 1343 1414 non
1393 1359 1634 1414 dixerint
1676 1373 1801 1413 esse
1843 1356 2204 1428 Christianos,

609 1455 703 1508 sed
740 1456 1009 1507 fateantur
1039 1467 1098 1507 se
1130 1467 1252 1507 esse
1298 1452 1558 1524 Arianos,
1589 1451 1954 1507 vehementer
1985 1451 2211 1524 diligis?

608 1545 664 1601 Si
695 1549 918 1614 sapiens
949 1561 1029 1608 es,
1059 1529 1176 1599 'eur
1209 1545 1274 1598 ad
1307 1544 1527 1599 domum
1563 1546 1651 1598 Dei
1679 1542 1871 1599 misisti
1899 1560 2044 1614 swpe
2071 1545 2213 1600 mili-

612 1648 720 1692 tum
764 1649 1033 1692 armatum
1063 1638 1085 1690 ‘I
1111 1637 1168 1692 Si
1203 1638 1442 1706 prudens
1479 1653 1560 1704 es,
1595 1646 1648 1692 et
1685 1637 1780 1692 Dei
1820 1647 1871 1691 te
1919 1637 2060 1692 nosti
2091 1652 2210 1693 ser-

2307 434 2515 492 disisse
2540 437 2744 490 etenim
2770 444 2824 491 te
2847 451 3049 508 negare
3081 452 3187 493 non
3202 437 3434 508 poteris
3467 458 3482 493 :
3515 435 3630 510 Ego
3658 451 3896 510 propterea

2307 529 2461 598 cupio
2487 529 2736 584 damnare
2756 528 3120 598 Athanasium,
3151 532 3273 600 quia
3292 530 3547 592 desidero
3569 529 3769 596 placere
3787 529 3895 586 Deo.

2309 621 2400 677 Sic
2431 623 2618 692 utique
2647 631 2703 678 et
2724 637 2822 676 nos
2861 623 3077 692 placere
3106 622 3447 678 desiderasti
3481 623 3621 688 Deo,
3654 624 3897 693 quomodo

2303 714 2416 785 jam
2444 724 2497 769 tu
2528 714 2819 784 placueris,
2847 729 2915 770 ex
2945 731 3054 786 quo
3082 715 3350 770 videlicet
3371 714 3740 770 Athanasium
3766 729 3820 769 es
3836 715 3901 771 di-

2304 818 2499 876 gnatus
2531 805 2772 876 eugitare
2802 807 3124 863 interimere
3151 807 3206 862 in
3239 815 3448 862 nostra
3501 805 3741 862 omnium
3789 821 3897 862 con-

2309 899 2536 954 scientia
2568 897 2785 954 Domini
2827 899 3174 956 sacerdotum
3222 898 3269 952 ά.
3307 898 3408 954 Sic
3439 908 3463 936 ε
3524 898 3579 954 in
3633 899 3900 968 primordio

2310 993 2442 1049 Cain
2478 993 2589 1047 Dco
2617 992 2838 1062 placuit,
2873 1009 2994 1048 mox
3025 1003 3084 1048 ut
3114 993 3444 1049 interficere
3496 993 3788 1049 meditatus
3835 1004 3902 1049 est

2311 1087 2530 1140 fratrem
2557 1101 2572 1150 ;
2597 1086 2871 1155 quomodo
2895 1087 3133 1152 videtur,
3159 1085 3493 1149 Constanti,
3525 1084 3670 1141 unde
3693 1087 3760 1140 sit
3773 1085 3900 1141 radix

2311 1184 2424 1242 tua,
2457 1176 2524 1231 de
2551 1192 2655 1247 qua
2679 1175 3055 1233 descendisset
3079 1178 3274 1249 stirpe.
3304 1176 3602 1248 Numquid
3659 1192 3775 1230 nam
3815 1192 3896 1248 po-

2313 1271 2445 1325 teris
2475 1281 2678 1338 negare
2712 1277 2835 1338 post
2857 1268 2999 1336 haec,
3045 1279 3099 1325 te
3130 1270 3184 1324 in
3221 1269 3318 1325 illo
3371 1283 3506 1324 esse
3553 1267 3723 1322 choro
3768 1283 3899 1337 quem

2316 1376 2498 1417 narrat
2524 1363 2806 1432 apostolus
2833 1362 3095 1419 Romanis
3124 1382 3137 1418 :
3173 1361 3240 1416 Et
3269 1364 3414 1417 sicut
3461 1378 3568 1416 non
3592 1361 3896 1432 probaverunt

2319 1457 2481 1512 Deum
2510 1457 2697 1512 habere
2724 1457 2780 1512 in
2797 1458 3033 1513 notitiam
3065 1457 3113 1527 ί,
3148 1458 3374 1513 tradidit
3405 1458 3536 1513 illos
3583 1457 3722 1511 Deus
3758 1458 3806 1510 in
3833 1472 3897 1510 re-

2316 1552 2536 1623 probum
2552 1568 2781 1619 sensum,
2816 1564 2870 1607 ut
2897 1555 3096 1625 faciant
3122 1570 3183 1608 ea
3203 1569 3321 1624 qua:
3354 1569 3466 1607 non
3496 1551 3816 1614 conveniunt,
3834 1566 3893 1605 re-

2315 1648 2480 1718 pletos
2507 1647 2647 1700 omni
2661 1647 2947 1717 iniquitate,
2963 1647 3184 1713 malitia,
3202 1646 3546 1718 impudicitia
3562 1654 3586 1691 ε
3598 1687 3612 1709 ,
3630 1643 3891 1714 cupiditate,

613 1746 759 1797 tum,
788 1747 884 1785 cur
902 1731 1020 1801 ejus
1051 1730 1310 1800 populum
1341 1730 1515 1785 armis
1565 1747 1625 1785 es
1681 1739 2002 1798 persecutus
2049 1741 2208 1803 atque
2245 1737 2286 1797 Β
2316 1741 2582 1810 nequitia;
2615 1741 2795 1809 plenos
2815 1741 3031 1806 invidia,
3057 1741 3386 1805 homicidiis,
3417 1739 3759 1801 contentione,
3779 1736 3890 1802 dolo,

613 1826 1008 1894 persequeris?
1037 1840 1134 1879 cur
1166 1834 1448 1894 postremo
1480 1825 1639 1880 fidem
1664 1827 2019 1896 apostolicam
2049 1836 2209 1898 atque

610 1924 982 1994 evangelicum
1017 1923 1331 1980 ltmreticam
1352 1924 1516 1990 dicis,
1549 1933 1606 1980 et
1642 1925 1954 1979 limreticam
1979 1920 2210 1977 catholi-

608 2031 727 2071 cam
763 2021 1083 2088 pronuntias
1109 2019 1130 2071 ?
1163 2017 1242 2071 Tu
1275 2030 1325 2072 te
1353 2020 1490 2074 dicis
1517 2018 1817 2087 sapientem
1842 2033 1857 2083 ;
1903 2015 2000 2072 sed
2021 2024 2210 2070 contra

618 2125 720 2166 nos
743 2115 1019 2166 cernimus
1045 2113 1253 2166 nullum
1281 2127 1464 2182 posse,
1503 2113 1596 2181 qui
1623 2113 1738 2166 hanc
1764 2112 1946 2175 faciat,
1979 2124 2103 2165 esse
2129 2124 2214 2163 sa—

619 2206 881 2275 pientem.
907 2203 1037 2271 Quis
1055 2205 1261 2259 etenim
1284 2205 1582 2273 sacrilegus
1608 2205 1804 2274 poterit
1825 2203 1929 2257 dici
1953 2199 2212 2272 prudens,

616 2297 722 2350 nisi
753 2296 822 2348 ab
849 2294 1378 2368 imprudentioribus
1410 2310 1469 2350 se
1491 2299 1513 2347 ’ἰ
1540 2295 1599 2350 Si
1629 2303 1685 2349 tu
1708 2297 1926 2364 sapiens
1961 2308 2042 2359 es,
2073 2291 2214 2348 Con-

621 2388 809 2450 Stanti,
835 2389 958 2456 quis
982 2389 1056 2442 sit
1085 2398 1136 2443 te
1167 2389 1540 2458 insipientior,
1569 2387 1818 2443 invenite
1849 2402 1957 2442 non
2001 2395 2212 2458 potero.

617 2481 771 2538 Tune
805 2481 981 2537 adhuc
1009 2481 1104 2538 tibi
1136 2482 1336 2538 videris
1367 2497 1491 2539 esse
1519 2486 1764 2554 sapiens,
1812 2481 1903 2552 (ιυὶ
1935 2479 2103 2536 fueris
2129 2495 2217 2535 ar-

620 2575 872 2642 bitratus,
896 2576 1043 2646 quod
1075 2578 1355 2646 pr0phetae
1387 2577 1624 2646 apostoli
1677 2591 1742 2630 ac
1797 2582 2068 2646 martyres
2118 2589 2216 2644 pro

619 2681 872 2723 creatura
919 2668 1126 2724 fuerint
1176 2668 1490 2725 interfecti?
1535 2670 1748 2740 Negare
1799 2669 1943 2723 enim
1983 2683 2090 2722 non
2123 2681 2218 2722 au-

619 2761 774 2816 debis
803 2773 1030 2818 cunctos
1069 2762 1171 2818 hos
1213 2777 1310 2832 pro
1357 2761 1516 2817 unico
1549 2761 1645 2817 Dei
1683 2761 2006 2817 interfectos
2057 2759 2215 2816 Filio.

615 2856 902 2922 Quomodo
926 2860 1132 2926 poteris
1155 2855 1260 2911 dici
1281 2855 1520 2925 sapiens,
1548 2854 1642 2926 qui
1661 2870 1765 2909 non
1795 2854 1973 2909 solum
1990 2853 2218 2909 descen-

619 2947 881 3003 dentibus
907 2950 1125 3018 pluriis,
1159 2947 1476 3004 fluminibus
1507 2947 1921 3015 inundantibus,
1962 2947 2220 3002 flantibus

619 3041 798 3095 ventis
822 3044 1080 3096 resistere
1105 3057 1212 3096 non
1247 3043 1564 3106 letttavcris,
1595 3055 1664 3096 ne
1696 3050 1882 3108 temet,
1910 3041 2001 3111 qui
2022 3041 2220 3112 donius

2315 1833 2468 1888 malis
2507 1837 2736 1890 moribus
2765 1853 2786 1903 ;
2849 1831 3285 1901 susurratoresh,
3334 1833 3711 1889 detrectatores
3739 1872 3756 1898 ,
3805 1828 3891 1884 Deo

2313 1929 2548 1996 odibiles,
2575 1929 2998 1995 contumeliosos,
3030 1927 3279 2001 superbos
3299 1970 3316 1993 ,
3351 1925 3455 1980 sibi
3483 1927 3761 1997 placentes,
3801 1923 3888 1994 glo-

2315 2022 2528 2087 riantes,
2559 2023 2845 2075 inventores
2873 2019 3148 2088 malorum,
3169 2019 3485 2092 parentibus
3517 2035 3621 2072 non
3650 2017 3887 2086 obsequen-

2316 2124 2389 2168 tes
2452 2113 2495 2181 ί,
2548 2115 2871 2185 insipientes,
2915 2114 3326 2184 incompositos,
3385 2113 3504 2166 sine
3551 2109 3766 2178 απεεω,
3801 2108 3887 2161 sine

2315 2205 2690 2271 misericordia,
2718 2207 2804 2276 qui
2825 2222 2941 2260 cum
2946 2206 3212 2278 justitiam
3227 2202 3326 2259 Dei
3352 2202 3706 2275 cognoverint,
3721 2215 3809 2252 non
3826 2198 3885 2250 in-

2319 2299 2644 2363 tellexerunt,
2671 2303 2918 2368 quoniam
2945 2299 3033 2367 qui
3057 2297 3186 2352 talia
3202 2307 3394 2368 agunt,
3425 2296 3578 2368 digni
3607 2303 3718 2348 sunt
3740 2300 3880 2345 morte.

2321 2389 2444 2447 Non
2489 2394 2660 2447 solum
2679 2394 2766 2461 qui
2790 2393 2885 2447 illa
2916 2393 3139 2463 faciunt,
3163 2391 3254 2446 sed
3279 2392 3440 2447 etiam
3481 2389 3571 2462 qui
3609 2387 3880 2443 consentiunt

2317 2485 2624 2554 facientibus
2664 2501 2724 2539 ea
2751 2483 2930 2556 (Rom.
2959 2499 2998 2549 ι,
3029 2482 3122 2556 28)
3149 2485 3194 2538 i.
3253 2482 3407 2539 Ecce
3435 2482 3636 2538 nimius
3677 2491 3808 2532 amor
3839 2474 3879 2530 itt

2323 2585 2376 2632 te
2397 2577 2578 2631 subito
2609 2577 2754 2631 circa
2787 2591 2884 2631 nos
2915 2587 3068 2631 ortus
3107 2574 3236 2646 quid
3282 2574 3448 2630 nobis
3495 2571 3816 2632 contulerat,
3844 2564 3879 2619 si

2324 2669 2419 2724 tibi
2447 2669 2828 2738 obtemperare
2875 2668 3246 2724 auderemus?
3301 2676 3543 2724 mortem
3577 2666 3880 2720 hausenitutts

2324 2774 2662 2833 perpetuam.
2698 2763 2830 2819 item
2858 2763 2994 2818 dicit
3033 2762 3172 2818 infra
3204 2779 3217 2815 :
3257 2760 3414 2816 Nulli
3447 2760 3639 2814 malum
3659 2770 3743 2828 pro
3767 2749 3877 2805 mlo

2324 2859 2612 2924 recidentes,
2638 2859 2960 2929 providentes
2982 2858 3116 2912 bona
3167 2875 3267 2911 non
3292 2855 3319 2893 ¹ί
3348 2857 3532 2912 solum
3573 2864 3732 2906 rorant
3778 2842 3878 2910 Du,

2325 2955 2414 3011 sed
2435 2955 2591 3008 etiam
2619 2969 2793 3007 coram
2828 2951 3135 3006 hominibus.
3170 2950 3230 3006 Si
3271 2950 3398 3019 ﬁeri
3436 2955 3636 3020 potest,
3678 2940 3794 3012 quod
3831 2949 3880 2988 ct

2324 3050 2461 3103 vobis
2482 3048 2606 3120 ipsis
2633 3058 2728 3113 est,
2760 3062 2875 3100 rum
2891 3045 3126 3100 omnibus
3152 3044 3364 3098 homini
3381 3045 3477 3097 bus
3499 3054 3666 3113 pacem
3683 3031 3878 3087 habentes

618 3150 742 3192 esse
772 3137 1055 3200 inveniris,
1091 3151 1311 3206 pessum
1333 3134 1638 3200 dedissent,
1672 3135 1767 3188 sed
1793 3145 1846 3188 et
1876 3135 2070 3205 ipsein
2102 3135 2221 3205 plu—
2245 3130 2296 3196 C
2329 3138 3022 3212 (Ib.xu,t7).Sitienslnec
3036 3138 3238 3194 calcari
3261 3135 3535 3192 salutaria
3552 3129 3877 3188 monitaean

627 3231 763 3294 vias,
790 3229 1038 3296 flumina,
1068 3237 1376 3298 ventosque
1403 3239 1454 3282 te
1480 3227 1709 3282 verteris
1730 3227 1796 3280 ad
1825 3225 1952 3292 hoc,
2009 3237 2066 3280 ut
2124 3243 2223 3282 nos

625 3330 679 3375 tu
707 3322 870 3375 turbo
908 3331 1071 3390 atque
1113 3321 1356 3391 procella
1406 3320 1675 3376 diabolica
1736 3330 1912 3375 tecum
1961 3319 2028 3374 ad
2077 3331 2227 3376 exte-

626 3416 799 3468 riores
830 3413 1081 3467 traheres
1107 3417 1404 3468 tenebras?
1439 3413 1718 3482 Manifesta
1737 3424 1908 3468 autem
1926 3423 2067 3479 sunt,
2093 3414 2226 3468 dicit

628 3508 948 3578 Apostolus,
983 3524 1140 3575 opera
1170 3510 1366 3572 carnis,
1400 3524 1516 3577 qua:
1560 3519 1679 3562 sunt
1733 3507 2010 3575 adulteria,
2063 3508 2226 3578 forni-

627 3604 878 3668 cationes,
902 3603 1252 3666 immunditia,
1283 3603 1632 3669 impudicitia,
1683 3604 1893 3657 luxuria
1924 3601 1974 3670 ι’,
2003 3602 2226 3656 idolola-

630 3696 754 3761 tria,
785 3695 1053 3763 ueneﬁcia,
1085 3696 1394 3761 inimicitiat,
1425 3696 1796 3762 contentiones,
1847 3695 2223 3763 aemulationes,

624 3787 737 3854 ine,
765 3788 914 3854 rixis,
949 3789 1317 3851 dissensiones,
1364 3789 1601 3855 hereses,
1644 3789 1871 3852 invidiae,
1921 3787 2222 3854 homicidia,

623 3877 916 3946 ebrietates,
950 3881 1366 3945 comessationes,
1397 3890 1444 3934 et
1469 3881 1549 3933 his
1585 3880 1803 3945 similia,
1835 3897 1951 3950 qua:
1998 3879 2225 3950 pi'tedico

628 3974 792 4040 vobis,
823 3976 956 4028 sicut
982 3976 1230 4044 prwdiati,
1258 3977 1381 4044 quia
1411 3976 1500 4044 qui
1523 3975 1649 4028 talia
1669 3983 1854 4047 agunt,
1879 3990 2094 4044 regnum
2127 3969 2226 4029 Dei

627 4081 727 4118 non
758 4078 1129 4135 consequentur
1156 4065 1304 4138 (Gal.
1338 4083 1391 4131 ν,
1431 4066 1540 4136 19).
1596 4068 1664 4121 Et
1711 4066 1876 4120 fuerit
1907 4078 1928 4105 ο
1961 4069 2012 4121 in
2068 4067 2227 4121 iuno-

627 4157 812 4213 eentis
843 4173 1030 4212 necem
1087 4174 1244 4215 mens
1285 4167 1374 4214 tua
1417 4160 1686 4229 sapientia
1739 4159 1969 4229 vigens?
2015 4159 2228 4214 Clamat

627 4252 909 4321 apostolus
930 4251 1074 4322 quod
1112 4252 1399 4309 homicidae
1444 4267 1553 4308 non
1594 4263 1720 4308 sunt
1776 4255 2082 4322 possessuri
2132 4269 2226 4310 re-

625 4361 790 4416 gnum
821 4345 1109 4411 caelorum,
1159 4355 1215 4400 et
1257 4354 1314 4400 tu
1367 4343 1718 4402 Constantius
1768 4345 2226 4416 prudentissimus

629 4441 764 4495 dicis
797 4441 1095 4510 imperator
1123 4459 1136 4496 :
1160 4438 1412 4512 Jugulate
1426 4439 1678 4508 absentes,
1698 4449 1918 4494 mactate
1935 4439 2224 4507 inauditos,

2330 3233 2578 3289 hortatus
2603 3234 2799 3304 punire
2829 3232 3199 3286 innocentem.
3241 3228 3543 3296 Quomodo
3584 3234 3746 3280 autem

2329 3341 2438 3382 non
2466 3303 2641 3381 solum
2673 3337 2861 3379 coram
2893 3322 3025 3388 Deo,
3056 3320 3150 3376 sed
3183 3328 3239 3375 et
3265 3321 3422 3392 apud
3454 3315 3690 3373 homines
3734 3303 3874 3378 proti-

2328 3421 2474 3474 disse
2524 3417 2961 3483 inveniebantur,
2997 3416 3040 3469 si
3101 3414 3528 3468 damnassemns
3565 3408 3870 3463 innocentem,

2329 3512 2422 3580 qui
2453 3507 2798 3566 dedissemus
2826 3506 3056 3561 formam
3102 3503 3172 3558 ad
3217 3504 3548 3573 sanguinem
3596 3488 3870 3552 fundendum

2331 3601 2642 3673 iustoi-um?
2674 3597 2952 3671 quomodo
2989 3612 3112 3653 cum
3166 3597 3432 3652 omnibus
3478 3589 3761 3650 inveniebar
3793 3581 3870 3634 lio-

2331 3697 2569 3752 minibus
2599 3708 2787 3765 pacem
2828 3691 3156 3748 desiderans
3184 3689 3418 3756 habere,
3465 3685 3551 3758 qui
3579 3674 3868 3750 suggestione

2332 3798 2418 3844 tua
2450 3786 2584 3843 falsa
2639 3784 2882 3840 hmretiei
2905 3783 3087 3839 exitus
3118 3779 3134 3817 ι
3174 3796 3363 3852 pacem
3389 3779 3748 3838 exstinxissein
3766 3777 3868 3820 con-

2330 3882 2630 3940 sacerdons
2648 3880 2800 3935 mei?
2835 3879 2947 3946 Dic,
2979 3875 3285 3939 Constanti,
3316 3889 3512 3930 verum
3541 3871 3722 3926 crimen
3745 3859 3864 3955 de“:

2333 3976 2439 4032 listi
2475 3974 2544 4030 de
2573 3972 2875 4028 Athanasio
2907 3945 2975 4024 ad
3009 3969 3102 4024 Dei
3127 3966 3452 4032 ccclesiattt,
3479 3981 3545 4019 att
3565 3950 3782 4016 falsum?
3822 3945 3864 4002 Si

2331 4084 2518 4126 verum
2545 4076 2595 4122 te
2622 4066 2886 4121 detulisse
2913 4071 3126 4120 certum
3160 4061 3349 4126 habes,
3379 4058 3552 4130 proba
3580 4051 3698 4110 mihi
3721 4043 3793 4142 qui

2325 4164 2437 4232 jam
2485 4160 2608 4216 falsi
2659 4157 2907 4214 criminis
2943 4153 3174 4226 cognovi
3227 4153 3571 4224 portitorem.
3621 4139 3863 4232 Arbitraris

2331 4227 2465 4310 nihil
2493 4263 2545 4308 te
2575 4251 2843 4306 malorum
2873 4247 2928 4302 in
2956 4254 3253 4316 conspectu
3283 4243 3471 4314 egisse
3495 4239 3584 4296 Dei
3605 4235 3626 4290 ἲ
3646 4227 3862 4324 Quiete"

2328 4345 2595 4415 compulit
2617 4342 2754 4398 ratio
2779 4338 2901 4394 fieri
2935 4347 3126 4392 testem
3152 4334 3346 4390 falsum
3378 4334 3401 4387 ?
3429 4349 3524 4390 cur
3555 4321 3757 4384 mendax

2333 4403 2552 4511 pera'tor
2608 4432 2913 4489 exstitisti?
2966 4445 3064 4485 cur
3112 4443 3219 4483 non
3278 4426 3503 4482 timuisti
3559 4435 3622 4477 ne
3664 4403 3861 4511 exemp!”

625 4505 896 4602 interﬁcite
939 4505 1257 4598 innocentes,
1322 4542 1368 4587 et
1417 4541 1638 4587 vestrum
1667 4505 1780 4588 erit
1836 4531 1936 4587 Dei
1980 4505 2221 4604 regnum.
2252 4519 2304 4580 Ι)
2332 4505 2556 4588 ληθηὶω
2579 4537 2636 4584 et
2656 4523 2944 4596 Sappbirre
2977 4523 3176 4576 fuisses
3200 4516 3543 4576 etStinctus‘l
3581 4505 3858 4604 Loquimi'"

631 4624 768 4678 llinc
795 4625 956 4679 datur
984 4626 1211 4696 intelligi
1249 4641 1411 4694 quam
1460 4627 1536 4680 sis
1590 4627 1844 4696 sapiens;
1895 4629 1940 4680 si
1987 4627 2225 4699 denique

706 4836 731 4951 ἲ
766 4825 896 4969 mdo
913 4842 1035 4897 quze
1065 4828 1372 4884 notavimus
1396 4843 1516 4898 pag.
1546 4821 1942 4898 “9(liai.edit.
1965 4828 2066 4882 col.
2091 4825 2222 4892 886,

633 4907 741 4952 not.
775 4907 852 4952 Ιι).

703 4970 730 5008 ι)
765 4970 998 5024 Luxuria
1027 4972 1179 5026 abest
1206 4988 1235 5025 a
1263 4969 1414 5025 Vers.
1436 4971 1562 5026 Ant.
1592 4970 1765 5040 inqua
1787 4970 2103 5025 irritationes
2130 4984 2226 5040 pro

631 5043 780 5103 rixae,
807 5052 863 5095 et
888 5043 1220 5112 possidebunt
1249 5057 1347 5110 pro
1367 5051 1758 5111 consequentur.

710 5126 730 5152 ε
758 5112 907 5166 Furit
936 5113 1161 5169 Pontius
1189 5116 1327 5182 apud
1361 5114 1536 5169 Latin.

706 5184 731 5220 εὶ
764 5185 1118 5240 Sacerdotem.
1168 5185 1398 5240 Gulfltld.
1457 5200 1563 5240 non
1621 5195 1810 5250 recte;
1866 5198 1988 5237 nam
2036 5196 2230 5236 sensus

634 5267 870 5322 constat,
927 5255 1010 5311 Ιηρ
1046 5257 1355 5312 conscientia
1407 5265 1582 5312 nostra
1628 5257 1856 5310 omnium
1905 5254 2230 5308 sacerdotum

642 5328 869 5382 Domini.

713 5412 736 5436 υ
771 5401 976 5455 Irouice
1005 5401 1227 5456 dictum.

717 5469 733 5508 ί
769 5470 921 5525 Vers.
945 5475 1070 5526 Ant.
1099 5471 1383 5536 Innotitia,
1401 5481 1459 5528 ut
1480 5469 1697 5527 Lucifer
1720 5471 1836 5538 ipse
1857 5467 1954 5522 lib.
1977 5465 2117 5522 Mor.
2141 5481 2234 5534 pro

630 5540 722 5594 Dei
758 5538 868 5594 Fil.
907 5544 995 5596 tibi
1028 5547 1193 5598 habet
1215 5547 1379 5598 etiam
1410 5545 1738 5604 conueniant,
1768 5559 1863 5611 pro
1902 5541 2232 5611 conveniunt.

703 5621 728 5658 ε
761 5612 887 5697 p8,}:
913 5614 1020 5667 duo
1044 5615 1230 5697 Sabqi,
1262 5619 1553 5697 ἀκαθριρσίᾳ
1575 5609 1907 5697 cum-Lucil.
1931 5611 2084 5667 Vers.
2105 5609 2234 5697 Aut.

643 5683 1262 5760 fornicatione,auaritia,
1293 5681 1497 5744 omis'so
1529 5681 1788 5760 nequitia,
1837 5692 1893 5746 et
1945 5699 2042 5756 pro
2088 5681 2240 5744 malis

644 5751 892 5822 litoribus,
922 5751 1260 5833 malignitate.

2330 4627 2555 4684 Actibus
2578 4590 2950 4692 apostolorum
2981 4617 3252 4687 scriptura
3303 4615 3515 4670 dixisse
3550 4609 3744 4664 beatum
3785 4590 3859 4645 Pe-

2403 4824 2427 4862 ¹¹
2460 4825 2613 4879 \'ers.
2641 4824 2766 4876 Ant.
2794 4820 3132 4885 Snsurrones,
3151 4817 3527 4872 detractores...
3555 4811 3717 4867 elatos,
3735 4803 3857 4850 omn-

2329 4899 2404 4953 sis
2426 4897 2522 4951 sibi
2549 4897 2825 4964 placentes,
2855 4892 3157 4967 gloriantes-
3346 4961 3356 4967 _
3495 4955 3528 4967 ,,
3792 4945 3855 4967 η..

2408 4945 2825 5023 ίῠῧὲέέίλὴιῗ
2847 4945 3262 5038 Dbattdientes...
3314 4961 3423 5014 sine
3450 4952 3754 5025 eiectionem
3791 4945 3838 4986 το

2331 5047 2634 5111 gnoverunt.

2408 5111 2422 5186 ξ
2456 5110 2536 5186 Ea
2562 5105 2976 5186 on_iittit"Sabat.
3011 5113 3069 5186 et
3091 5103 3253 5186 .Vers.
3283 5104 3408 5158 Ant.
3496 5170 3526 5186 η
3554 5161 3714 5186 w'm
3752 5155 3836 5186 nm

2409 5159 2535 5234 l‘l—ta'
2565 5159 2728 5234 etiam
2759 5175 3011 5231 Clemens
3043 5174 3216 5248 Alex.
3253 5185 3374 5229 euut
3423 5159 3851 5248 quibusdamhmjj:

2337 5254 2396 5308 οὐ
2424 5253 2569 5323 μόνον
2602 5252 2810 5323 ἐνώπιον
2853 5253 2947 5303 τοῦ
2973 5250 3108 5323 θερῦ,
3146 5246 3270 5301 ἀλλά
3311 5249 3399 5323 nati
3445 5245 3634 5323 ivdirrtov
3677 5243 3758 5284 των
3788 5233 3834 5268 α’

2337 5313 2569 5407 opere».
2591 5320 2763 5407 ,ναξ
2799 5321 2926 5400 Ant.
2960 5319 3134 5407 scituri
3159 5333 3334 5407 caram
3364 5313 3653 5407 hominibuj:
3676 5349 3850 5407 impingi

2418 5360 2726 5446 Vinicii}?
2743 5360 2926 5444 ἱλεὶἰῐὶἷξ
2945 5360 3586 5462 ἑζὸᾙίἱιῦἆῖξεὶίἶιὸιρςξι
3605 5385 3662 5462 et
3676 5360 3849 5462 intellig

2339 5444 2725 5534 paceni-ditus,
2759 5461 2812 5516 id
2844 5471 2950 5523 est,
2983 5458 3190 5524 Finem,
3241 5444 3457 5534 exitum,
3495 5444 3850 5534 abituri-“fagi:

2339 5507 2456 5592 gum
2481 5507 2802 5589 sustulisiem
2819 5573 2833 5596 ,
2867 5534 2910 5586 si
2933 5507 3591 5622 innocentimiqdamnéssent

2341 5585 3033 5679 gnitudinis;nisinisi,
3061 5617 3174 5671 qua:
3197 5602 3410 5658 scilicet
3437 5600 3580 5673 ﬁnem
3617 5585 3775 5642 obtintu

2343 5676 2473 5737 uerte
2487 5677 2624 5753 ﬁdei
2661 5676 3023 5753 perniciosum.

2416 5760 2455 5801 in
2487 5745 2621 5814 Vide
2652 5745 2811 5831 paulo
2838 5745 3062 5810 inferius
3089 5752 3290 5809 notata.
