4148 6186
334 277 440 333 895

1369 271 1506 328 PRO
1541 269 1815 328 SANCTO
1856 268 2254 327 ATIIANASIO
2295 268 2426 324 LIB.
2470 268 2536 325 ll.

3539 265 3648 322 S94

335 405 476 450 trum
506 410 536 448 a
563 394 575 446 Ι
608 393 872 449 Ananlam
911 408 924 448 ξ
963 391 1031 448 Ut
1047 392 1172 464 quid
1195 393 1408 464 replevit
1439 401 1653 446 «ranas
1679 407 1771 446 cor
1796 401 1943 445 tuum
1973 403 2022 461 Α
2049 392 2221 446 Deum
2249 391 2424 458 Isaac,
2453 392 2623 448 Deum
2651 392 2840 452 Iacob.
2875 407 2938 446 ac
2965 393 3210 447 omnium
3239 390 3650 461 prophetarum,

333 489 546 543 mentiri
585 487 868 560 Spiritui‘
919 499 1125 553 sancto,
1177 498 1234 540 ut
1282 485 1612 540 subtraheres
1672 485 1737 539 de
1785 486 1948 556 pretio

335 581 573 648 prtedii?
613 597 784 636 nonne
831 597 1044 634 manens
1071 579 1162 633 tibi
1185 580 1445 644 manebat,
1487 589 1534 632 et
1580 578 1842 632 venditum
1892 577 1947 632 in

332 684 424 730 tua
452 684 564 728 erat
605 683 854 743 potestate
883 673 909 726 .9
959 672 1098 737 Quid
1129 682 1202 726 est
1235 670 1262 710 δ
1284 671 1423 742 quod
1459 671 1680 740 posuisti
1707 671 1764 723 in
1793 669 1950 724 corde

333 779 426 824 tuo
453 786 560 825 rem
578 769 733 823 istam
762 769 788 822 Ρ
830 767 952 822 Νοη
975 783 1030 822 es
1071 767 1313 822 mentitus
1341 765 1656 828 hominibus,
1696 764 1785 818 sed
1812 763 1944 818 Deo.

335 862 570 932 Audiens
594 870 763 915 autent
793 860 1023 914 Ananias
1052 858 1148 912 hos
1187 875 1448 913 sermones
1476 857 1684 922 cecidit,
1709 865 1755 911 et
1776 856 1948 926 exspi-

336 955 514 1008 ravit:
567 962 615 1006 et
657 953 826 1016 [actus
848 961 922 1006 est
974 951 1130 1005 timor
1172 966 1392 1020 magnus
1439 966 1594 1022 super
1643 965 1819 1004 omnes
1861 950 1949 1019 qui

333 1043 638 1099 audiebant.
685 1043 969 1115 Surgentes
1011 1043 1186 1096 autem
1233 1042 1587 1097 adolescentes
1627 1042 1947 1097 sustulerunt

331 1151 469 1200 eum,
502 1145 549 1189 et
579 1146 759 1190 euntes
807 1137 1145 1207 sepelierunt.
1193 1133 1414 1189 Factum
1451 1141 1526 1190 est
1566 1145 1740 1189 autem
1781 1137 1943 1189 inter-

330 1228 525 1283 vallum
585 1228 834 1282 horarum
893 1231 999 1299 fere
1040 1229 1202 1282 trium
1238 1269 1253 1296 ,
1307 1238 1352 1281 et
1377 1243 1508 1282 uxor
1559 1231 1672 1300 ejus
1719 1228 1946 1281 nesciens

329 1319 468 1389 quod
495 1329 605 1374 erat
634 1323 856 1390 factum,
889 1319 1100 1374 intravit
1129 1337 1147 1384 ;
1175 1319 1411 1389 dixitque
1435 1320 1504 1373 ad
1532 1320 1679 1374 illum
1708 1317 1897 1373 Petrus
1924 1337 1943 1374 :

333 1411 432 1466 Dic
465 1410 592 1466 mihi
621 1411 665 1465 si
717 1411 846 1466 tanti
884 1412 1141 1481 pratdium
1169 1411 1486 1466 vendidisti?
1537 1410 1638 1466 Illa
1669 1427 1787 1465 vero
1827 1412 1943 1464 ait:

332 1503 512 1559 Tanti.
543 1502 684 1569 Quid
728 1503 965 1558 convenit
1005 1505 1140 1558 inter
1181 1519 1268 1558 vos
1300 1512 1499 1558 tentare
1551 1502 1790 1572 spiritum
1835 1500 1945 1556 Do-

332 1599 510 1653 mini.’
537 1596 674 1652 Ecce
706 1596 860 1667 pedes
891 1613 1068 1650 eorum
1097 1597 1186 1667 qui
1227 1596 1541 1667 sepelierunt
1584 1597 1750 1649 virum
1800 1605 1942 1648 tuum

331 1696 386 1746 in
408 1693 543 1747 ostio
593 1702 735 1758 sunt,
768 1701 816 1746 et
857 1689 1072 1758 afferent
1101 1702 1166 1746 te.
1212 1688 1280 1744 Et
1309 1692 1543 1762 protinus
1595 1689 1776 1744 cecidit
1825 1699 1943 1743 ante

2055 484 2454 554 apostolorum,
2484 499 2549 539 ac
2578 496 2903 557 martyrum,
2959 494 3010 539 et
3071 484 3437 540 idololatriam
3486 482 3656 538 lueris

2049 578 2167 633 Arii
2195 587 2437 644 secutus,
2471 579 2776 647 existimas,
2807 578 2855 634 si
2886 579 2939 634 in
2969 578 3071 634 hac
3101 578 3444 648 blasphemia
3494 587 3656 647 atque

2050 671 2375 726 crudelitate
2405 671 2713 737 duraveris,
2765 672 2905 740 quod
2941 686 3048 726 non
3083 671 3136 725 in
3194 681 3246 726 te
3297 669 3538 724 maxima
3585 669 3657 724 sit

2048 763 2284 816 vindicta
2310 763 2532 816 futura?
2564 763 2768 818 Deinde
2811 765 2854 817 si
2907 764 3240 818 adversariis
3271 763 3534 817 Susaunre
3573 761 3654 818 sic

2049 864 2132 909 est
2163 854 2304 908 Deus
2331 854 2623 908 vindictam
2655 855 2787 910 dare
2814 857 3097 926 dignatus,
3155 859 3207 910 in
3267 866 3317 910 te
3371 854 3657 911 arbitraris

2048 959 2154 999 non
2189 947 2495 1014 graviorem
2529 949 2956 1013 processuram?
2990 947 3281 1012 Procedet,
3309 947 3653 1016 mihicrede,

2042 1041 2091 1094 si
2121 1054 2225 1092 non
2258 1050 2310 1093 te
2350 1049 2564 1092 mature
2589 1039 2950 1092 converteris.
3003 1038 3060 1092 Si
3091 1040 3233 1092 enim
3264 1039 3360 1103 illi,
3393 1039 3522 1108 quia
3547 1038 3653 1094 Su—

2047 1147 2235 1188 sanna:
2265 1130 2574 1200 pudicitiam
2627 1132 2834 1186 violare
2886 1131 3338 1208 luerautconati,
3387 1130 3504 1187 haec
3531 1147 3653 1202 quae

2047 1226 2254 1296 subjeci
2308 1232 2632 1280 meruerunt
2677 1227 2978 1294 consequi,
3023 1235 3226 1296 quanto
3259 1226 3432 1296 magis
3478 1236 3530 1280 tu
3563 1226 3653 1296 qui

2045 1319 2294 1373 ecclesia:
2321 1334 2380 1373 es
2405 1333 2695 1389 aggressus
2727 1320 2934 1374 violare
2964 1319 3309 1373 castitatem?
3341 1319 3656 1374 Petiverunt

2044 1413 2123 1468 illi
2153 1413 2285 1468 lalso
2316 1413 2547 1467 crimine
2588 1413 2922 1477 Susauuam,
2955 1423 3006 1466 et
3039 1426 3135 1465 vos
3181 1414 3405 1468 totidem
3440 1412 3655 1483 petistis

2047 1521 2155 1560 non
2195 1505 2372 1560 solum
2405 1507 2785 1572 Athanasium,
2815 1505 2912 1560 sed
2944 1513 3000 1560 et
3033 1517 3265 1560 cunctos
3291 1506 3445 1560 vobis
3491 1505 3656 1560 resis-

2047 1613 2248 1656 tentes.
2289 1605 2394 1656 Aut
2423 1618 2586 1655 unum
2618 1601 2749 1656 dare
2775 1601 2985 1672 poteris
3029 1615 3060 1655 e
3110 1600 3514 1664 resistentibus,
3565 1602 3652 1656 cui

2045 1711 2154 1749 non
2203 1695 2518 1764 applicitum
2543 1693 2715 1749 fuerit
2741 1693 2991 1749 crimen?
3019 1692 3111 1750 Sic
3130 1707 3224 1748 vos
3254 1692 3439 1747 fuistis
3461 1695 3652 1748 armati

333 1784 485 1855 pedes
504 1785 638 1855 ejus,
658 1793 706 1837 et
735 1783 1018 1855 exspiravit
1050 1783 1190 1854 (Act.
1217 1795 1268 1848 ν,
1294 1781 1559 1852 3).Credo
1583 1781 1778 1852 legeris
1801 1781 1938 1848 hac,
1971 1803 2020 1864 B
2047 1788 2114 1842 ad
2143 1789 2394 1842 ecclesia:
2436 1787 2745 1842 violandam
2787 1787 3124 1852 castitatem,
3180 1787 3319 1840 sicut
3350 1787 3424 1839 illi
3459 1785 3524 1838 ad
3551 1786 3650 1839 Stt-

329 1888 389 1932 et
419 1887 601 1932 tamen
636 1891 742 1932 non
785 1876 1034 1931 timueris
1062 1877 1394 1932 concinnare
1424 1877 1770 1932 mendacium
1812 1886 1939 1932 ante

335 1969 547 2023 Dotnini
581 1977 958 2038 conspectum.
993 1968 1177 2034 Quare
1227 1968 1369 2023 istud
1407 1968 1604 2032 fecisti,
1657 1969 1759 2022 nisi
1813 1969 1940 2037 quia

331 2063 408 2116 sis
430 2061 695 2132 sapiens?
719 2061 862 2129 Quid
893 2071 950 2116 tu
972 2062 1070 2118 tibi
1103 2062 1344 2117 futurum
1378 2063 1681 2129 existimas,
1717 2063 1819 2132 qui.
1865 2065 1941 2119 sis

333 2172 442 2211 non
478 2157 653 2211 solum
686 2156 946 2222 mendax,
981 2156 1078 2211 sed
1121 2155 1396 2212 homicida
1428 2199 1442 2224 ,
1476 2173 1582 2211 non
1613 2158 1790 2212 solum
1843 2156 1946 2212 lio-

334 2246 554 2313 mieida,
587 2247 684 2304 sed
713 2259 769 2302 et
797 2248 1090 2303 haereticus
1111 2248 1134 2302 ?
1159 2248 1354 2304 Credis
1394 2250 1491 2305 tibi
1538 2251 1760 2320 impune
1790 2256 1940 2304 tanta

331 2357 550 2398 cessura
577 2343 600 2398 θ
629 2341 808 2398 credis
839 2353 892 2398 te
916 2342 1150 2398 evadere
1183 2358 1344 2414 posse
1372 2353 1575 2400 atterna
1627 2342 1940 2416 supplicia?

333 2437 559 2490 Anania:
587 2436 788 2492 dicitur
819 2454 832 2490 :
869 2435 938 2492 Ut
963 2438 1092 2507 quid
1122 2439 1337 2510 replevit
1367 2449 1578 2494 satanas
1623 2455 1712 2493 cor
1771 2449 1938 2507 tuum,

333 2541 387 2582 ut
411 2530 599 2600 {uisus
635 2532 878 2586 mentitus
937 2531 1164 2604 Spiritui
1191 2543 1371 2586 sancto
1400 2532 1639 2604 (Ibid)?
1675 2543 1731 2590 et
1766 2534 1939 2600 dices,

331 2617 622 2676 Constanti
657 2625 998 2693 imperator,
1050 2625 1180 2692 quia
1235 2639 1343 2680 non
1388 2626 1680 2695 repleverit
1725 2634 1941 2682 satanas

333 2728 432 2769 cor
463 2725 705 2770 vestrum
738 2715 1069 2772 Arianorum
1095 2727 1154 2771 ut
1185 2718 1400 2773 mentiti
1431 2719 1669 2774 fuissetis
1713 2719 1939 2790 Spiritui

332 2819 524 2862 sancto
551 2811 796 2864 manenti
846 2811 898 2864 iu
939 2811 1033 2865 Dei
1065 2812 1340 2868 ecclesia?
1385 2813 1686 2869 Ecclesiam
1737 2817 1936 2870 etenim

331 2903 646 2955 convenisti
672 2902 865 2958 dicens
898 2921 909 2957 :
944 2901 1174 2975 Deliquit
1203 2906 1255 2959 in
1287 2905 1450 2961 Deum
1504 2908 1858 2976 Athanasius;
1888 2921 1942 2965 et

335 2994 554 3048 videbat
587 2994 827 3065 Spiritus
885 3009 1106 3051 sanctus
1135 3001 1430 3054 mendaces
1462 3001 1668 3055 animas
1709 3013 1936 3067 vestras,

332 3089 472 3144 sicut
502 3090 638 3144 vidit
658 3099 712 3144 et
737 3093 1005 3145 Auaniam
1060 3105 1124 3147 ac
1171 3091 1515 3162 Sapphiratn.
1553 3094 1803 3161 Videbat,
1858 3098 1939 3149 in-

2041 1894 2231 1937 saunae
2271 1881 2520 1948 luerunt,
2557 1883 2645 1950 qui
2679 1882 2937 1936 dixerunt
2965 1899 2976 1934 :
3035 1880 3182 1935 Ostia
3207 1881 3449 1934 viridarii
3477 1880 3656 1934 clausa

2042 1987 2182 2041 sunt,
2213 1991 2363 2029 nemo
2390 1991 2480 2028 nos
2510 1975 2670 2039 videt,
2728 1975 2781 2028 in
2833 1975 3250 2044 concupiscentia
3304 1975 3378 2027 tui
3430 1988 3655 2039 sumus;

2042 2078 2250 2139 propter
2278 2070 2372 2121 hoc
2397 2068 2626 2121 consenti
2651 2067 2816 2130 nobis,
2847 2077 2891 2121 ct
2921 2077 3027 2120 esto
3069 2065 3329 2120 nobiscum
3357 2081 3373 2119 :
3417 2065 3651 2134 alioquin

2043 2160 2238 2228 falsum
2266 2160 2618 2213 testimonium
2654 2160 2884 2212 dicemus
2935 2158 3206 2212 adversum
3262 2167 3307 2211 te
3337 2198 3350 2222 ,
3404 2157 3650 2228 quoniam

2042 2263 2151 2306 erat
2189 2264 2354 2308 tecum
2374 2255 2603 2324 juvenis,
2637 2261 2684 2306 et
2712 2262 2921 2322 propter
2951 2251 3049 2305 hoc
3099 2252 3344 2305 dimisisti
3390 2251 3588 2321 puellas
3616 2267 3649 2304 a

2043 2355 2091 2400 te
2121 2346 2287 2419 (Dan.
2317 2361 2431 2409 xui,
2463 2343 2579 2417 20).
2613 2348 2716 2400 Aut
2747 2346 2982 2400 tentabis
3009 2331 3218 2414 negare
3240 2359 3363 2399 esse
3394 2344 3597 2399 dictum
3629 2345 3653 2398 ἲ

2041 2435 2404 2492 Desiderantes
2467 2453 2644 2493 smnus
2719 2455 2812 2494 nos
2860 2439 3068 2505 Ariani,
3121 2449 3165 2490 et
3196 2454 3312 2498 vos,
3345 2437 3648 2504 Christiani,

2044 2545 2201 2584 unum
2227 2531 2355 2602 efﬁci
2383 2547 2572 2602 corpus
2597 2547 2615 2586 :
2639 2532 2978 2602 derelinquite
3002 2532 3158 2601 ﬁdem
3187 2546 3339 2599 quam
3380 2530 3520 2601 apud
3545 2529 3649 2583 Ni-

2040 2639 2200 2677 miam
2247 2635 2428 2678 contra
2460 2639 2550 2678 nos
2583 2626 2760 2678 tenetis
2787 2623 3153 2694 conscriptam,
3197 2623 3501 2692 arquiescite
3542 2622 3652 2675 Arii

2043 2717 2332 2783 doctrinae;
2361 2718 2592 2787 alioquin
2615 2723 2735 2784 quia
2756 2734 2849 2770 nos
2879 2718 3097 2770 multum
3147 2731 3442 2784 possumus,
3490 2715 3652 2786 impe—

2042 2812 2177 2862 rium
2217 2821 2451 2864 nostrum
2487 2820 2559 2863 est
2585 2853 2598 2876 ,
2632 2810 2817 2878 quibus
2848 2811 3066 2864 velimus
3098 2825 3184 2864 vos
3212 2808 3380 2863 modis
3409 2808 3648 2879 gravabi-

2042 2917 2173 2966 mus,
2199 2914 2245 2955 et
2275 2919 2448 2955 omnes
2479 2903 2730 2956 tollemini
2751 2919 2778 2957 e
2806 2904 2987 2956 vestris
3033 2903 3257 2957 sedibus.
3289 2902 3405 2957 Non
3442 2901 3648 2971 poteris
3689 2937 3700 2946 ν

2043 2995 2157 3050 haec
2187 2997 2255 3050 ita
2287 3011 2346 3051 se
2375 2996 2576 3051 habere
2603 3011 2824 3068 negare,
2859 3011 2983 3052 cum
3016 2998 3126 3052 Deo
3177 3013 3385 3068 perosae
3423 2998 3650 3052 medita-

2041 3091 2217 3144 tiones
2249 3100 2354 3144 ture
2383 3093 2545 3145 rebus
2580 3091 2748 3162 gestis
2776 3090 2981 3146 fuerint
3008 3093 3284 3146 revelata'.
3337 3090 3448 3145 Cur
3500 3091 3644 3145 enim

329 3195 514 3250 quam,
580 3182 818 3251 Spiritus
867 3192 1111 3248 sanctus,
1164 3185 1385 3253 quando
1441 3185 1556 3241 haec
1605 3187 1888 3257 lingeliatis
1921 3230 1934 3252 ,
1965 3195 2010 3256 ρ
2044 3184 2394 3254 cogebantur,
2421 3184 2638 3240 etiamsi
2679 3201 2785 3240 non
2834 3185 3215 3239 damnaremus
3265 3183 3639 3244 Athanasium,

333 3274 480 3343 quod
506 3275 713 3330 idcirco
742 3276 868 3330 talia
899 3277 1142 3333 fuissetis
1193 3280 1545 3335 connuentati
1595 3283 1737 3336 cit-ca
1773 3281 1939 3336 Atha-

336 3369 570 3433 nasium,
599 3384 706 3438 quo
752 3369 988 3440 possetis
1021 3381 1255 3425 vestram
1295 3373 1560 3426 haeresvm
1591 3373 1936 3427 introducere

335 3461 388 3515 in
434 3461 747 3529 ecclesiam,
805 3475 912 3530 quo
966 3465 1199 3534 possetis
1245 3464 1607 3534 apOstolicam
1650 3465 1935 3519 destruere

335 3555 704 3609 traditionem.
733 3556 976 3610 Ananias
1018 3566 1078 3611 et
1120 3556 1412 3628 Sappltira,
1470 3567 1756 3628 propterea
1789 3558 1932 3627 Quod

334 3665 523 3719 agrum
553 3663 709 3704 suum
731 3651 1032 3705 vende'ntes
1055 3651 1445 3706 fraudaverunt
1469 3653 1536 3706 de
1565 3655 1761 3721 pretio,
1788 3652 1930 3719 quod

334 3742 452 3794 ausi
484 3740 715 3796 fuissent
748 3756 853 3797 n0n
888 3743 1097 3812 integre
1127 3743 1276 3813 loqui
1309 3751 1435 3798 ante
1463 3743 1558 3798 Dei
1603 3745 1929 3814 apostolum,

338 3832 766 3901 taliterjudlcari
791 3843 1130 3889 meruerunt.
1157 3834 1235 3889 Tu
1259 3835 1347 3904 qui
1374 3849 1478 3889 non
1503 3835 1678 3889 solum
1704 3836 1930 3890 crimina

335 3921 467 3978 falsa
497 3925 593 3980 Dei
626 3939 789 3980 servo
817 3927 1090 3996 objecisti,
1115 3927 1209 3982 sed
1240 3937 1293 3983 et
1319 3943 1538 3983 onmem
1583 3928 1804 3984 domum
1841 3929 1934 3984 Dei

335 4019 502 4074 fueris
545 4032 887 4090 persecutus,
929 4024 1021 4091 qui
1071 4021 1334 4078 effuderis
1381 4039 1632 4079 cruorem
1665 4023 1932 4078 cultorum

334 4114 474 4180 ejus,
515 4114 606 4184 qui
645 4115 957 4169 sacerdotes
997 4115 1117 4185 ejus
1167 4117 1382 4171 miseris
1412 4116 1476 4170 ad
1510 4116 1727 4170 metalla
1760 4128 1813 4171 et
1840 4133 1933 4170 cx-

332 4208 551 4274 silia,et
571 4208 861 4263 haereticus
889 4208 1023 4264 locis
1049 4210 1390 4265 ordinaveris
1417 4224 1626 4274 eorum,
1654 4211 1743 4279 qui
1766 4225 1953 4264 evan--

331 4297 560 4367 gelicam
587 4298 747 4353 ﬁdem
773 4299 977 4374 dixeris
1010 4300 1344 4366 lia-relicom,
1379 4309 1435 4356 et
1479 4301 1874 4370 blaSphemlam
1909 4312 1931 4339 υ

332 4400 572 4446 vestram
596 4392 804 4447 dixeris
833 4394 1184 4459 catholicum,
1217 4395 1308 4465 qui
1342 4393 1713 4449 iutroduxeris
1763 4377 1933 4449 idolo-

336 4484 549 4540 latriam
573 4487 624 4541 in
649 4486 963 4555 ecclesiam,
998 4489 1086 4558 qui
1111 4487 1423 4544 deserueris
1466 4489 1634 4544 Deum
1675 4487 1930 4554 Abt-alue,

2048 3286 2226 3330 tamen
2247 3278 2615 3332 communioni
2640 3278 2997 3332 IttiSCt'l'etttttl‘
3016 3279 3370 3342 Arianorum,
3400 3277 3499 3329 nisi
3521 3277 3644 3344 quia

2047 3381 2102 3422 tu
2131 3369 2253 3424 leno
2281 3369 2502 3423 literesis
2537 3370 2748 3423 Arianae
2771 3379 2998 3423 cunctos
3031 3384 3127 3421 nos
3176 3382 3403 3435 cuperes
3451 3367 3644 3436 quovis

2044 3462 2204 3516 modo
2228 3463 2344 3517 lieri
2376 3463 2775 3532 consuerilegos
2804 3468 2925 3516 tuos;
2946 3462 2968 3515 ?
2987 3461 3093 3517 Sed
3126 3461 3291 3515 credo
3317 3460 3492 3514 adhuc
3529 3471 3648 3513 ten-

2042 3563 2123 3608 tas
2154 3569 2373 3624 negare,
2407 3569 2511 3607 non
2538 3565 2588 3607 te
2615 3555 2820 3608 idcirco
2866 3557 3115 3624 persequi
3148 3569 3267 3619 nos,
3300 3553 3423 3621 quia
3456 3552 3648 3604 nolue-

2041 3650 2211 3703 rimus
2239 3647 2534 3702 Chrl'Stiaui
2566 3648 2680 3702 lieri
2715 3649 2923 3702 Ariani.
2955 3647 3237 3714 Quomodo
3268 3660 3466 3714 negare
3497 3655 3648 3713 pote-

2041 3741 2138 3804 ris,
2169 3757 2291 3794 cum
2322 3740 2721 3795 sanctissimum
2754 3739 3070 3810 Dionysium
3097 3735 3122 3773 ἀ
3159 3738 3642 3791 Mediolanensium

2040 3834 2410 3904 Episcopum,
2457 3836 2546 3903 qui
2590 3833 2700 3903 jam
2747 3834 2843 3887 tibi
2895 3833 3031 3886 falsa
3086 3829 3354 3885 asserenti
3410 3829 3644 3882 credens

2038 3928 2397 3982 damnaverat
2420 3913 2774 3981 Athanasium
2812 3967 2825 3990 ,
2881 3925 3026 3996 quod
3079 3924 3311 3977 Arianus
3363 3935 3484 3976 esse
3547 3935 3642 3973 no-

2040 4019 2204 4075 luerit
2235 4062 2248 4084 ,
2286 4019 2499 4074 miseris
2541 4019 2605 4072 ad
2634 4019 2884 4073 exsilium
2907 4019 2929 4070 ‘t
2961 4027 3052 4072 aut
3094 4018 3139 4070 si
3182 4031 3287 4070 non
3319 4025 3401 4070 est
3426 4017 3644 4070 Auxen-

2043 4119 2171 4180 tius,
2218 4129 2377 4187 quem
2436 4116 2558 4170 loco
2600 4116 2743 4170 illius
2793 4123 2848 4168 tu
2898 4114 3221 4169 temerarius
3267 4125 3329 4164 ac
3377 4109 3640 4180 pestilens

2037 4211 2299 4265 ordinasti
2327 4253 2342 4278 ,
2388 4209 2658 4264 Ariamts?
2706 4209 2765 4263 Si
2809 4209 3113 4266 Auxentius
3151 4205 3312 4260 ﬁdem
3340 4214 3364 4240 ε
3393 4213 3637 4257 sanctam

2037 4301 2177 4373 apud
2207 4302 2440 4357 Nicaeam
2467 4302 2800 4371 descriptam
2845 4311 3014 4369 tenet,
3046 4300 3255 4370 poteris
3287 4311 3386 4351 nec
3420 4307 3476 4348 tu
3521 4309 3642 4349 esse

2039 4397 2295 4463 Arianus,
2327 4409 2425 4451 nec
2457 4396 2573 4450 haec
2600 4396 2781 4449 omnia
2809 4395 2950 4449 sicut
2991 4408 3178 4448 assero
3203 4391 3379 4461 egisse
3415 4389 3642 4459 poteris,

2037 4499 2092 4544 et
2123 4501 2228 4543 non
2259 4488 2472 4542 misisse
2501 4485 2522 4524 τ
2551 4487 2756 4542 crimen
2789 4485 3086 4540 Athanasio
3111 4483 3330 4538 falsum.
3369 4479 3642 4534 Fortassis

406 4658 429 4685 η
463 4648 551 4723 Uti
578 4648 739 4722 Cypr.
800 4652 894 4709 lib.
921 4652 954 4709 5
985 4654 1186 4709 testim.
1225 4653 1374 4709 Vers.
1411 4652 1594 4723 Antiq.
1634 4649 1806 4719 Quare
1837 4652 1933 4705 im-
1961 4656 2015 4718 D
2045 4651 2262 4706 Eusebii
2295 4648 2548 4723 Episcopi
2597 4647 2967 4723 Vercellcnsis
3008 4646 3225 4723 callido.
3283 4642 3644 4723 prudentique

334 4718 492 4788 pleni.
523 4758 565 4775 ..
597 4718 804 4778 mentiri
826 4736 873 4780 te
895 4726 948 4779 in
982 4725 1241 4792 Spiritum
1292 4718 1572 4786 Sanctum;
1597 4718 1935 4789 et’usurpare

332 4793 395 4845 de
425 4794 590 4866 pretio
613 4797 988 4862 possessionis?
1010 4796 1225 4852 Lucil‘er
1252 4798 1368 4864 ipse
1391 4797 1554 4866 paulo
1598 4804 1718 4865 post
1743 4795 1931 4862 habet,

331 4864 603 4936 'utjuisses
634 4869 876 4936 mentitus
907 4884 1005 4936 pro
1029 4869 1256 4923 mentiri.

403 4931 430 4970 ιθ
445 4933 604 5009 _Vers.
632 4935 759 4991 Aut.
785 4931 925 5005 Quid
938 4941 1110 5009 utique
1124 4939 1389 5007 posuisti..
1403 4981 1414 4994 .
1431 4937 1610 4991 hanc..
1625 4936 1939 5002 .Slatintque

331 5005 564 5059 audiens.
575 5045 588 5056 .
601 5009 771 5063 .verba
786 5011 912 5063 lttzc.
925 5050 938 5066 .
949 5049 961 5062 .
984 5005 1156 5064 omnes
1170 5012 1436 5064 audientes
1447 5009 1576 5064 haec.
1589 5048 1600 5062 .
1613 5017 1803 5062 .autem
1817 5024 1936 5078 pro-

332 5078 496 5149 tinus.
507 5115 517 5128 .
528 5112 544 5131 .
555 5079 886 5149 collexerunt
898 5098 1011 5135 eam
1026 5093 1072 5136 et
1085 5083 1427 5137 traducentes.
1441 5121 1454 5134 .
1466 5121 1478 5133 .
1503 5081 1669 5149 quosi.
1684 5120 1696 5133 .
1709 5120 1721 5131 .
1743 5092 1788 5132 et
1808 5095 1938 5132 uxor

277 5160 288 5171 ’
330 5146 517 5224 ipsius,
544 5147 794 5219 ignorans
817 5155 958 5222 quod
983 5157 1178 5224 factum
1201 5166 1350 5224 esset,
1394 5146 1646 5224 introirit.
1682 5149 1935 5224 Adquam

364 5219 618 5292 ’t’ltjus_ait
729 5219 1222 5292 agrumvendidistis
1244 5223 1564 5278 Ullaautent
1592 5223 1743 5276 dixit:
1764 5219 1934 5275 Etiam

333 5289 482 5364 tanti.
503 5289 647 5345 Dixit
661 5289 829 5347 autem
855 5293 1045 5349 Petrus
1059 5296 1282 5350 adeam:
1300 5295 1440 5360 Quid
1459 5296 1698 5364 utique...
1718 5294 1929 5347 vobis...

329 5361 646 5435 maritum...
667 5375 803 5418 stant
825 5368 894 5419 ad
916 5368 1175 5420 ostium...
1211 5367 1401 5421 Cecidit
1442 5361 1611 5420 autem
1640 5366 1928 5435 conﬂstim.

405 5428 529 5507 cita
563 5433 811 5507 legimus,
869 5436 960 5490 ubi
1004 5437 1207 5507 editum
1257 5447 1382 5507 erat
1416 5428 1805 5507 blaspltematn;
1852 5437 1931 5507 sic

329 5505 496 5572 paulo
525 5517 643 5575 post
671 5507 723 5559 in
749 5505 846 5561 hac
873 5506 1197 5580 blasphemia
1225 5506 1412 5563 scribit
1453 5505 1570 5576 ipse
1588 5505 1808 5560 Lucifer
1827 5521 1842 5570 ;
1864 5506 1930 5559 de

330 5589 434 5631 (tua
465 5575 586 5629 vide
626 5576 784 5631 Prtef.

369 5589 434 5626 ua
465 5589 586 5629 vute
626 5589 784 5631 ΡΙἩΒῘ.

330 5589 434 5645 qua
465 5589 586 5629 vute
626 5589 784 5632 Prret’.

402 5643 428 5681 ἀ
460 5645 518 5701 S.
547 5647 838 5720 Dionysius
859 5649 1158 5720 Episcopus
1188 5647 1610 5720 Mediolanensis
1658 5661 1826 5720 usque
1861 5646 1928 5701 ad

330 5732 532 5792 annum
566 5717 922 5792 5.35,'qui_in
971 5717 1359 5782 Mediolanousi
1404 5718 1652 5779 Concilio
1704 5717 1929 5792 hujusce

336 5791 466 5856 sunt
494 5792 559 5851 ab
585 5790 798 5854 Ari'anls
820 5791 1078 5879 deceptus
1105 5794 1462 5862 Athanasium
1496 5790 1790 5854 damnavit;
1819 5790 1924 5869 Sed

2039 4723 2271 4777 consilio
2291 4714 2409 4791 ejus
2436 4714 2764 4790 subscriptio
2790 4719 2971 4773 deleta
3003 4719 3102 4772 luit
3128 4739 3138 4772 :
3172 4731 3292 4772 nam
3324 4714 3388 4769 ad
3411 4717 3650 4791 Arianos.

2043 4789 2345 4864 Episcopos
2374 4789 2706 4858 conversus,
2759 4791 3149 4858 simulansque,
3204 4805 3262 4843 sc
3305 4803 3532 4864 quoque
3571 4789 3639 4864 in

2042 4859 2325 4919 Athanasii
2374 4866 2778 4918 damnationem
2830 4865 3180 4927 consentire,
3239 4861 3477 4929 priorem
3538 4859 3642 4913 sibi

2041 4934 2418 4991 subscribendi
2455 4936 2629 4988 locum
2671 4950 2782 5005 prm
2816 4934 3071 5005 Dionysio
3102 4931 3264 5005 tribui
3323 4930 3638 5005 postulavit,

2039 5007 2239 5077 quippe
2288 5006 2470 5059 senior
2510 5003 2897 5061 essetin-tate.
2958 5003 3075 5059 llac
3136 5003 3350 5077 ratione
3406 5003 3638 5077 perrupti

2041 5071 2226 5133 Ariani
2262 5083 2457 5130 ltotneu
2490 5077 2733 5148 Dionysii
2775 5079 2982 5141 dolent,
3013 5080 3210 5145 primas
3263 5074 3497 5148 EttSebio
3544 5071 3639 5148 tle-

2040 5149 2262 5214 l'erttnt;
2296 5163 2433 5218 quos
2467 5147 2556 5203 ille
2607 5143 2918 5218 increpans,
2973 5143 3144 5216 iisque
3204 5143 3460 5207 irridens,
3485 5143 3588 5218 halt
3625 5161 3636 5195 :

2043 5219 2225 5290 Neque
2251 5213 2343 5289 ego
2376 5236 2453 5273 tne
2496 5221 2673 5275 vestris
2701 5213 2981 5274 sceleribus
3008 5213 3181 5286 polluo
3207 5259 3220 5282 ,
3253 5231 3411 5290 neque
3467 5213 3635 5290 filium

2039 5287 2204 5344 meum
2230 5287 2544 5364 Dionysium
2567 5293 2823 5346 vobiscum
2849 5287 3637 5364 participarepet'ntiltoLAt-tus

2037 5371 2123 5436 est
2152 5364 2202 5416 in
2227 5357 2476 5436 exsilium
2500 5363 2811 5436 Dionysius.
2838 5357 3066 5436 eiusque
3093 5363 3144 5412 ιιι
3172 5359 3347 5436 loctttn
3376 5357 3636 5436 solli-ctus

2037 5433 2341 5488 Auxentius
2371 5429 2756 5500 Artauusfscd
2786 5433 3122 5487 (Latliolicum
3155 5429 3444 5500 aliquando
3476 5445 3532 5478 se
3565 5429 3638 5500 si-

2039 5506 2416 5574 tnulans,-qtti
2470 5501 2831 5558 Valentiniani
2891 5502 3242 5570 Imperatoris
3298 5499 3630 5574 indulgentia

2032 5569 2491 5644 Mediolanensetn
2547 5584 2832 5644 occupavnt
2860 5569 3146 5628 ecclesiam
3189 5587 3360 5626 annos
3405 5571 3498 5635 9.0,
3528 5569 3630 5624 vita

2031 5645 2249 5714 functus
2274 5664 2363 5702 an.
2388 5643 2514 5708 574.
2687 5643 2694 5644 ⁷
3699 5643 3708 5652 ·

2110 5730 2130 5792 ῗ
2160 5718 2314 5792 9"!"-
2337 5716 2442 5792 Til.
2470 5716 2646 5776 Latin.
2678 5729 2732 5776 et
2759 5718 2987 5792 Galand.
3017 5730 3162 5776 recte
3182 5737 3195 5788 ;
3217 5727 3376 5776 antea
3402 5718 3625 5792 quidem.

2113 5789 2128 5835 ί
2165 5789 2272 5852 Pro
2300 5791 2576 5852 immisisse
2603 5807 2621 5862 δ
2655 5791 2706 5852 id
2738 5802 2844 5866 est,
2877 5794 2917 5852 si
2949 5790 3082 5866 hac,
3108 5808 3223 5870 quat
3249 5793 3310 5851 de
3341 5805 3388 5852 te
3416 5789 3630 5863 assero,
