4148 6186
605 257 714 316 895

1677 250 1997 310 LUCIFERI
2035 247 2347 310 EPISCOPI
2384 248 2804 306 CALARITANI

3791 252 3875 308 896

606 369 775 437 dicas,
813 368 940 425 hinc
1006 382 1113 423 non
1172 380 1297 423 esse
1351 362 1652 421 catholicos
1683 405 1700 433 ,
1756 363 1901 436 quod
1956 363 2205 419 Susanna
2232 366 2425 426 Aoum
2450 362 2656 431 puellis;
2678 362 2934 416 etdimisit
2958 360 3177 431 puellas,
3201 367 3250 416 el
3273 359 3473 416 clausit
3496 361 3877 421 ostiaviridarii:

607 462 772 519 fuerit
814 460 1092 527 exaudita,
1142 475 1243 515 nos
1294 474 1425 515 vero
1476 458 1725 514 minime.
1758 457 2033 526 Quantum
2069 457 2211 528 apud

607 564 851 612 nostram
914 555 1309 611 conscientiam
1383 563 1523 621 est,
1584 563 1712 610 tunc
1759 569 1859 609 nos
1905 552 2211 609 vindicatos

604 648 901 717 novimus,
964 647 1185 719 quando
1253 658 1309 703 tu
1370 661 1602 718 serpens
1660 646 1969 718 publicatus
2021 656 2047 683 ε·
2104 659 2207 711 es,

602 739 818 811 quando
852 746 1144 810 patuerunt
1169 748 1363 795 cuncta
1391 753 1601 794 venena
1634 748 1745 805 tua,
1778 736 1998 808 quando
2029 735 2213 791 omnis

604 832 857 888 machina
886 842 978 888 tua
1004 830 1277 904 patefacta
1300 840 1385 887 est
1406 819 1524 887 {sic
1554 832 1759 886 etenim
1784 846 1885 885 nos
1907 830 2207 885 vindictam

603 924 1056 981 desiderabamus
1100 923 1169 980 de
1212 924 1370 980 vobis
1415 924 1652 979 inimicis
1684 924 1802 985 Dei.
1833 932 1892 978 ut
1928 938 2027 978 vos
2066 924 2209 978 Deus

604 1030 729 1072 esse
772 1017 1066 1072 haareticos
1120 1016 1391 1071 revelaret
1437 1015 1639 1086 populo
1676 1030 1797 1069 suo.
1838 1015 2029 1071 Omnis
2070 1030 2210 1085 pene

606 1109 865 1179 cognovit
891 1108 1005 1178 jam
1039 1109 1276 1163 mundus
1305 1107 1441 1163 false
1462 1108 1820 1164 Athanasium
1852 1110 2081 1179 petitum
2115 1124 2211 1178 per

608 1216 728 1267 vos,
764 1202 927 1272 hujus
961 1212 1013 1258 te
1042 1216 1164 1257 esse
1193 1200 1504 1272 iniquitatis
1530 1211 1812 1258 auctorem
1838 1219 1853 1269 ;
1882 1212 2211 1271 conspectus

604 1294 811 1350 etenim
839 1308 919 1361 es,
951 1293 1099 1349 aliud
1135 1305 1186 1349 te
1216 1296 1514 1364 cupienten
1558 1295 1805 1365 implere,
1839 1294 1988 1350 aliud
2020 1304 2207 1365 protu-

604 1389 761 1443 lisse.
787 1388 870 1444 Ad
892 1403 1057 1445 senes
1085 1377 1451 1459 ingemiscens
1478 1390 1610 1445 dicit
1631 1389 1879 1446 Susanna
1903 1411 1916 1447 :
1943 1392 2209 1461 Augustin:

605 1480 735 1534 mihi
776 1481 1023 1550 undique,
1060 1482 1105 1535 si
1149 1481 1283 1536 enint
1318 1482 1415 1536 hoc
1457 1498 1626 1552 egero,
1654 1498 1796 1537 mors
1832 1484 1958 1537 mihi
1994 1484 2110 1538 erit.
2146 1484 2209 1539 Si

604 1584 780 1629 autem
810 1591 912 1628 non
940 1574 1130 1644 fecero,
1157 1591 1259 1629 non
1288 1573 1541 1646 e/fugiam
1565 1591 1752 1629 manus
1773 1586 1988 1631 vestras.
2016 1574 2208 1630 Melius

605 1677 678 1722 est
708 1666 833 1720 ntihi
864 1682 969 1720 non
998 1667 1208 1738 facienti
1245 1667 1474 1722 incidere
1498 1669 1554 1719 in
1584 1683 1770 1721 manus
1798 1677 2019 1733 vestras,
2050 1685 2207 1738 quam

2315 465 2361 510 et
2387 455 2520 509 venit
2543 454 2611 507 ad
2640 471 2752 508 eam
2774 455 2981 524 juvenis
3007 456 3095 523 qui
3131 463 3236 508 erat
3264 453 3630 517 absconditus.
3655 465 3699 509 et
3722 472 3881 512 concu-

2315 547 2420 600 buit
2442 563 2558 600 cum
2578 562 2659 602 ea.
2689 546 2802 600 Nos
2824 557 2999 601 autem
3019 563 3136 600 cum
3156 563 3395 601 essemus
3418 546 3473 599 in
3504 547 3692 619 angulo
3720 550 3882 604 virida-

2312 639 2399 703 rii,
2426 639 2649 693 videntes
2677 639 2998 709 iniquitatem
3030 640 3361 692 occurrimus
3391 638 3462 692 ad
3493 654 3601 703 eos,
3626 649 3671 693 et
3694 641 3883 699 vidimus

2313 746 2678 792 concurrentes
2704 748 2727 775 ο
2750 754 2860 792 eos.
2891 736 3052 792 Illum
3072 739 3281 806 quidem
3312 755 3420 792 non
3450 743 3710 807 potuimus
3733 758 3883 809 appre-

2313 830 2533 883 hendere
2560 830 2697 901 quod
2719 830 2904 899 fortior
2926 830 3071 884 nobis
3094 840 3245 896 esset,
3279 840 3329 884 et
3356 831 3501 901 quod
3528 834 3755 900 aperiens
3779 837 3883 889 ostia

2313 923 2594 993 prosilierit
2624 939 2641 976 :
2674 923 2808 975 hanc
2838 932 3011 976 autem
3044 925 3439 992 apprehensum
3470 926 3883 999 interrogavimus,

2312 1016 2427 1083 quis
2452 1024 2581 1068 esset
2595 1015 2819 1084 juvenis,
2848 1024 2895 1069 et
2919 1015 3087 1069 noluit
3112 1015 3258 1070 nobis
3282 1016 3486 1070 dicere.
3516 1015 3645 1072 Htec
3669 1028 3884 1073 contesta-

2313 1123 2447 1161 mur.
2466 1105 2529 1160 Et
2544 1106 2764 1161 credidit
2782 1108 2855 1161 eis
2872 1108 3038 1162 omnis
3065 1125 3333 1181 synagoga
3358 1118 3418 1162 ut
3440 1110 3742 1180 presbyteris
3756 1109 3884 1179 plebis

2312 1208 2358 1252 et
2377 1200 2665 1271 judicibns,
2697 1210 2743 1254 et
2776 1199 3156 1254 damnaverunt
3188 1210 3243 1255 ut
3278 1211 3581 1255 moreretur
3610 1199 3764 1273 (Ibid.
3787 1202 3879 1272 27).

2312 1289 2612 1346 Considera
2636 1292 2875 1360 penitus,
2903 1294 3213 1359 Constanti,
3240 1294 3573 1348 maledictas
3589 1293 3882 1348 adinventio—

2314 1398 2410 1438 nes
2424 1393 2636 1438 vestras
2653 1386 3004 1451 Arianorum,
3038 1385 3083 1440 si
3110 1401 3216 1440 non
3241 1386 3373 1440 talia
3400 1394 3537 1440 sunt
3556 1400 3674 1456 qua:
3699 1386 3880 1456 egeritis

2312 1490 2409 1540 vos
2444 1476 2657 1530 interim
2690 1477 2836 1532 circa
2864 1478 3246 1542 Athanasium,
3299 1478 3489 1548 qualia
3520 1487 3577 1532 et
3604 1477 3677 1532 illi
3709 1477 3881 1547 egerint

2311 1567 2457 1622 circa
2473 1567 2802 1623 Susannam.
2828 1568 2959 1637 Quis
2976 1570 3179 1624 etenim
3196 1586 3302 1625 non
3328 1568 3661 1624 credidisset
3686 1569 3769 1623 tibi
3794 1568 3877 1623 im-

2314 1661 2551 1731 peratori
2578 1661 2821 1717 dicenti?
2846 1662 3193 1736 Sacrilegium
3222 1663 3347 1733 fecit
3369 1663 3702 1717 Athanasius.
3724 1660 3815 1716 Sed
3838 1660 3877 1715 in

606 1773 817 1827 peccare
831 1757 884 1811 in
898 1766 1169 1828 conspectu
1194 1758 1401 1812 Domini
1418 1756 1714 1829 (Ibid.22).
1732 1756 1839 1813 Etb
1864 1773 1963 1813 nos
1979 1759 2205 1814 crimina
2240 1762 2284 1821 lt
2313 1766 2379 1807 eo
2390 1752 2517 1822 quia
2537 1760 2593 1806 tu
2611 1752 2989 1809 detestabilior
3002 1755 3145 1809 luisti
3169 1755 3236 1809 ab
3254 1754 3370 1809 illis
3386 1769 3511 1809 com
3520 1752 3732 1821 perditis
3753 1766 3878 1822 pseu-

611 1864 735 1904 mox
750 1859 805 1903 ut
821 1849 1140 1906 vidissemus
1159 1851 1228 1904 im
1237 1850 1411 1920 posita
1424 1866 1451 1903 a
1471 1849 1642 1915 vobis,
1658 1851 1929 1906 exstincta
1938 1850 1981 1906 ri
1997 1865 2213 1906 eramus

610 1940 808 1996 fratres
836 1949 1078 2006 nostros,
1107 1942 1365 2011 quoniam
1392 1955 1640 1997 essemus
1674 1950 1731 1995 ut
1762 1942 1895 1997 estis
1923 1957 2022 1997 vos
2054 1954 2211 1998 tene-

610 2034 744 2089 brze.
786 2033 918 2101 Quis
960 2031 1305 2089 Christianus
1345 2048 1452 2089 non
1494 2034 1666 2102 dicat,
1704 2034 1898 2091 melius
1937 2048 2063 2091 esse
2107 2034 2213 2089 sibi

611 2124 843 2182 interfici
862 2143 892 2182 a
920 2136 971 2181 te
1000 2140 1344 2196 przecursore
1369 2127 1702 2192 antichristi,
1732 2143 1893 2197 quam
1920 2128 1974 2183 in
2001 2135 2214 2184 vestras

608 2221 689 2276 ire
720 2221 1045 2275 Arianorum
1080 2221 1167 2275 vel
1197 2220 1572 2290 qnormnlibet
1617 2221 2002 2277 haereticorum
2058 2230 2214 2278 tene-

613 2312 779 2367 bras?
807 2310 1031 2382 lmpingi
1062 2312 1239 2368 fecisti
1267 2313 1501 2367 crimina
1543 2329 1651 2368 non
1680 2315 1859 2370 solum
1888 2314 2212 2383 Athanasio,

616 2404 717 2459 sed
769 2414 826 2459 et
884 2404 1065 2471 nobis,
1123 2404 1267 2474 quod
1332 2406 1674 2461 uoluerimus
1724 2406 2018 2463 Christiani
2074 2407 2215 2462 effici

616 2497 829 2551 Ariani.
875 2496 995 2552 Non
1045 2496 1333 2553 defuerunt
1374 2498 1589 2569 singula
1617 2514 1740 2569 qua:
1781 2510 2007 2567 possunt
2050 2499 2213 2569 objici

615 2589 847 2643 crimina
870 2589 1126 2659 singulis,
1153 2604 1262 2660 quo
1292 2589 1471 2645 nullus
1504 2589 1787 2647 videretur
1812 2607 1843 2647 θ
1871 2592 2028 2648 nobis
2058 2606 2216 2661 prop-

619 2691 703 2735 ter
723 2678 893 2736 Deum
924 2682 1124 2737 missus
1155 2681 1223 2737 ad
1252 2682 1470 2749 exsilia,
1499 2683 1593 2738 sed
1626 2684 1771 2754 quod
1803 2684 1955 2754 quasi
1986 2700 2085 2754 pro
2112 2685 2218 2739 cri-

621 2775 861 2830 minibus
892 2776 1119 2831 nostris.
1152 2774 1289 2830 Cum
1332 2776 1453 2830 sitis
1488 2776 1655 2846 igitur
1690 2791 1789 2831 vos
1822 2777 1901 2832 rei
1943 2786 2214 2833 tantorum

616 2867 911 2922 criminum
948 2868 1075 2938 quia
1118 2882 1226 2923 non
1270 2867 1553 2923 vobiscum
1586 2868 1787 2924 habere
1820 2869 1987 2925 Deum
2021 2871 2215 2926 iratum

620 2962 858 3016 voluerit
876 2960 1234 3028 Athanasius,
1264 2960 1484 3017 dixistis
1512 2977 1636 3017 eum
1667 2977 1821 3017 reum
1845 2977 1968 3018 esse
1990 2963 2215 3018 mortis:

622 3054 728 3109 hoc
754 3053 1004 3109 fecerunt
1032 3061 1089 3108 et
1112 3053 1192 3108 illi
1219 3054 1417 3124 quibus
1447 3055 1498 3108 in
1529 3052 1634 3108 hoc
1660 3055 1873 3110 scelere
1904 3070 2063 3125 pares
2084 3056 2218 3111 estis

2318 1844 2749 1917 dopreshyteris,
2772 1846 2868 1901 tibi
2892 1862 2999 1903 non
3026 1856 3111 1903 est
3141 1847 3276 1904 fides
3296 1847 3486 1903 habita
3511 1863 3541 1902 a
3570 1848 3743 1911 nobis;
3764 1845 3875 1901 dice

2319 1937 2479 1993 batur
2500 1939 2707 1993 etenim
2736 1940 2856 2001 tibi.
2889 1940 3015 2008 quia
3038 1939 3241 1995 absens
3284 1940 3545 1994 damnari
3575 1953 3675 1993 non
3702 1947 3872 2009 posset:

2319 2028 2399 2084 illi
2421 2029 2625 2085 etenim
2657 2031 2959 2100 presbyteri
2992 2032 3044 2084 in
3080 2039 3411 2099 praesentem
3445 2030 3692 2085 dixerunt
3716 2029 3874 2098 alliga-

2320 2124 2502 2178 tiones
2528 2123 2873 2189 criminosas,
2902 2133 2959 2178 et
2986 2124 3166 2178 omnis
3194 2139 3476 2196 synagoga
3510 2123 3563 2178 in
3593 2133 3871 2193 praesentem

2319 2215 2469 2271 dedit
2496 2218 2845 2283 sententiam;
2876 2226 2932 2271 ιιι
2954 2227 3143 2272 contra
3174 2217 3243 2271 ad
3268 2218 3673 2274 accusationem
3701 2214 3872 2270 haneti-

2320 2325 2507 2365 eorum
2537 2310 2754 2381 quando
2778 2310 3077 2366 inauditum
3102 2312 3465 2368 etabsentem
3488 2310 3719 2366 damnari
3750 2322 3873 2378 coge-

2321 2401 2417 2456 bas
2439 2402 2794 2468 catholicum,
2819 2405 3005 2474 utique
3020 2405 3124 2473 iam
3144 2404 3321 2460 videri
3348 2413 3595 2475 coeperat
3620 2417 3774 2458 scenae
3793 2412 3872 2454 tua

2322 2495 2593 2551 machina.
2618 2495 2723 2551 Sed
2743 2496 2854 2566 jam
2878 2493 3067 2567 ac'cipe
3088 2498 3220 2569 quid
3247 2500 3555 2568 praestitum
3574 2497 3637 2553 sit
3658 2495 3871 2551 Susanna

2321 2586 2532 2657 pudica:
2575 2587 2643 2641 ab
2684 2589 3057 2643 innocentium
3088 2587 3412 2655 defensore,
3442 2588 3511 2644 ab
3539 2598 3867 2657 oppressorum

2322 2677 2558 2734 vindice.
2593 2678 2793 2747 Accipe
2824 2696 2945 2747 qum
2973 2678 3180 2735 referat
3210 2681 3407 2736 Daniel
3437 2680 3572 2736 liber
3595 2680 3658 2733 de
3682 2674 3868 2732 vindicta

2322 2771 2607 2827 Susannae.
2644 2772 2967 2828 Exclamavit
3007 2783 3179 2827 autem
3217 2773 3474 2830 Susanna
3503 2788 3619 2828 voce
3642 2785 3801 2843 magna
3833 2774 3869 2821 ει

2323 2865 2496 2920 dixit:
2524 2864 2666 2921 Deus
2707 2877 2951 2932 teternus,
2989 2868 3078 2937 qui
3107 2866 3448 2922 occultorum
3487 2866 3705 2938 cognitor
3726 2879 3788 2926 es,
3809 2860 3871 2929 qui

2321 2958 2421 3011 scis
2449 2958 2622 3012 omnia
2656 2968 2779 3012 ante
2809 2959 3189 3030 generationem
3222 2974 3436 3026 eorum,
3469 2969 3523 3012 tu
3562 2957 3654 3011 scis
3682 2952 3870 3027 quoniam

2324 3052 2515 3123 falsum
2559 3052 2910 3107 testimonium
2957 3053 3228 3108 adversum
3275 3070 3369 3108 me
3414 3052 3679 3113 dixerunt;
3714 3056 3756 3100 et
3787 3058 3871 3098 ecce

620 3149 948 3220 presbyteri.
982 3147 1250 3215 Loquitur
1278 3148 1425 3203 enim
1454 3148 1723 3218 scriptura
1750 3148 1939 3203 dicens
1964 3166 1976 3201 :
2007 3147 2077 3202 Et
2107 3151 2219 3219 fac-
2245 3155 2291 3219 (ζ
2322 3145 2516 3199 morior
2545 3161 2659 3212 qua:
2689 3146 2819 3199 nihil
2854 3146 2953 3215 feci
2993 3146 3177 3199 horum
3199 3187 3213 3210 ,
3253 3161 3383 3215 qua:
3421 3144 3478 3197 hi
3520 3140 3715 3212 maligni
3745 3138 3869 3205 ﬁnxe-

618 3253 730 3297 tum
761 3254 835 3297 est
863 3243 916 3297 in
947 3242 1033 3295 die
1060 3243 1249 3307 altero,
1284 3251 1338 3296 ut
1379 3242 1613 3296 convenit
1640 3242 1781 3312 plebs
1809 3242 1878 3295 ad
1907 3242 2071 3296 rirum
2111 3246 2223 3315 ejus

618 3336 880 3402 Joachim,
911 3346 1161 3389 venerunt
1199 3335 1300 3388 duo
1332 3333 1615 3405 presbyteri
1647 3334 1788 3403 pleni
1814 3334 2009 3405 iniqua:
2037 3337 2222 3389 mentis

618 3428 863 3482 adversus
905 3426 1225 3490 Susanuam.
1260 3436 1314 3480 ut
1349 3438 1370 3465 ο
1405 3427 1775 3497 mortiﬁcarent
1814 3444 1929 3482 eant
1954 3444 1970 3481 :
1998 3438 2046 3482 et
2075 3429 2224 3483 dixe-

622 3534 745 3575 runt
771 3536 945 3575 coram
979 3518 1124 3589 plebe
1148 3536 1167 3573 :
1200 3518 1395 3574 Mittite
1423 3522 1489 3572 ad
1523 3518 1827 3574 Susannam
1859 3521 2025 3591 filiam
2071 3520 2227 3576 Chel-

622 3612 817 3677 chiam,
848 3627 965 3679 qua:
994 3622 1070 3664 est
1117 3627 1251 3665 uxor
1286 3610 1550 3665 Joachim.
1582 3611 1652 3666 Et
1699 3614 1975 3679 miserunt,
2006 3624 2053 3668 ct
2094 3616 2227 3667 venit

616 3704 752 3775 ipsa,
785 3714 833 3758 et
862 3714 1098 3776 parentes
1118 3707 1268 3777 Lejus,
1302 3715 1348 3757 et
1381 3706 1794 3778 omnes‘coguati
1818 3708 1952 3777 ejus.
1979 3706 2223 3761 Susanna

618 3806 791 3851 autem
814 3807 922 3851 erat
946 3810 1118 3851 tenera
1140 3797 1357 3851 nimium
1376 3808 1422 3851 et
1440 3799 1585 3852 bona:
1606 3802 1789 3868 furtiue
1808 3814 1827 3853 :
1846 3799 2031 3864 iniusti
2051 3808 2221 3853 autem

608 3896 882 3965 jusserunt
912 3891 1133 3946 revelari
1160 3908 1272 3945 eam
1300 3892 1433 3962 (erat
1460 3892 1597 3945 enim
1628 3890 1818 3963 relata)
1847 3901 1901 3945 ut
1931 3902 2223 3945 saturaren-

618 3996 702 4038 tur
731 3989 901 4054 forma
929 3987 1063 4056 ejus.
1092 3983 1309 4038 Flebant
1339 3996 1510 4043 autem
1539 4000 1714 4038 omnes
1751 3986 1863 4056 ejus
1894 3981 1945 4049 ἀ,
1973 3993 2022 4037 et
2050 3985 2222 4037 ueteri

620 4079 708 4148 qui
738 4077 976 4131 videbant
1007 4089 1141 4133 eam.
1188 4078 1528 4147 Assurgentes
1578 4077 1739 4145 igitur
1781 4076 1887 4129 duo
1935 4075 2223 4146 presbyteri

618 4171 673 4224 in
721 4170 890 4224 media
936 4168 1082 4238 plebe
1131 4179 1411 4239 posuerunt
1451 4185 1633 4223 manus
1674 4185 1834 4238 super
1875 4178 2028 4237 caput
2070 4170 2221 4236 eius:

621 4264 736 4335 ipsa
762 4272 933 4318 autem
963 4263 1259 4334 lacrymans
1295 4264 1498 4329 aspexit
1523 4263 1576 4315 in
1606 4260 1811 4327 ctelum,
1842 4262 2086 4332 quoniam
2115 4272 2226 4325 enat

620 4371 710 4409 cor
739 4356 852 4424 ejus
879 4354 1143 4425 confidens
1171 4355 1225 4408 in
1253 4354 1502 4408 Domino.
1531 4351 1790 4408 Dixerunt
1818 4363 1986 4408 autem
2014 4352 2227 4424 presby-

623 4450 717 4503 teri
738 4465 756 4503 :
778 4446 1173 4503 Ambulantibus
1198 4448 1343 4502 nobis
1370 4446 1425 4500 in
1451 4445 1703 4501 viridario
1739 4446 1863 4503 solis
1890 4447 2097 4501 intravit
2118 4449 2227 4501 hcce

622 4600 729 4638 non
756 4585 965 4655 egeris,
986 4586 1104 4655 jam
1128 4598 1231 4655 non
1249 4598 1303 4655 es
1326 4582 1573 4655 Arianus,
1598 4596 1690 4655 nec
1718 4580 1854 4652 falso
1880 4580 2223 4636 Athanasium
2254 4588 2302 4648 ι)

624 4651 899 4708 accusasti.
924 4651 1030 4707 Til.
1064 4654 1115 4708 la
1143 4651 1342 4715 Cerda,
1372 4663 1427 4707 et
1452 4652 1686 4708 Galand.

700 4723 890 4778 nTota
954 4725 1371 4778 Mediolanensis
1434 4722 1793 4778 Conciliabuli
1848 4722 2101 4776 machina
2158 4737 2226 4778 eo

626 4809 889 4850 conversa
920 4802 1059 4859 erat,
1092 4804 1152 4848 ut
1189 4794 1519 4848 Athanasius
1550 4794 1618 4848 ab
1660 4793 1947 4862 EpiseOpis
1994 4794 2230 4849 catholi-

623 4869 722 4931 cis,
771 4867 1081 4934 praisertim
1124 4864 1560 4919 occidentalibus
1612 4864 2010 4929 damnaretur,
2066 4867 2229 4920 veluti

626 4938 912 4993 criminum
948 4950 1093 4996 reus,
1117 4951 1235 5005 qua:
1277 4936 1329 4990 in
1357 4935 1508 4989 illum
1533 4934 1774 4990 haeretici
1809 4938 1969 4990 toties
2000 4936 2231 4991 effinxe-

625 5022 746 5066 rattt
780 5026 794 5074 ;
820 5018 872 5062 ut
901 5006 1024 5060 inde
1058 5007 1261 5060 Ariona:
1293 5008 1571 5077 impietati,
1631 5011 1784 5079 cujus
1815 5017 1935 5079 erat
1984 5016 2237 5078 patronus

626 5079 1022 5143 Constantius,
1067 5081 1289 5148 speciem
1356 5078 1585 5149 aliquam
1653 5078 2004 5149 conciliaret;
2062 5079 2238 5146 inquit

626 5153 957 5208 Athanasius
981 5152 1164 5219 ipsein
1188 5149 1350 5218 epist.
1375 5150 1440 5203 ad
1470 5150 1696 5204 Solitar.
1725 5148 2026 5217 EpiscOpos
2054 5148 2237 5216 itaque

626 5225 929 5294 Imperator
955 5224 1204 5287 urgebat,
1228 5233 1285 5294 ut
1315 5222 1372 5294 in_
1394 5220 1752 5294 Athanasium
1776 5219 2193 5294 subscriberent
2221 5237 2234 5274 :

627 5288 1113 5351 Coinminabundus
1158 5291 1442 5361 stringebat
1493 5290 1965 5361 gladium__contra
2008 5288 2153 5361 illos,
2191 5300 2239 5344 et

628 5364 881 5432 quosdam
902 5365 1070 5433 abripi
1094 5380 1122 5417 e
1163 5358 1440 5434 conspectu
1460 5358 1698 5434 jitbebat.
1728 5358 1919 5414 Videas
1935 5373 2106 5413 autem
2131 5360 2238 5414 Lu-

627 5438 801 5509 ciferi,
862 5432 1100 5499 Eusebii,
1159 5432 1513 5509 etUDionysii
1568 5432 1945 5509 Episcoporum
1994 5444 2239 5485 constan-

630 5502 850 5563 tiam...
884 5522 1166 5576 exsurgens
1186 5507 1276 5560 ille
1296 5508 1569 5576 confestim
1594 5502 1725 5557 dixit
1756 5519 1776 5558 :
1820 5502 1934 5574 Ego
1975 5519 2109 5576 nunc
2150 5521 2240 5556 ac-

629 5588 834 5633 cusator
869 5594 985 5631 sum
1024 5574 1297 5631 Athanasii
1324 5620 1339 5639 ,
1396 5574 1607 5646 propter
1641 5592 1721 5629 nte
1747 5577 1939 5628 credite
1982 5574 2048 5646 iis
2072 5615 2087 5636 ,
2123 5590 2239 5644 qutB

630 5649 808 5702 dicunt
854 5650 1057 5702 Ariani.
1093 5647 1214 5702 Illis
1254 5645 1429 5701 autem
1460 5647 1926 5717 respondentibus:
1969 5645 2238 5711 Quomodo

635 5728 907 5785 accusator
953 5734 1061 5771 esse
1101 5728 1245 5785 potes
1286 5718 1510 5772 absentis
1548 5718 1668 5771 rei?
1706 5718 1918 5783 simini
1964 5726 2239 5771 accusator

636 5782 802 5847 tidest,
824 5788 961 5839 abest
998 5782 1168 5839 autem
1215 5784 1353 5853 reus,
1394 5784 1657 5854 judicium
1691 5782 1892 5841 nullum
1938 5786 2198 5843 exercetur
2222 5800 2243 5839 μ

2326 3249 2451 3293 runt
2480 3238 2752 3292 adversum
2792 3253 2889 3291 me.
2922 3236 2991 3290 Et
3025 3237 3290 3291 exaudivit
3320 3235 3473 3292 Deus
3498 3248 3659 3289 vocem
3681 3232 3793 3302 ejus.
3818 3223 3868 3278 El

2328 3345 2447 3384 cum
2473 3332 2746 3383 duceretur
2772 3340 2828 3383 ut
2854 3330 3066 3400 periret,
3092 3329 3498 3384 excitavitlieus
3527 3326 3739 3399 spiritum
3756 3332 3868 3373 sanc—

2328 3430 2440 3475 tum
2470 3423 2617 3489 pueri
2651 3421 3015 3487 adolescentis,
3048 3422 3132 3475 cui
3161 3438 3346 3475 nomen
3389 3432 3497 3476 erat
3534 3418 3720 3480 Daniel,
3744 3425 3780 3466 et
3803 3424 3869 3462 ex-

2329 3515 2565 3567 clamavit
2600 3530 2717 3568 voce
2761 3530 2949 3585 magna
2978 3531 2996 3567 :
3031 3512 3265 3567 Mundus
3294 3530 3397 3586 ego
3419 3528 3452 3567 a
3478 3510 3707 3582 sanguine
3729 3503 3865 3571 ludi“-

2330 3606 2397 3659 Et
2430 3622 2672 3659 conversa
2690 3618 2763 3660 est
2786 3606 2951 3659 omnis
2979 3606 3121 3677 plebs
3147 3606 3215 3659 ad
3243 3622 3391 3675 eum,
3418 3617 3465 3661 et
3489 3607 3743 3659 dixerunt:
3770 3594 3866 3659 Qui!

2325 3708 2398 3751 est
2421 3700 2515 3753 iste
2541 3714 2708 3752 sermo
2729 3714 2879 3765 quem
2901 3707 2954 3751 tu
2973 3699 3173 3751 locutus
3199 3698 3291 3751 es?
3316 3698 3390 3751 At
3418 3698 3505 3751 ille
3526 3705 3656 3749 stans
3673 3691 3718 3744 in
3738 3682 3865 3740 medio

2326 3805 2500 3843 eorum
2538 3805 2555 3843 :
2583 3788 2695 3857 Sic,
2730 3790 2874 3842 stulti
2901 3786 3091 3854 Israel,
3121 3805 3224 3841 non
3250 3789 3622 3861 interrogantes
3648 3791 3780 3847 neque
3800 3787 3865 3825 ll"

2323 3900 2440 3937 rum
2472 3893 2832 3955 cognoscentes
2878 3883 3162 3936 damnastis
3203 3882 3373 3949 filiam
3421 3878 3621 3935 Israel?
3651 3870 3800 3927 Redite
3825 3864 3864 3916 iu

2316 3977 2612 4049 judicium,
2672 3977 2865 4044 falsum
2917 3978 3049 4028 enim
3096 3973 3454 4027 testimonium
3498 3971 3740 4025 adversum
3782 3967 3862 4049 eam

2326 4047 2568 4122 dixerunt
2593 4066 2642 4139 (1
2651 4067 2755 4120 bid.
2783 4065 2900 4136 42).
2926 4066 3017 4121 Sic
3039 4067 3201 4122 etiam
3227 4081 3372 4119 nunc
3403 4063 3721 4121 exclamante
3738 4047 3863 4139 Atha-

2329 4168 2481 4221 nasio
2533 4164 2599 4219 ad
2635 4166 2838 4231 Deum,
2893 4178 3087 4218 omnes
3135 4162 3370 4217 famulos
3433 4172 3558 4216 suos
3608 4155 3730 4208 Deus
3770 4138 3863 4197 feeil

2329 4274 2431 4330 pro
2457 4259 2690 4314 veritate
2722 4272 3015 4327 exsurgere
3045 4266 3235 4310 contra
3266 4269 3365 4309 vos
3407 4243 3861 4330 adversariosiu‘ls-

2328 4322 2456 4407 ilice
2485 4350 2790 4406 cultoribus
2824 4322 2939 4406 suis
2973 4349 3249 4420 prmstitit,
3279 4362 3401 4419 quas
3441 4358 3563 4402 tunc
3590 4328 3767 4394 Danieli
3794 4322 3863 4377 de-

2278 4512 2287 4525 ,
2330 4445 2616 4501 votissimo
2641 4458 2760 4507 suo,
2790 4457 2899 4512 quo
2928 4456 3217 4512 possemus
3247 4450 3299 4495 te
3338 4438 3533 4494 falsum
3570 4442 3681 4488 esse
3716 4424 3862 4476 ιεείεω

2326 4581 2511 4634 adesse
2533 4589 2702 4632 autem
2733 4585 2940 4645 propter
2985 4575 3182 4629 itineris
3222 4573 3636 4646 longinquitatem
3675 4564 3860 4646 "alii":

2330 4632 2498 4705 fuit...
2535 4649 2687 4715 Quod
2712 4632 2755 4701 s'i
2776 4632 2840 4701 de
2868 4648 3079 4707 auditis.
3114 4632 3359 4715 objicietis
3417 4632 3631 4715 loqueris
3652 4676 3664 4699 ,
3691 4632 3860 4715 ιωέἶυξξῗ

2511 4702 2712 4791 quoque
2740 4719 2835 4772 illa
2858 4702 3082 4791 credere,
3107 4702 3221 4788 qu'tv
3238 4716 3364 4791 dicit
3384 4702 3496 4791 ipse
3518 4729 3535 4765 :
3554 4711 3597 4762 si
3621 4702 3860 4791 (πειρᾷς-’Ἐξ

2651 4769 2970 4844 vero
2990 4769 3131 4846 istis:
3172 4769 3344 4859 patius
3366 4857 3373 4859 Α
3394 4769 3621 4859 videntur
3644 4769 3860 4859 istiilllf'

2337 4843 2918 4947 gratiamtalitrdicerc,
2957 4872 3003 4912 et
3030 4843 3232 4947 ﬁll-calli:
3288 4843 3859 4947 Alhattasittnt‘ﬁcf‘t’t’sar;

2344 4912 2969 4989 saluationis."
3017 4931 3161 4984 dicta
3211 4930 3532 5002 ιηιριετειιοτΔ
3562 4912 3843 5002 audiam:

2345 5022 2491 5060 suam
2521 5015 2782 5087 reputaret
2809 5002 3173 5097 cpntutneliam
3204 5041 3217 5063 ,
3248 4978 3371 5054 illros
3403 4991 3629 5097 ejeritin

2352 5081 2371 5097 Α
2393 5078 2475 5097 .I-_
2507 5094 2513 5097 _
2577 5075 2684 5097 _I_:J
2749 5086 2795 5097 Α.
2851 5089 2936 5097 -..ι-
2964 5080 3207 5097 ...ιιιιηιιιμο
3268 5086 3389 5097 κιαι-ι
3458 5080 3535 5097 .nn
3564 5079 3608 5097 Ill

2340 5054 2714 5159 initialioitii
2740 5054 2941 5128 etii-nuc
2963 5054 3233 5159 spectant,
3266 5086 3390 5153 qum
3425 5054 3608 5159 "hoc-ian
3629 5054 3855 5159 ο

2342 5130 2479 5203 cifer
2504 5149 2680 5201 innuit
2712 5188 2726 5210 ,
2758 5158 2810 5200 et
2837 5160 2957 5210 qua:
2992 5130 3154 5212 paulo
3182 5130 3466 5215 sup-erilis.
3490 5146 3605 5215 9’5“?
3626 5138 3668 5215 ιῗ

2343 5194 2726 5286 uiiiuiii'ﬁ‘én‘
2750 5194 3205 5285 animum}?
3241 5194 3415 5282 usque
3441 5194 3518 5264 5d
3537 5204 3666 5257 hunc
3700 5194 3853 5245 locum.

2412 5287 2564 5373 ξξςι*
2594 5290 2821 5373 ironiam
2851 5287 3017 5341 dicta.
3047 5358 3080 5373 Δ,
3113 5366 3123 5373 ⁸
3441 5350 3513 5373 Δ,
3540 5349 3707 5373 “MM.
3748 5317 3853 5373 “nde

2418 5369 2439 5397 ε
2463 5339 2527 5413 id
2542 5339 2633 5413 ea
2652 5339 3080 5441 giliensi...“
3107 5355 3368 5441 traderent
3384 5370 3416 5436 ε,
3438 5350 3515 5406 sic
3539 5339 3853 5441 39,133,332:

2342 5408 2525 5486 eum};
2929 5408 3486 5512 qtiomtitttr'ipferius
3508 5440 3520 5474 :
3536 5415 3695 5512 fitfit"
3712 5408 3817 5512 iam

2347 5480 2517 5556 non.
2540 5480 3214 5569 an};omniomnia,
3242 5496 3297 5551 lu
3328 5505 3408 5551 est
3441 5536 3454 5562 ,
3484 5480 3695 5546 mortua.
3720 5480 3849 5523 ναηαν

2347 5583 2393 5628 et
2426 5574 2623 5627 inania.
2648 5572 2755 5626 Til.
2785 5582 2839 5625 et
2872 5572 2923 5625 la
2947 5571 3140 5627 Cerda.

2417 5642 2443 5682 ἁ
2472 5644 2658 5725 galba"
2694 5644 2823 5725 13"!“
2850 5644 3019 5725 “uni...
3098 5711 3102 5715 -
3150 5704 3257 5725 ⁸η*
3340 5718 3343 5725 λ
3420 5698 3455 5725 ,ι
3505 5685 3642 5725 sint;
3691 5676 3759 5725 Mli
3783 5681 3850 5725 11⁸

2422 5727 2445 5752 ο
2473 5693 3044 5769 ῖῖῖιῖιὲἱὶηἱόὲιὲξεέίίΐῑι.
3091 5704 3162 5767 es
3190 5709 3383 5767 Graeco
3408 5698 3461 5765 ei
3505 5697 3645 5765 γυιαο
3691 5693 3759 5740 ⁶¹¹¹

2347 5788 2579 5841 setttitur
2605 5780 2921 5839 Galauditis.
