4148 6186
314 251 416 306 897

1386 245 1521 301 PRO
1562 243 1835 303 SANCTO
1874 244 2271 304 ATIIANASIO
2309 245 2438 304 LIB.
2481 247 2545 304 11.

3509 246 3615 305 898

314 360 643 430 intelligere,
677 368 727 415 te
760 374 925 415 unum
955 374 1081 415 esse
1111 358 1180 416 de
1209 358 1519 431 viperarum
1554 361 1832 432 progenie,
1863 371 1915 418 te
1944 371 1997 431 Α
2022 365 2126 417 reri
2152 363 2392 426 alterum,
2419 370 2466 417 et
2496 360 2629 416 dixit
2656 361 2725 415 ad
2754 376 2872 417 eum
2899 378 2915 414 :
2944 360 3133 416 Semen
3161 360 3412 416 Chanaan
3442 370 3489 415 et
3516 377 3620 415 non

313 453 447 510 l'alsa
474 452 590 507 haec
617 467 739 507 cum
772 452 1159 523 consaerilegis
1186 453 1292 507 luis
1322 464 1572 522 poetasse
1596 461 1642 506 ι.
1668 453 1916 509 Redeunt

312 546 382 601 ad
414 546 620 617 justum
654 544 1011 615 judicandum
1044 544 1310 616 judicium
1350 544 1461 613 jam
1500 545 1680 601 cuncti
1710 543 1739 583 δ
1770 546 1915 601 inter

284 640 437 696 ‘htec
481 640 754 709 torquenti
805 639 996 695 mortis
1040 640 1393 706 sententiam,
1430 640 1593 694 etiam
1639 638 1740 707 illi,
1779 653 1916 709 quos

316 731 523 788 inscios
559 746 653 787 sua
686 730 987 786 calliditate
1014 746 1109 803 per
1140 742 1191 787 te
1228 731 1542 787 dominator
1578 731 1776 787 anima:
1811 740 1919 786 tua:

317 824 576 882 diabolus
622 823 1152 895 circumscripserat.
1202 823 1320 879 Non
1371 824 1514 878 enim
1568 838 1689 878 esse
1734 831 1917 892 potest

316 932 518 991 praeter
547 916 837 973 coarianos
868 924 1015 981 tuos,
1050 917 1139 987 qui
1170 932 1277 970 non
1310 916 1445 972 velit
1474 916 1761 971 Athanasii
1790 917 1913 970 vin-

315 1011 487 1068 dicari
521 1010 917 1074 innocentiam,
947 1009 1086 1064 adeo
1119 1010 1209 1080 qui
1242 1024 1348 1063 non
1383 1008 1564 1064 faveat
1591 1009 1917 1065 innocentia:

314 1101 621 1165 Athanasii,
637 1103 779 1156 sicut
800 1112 852 1157 et
871 1116 1016 1156 nunc
1037 1100 1325 1168 Susannx,
1342 1110 1693 1172 posteaquam
1716 1100 1919 1157 consti-

314 1194 378 1249 tit
412 1194 559 1248 illam
590 1192 729 1248 l'also
755 1194 983 1248 crimine
1019 1197 1265 1263 petitam,
1295 1193 1545 1264 pudicam
1577 1196 1647 1248 ab
1679 1193 1916 1263 impudi-

310 1287 414 1353 cis,
443 1296 647 1342 castam
680 1286 747 1341 ab
784 1286 1076 1351 adulteris,
1115 1287 1211 1343 Dei
1247 1288 1501 1343 ancillam
1532 1304 1562 1343 a
1593 1288 1772 1344 servis
1800 1287 1918 1343 dia-

312 1379 423 1435 boli
456 1396 469 1432 :
504 1379 579 1432 ita
608 1393 637 1433 a
676 1377 832 1433 vobis
874 1378 1212 1449 serpentiuis
1258 1380 1385 1435 ﬁliis
1427 1390 1629 1435 satana:
1674 1382 1919 1451 pulsatus

313 1483 400 1529 est
442 1481 618 1527 status
658 1472 967 1527 innocentis
1015 1472 1134 1529 Deo
1180 1473 1413 1529 lideliter
1456 1476 1779 1539 servientis;
1821 1473 1917 1529 sed

314 1565 451 1621 estis
503 1565 783 1635 proStrati.
836 1564 1025 1620 Jacent
1057 1565 1206 1620 enim
1258 1566 1439 1620 omnia
1488 1581 1697 1621 venena
1731 1576 1918 1621 vestra

316 1662 520 1714 virtute
584 1657 679 1713 Dei
737 1658 1081 1713 mortiﬁcata.
1147 1657 1426 1728 Siquidem
1494 1659 1671 1714 omnis
1739 1660 1918 1713 anima

2016 451 2180 522 Juda,
2214 455 2408 526 species
2436 454 2642 509 seduxit
2672 465 2736 521 te,
2774 464 2821 509 et
2852 454 3274 524 concupiscentia
3314 455 3490 509 ercrtit
3528 469 3619 507 cor

2018 555 2161 600 tuum
2185 564 2202 600 :
2225 547 2301 602 sic
2330 546 2600 618 faciebatis
2630 546 2838 617 ﬁliabus
2869 544 3062 611 Israel,
3088 556 3138 601 et
3170 545 3278 600 illa:
3309 545 3518 615 quidem
3549 545 3617 598 ti-

2018 652 2208 696 mentes
2235 643 2631 696 concumbebant
2658 641 2943 696 vobiscum.
2969 640 3076 697 Sed
3101 656 3207 695 non
3230 640 3477 694 sustinuit
3500 638 3617 707 ﬁlia

2015 731 2161 786 Iuda
2190 734 2501 805 injustitiam
2533 741 2773 787 vestram.
2817 730 2977 787 Nunc
3010 741 3182 786 autem
3221 731 3304 784 dic
3336 728 3487 796 mihi,
3521 728 3616 783 sub

2016 842 2120 893 qua
2168 826 2348 879 arbore
2391 825 2821 890 comprehendisti
2872 841 2958 879 eos
3016 825 3232 878 invicem
3283 830 3565 876 tractantes
3595 820 3621 873 ?

2018 916 2309 984 Respondit
2338 934 2356 970 :
2386 916 2493 971 Sub
2527 917 2666 971 ilice.
2702 915 2853 971 Dixit
2882 925 3057 969 autent
3088 916 3167 969 illi
3194 913 3385 968 Daniel
3413 931 3429 967 :
3464 912 3623 968 Recte

2017 1010 2258 1065 mentitus
2280 1026 2331 1063 es
2361 1019 2408 1063 et
2436 1018 2490 1062 tu
2514 1010 2567 1063 in
2598 1019 2753 1080 caput
2780 1018 2948 1062 tuum.
2982 1007 3163 1062 Manet
3189 1007 3378 1062 etenim
3407 1006 3624 1077 angelus

2017 1104 2117 1158 Dei
2149 1103 2383 1177 gladium
2416 1102 2613 1158 habens
2647 1102 2714 1157 ad
2751 1102 3033 1156 secundum
3072 1112 3120 1156 te
3162 1101 3411 1165 medium,
3444 1107 3499 1152 ut
3535 1113 3622 1153 vos

2017 1197 2217 1269 perdat.
2257 1196 2321 1250 Et
2355 1197 2658 1251 exclamavit
2687 1197 2853 1250 omnis
2896 1212 3160 1268 synagoga
3202 1210 3323 1248 voce
3352 1210 3537 1265 magna
3570 1200 3620 1247 et

2019 1290 2274 1344 benedixit
2307 1289 2492 1355 Deum,
2524 1290 2615 1358 qui
2643 1290 2811 1344 salvos
2847 1290 2972 1360 facit
2998 1298 3264 1358 sperantes
3294 1288 3348 1342 in
3380 1303 3497 1341 eum
3524 1302 3541 1338 :
3568 1294 3622 1340 et

2018 1392 2344 1436 surrexerunt
2371 1381 2615 1436 adversus
2645 1381 2777 1435 duos
2807 1380 3131 1452 presbyteros
3150 1422 3166 1447 ,
3199 1380 3442 1449 quoniam
3472 1395 3612 1433 com-

2020 1473 2319 1544 probaverat
2357 1490 2442 1528 eos
2484 1473 2765 1527 Daniel'ex
2793 1490 2878 1527 ore
2909 1474 3141 1542 ipsorum
3174 1474 3337 1543 falsos
3365 1480 3539 1535 testes,
3570 1479 3618 1525 et

2022 1571 2249 1638 fecerunt
2279 1567 2386 1621 illis
2412 1566 2845 1638 quemadmodum
2875 1567 2976 1635 ipsi
3018 1566 3152 1619 male
3182 1566 3424 1636 proximo
3453 1568 3624 1633 facere

2019 1658 2290 1712 voluerunt
2338 1657 2621 1712 secundum
2662 1658 2823 1729 legem
2872 1655 3065 1728 Moysi,
3108 1666 3155 1711 et
3203 1656 3524 1721 occiderunt,
3571 1664 3619 1709 et

315 1750 613 1808 christiana
662 1750 732 1805 sit
779 1766 1015 1806 exorans
1066 1752 1255 1816 Deum,
1305 1760 1360 1805 ut
1409 1751 1549 1806 sicut
1592 1752 1920 1818 Susannam,
1955 1750 2201 1818 Bsalvus
2224 1750 2707 1819 factusestsanguis
2728 1750 3085 1803 innocentisin
3103 1748 3195 1803 illo
3214 1749 3298 1802 die
3318 1746 3482 1818 (Ibid.
3508 1746 3624 1819 51).

316 1845 569 1915 dignetur
584 1842 945 1898 Athanasium
964 1843 1102 1899 falso
1131 1842 1348 1914 eripere
1364 1845 1614 1908 crimine,
1645 1845 1856 1914 eripere
1884 1860 1915 1899 a

315 1935 498 2007 gladio
531 1945 621 1990 tuo
648 1935 944 2002 carnificis,
969 1953 998 1989 a
1025 1946 1113 1990 tua
1144 1935 1351 1991 saevitia
1377 1934 1678 1991 homicidae.
1715 1936 1922 1990 Interea

316 2028 515 2083 iterum
539 2039 706 2098 atque
733 2028 927 2083 iterum
957 2043 1149 2099 urgeo,
1176 2036 1234 2081 ut
1264 2027 1454 2083 videas
1484 2042 1605 2098 qua:
1639 2041 1738 2081 vos
1768 2030 1925 2081 Aria-

317 2138 418 2179 uos
444 2124 655 2193 ceperit
686 2122 987 2187 dementia,
1016 2137 1138 2192 qua:
1180 2120 1658 2191 comprehenderit
1689 2121 1922 2187 insania,

316 2224 375 2271 ut
421 2215 700 2271 auderetis
752 2214 868 2270 haec
902 2215 1203 2270 machinari
1262 2214 1315 2269 in
1348 2215 1659 2269 innocentis
1706 2228 1921 2281 necem,

320 2309 537 2379 quando
577 2308 795 2364 sciretis
828 2308 996 2363 Deum
1038 2306 1180 2362 scire
1208 2307 1392 2362 omnia
1422 2308 1737 2377 priusquam
1767 2306 1919 2362 ﬁant.

318 2400 425 2458 Sed
477 2416 583 2457 non
631 2399 941 2456 mirandum
987 2401 1080 2467 sit,
1121 2400 1168 2454 si
1216 2400 1333 2455 haec
1380 2400 1525 2455 circa
1565 2399 1923 2456 Athanasium

320 2494 491 2551 fuerit
519 2510 617 2565 per
646 2505 697 2550 te
723 2509 787 2549 ac
817 2504 937 2549 tuos
960 2501 1272 2549 constructa
1300 2492 1555 2549 machina
1585 2492 1927 2563 quandoqui-
1971 2530 1973 2532 -

320 2587 444 2644 dem
478 2604 590 2643 non
623 2586 963 2642 dubitaveris
992 2586 1178 2641 dicere
1219 2586 1286 2641 de
1319 2586 1431 2642 Deo
1461 2585 1621 2640 Patre
1649 2603 1663 2640 :
1698 2583 1822 2639 Non
1853 2592 1926 2638 est

321 2696 467 2735 verus
497 2678 660 2735 Pater
690 2695 709 2733 :
736 2696 840 2734 non
870 2679 1007 2734 enim
1039 2679 1187 2733 habet
1217 2694 1392 2733 verum
1422 2679 1612 2748 filium.
1645 2679 1747 2744 Qui
1778 2678 1923 2734 enim

321 2771 460 2827 dicis
484 2788 548 2828 ex
580 2770 754 2827 nihilo
784 2786 908 2827 esse
934 2770 1129 2827 Filium
1166 2770 1282 2836 Dei,
1307 2770 1434 2841 quid
1464 2768 1610 2824 aliud
1633 2768 1795 2836 dicis,
1819 2767 1924 2823 nisi

322 2863 447 2936 quia
489 2880 594 2918 non
639 2864 713 2918 sit
750 2879 912 2919 verus
950 2864 1151 2919 Pater?
1178 2863 1317 2930 Non,
1350 2864 1590 2934 inquam,
1628 2861 1847 2929 mirum,
1879 2862 1924 2916 si

322 2956 379 3011 in
408 2954 506 3010 Dei
534 2970 753 3011 servum
781 2955 1138 3010 Athanasium
1161 2957 1244 3010 sic
1273 2953 1679 3020 exsurrexeris,
1707 2952 1924 3023 quando

323 3051 378 3105 iu
420 3065 568 3117 eum,
610 3050 768 3121 cujus
806 3059 891 3107 est
928 3065 1118 3106 servus
1156 3050 1511 3115 Athanasius,
1552 3050 1769 3104 mittere
1814 3064 1921 3103 non

2028 1842 2170 1910 Quid
2197 1843 2556 1913 respondere,
2584 1841 2890 1910 Constanti,
2919 1843 3293 1912 imprudentia
3324 1854 3409 1897 tua
3446 1850 3629 1913 potest

2028 1937 2094 1992 ad
2121 1936 2272 1992 haec?
2312 1937 2657 2006 conspicisue
2686 1952 2808 1993 reos
2832 1938 2965 1992 tanti
2991 1920 3219 1993 sceleris
3244 1938 3446 2006 passim
3472 1936 3629 1991 dam-

2027 2039 2205 2095 natos,
2237 2028 2341 2084 nisi
2373 2030 2622 2083 omnibus
2649 2028 3068 2100 diligentissime
3088 2028 3377 2084 dlSCIlSSlS?
3399 2037 3455 2085 et
3488 2039 3542 2082 ιιι
3574 2029 3630 2085 in

2025 2136 2148 2177 eum
2190 2137 2350 2192 quem
2398 2123 2746 2178 innocentem
2792 2123 3026 2185 sciebas,
3066 2123 3263 2193 jubere
3306 2137 3418 2178 non
3466 2122 3629 2179 dubi-

2029 2213 2177 2280 tasti,
2226 2214 2421 2269 darent
2472 2214 2567 2270 Dei
2627 2215 2947 2270 sacerdotes
3005 2216 3632 2289 mortis‘setttenliam?

2025 2305 2166 2374 Quid
2207 2306 2448 2361 audituri
2497 2307 2542 2361 si
2592 2307 2953 2362 fecissemus?
2997 2322 3193 2379 nempe
3233 2307 3351 2364 haec
3389 2324 3509 2378 qua:
3548 2308 3631 2366 illi

2026 2398 2269 2455 libidinis
2311 2400 2523 2470 scopuli
2582 2400 3101 2473 pseudopresbyteri
3150 2400 3274 2456 falsi
3322 2411 3489 2456 testes
3534 2416 3632 2457 au-

2025 2492 2185 2547 diunt
2225 2509 2238 2546 :
2290 2491 2583 2549 Inreterate
2631 2495 2833 2549 dierum
2855 2496 3132 2560 malorum,
3158 2512 3292 2550 nunc
3318 2496 3633 2551 advenerunt

2026 2594 2233 2656 peccata
2259 2595 2369 2653 tua,
2398 2602 2515 2656 quae
2541 2597 2661 2641 ante
2690 2587 2939 2659 faciebas,
2955 2587 3205 2657 judicans
3224 2587 3434 2659 judicia
3461 2589 3630 2659 injus-
3708 2594 3713 2599 “

2027 2686 2099 2742 ta,
2120 2686 2167 2731 et
2196 2677 2488 2731 innocentes
2516 2678 2721 2748 quidem
2738 2676 3042 2740 damnabas,
3074 2687 3311 2731 nocentes
3340 2687 3511 2731 autem
3538 2677 3628 2732 di-

2026 2770 2280 2836 mittebas,
2314 2770 2513 2824 dicente
2540 2767 2765 2824 Domino
2793 2786 2812 2824 :
2848 2766 3183 2824 Innocentem
3214 2779 3262 2822 et
3292 2771 3497 2839 justum
3525 2786 3630 2825 non

2026 2862 2225 2916 occides
2249 2860 2416 2931 (Ibid.
2442 2860 2559 2930 52).
2590 2861 2716 2918 Haec
2746 2878 2928 2917 nonne
2949 2861 3074 2932 jure
3100 2862 3407 2932 meritoque
3436 2861 3630 2919 audire

2026 2969 2386 3023 mereremur,
2416 2956 2507 3027 qui
2548 2972 2578 3010 a
2624 2965 2675 3011 te
2721 2956 2934 3011 sentina
2980 2954 3169 3011 Ariani
3219 2954 3487 3027 dogmatis
3535 2964 3630 3012 aut

2025 3046 2315 3103 fuissemus
2350 3048 2515 3104 illecti
2538 3057 2634 3103 aut
2660 3048 2837 3105 territi
2865 3048 2930 3104 ad
2973 3048 3291 3104 innocentis
3320 3046 3629 3103 damnatio-

322 3141 588 3198 dubitaris
629 3144 873 3197 funestas
907 3153 1028 3197 tuas
1069 3157 1283 3197 manus.
1315 3142 1427 3196 Nec
1458 3142 1602 3196 enim
1637 3141 1798 3207 latro,
1828 3140 1921 3211 qui
1948 3140 1994 3204 C
2030 3145 2195 3199 nem?
2223 3154 2277 3199 et
2304 3143 2512 3200 idcirco
2542 3144 2595 3199 in
2620 3152 2671 3199 te
2698 3143 2816 3200 hinc
2844 3144 3027 3199 omnia
3055 3144 3197 3199 mala
3227 3150 3519 3198 venerunt.
3545 3140 3628 3198 Tu

324 3232 546 3289 domino
583 3232 782 3288 domus
813 3248 921 3289 non
964 3234 1291 3304 pepercerit,
1326 3233 1526 3304 poterit
1554 3234 1673 3303 ejus
1702 3247 1923 3303 parcere

324 3325 603 3382 resistenti
632 3325 734 3380 sibi
772 3326 1011 3381 familiae.
1057 3325 1162 3382 Sed
1198 3325 1311 3397 jam
1362 3325 1650 3381 redeamus
1686 3325 1753 3381 ad
1790 3325 1925 3382 illud

324 3418 466 3490 quod
498 3432 599 3473 nos
623 3417 803 3474 facere
828 3418 1199 3489 prtecipiebas.
1227 3417 1458 3474 Dixisti:
1486 3416 1743 3472 Damnate
1764 3418 1926 3472 Atha-

325 3511 550 3567 nasium.
584 3512 725 3580 Quid
769 3512 1143 3568 intervenerat
1182 3521 1237 3566 ut
1285 3528 1391 3567 non
1438 3511 1575 3568 facie
1618 3512 1686 3568 ad
1732 3513 1924 3568 faciem

323 3603 477 3660 illum
497 3603 859 3661 vidissemus?
879 3604 1019 3672 Quid
1047 3604 1248 3659 factum
1275 3603 1476 3671 fuerat,
1492 3615 1553 3660 ut
1574 3621 1681 3660 non
1706 3620 1924 3661 omnem

325 3697 605 3753 cardinem
638 3698 714 3753 rei
746 3696 968 3753 luissem
1000 3699 1412 3768 perscrutatus?
1441 3699 1551 3753 (Zur
1578 3698 1789 3754 idoneis
1818 3709 1927 3755 tes-

328 3789 475 3844 tibus
505 3805 612 3843 non
639 3804 700 3844 es
726 3805 919 3859 passus
944 3790 1197 3845 eumdem
1226 3790 1507 3858 superari?
1534 3790 1808 3862 Numquid
1839 3792 1926 3849 vel

328 3880 429 3937 bos
467 3882 844 3937 sanctissimus
889 3882 1103 3948 Daniel,
1134 3883 1268 3953 quin
1309 3884 1474 3940 immo
1513 3900 1609 3945 per
1644 3886 1925 3942 Danielem

327 3973 565 4046 Spiritus
594 3984 815 4030 sanctus
852 3974 1130 4030 inauditos
1167 3975 1482 4031 damnavit?
1515 3976 1772 4049 Legimus
1810 3986 1927 4034 ete-

330 4068 441 4123 uim
470 4066 776 4138 gloriosum
802 4066 989 4123 Daniel
1019 4067 1229 4123 dixisse
1250 4067 1317 4123 ad
1348 4070 1606 4140 populum
1633 4089 1645 4123 :
1677 4072 1929 4143 Sepurale

330 4177 415 4216 eos
448 4161 511 4214 ab
540 4159 829 4215 alterutro:
866 4171 914 4216 et
954 4162 1150 4215 vocavit
1188 4178 1349 4215 unum
1374 4178 1437 4216 ex
1466 4162 1590 4230 illis,
1622 4174 1666 4218 et
1698 4164 1828 4219 dixit
1858 4165 1928 4219 ad

329 4253 479 4308 illum
516 4270 533 4307 :
584 4251 874 4309 Inveterate
924 4253 1127 4309 dierum
1171 4256 1448 4322 malorum,
1490 4274 1627 4311 nunc
1678 4258 1930 4314 advenere

330 4356 541 4419 peccatu
561 4358 673 4413 tua,
686 4366 801 4419 qua:
819 4358 939 4403 ante
961 4350 1210 4421 faciebas,
1220 4350 1472 4419 judicans
1485 4349 1687 4421 judicia
1710 4353 1927 4424 injusta,

330 4450 378 4495 et
402 4441 695 4496 innocentes
724 4440 931 4513 quidem
956 4442 1263 4510 damnabas,
1288 4454 1528 4499 nocentes
1554 4454 1727 4498 autem
1754 4443 1932 4499 dimit-

2028 3250 2151 3290 cum
2195 3236 2302 3290 tuis
2336 3235 2647 3301 auditurus,
2679 3248 2801 3305 qua:
2835 3234 2914 3289 illi
2957 3249 3052 3305 per
3093 3233 3283 3289 Daniel
3314 3232 3625 3301 audierunt,

2028 3326 2143 3382 sive
2172 3328 2297 3398 quia
2325 3325 2445 3382 falsi
2472 3327 2717 3382 criminis
2743 3326 2943 3397 objecti
2976 3340 3101 3382 reus
3131 3325 3227 3392 sis,
3260 3326 3377 3381 sive
3404 3324 3531 3396 quia
3556 3322 3625 3380 ad

2027 3420 2331 3475 innocentis
2361 3434 2551 3475 necem
2583 3434 2801 3475 omnem
2831 3419 3058 3474 chorum
3089 3428 3111 3457 ο
3142 3418 3390 3474 invitaris
3415 3418 3627 3489 episco-

2030 3528 2244 3583 porum,
2274 3523 2329 3568 et
2357 3514 2481 3583 quia
2524 3513 2763 3568 volueris
2794 3527 3012 3569 onmem
3046 3510 3138 3568 Dei
3169 3511 3424 3583 populum
3453 3510 3631 3568 barre-

2029 3607 2131 3663 sim
2173 3609 2454 3678 suscipere
2485 3618 2657 3674 tuam,
2683 3607 2871 3663 audies
2897 3617 2954 3663 et
2981 3607 3203 3679 quidem
3233 3607 3475 3679 gravius,
3503 3606 3631 3679 quia

2030 3708 2121 3755 tua
2150 3699 2260 3755 sint
2294 3699 2542 3770 graviora
2579 3698 2845 3767 facinora,
2873 3701 3074 3771 quippe
3102 3700 3192 3772 qui
3224 3699 3321 3755 Dei
3350 3698 3631 3770 religionis

2028 3782 2337 3849 destructor
2381 3795 2699 3862 exstiteris,
2748 3794 2839 3865 qui
2893 3795 3168 3865 ingentem
3219 3794 3628 3850 multitudinem

2028 3886 2465 3944 Christianorum
2496 3902 2556 3944 se
2601 3888 2899 3945 dicentium
2931 3888 3294 3953 interemeris,
3329 3885 3423 3957 qui
3460 3887 3635 3942 hazre-

2029 3981 2131 4037 sim
2158 3994 2394 4039 vestram
2425 3983 2682 4040 Arianam
2713 3982 3085 4039 introduxeris
3115 3983 3169 4038 in
3198 3981 3514 4048 ecclesiam,
3541 3979 3633 4052 qui

2028 4075 2352 4132 catholicam
2413 4076 2764 4134 damnaveris
2813 4075 2999 4141 ﬁdem,
3047 4075 3143 4147 qui
3196 4075 3366 4132 Deum
3412 4074 3633 4131 Patrem

2032 4170 2314 4240 negaveris
2361 4185 2550 4226 verum
2603 4170 2845 4236 Patrem,
2877 4169 2969 4241 qui
3004 4169 3227 4225 unicum
3268 4169 3386 4238 ejus
3430 4166 3634 4223 Filium

2031 4262 2235 4319 dixeris
2277 4279 2385 4321 non
2427 4278 2551 4320 esse
2597 4278 2789 4319 verum
2832 4261 3058 4329 Filium,
3108 4260 3369 4332 Spiritum
3417 4273 3636 4330 quoque

2033 4367 2277 4412 sanctum
2322 4357 2655 4427 paracletum
2699 4355 3104 4411 asseveraveris
3148 4369 3256 4409 non
3289 4366 3411 4410 esse
3440 4367 3633 4408 verum

2035 4449 2131 4503 Dei
2169 4449 2450 4518 Spiritum.
2492 4449 2627 4505 Cum
2666 4457 2721 4503 te
2756 4456 2944 4504 contra
2991 4457 3047 4504 et
3084 4456 3273 4504 contra
3310 4461 3503 4501 omnes
3536 4444 3638 4502 Dei

331 4534 492 4603 tebas,
538 4534 738 4590 dicente
791 4535 1015 4592 Domino
1045 4554 1064 4591 :
1104 4535 1437 4593 lnnocentem
1486 4548 1536 4593 et
1572 4542 1779 4612 justum
1826 4556 1927 4594 non
1953 4525 2005 4586 Ι)
2033 4542 2284 4597 inimicos
2325 4541 2525 4596 clamet
2566 4548 2771 4595 sanctze
2811 4539 3063 4596 ecclesia:
3109 4539 3265 4603 lides,
3305 4536 3533 4593 credere
3572 4551 3635 4593 se

332 4628 555 4683 occides.
585 4627 745 4684 Nunc
766 4640 936 4686 tamen
959 4630 1095 4685 hanc
1119 4633 1164 4686 si
1185 4631 1380 4699 t-idisti,
1400 4632 1485 4686 dic
1505 4634 1598 4688 sub
1618 4651 1720 4705 qua
1750 4636 1929 4692 arbore

330 4721 506 4776 vidisti
542 4738 625 4777 eos
666 4732 944 4779 tractantes
967 4724 993 4777 ?
1030 4723 1096 4779 Et
1137 4725 1317 4779 dixit:
1357 4724 1465 4780 Sub
1505 4726 1740 4783 lentisco.
1780 4725 1931 4783 Dixit

332 4825 503 4871 autem
527 4814 720 4872 Daniel
746 4835 764 4871 :
794 4816 951 4873 Recte
981 4819 1223 4873 mentitus
1252 4834 1305 4872 es
1336 4819 1389 4871 in
1423 4828 1580 4888 caput
1612 4830 1773 4874 tuum.
1804 4818 1929 4875 lant

333 4910 473 4963 enim
499 4913 716 4983 angelus
748 4908 960 4964 Domini
979 4910 1233 4982 accipiens
1259 4920 1573 4983 praeceptum
1591 4930 1621 4966 a
1647 4910 1760 4967 Deo
1788 4929 1933 4968 seca-

335 5000 406 5055 bit
434 5010 483 5057 te
508 5002 756 5059 medium.
800 5001 866 5058 Et
896 5019 1010 5063 cum
1042 5004 1342 5059 removisset
1371 5004 1543 5072 illum,
1562 5005 1728 5077 jussit
1754 5004 1939 5060 admo-

410 5187 516 5243 “ld
541 5196 648 5253 est,
683 5189 932 5257 finxisse,
963 5197 1012 5243 et
1060 5191 1197 5258 falso
1238 5191 1512 5255 attulisse;
1558 5189 1702 5260 quod
1758 5197 1935 5258 poeta:

338 5261 538 5384 taxa,
571 5276 691 5331 qua:
727 5275 1021 5331 numquam
1052 5260 1304 5327 fuerunt,
1358 5262 1585 5334 ﬁngant.
1638 5260 1742 5317 Til.
1792 5272 1839 5316 et
1884 5261 1935 5316 la

476 5349 529 5384 a.

382 5334 529 5386 erda.

410 5401 439 5441 δ
469 5402 648 5459 Larus
677 5411 996 5467 corruptus,
1030 5403 1209 5470 inquit
1238 5403 1440 5465 Tilius.
1478 5419 1641 5471 quem
1684 5404 1937 5460 Latinius

340 5476 416 5531 ita
447 5476 791 5530 emendavit:
826 5476 931 5539 iam
958 5477 1130 5528 cuncti
1170 5476 1222 5529 in
1246 5482 1293 5529 te
1330 5484 1655 5543 retorquent,
1691 5485 1798 5530 etc.
1840 5473 1937 5529 sed

339 5560 557 5609 sensus,
585 5546 716 5601 licet
764 5549 1033 5601 obscurus
1063 5587 1078 5607 .
1112 5547 1199 5600 hic
1224 5557 1337 5602 est:
1373 5544 1619 5615 Episcopi
1646 5545 1820 5599 cuncti
1849 5562 1937 5598 ca-

340 5616 545 5681 tholici,
572 5618 729 5672 etiam
756 5618 859 5681 illi,
886 5632 1017 5681 quos
1049 5627 1102 5671 tu
1128 5617 1432 5684 seduxeras,
1459 5614 1673 5671 redeant
1703 5618 1771 5669 ad
1790 5614 1946 5686 judi-

341 5690 483 5761 cium
496 5691 707 5761 justum
728 5706 825 5760 pro
854 5689 1140 5743 Athanasio
1162 5701 1343 5744 contra
1374 5699 1421 5743 te
1462 5696 1782 5760 torquentem
1812 5687 1947 5743 inter

343 5760 456 5817 lucc
479 5760 789 5817 sententiam
814 5761 995 5816 mortis
1022 5760 1077 5814 in
1094 5777 1208 5817 nos.

2030 4634 2085 4688 in
2115 4632 2281 4687 Deum
2302 4649 2478 4689 verum
2506 4631 2722 4687 Patrem
2750 4633 3008 4697 innatum,
3039 4641 3086 4687 et
3110 4633 3162 4686 in
3194 4632 3406 4687 unicum
3434 4630 3632 4687 Filium

2034 4729 2145 4799 ejus
2168 4736 2348 4780 natum
2369 4741 2432 4781 ex
2458 4728 2636 4781 innato
2665 4734 2711 4780 et
2736 4741 2856 4781 vero
2881 4722 3063 4791 Patre,
3091 4724 3186 4779 hoc
3211 4735 3285 4779 est
3306 4724 3371 4780 de
3397 4724 3641 4779 substan-

2037 4821 2109 4873 tia
2138 4817 2337 4885 Patris,
2373 4818 2536 4873 Deum
2562 4817 2589 4857 ἀ
2620 4819 2685 4874 de
2721 4818 2855 4884 Deo,
2894 4819 3072 4875 lumen
3110 4820 3175 4874 de
3216 4819 3428 4887 lumine,
3470 4818 3637 4874 Deum

2037 4930 2210 4968 verum
2247 4913 2311 4967 de
2349 4911 2462 4967 Deo
2490 4930 2630 4981 vero,
2662 4924 2841 4969 natum
2881 4931 2983 4969 non
3027 4918 3247 4986 factum,
3277 4914 3433 4969 unius
3463 4923 3487 4951 ο
3518 4913 3642 4967 sub-

2042 5005 2247 5061 stantia:
2285 5021 2402 5059 cum
2438 5005 2617 5072 Patre,
2650 5005 2789 5076 quod
2819 5004 2990 5062 (ἔτωοὶ
3017 5007 3195 5063 dicunt
3232 5006 3521 5071 omousion,
3548 5018 3640 5075 per

2121 5199 2143 5227 ο
2176 5189 2254 5244 De
2281 5203 2507 5244 numero
2532 5188 2949 5261 Episcoporum,
3005 5187 3097 5261 qui
3146 5186 3395 5261 Concilio
3444 5185 3645 5261 Medio-

2043 5259 2256 5385 lapensi
2284 5257 2671 5329 interfuerunt,
2724 5257 2848 5318 vide
2889 5262 3002 5332 jam
3025 5257 3195 5317 "dicta
3223 5260 3277 5315 in
3305 5260 3414 5315 vita
3442 5258 3503 5316 S.
3533 5257 3641 5315 Lu-

2044 5346 2090 5385 Cl
2116 5349 2217 5385 BN.

2044 5346 2217 5387 Cllel'l.

2117 5401 2143 5440 ά
2175 5404 2267 5458 Hae
2295 5404 2541 5460 formulae
2570 5403 2853 5460 catholicae
2884 5401 3005 5457 ﬁdei
3038 5417 3104 5457 ex
3136 5401 3387 5474 symbolo
3418 5400 3644 5458 Nicxno

2046 5474 2345 5547 desumpta:
2369 5491 2539 5538 usque
2566 5476 2905 5547 omniajacta
2926 5484 3063 5547 sunt.

2124 5556 2147 5582 °
2179 5543 2306 5602 Sive
2327 5548 2557 5618 ejusdem
2578 5562 2697 5618 cum
2719 5543 2890 5618 Patre
2905 5544 3245 5618 substantia,
3257 5544 3410 5618 quod
3428 5544 3647 5617 proprie

2048 5628 2209 5674 sonat
2234 5616 2484 5675 Graecum
2522 5616 2845 5672 vocabulum
2874 5616 3169 5689 ὀμοούσιος.
3205 5617 3325 5674 Vid.
3362 5616 3647 5677 Petavium

2048 5691 2147 5747 lib.
2175 5688 2210 5743 4
2232 5691 2301 5746 de
2320 5690 2520 5746 Trinit.
2547 5702 2668 5759 cap.
2699 5688 2752 5743 5.
