4148 6186
608 211 716 292 sps

1704 205 2029 264 LUCIFERI
2075 203 2377 264 EPISCOPI
2420 205 2596 263 CALA
2609 205 2846 264 RITANI
3813 215 3892 270 £00

601 352 753 407 quem
784 333 956 389 omnia
986 335 1125 402 facta
1151 337 1294 395 sunt,
1323 337 1368 381 et
1399 329 1508 382 sine
1529 342 1627 394 quo
1656 331 1848 396 factum
1879 336 1954 382 est
1977 325 2130 391 nihil,
2157 334 2201 380 et
2231 334 2278 398 Α
2307 325 2445 380 tione
2476 323 2640 395 (Ibid.
2676 325 2786 396 l7).
2819 324 2900 380 Tu
2926 331 3110 381 autem
3139 340 3269 382 esse
3310 341 3382 382 ex
3423 325 3535 381 illis
3572 327 3694 381 hinc
3727 327 3894 384 intelli-

605 428 659 481 in
687 427 943 496 Spiritum
970 423 1286 495 parat-letum
1313 437 1487 476 verum
1518 420 1610 476 Dei
1633 420 1911 491 Spiritum.
1937 420 2056 475 Tibi
2083 435 2215 490 ergo

604 519 739 572 l'also
773 516 922 583 testi,
953 514 1184 586 spiritali
1213 514 1485 579 adultero,
1517 513 1806 568 homicida:
1837 513 2107 584 sacrilego
2136 514 2217 566 di—

602 626 707 682 gne
752 609 1003 680 graviora
1057 608 1332 673 dicentur,
1370 607 1531 678 digne
1573 607 1668 678 qui
1710 607 1873 661 tantis
1911 621 1974 662 ac
2014 606 2215 660 talibus

601 702 928 760 criminibus
957 701 1131 771 maior
1155 701 1230 754 sis
1255 700 1358 754 illis
1386 698 1934 770 pseudopresbyteris
1948 697 2216 754 Susanna:

599 792 856 855 inimicis.
893 795 950 852 Si
993 795 1140 850 enim
1190 795 1295 848 illis
1328 793 1532 849 dicitur
1571 793 1962 848 mentientibus
2008 810 2020 845 :
2059 792 2215 846 Recte

600 895 839 948 mentitus
868 908 919 946 es
946 891 1001 945 in
1029 901 1180 959 caput
1211 900 1378 943 tuum.
1425 886 1548 942 lam
1583 889 1771 942 etenim
1803 891 1828 922 ³
1861 887 2075 958 angelus
2107 884 2217 940 Do—

600 987 728 1040 mini
771 985 1028 1056 accipiens
1077 992 1392 1056 prwceptmn
1422 999 1452 1034 a
1496 981 1601 1036 Deo
1642 981 1835 1035 secabit
1867 989 1915 1035 te
1945 980 2213 1045 medium;

601 1076 767 1152 (Ibid.
797 1077 911 1147 5’5).
964 1076 1067 1144 Et,
1109 1076 1266 1131 Recte
1312 1075 1556 1128 mentitus
1587 1090 1641 1128 es
1668 1073 1696 1110 δ
1745 1075 1798 1126 in
1843 1082 2000 1140 caput
2045 1082 2208 1127 tuum.

602 1171 824 1227 Manens
862 1179 935 1224 est
977 1171 1191 1242 angelus
1223 1167 1317 1222 Dei
1351 1167 1586 1238 gladium
1616 1168 1806 1222 habens
1837 1167 1904 1220 ad
1933 1166 2216 1221 secandum

600 1272 648 1318 te
679 1261 903 1318 medium
931 1305 944 1327 ,
979 1271 1031 1314 ut
1062 1279 1148 1315 vos
1179 1259 1366 1331 perdat
1410 1258 1578 1330 (Ibid.
1622 1259 1738 1331 59).
1774 1259 1992 1326 Quanto
2021 1258 2212 1328 magis,

601 1359 703 1412 nisi
755 1357 851 1412 tibi
899 1357 1272 1427 prospexeris,
1320 1357 1385 1411 ad
1438 1369 1488 1411 te
1537 1356 1661 1410 talia
1697 1353 2153 1409 dicenturlNum
2192 1365 2212 1392 ε

600 1452 709 1506 scis
741 1465 863 1505 esse
894 1450 1162 1518 scriptum
1196 1465 1209 1500 :
1244 1448 1392 1502 Beati
1436 1448 1522 1517 qui
1553 1447 1774 1500 audiunt
1807 1447 2013 1500 verbum
2045 1445 2139 1499 Dei
2169 1453 2216 1499 et

599 1547 893 1600 custodiunt
926 1544 1061 1599 illud
1091 1540 1116 1579 δ
1137 1542 1292 1614 (Luc.
1313 1560 1384 1609 xl,
1405 1542 1524 1613 :28)?
1551 1542 1828 1597 exciderat
1854 1539 2008 1596 cordi
2031 1539 2105 1594 illi
2124 1549 2218 1594 tuo

598 1655 849 1698 errorum
881 1639 1062 1694 vincto
1095 1638 1338 1694 tenebris
1362 1679 1376 1704 ,
1417 1648 1473 1690 ut
1500 1637 1726 1707 juberes
1769 1636 2019 1691 damnari
2063 1637 2218 1690 inno-

2315 420 2482 491 geris,
2515 419 2661 490 quod
2702 435 2824 474 cum
2855 420 2934 475 sis
2967 422 3268 476 memorias
3297 432 3609 492 martyrum
3655 422 3894 479 beatorum

2318 513 2652 577 instaurans,
2685 523 2866 568 tamen
2897 527 3179 569 servorum
3214 513 3379 568 unici
3410 513 3542 568 Filii
3571 513 3665 568 Dei
3692 506 3901 571 cruorem

2319 603 2536 659 fundas.
2574 604 2732 669 Redi,
2766 606 3082 674 Constanti,
3112 606 3180 662 ad
3213 606 3454 661 domum
3490 605 3612 674 Dei,
3642 607 3902 665 esmChri-

2315 698 2557 763 stiones,
2593 713 2660 754 ne
2691 697 2946 754 inventus
2991 699 3120 754 loris
3161 699 3497 764 ecclesiam,
3527 701 3605 754 s'is
3641 715 3839 771 semper
3861 709 3904 757 ut

2317 807 2378 847 es
2409 791 2574 849 hodie
2604 794 2747 848 inter
2776 794 2925 859 illos,
2950 805 3092 864 quos
3121 795 3456 864 percutiens
3485 794 3617 851 dicit
3645 796 3901 853 Dominus:

2319 885 2632 940 Contendite
2674 887 2874 941 intrare
2921 903 3014 958 per
3061 898 3350 960 angustum
3399 889 3628 954 ostium,
3670 891 3782 958 quia
3818 893 3906 945 dico

2318 981 2480 1044 vobis,
2517 981 2666 1034 multi
2707 990 2948 1050 quierunt
2980 979 3002 1017 ³*
3038 991 3089 1036 et
3125 999 3227 1036 non
3275 992 3558 1052 poterunt.
3603 981 3728 1038 Cum
3755 1002 3903 1038 exsur-

2318 1073 2508 1128 rexerit
2536 1082 2682 1144 pater
2710 1075 2941 1145 familias
2979 1085 3025 1130 et
3063 1075 3280 1130 cluserit
3319 1075 3334 1113 ι
3373 1078 3593 1142 ostium,
3620 1090 3666 1132 et
3692 1079 3905 1149 incipietis

2321 1167 2449 1240 {oris
2484 1175 2622 1222 stare
2662 1176 2711 1221 et
2754 1167 2965 1239 pulsare
3000 1179 3037 1205 π’
3069 1169 3303 1225 dicentes
3347 1186 3368 1225 :
3412 1167 3661 1236 Domine,
3705 1169 3900 1238 Domine,

2318 1261 2466 1328 aperi
2506 1261 2673 1316 nobis.
2723 1258 2791 1314 Et
2832 1261 3147 1332 respondens
3191 1262 3334 1318 dicet
3377 1279 3398 1317 :
3442 1262 3648 1318 Nescia
3682 1279 3762 1318 vos
3801 1264 3904 1317 unde

2318 1358 2450 1410 sitis.
2486 1355 2634 1410 Tunc
2663 1357 2918 1428 incipietis
2946 1358 3118 1414 dicere
3142 1375 3160 1412 :
3197 1358 3660 1414 Manducarimus
3697 1373 3845 1413 coram
3868 1373 3902 1417 te

2321 1461 2367 1505 et
2411 1451 2653 1517 bibinms,
2695 1464 2742 1506 et
2786 1453 2839 1506 in
2879 1452 3065 1523 plateis
3107 1455 3308 1508 nostris
3357 1453 3594 1508 docuisti
3629 1462 3675 1505 η.
3706 1450 3765 1506 Et
3802 1454 3903 1506 dicet

2322 1543 2461 1598 rubis
2487 1559 2504 1597 :
2536 1541 2728 1598 Nescio
2759 1554 2782 1576 "
2817 1544 2956 1598 unde
2983 1545 3126 1612 estis,
3155 1544 3424 1600 discedite
3447 1559 3600 1609 ante,
3629 1559 3786 1598 omnes
3809 1558 3898 1614 ape-

2321 1637 2450 1690 rarii
2476 1637 2783 1707 iniquitatis.
2810 1635 2893 1690 Ibi
2919 1638 3017 1692 erit
3042 1637 3196 1708 ﬂetus
3233 1647 3282 1692 et
3311 1636 3522 1692 stridor
3544 1636 3780 1692 dentium.
3802 1633 3897 1688 Cum

599 1744 812 1789 centem
844 1751 857 1787 :
885 1733 985 1788 nisi
1018 1732 1176 1787 fallor
1207 1733 1410 1787 etenim
1434 1732 1580 1785 omni
1614 1731 1664 1783 in
1699 1731 1818 1785 loco
1838 1731 1928 1784 lex
1959 1743 2112 1783 sacra
2134 1730 2214 1783 in-
2250 1725 2292 1785 Β
2320 1729 2556 1784 uidebitis
2586 1741 2611 1779 ρ
2635 1731 2918 1797 Abraham,
2948 1729 3126 1794 Isaac,
3151 1742 3196 1785 et
3218 1728 3423 1794 Iacob,
3452 1741 3500 1784 et
3527 1745 3698 1784 onmes
3719 1725 3898 1800 prophe-

602 1838 890 1883 nocentem
917 1838 969 1882 et
991 1827 1194 1898 justum
1226 1842 1329 1881 non
1354 1825 1838 1881 condemnandum
1868 1824 2137 1894 loquitur;
2157 1831 2211 1878 et

602 1921 807 1976 idcirco
835 1921 957 1992 quin
1010 1922 1125 1976 haec
1157 1922 1274 1975 ﬁeri
1308 1930 1498 1974 contra
1547 1917 1642 1973 Dei
1671 1917 1938 1972 mandasti
1970 1930 2212 1986 pru'eep-

603 2022 739 2079 tum,
777 2030 942 2069 unum
982 2023 1033 2068 te
1073 2013 1340 2069 habemus
1368 2027 1431 2066 ex
1475 2011 1604 2075 illis,
1634 2024 1772 2080 quos
1798 2010 2058 2064 Dominus
2091 2021 2212 2078 per-

599 2111 732 2166 cutit
770 2108 824 2164 in
853 2110 1142 2179 evangelio
1181 2125 1192 2160 :
1233 2107 1323 2162 Va:
1365 2107 1526 2168 vobis,
1561 2103 1760 2160 Scriba:
1788 2113 1835 2158 et
1871 2101 2127 2157 Phariscei
2162 2110 2208 2168 ο,

599 2203 722 2272 quia
753 2211 1082 2255 monumenta
1113 2200 1231 2254 estis
1263 2214 1378 2268 quae
1407 2214 1509 2251 non
1539 2205 1744 2266 parent,
1793 2207 1838 2249 et
1865 2195 2096 2250 homines
2125 2209 2210 2250 ne-

600 2295 765 2346 sciunt
789 2291 1114 2345 ambulantes
1138 2307 1292 2362 super
1315 2307 1375 2344 ea
1398 2287 1564 2360 (Ibid.
1590 2289 1707 2359 44).
1733 2289 2061 2344 Nesciebant
2092 2288 2211 2358 qni-

600 2383 725 2441 dem
767 2384 868 2450 illi,
896 2399 1032 2454 quos
1065 2382 1130 2437 ad
1165 2391 1214 2437 te
1257 2381 1587 2450 sacrilegum
1629 2380 1850 2436 illexisti
1892 2381 2204 2447 amandum,

601 2480 694 2549 qui
741 2493 839 2548 per
884 2485 1116 2531 conatus
1158 2484 1281 2529 tuos
1324 2491 1431 2528 non
1477 2473 1956 2529 consideraverant
1997 2482 2049 2528 te
2090 2488 2212 2529 esse

603 2580 1020 2627 monumentum
1067 2568 1321 2624 omnibus
1365 2565 1725 2622 immunditiis
1769 2566 2017 2636 plenum;
2065 2568 2211 2621 arbi-

604 2663 888 2718 trabantur
918 2663 1222 2718 hominem.
1256 2661 1527 2718 Caeterum
1562 2674 1658 2715 nos
1675 2661 1880 2725 statim,
1914 2671 1970 2715 ut
1997 2662 2210 2731 ccepiin

602 2756 876 2825 episcopis
923 2757 1203 2827 imponere
1249 2755 1637 2810 necessitatem
1681 2752 1971 2808 damnandi
2017 2752 2213 2808 absen-

600 2855 735 2907 tem.
771 2847 915 2901 illico
956 2847 1196 2901 diximus
1238 2855 1293 2902 te
1335 2846 1618 2917 iniustitia:
1657 2847 1945 2911 cultorem,
1986 2846 2211 2914 justitin:

606 2954 737 2994 vero
763 2953 886 2994 esse
913 2950 1353 3008 persecutorem.
1388 2941 1518 2993 Item
1543 2955 1666 2994 cum
1703 2951 1754 2994 te
1787 2953 2106 3009 urgeretnus
2138 2938 2213 2991 le-

602 3031 715 3104 gati
749 3030 766 3069 τ
803 3046 901 3086 nos
933 3031 1106 3085 beata
1138 3030 1408 3097 ecclesiae,
1439 3042 1645 3086 sectam
1679 3029 2045 3106 damnandam
2072 3027 2208 3094 Arii,

2316 1833 2395 1878 tas
2422 1825 2741 1879 introeuntes
2765 1825 2818 1879 in
2846 1841 3062 1895 regnum
3100 1823 3220 1888 Dei,
3264 1837 3360 1879 vos
3383 1831 3563 1878 autem
3594 1822 3769 1894 repelli
3790 1820 3895 1890 {oras

2315 1914 2480 1987 (Ibid.
2511 1929 2632 1985 xm,
2655 1916 2771 1986 24).
2804 1915 2927 1971 Non
2961 1916 3032 1972 ita
3076 1922 3129 1971 te
3172 1931 3442 1986 pensum
3485 1913 3686 1970 habere
3713 1954 3728 1980 ,
3775 1923 3820 1967 ut
3859 1923 3894 1966 te

2313 2010 2466 2063 sinas
2500 2009 2613 2064 lucc
2645 2009 2836 2064 audire
2871 2009 3012 2064 inter
3043 2009 3188 2075 illos,
3239 2011 3493 2064 maxime
3523 2022 3646 2063 cum
3673 2006 3831 2062 videas
3855 2015 3890 2058 tc

2313 2102 2631 2170 nequiorem
2663 2101 2829 2157 fuisse
2857 2117 3020 2172 quam
3047 2103 3134 2156 cui
3167 2101 3339 2172 digne
3371 2100 3630 2158 dicatur:
3656 2097 3841 2154 Discede
3867 2115 3890 2150 α

2314 2207 2413 2259 me,
2451 2195 2719 2263 operarius
2766 2193 3076 2264 iniquitatis.
3134 2192 3286 2258 Eris,
3317 2193 3638 2259 Cotistanti,
3679 2191 3718 2246 si
3743 2189 3789 2245 in
3815 2191 3887 2242 ha‘c

2317 2285 2702 2340 malevolentia
2754 2296 2841 2339 tua
2881 2301 3105 2341 manere
3161 2287 3438 2350 volueris,
3495 2286 3638 2341 inter
3667 2284 3794 2339 illum
3819 2295 3888 2352 po-

2315 2383 2500 2454 pulum
2519 2382 2824 2447 carnalem,
2859 2382 2946 2437 cui
2973 2381 3175 2438 dicitur
3206 2401 3218 2436 :
3253 2381 3563 2437 Jerusalem
3584 2423 3598 2445 ,
3627 2377 3882 2440 Jerusalem,

2314 2491 2429 2548 qua!
2456 2474 2647 2530 occidis
2676 2473 2980 2546 prophetas,
3003 2484 3051 2529 et
3074 2474 3287 2544 lepidas
3312 2491 3402 2529 eos
3437 2474 3526 2544 qni
3557 2473 3799 2527 mittuntur
3829 2469 3882 2520 ad

2317 2573 2366 2621 te
2394 2565 2562 2639 (Ibid.
2593 2566 2688 2639 3i)
2715 2583 2728 2633 ;
2762 2578 2897 2634 eris,
2930 2569 3175 2637 inquam,
3199 2564 3350 2622 lnter
3380 2565 3532 2631 illos,
3564 2565 3682 2636 quia
3721 2561 3784 2616 sic
3824 2559 3878 2614 sis

2317 2669 2641 2730 persecutor
2717 2673 2908 2714 eorum
2947 2704 2961 2722 ,
3015 2661 3105 2730 qui
3165 2667 3219 2714 te
3293 2657 3592 2714 hortentur
3635 2651 3877 2726 promereri

2317 2753 2510 2819 Deum,
2554 2755 2695 2810 sicut
2723 2753 2796 2808 illi
2843 2752 3042 2808 iuerint
3099 2753 3380 2826 persecuti
3439 2750 3720 2824 prophetas
3755 2755 3874 2814 atque

2314 2848 2616 2918 apoStolos.
2652 2847 2850 2902 lterum
2892 2856 3046 2916 urget
3089 2843 3346 2902 defensio
3402 2845 3653 2902 veritatis
3679 2836 3821 2911 queri
3853 2849 3872 2889 ι

2319 2948 2394 3006 te,
2425 2957 2524 2996 cur
2553 2941 2839 2997 absentem
2872 2940 3124 2995 damnari
3171 2941 3538 3012 prmeeperis.
3577 2937 3680 3002 Dic,
3715 2945 3869 3003 quaso,

2316 3033 2459 3090 bene
2497 3049 2564 3089 an
2605 3035 2748 3090 male
2788 3033 2838 3089 id
2872 3034 2984 3089 licri
3015 3032 3312 3105 imperaris
3346 3035 3372 3089 ἲ
3400 3032 3461 3090 Si
3513 3030 3707 3087 dixeris
3752 3025 3871 3086 bene,

603 3133 658 3181 et
688 3125 835 3180 illam
869 3124 1039 3194 magis
1070 3122 1254 3177 dixisti
1286 3137 1409 3177 esse
1437 3121 1787 3187 Catholicam,
1821 3121 2209 3190 pr:einlntiavi-
2237 3122 2282 3186 C
2315 3127 2480 3182 credo
2514 3139 2565 3182 te
2614 3127 2684 3182 ad
2714 3127 2856 3182 beati
2920 3127 3072 3181 Pauli
3126 3127 3440 3198 confugere
3500 3123 3685 3180 factum
3709 3162 3722 3187 ,
3764 3113 3871 3187 quod

603 3235 725 3276 mus
750 3229 800 3274 te
826 3219 1148 3274 Antichristi
1174 3217 1341 3272 fuisse
1366 3233 1784 3290 praecursorem.
1803 3216 1935 3271 Cum
1960 3216 2207 3286 persequi

603 3311 944 3367 ChriStianos
966 3311 1228 3382 dignaris,
1253 3325 1376 3365 cum
1406 3307 1687 3373 interﬁcis,
1713 3307 1944 3363 similem
1973 3317 2045 3372 te,
2069 3305 2212 3360 Con-

607 3408 797 3473 stanti,
836 3407 1052 3460 illorum
1091 3407 1256 3473 iacis,
1299 3404 1365 3458 ad
1411 3421 1546 3475 quos
1591 3403 1848 3458 Dominus
1885 3403 2017 3457 dicit
2059 3419 2072 3454 :
2124 3398 2213 3454 Va:

606 3498 749 3553 vobis
791 3499 876 3568 qui
923 3498 1196 3566 wdiﬁcatis
1239 3508 1572 3551 monumenta
1609 3497 1998 3567 prophetarum,
2041 3503 2213 3564 patres

606 3597 781 3644 autem
817 3590 968 3643 reslri
997 3588 1298 3644 occiderunt
1325 3589 1463 3643 illos.
1498 3587 1636 3662 Ergo
1665 3597 1688 3635 Β
1720 3589 2068 3643 testimonium
2095 3602 2231 3664 per:

607 3679 810 3748 hibetis,
844 3699 947 3736 non
976 3679 1000 3718 ¹¹
1023 3683 1396 3738 consentientes
1429 3683 1666 3753 operibus
1685 3691 1892 3752 patrum
1907 3689 2210 3745 vestrorum”,

609 3776 856 3845 quoniam
895 3775 976 3829 illi
1007 3774 1019 3812 ί
1059 3774 1269 3845 quidem
1302 3776 1604 3830 occiderunt
1629 3791 1739 3841 eos,
1767 3791 1854 3830 ros
1880 3784 2052 3828 autem
2081 3772 2204 3828 tudio

606 3867 802 3936 ﬁcastis
830 3869 1068 3940 sepulcra
1088 3883 1304 3922 eorum:
1337 3867 1454 3922 ideo
1487 3869 1500 3918 i
1540 3870 1686 3922 mitto
1718 3867 1994 3938 prophetas
2019 3876 2066 3921 et
2087 3883 2212 3936 apo-

607 3961 790 4024 stolos,
813 3969 860 4012 et
886 3962 1080 4014 catillis
1105 3961 1342 4014 occident
1364 3971 1410 4013 et
1435 3968 1823 4030 persequentur,
1851 3969 1904 4012 ut
1925 3959 2216 4027 inquiratnr

607 4051 821 4121 sanguis
853 4050 1018 4106 omnis
1041 4052 1436 4122 prapheturum,
1466 4051 1763 4119 quita/fusus
1791 4062 1863 4104 est
1895 4069 1925 4104 a
1955 4051 2210 4104 constitu-

609 4143 749 4198 tione
775 4144 956 4196 mundi
985 4160 1143 4212 usque
1171 4143 1239 4196 ad
1269 4145 1653 4215 generationem
1682 4150 1833 4198 istam
1856 4161 1873 4198 :
1899 4163 1932 4199 α
1960 4145 2213 4215 sanguine

609 4235 739 4291 Abel
764 4253 921 4308 usque
945 4237 1014 4290 ad
1041 4239 1342 4311 sanguinem
1371 4235 1659 4305 Zacharite,
1685 4241 1773 4305 qui
1802 4239 1953 4308 periit
1980 4240 2112 4293 inter
2133 4239 2214 4294 al-

609 4339 718 4386 tare
746 4338 791 4383 et
816 4333 976 4385 (edem
1002 4348 1020 4385 :
1042 4332 1115 4386 ita
1135 4331 1255 4386 dico
1287 4332 1446 4398 vobis,
1473 4335 1761 4404 requiretur
1792 4333 1854 4388 ab
1877 4332 1974 4389 hac
1997 4351 2212 4408 genera-

684 4483 709 4510 ἰ
737 4474 908 4542 Supra
942 4472 1086 4529 idem
1115 4472 1330 4527 Lucifer
1359 4472 1514 4526 sirint.

681 4543 707 4581 ι)
740 4543 805 4598 Ει
825 4541 892 4599 tu
921 4545 1248 4614 additsupra
1283 4543 1423 4600 idem
1455 4541 1690 4610 Lucifer,
1717 4542 1806 4600 ubi
1829 4553 1998 4600 manet
2019 4546 2208 4599 etenim

667 4613 771 4667 iam
806 4617 987 4670 habet.
1015 4629 1110 4670 nro
1132 4631 1342 4670 manens
1365 4625 1458 4670 est.

609 4626 771 4671 etiam
806 4626 987 4680 habet,
1015 4629 1110 4684 pro
1132 4631 1342 4670 manens
1365 4626 1458 4670 est.

619 4754 654 4767 η
689 4698 708 4722 ε
742 4685 884 4767 Non.
919 4686 1097 4767 Latin.
1135 4686 1736 4767 Loeun‘treiormarnnt
1795 4687 2203 4767 Lugdunenses,

613 4754 745 4810 Cum
774 4761 1029 4882 salvete...
1055 4759 1230 4825 iuquit
1250 4758 1578 4823 Galandius;
1603 4759 1698 4814 sed
1733 4754 2014 4814 recle'stat
2041 4762 2210 4816 inter-

613 4839 823 4882 rogatio
856 4843 876 4882 λ
914 4845 1020 4882 um.

611 4839 823 4898 rogatio
856 4839 1020 4882 tium.

687 4897 712 4935 ἀ
739 4896 884 4952 Illud
913 4898 1114 4952 omittit
1145 4898 1296 4952 Vcrs.
1330 4897 1457 4953 Ant.

685 4982 709 5008 ι’
743 4970 896 5025 Vers.
931 4972 1055 5025 Alit.
1092 4969 1185 5024 γω
1212 4970 1686 5042 robisquoniam...
1720 4974 1988 5030 incerta...
2019 4975 2204 5029 ambu-

608 5043 774 5098 lantes
799 5059 975 5098 supra.

658 5059 975 5197 frlebézi’iﬂ'
996 5113 1250 5197 “Lucifer.
1285 5113 1681 5197 Mediolanensi
1727 5117 2206 5197 Synodo_legat_us

605 5185 809 5312 hiberii
842 5202 964 5241 cum
996 5183 1289 5241 Pancratio
1320 5195 1373 5240 et
1404 5186 1608 5240 llilorio
1645 5183 1903 5243 Dalmatiae
1947 5183 2207 5243 Ecclesiae

673 5273 854 5312 el'ICIS.
1165 5285 1167 5287 ‘

682 5339 706 5402 is
742 5329 895 5402 γαπ-ε.
926 5331 1053 5384 Ant.
1088 5327 1336 5402 Profecto
1365 5329 1712 5402 testiﬁcamini
1735 5330 2044 5402 consentire.

681 5399 701 5477 '_'
743 5400 844 5485 [σε
879 5417 976 5485 pro
1004 5399 1337 5485 non.'La_tin.
1373 5399 1552 5485 recte,
1583 5411 1639 5482 et
1665 5418 1731 5457 ex
1735 5416 1834 5485 fo-
1853 5400 2201 5485 “Galaudius.

688 5471 699 5506 ί
746 5474 896 5528 Vers.
953 5474 1076 5526 Ant.
1135 5471 1343 5542 Ipsi....
1374 5472 1664 5543 redi/iratis.
1703 5471 2006 5542 zEdi/icutis
2044 5472 2206 5528 habet

643 5542 772 5597 tiam
804 5543 986 5602 Sabat.

607 5558 772 5598 etiam
804 5558 986 5602 Dabat.

619 5613 696 5691 mi
741 5611 1055 5691 Vers._Ant.
1083 5611 1302 5691 PrOpter
1348 5613 1442 5669 hoc
1480 5627 1526 5691 et
1575 5618 1830 5691 sapientia
1888 5615 1986 5691 Dei
2021 5613 2208 5691 dixit:

609 5678 907 5768 {inarmati
941 5701 1097 5736 vos...
1133 5678 1692 5768 et'ipsospccidetis'et
1727 5688 2083 5768 persequimini
2104 5696 2208 5768 ,‘ut‘

607 5753 909 5817 exquiratur
961 5753 1170 5820 sanguis
1225 5753 1571 5814 carnium..."
1634 5753 2022 5831 progeniem...
2081 5757 2208 5815 Abel

2316 3221 2616 3279 Corinthiis
2643 3221 2948 3292 scripserit,
2979 3222 3090 3290 jam
3122 3237 3180 3280 se
3219 3222 3384 3278 illum
3414 3219 3629 3292 punisse
3675 3221 3871 3288 peccalo-

2317 3331 2457 3381 rem,
2489 3330 2647 3384 quem
2675 3315 3034 3383 comperisset
3065 3315 3307 3385 graviter
3368 3313 3679 3383 deliquisse.
3717 3299 3867 3359 Videa-

2323 3423 2441 3463 mus
2471 3423 2613 3462 nunc
2634 3449 2648 3473 ,
2678 3407 2724 3461 si
2767 3418 2843 3472 tu,
2877 3403 3082 3474 bellua,
3113 3407 3369 3463 membra
3413 3416 3470 3462 et
3506 3417 3689 3476 corpus
3713 3402 3868 3452 tantum

2323 3500 2528 3558 habens
2562 3501 2821 3568 heroinis,
2851 3502 3091 3555 animum
3117 3516 3248 3556 vero
3275 3499 3544 3567 ferinum,
3577 3499 3618 3553 si
3644 3496 3704 3551 ita
3737 3488 3868 3562 egeris

2323 3602 2381 3649 ut
2413 3595 2523 3666 egit
2561 3595 2864 3661 apostolus,
2917 3595 2963 3649 si
3014 3594 3102 3648 tali
3153 3595 3359 3651 ordine
3392 3611 3504 3650 rem
3547 3579 3865 3646 celebraveris,

2317 3705 2423 3757 quo
2451 3688 2540 3742 ille
2568 3689 2658 3758 qui
2691 3685 2829 3742 dixit
2859 3703 2874 3740 :
2902 3685 2992 3742 Sic
3017 3696 3044 3736 (ι
3076 3688 3289 3741 omnino
3312 3687 3536 3743 auditur
3560 3686 3678 3738 inter
3698 3693 3767 3733 eos
3787 3676 3864 3745 fot—

2322 3781 2533 3844 nicatio,
2560 3779 2729 3849 qualis
2761 3797 2854 3834 nec
2891 3781 3260 3851 interrgentes,
3293 3783 3380 3838 ita
3433 3790 3488 3835 ut
3529 3788 3722 3833 uxorem
3747 3764 3864 3835 Pam"

2317 3875 2400 3928 sui
2425 3873 2612 3942 aliquis
2643 3873 2871 3927 habeat:
2909 3883 2956 3926 et
2981 3889 3070 3927 ros
3096 3873 3266 3942 inflati
3311 3876 3441 3930 estis
3465 3916 3480 3942 ,
3539 3879 3585 3924 el
3623 3883 3710 3921 ηθη
3738 3858 3862 3930 Pam"

2317 3966 2514 4021 luctum
2546 3966 2820 4031 habuistis,
2846 3975 2903 4020 ut
2925 3965 3193 4022 tolleretur
3221 3985 3248 4022 e
3275 3969 3452 4024 medio
3480 3974 3685 4021 vestrum
3704 3954 3776 4029 qui
3795 3951 3859 4005 ltoc

2317 4075 2449 4130 Opus
2478 4058 2623 4129 fecit.
2658 4057 2768 4130 Ego
2793 4059 2999 4130 quidem
3031 4061 3164 4116 sicut
3195 4061 3384 4117 absens
3413 4076 3650 4132 corpore,
3687 4060 3859 4124 praem

2315 4162 2487 4207 autem
2518 4153 2706 4223 spiritu
2728 4155 2844 4226 jam
2873 4153 3108 4222 iudicavi
3146 4163 3201 4209 ut
3237 4172 3472 4226 prwsens
3519 4167 3656 4216 eum,
3699 4143 3768 4214 qui
3805 4137 3856 4190 5|"

2319 4257 2562 4318 operatus
2584 4257 2677 4313 est,
2709 4249 2760 4302 in
2787 4247 2993 4306 nomine
3016 4245 3230 4304 Domini
3253 4248 3284 4306 J
3292 4269 3410 4319 esu,
3437 4237 3729 4320 congregatis
3753 4229 3852 4288 coiit

2316 4347 2364 4393 et
2393 4340 2581 4410 spiritu
2609 4353 2721 4394 meo
2745 4355 2861 4394 cum
2883 4340 3071 4394 virtute
3100 4337 3318 4398 Domini
3349 4343 3516 4401 nostri
3539 4336 3655 4394 Iesu
3691 4320 3851 4386 Christi,

2237 4478 2286 4540 ι)
2305 4478 2510 4548 justi...
2540 4476 2829 4548 inquiretur
2860 4493 2891 4530 α
2922 4480 3169 4547 progenie
3199 4481 3316 4534 hac.

2388 4544 2413 4583 ιε
2449 4535 2692 4614 Quwrent
2747 4535 2937 4602 ωιίηί
2977 4535 3046 4604 εἴ
3085 4549 3276 4607 Sabat.
3327 4567 3402 4610 ex
3445 4563 3540 4606 sua
3568 4543 3702 4615 ,edit.
3737 4535 3847 4596 γεπε-

2318 4619 2447 4672 Αηι.
2485 4617 2583 4671 Per
2608 4629 2880 4692 angustant
2914 4629 3192 4687 partam...
3221 4633 3460 4692 quierunt
3497 4621 3694 4677 intrare,
3720 4616 3846 4692 gitti"

2317 4669 3694 4771 posse":sati;0";.é.1+;"ssitéa'."';ua"'ms.'
3724 4669 3844 4732 Corb-

2315 4760 2460 4829 apud
2492 4762 2672 4830 ipsum
2695 4759 2885 4816 Satias.
3701 4822 3710 4831 ,
3809 4809 3818 4819 .

2444 4832 2978 4914 Pr.o.cl‘ausleril:'TiL
3024 4832 3194 4914 pludo
3212 4907 3225 4914 _
3249 4853 3377 4914 pro_
3399 4823 3843 4914 clauda-

2316 4899 2460 4959 aliis.
2496 4901 2572 4957 La
2594 4901 2784 4957 Cerdo.
2822 4901 2978 4960 Vers.
3011 4905 3136 4961 Ant.
3173 4899 3267 4964 hic
3286 4953 3302 4970 ,
3338 4907 3464 4963 Cum
3491 4905 3648 4959 autent
3679 4899 3843 4970 intrare

2308 4953 2848 5030 ἶξῐξῖξεῖέιαῖιῖἇῖί..ζ
2870 4953 3668 5036 una:emansisse...
3692 4953 3840 5034 indit

2309 5047 2684 5121 casui-rexerit.
2717 5046 2976 5121 Clauserit
3007 5065 3104 5118 pro
3133 5053 3342 5106 cluserit
3375 5052 3499 5121 legit
3528 5043 3818 5121 saltatim;

2382 5127 2424 5242 '2
2455 5099 2612 5242 viis.
2627 5099 3034 5175 initiatae
3047 5099 3633 5180 annili'a‘deia
3656 5125 3673 5163 ε
3699 5099 3840 5162 Νισάν

2427 5206 2476 5242 e.
2507 5205 2538 5242 ο
2567 5206 2616 5242 e.

2311 5197 2476 5253 unde,
2507 5197 2616 5245 etc.

2312 5244 2667 5386 dim
2688 5270 2736 5314 et
2759 5261 2813 5316 δ”
2840 5263 3122 5337 ⁸9¹¹⁰909ίδ
3141 5264 3196 5321 in
3220 5263 3382 5322 Vers.
3412 5265 3555 5324 Ant.,
3576 5249 3660 5312 sed
3677 5244 3798 5301 alio“
3816 5246 3834 5282 ³

2363 5346 2504 5386 meo
2513 5371 2524 5384 .

2386 5412 2408 5438 ο
2443 5401 2601 5458 Vers.
2634 5402 2766 5460 Ant.
2804 5404 2996 5461 Nescio
3019 5422 3177 5462 vos...
3207 5407 3445 5464 recedite.

2385 5485 2412 5524 Ρ
2441 5473 2710 5546 Yideritis.
2741 5475 2923 5534 Vatic.
2946 5487 3006 5536 et
3027 5477 3186 5535 Vers.
3213 5477 3345 5534 Ant.
3627 5536 3653 5546 ,,
3721 5513 3816 5546 ,___;

2387 5530 2601 5620 «rvere.
2631 5530 2772 5602 an;
2797 5530 3438 5620 όέιέέιίῖιὸ.’.ζ“ῐδν“ιὶἐὲᾶιίο.
3481 5555 3528 5620 ει
3575 5530 3834 5620 ωυξλῗῖ⁹¹¹ῗ

2314 5601 3442 5692 eam;*paa.*aaqia;;;;mensi;
3469 5605 3584 5692 εν
3595 5601 3828 5692 «μέτες-μέ

2315 5689 2527 5770 spiritus
2536 5731 2548 5743 .
2559 5729 2571 5743 .
2647 5689 2701 5743 in
2725 5673 2955 5747 nomine

2316 5733 2619 5828 ἱίιῖίιὶὶῗυῖὸὶὶὲ
2649 5733 2942 5820 ’ἐξιιὲἦὲῗῖ
2979 5733 3222 5823 ἵνῗῖἰὲἑῖη
3241 5733 3638 5824 ’Ἣὸἷιίιῖῐῖῖειίι
3663 5733 3832 5800 Cirim.
