4148 6186
261 207 362 284 90!

1331 205 1470 276 PRO
1507 207 1782 277 SANCTO
1822 213 2225 278 ATHANASIO
2261 211 2391 277 LIB.
2440 217 2501 275 ll.

3466 221 3572 281 f0”).

263 341 468 398 tradere
488 339 1064 415 hujusmodihominem
1097 335 1652 392 satanteininteritum
1683 335 1876 406 carnis,
1908 340 1957 400 Α
1988 337 2232 405 periuris,
2267 348 2314 393 et
2341 338 2385 392 si
2410 336 2537 410 quid
2582 337 2746 408 aliud,
2772 353 2914 396 suate
2959 338 3211 393 doctrinae
3254 339 3579 403 adversatur,

262 445 320 490 ut
350 436 566 507 spiritus
586 433 762 489 salvus
792 433 860 487 sit
886 433 941 486 in
973 431 1057 488 die
1087 429 1298 486 Domini
1329 429 1491 485 nostri
1521 426 1652 484 Iesu
1681 427 1878 482 Christi

266 528 308 599 (I
332 526 454 583 Cor.
487 543 540 592 ν,
568 527 644 597 l).
679 526 848 591 Dicis,
880 524 1078 581 credo:
1114 523 1180 578 Et
1208 541 1301 596 ego
1343 523 1538 578 idcirco
1567 521 1706 576 vobis
1733 538 1881 576 man-

264 621 510 676 daveram
525 619 775 675 damnare
786 621 1070 686 absentem,
1093 619 1213 690 quia
1235 619 1570 672 damnaverat
1597 625 1642 669 et
1670 625 1877 684 aposto-

267 714 372 770 lus.
397 715 582 770 Primo
613 713 856 768 omnium
908 712 1072 767 beato
1098 711 1348 782 apostolo
1371 707 1630 764 catholici
1662 708 1882 762 nuntia-

266 814 463 862 verant
494 805 570 870 hi,
604 819 741 877 quos
776 814 933 858 norat
982 803 1196 867 ﬁdeles,
1227 817 1367 872 quos
1390 801 1502 856 Deo
1550 799 1882 869 probaverat

265 899 497 956 devotos
530 940 546 965 ,
593 906 650 954 et
701 906 896 953 testem
951 893 1162 951 sciebat
1219 908 1346 949 esse
1390 907 1610 952 omnem
1682 889 1876 946 Corin-

269 993 508 1049 thiorum
536 1000 784 1048 sanetam
832 990 1144 1046 ecclesiam.
1171 987 1250 1042 'l’u
1273 996 1466 1043 contra
1491 1002 1614 1042 cum
1641 995 1664 1022 ο
1687 997 1883 1041 ctmsa-

269 1085 488 1156 crilegis
527 1085 636 1139 tuis
675 1082 1068 1139 accusantibus
1103 1081 1212 1136 Deo
1245 1080 1546 1135 odibilibus
1605 1075 1881 1132 hatreticis

268 1193 370 1235 nos
427 1176 745 1248 dignabaris
811 1189 1011 1246 urgere
1035 1173 1101 1227 ad
1151 1172 1400 1228 absentis
1445 1169 1878 1226 damnatiOnem.

269 1270 479 1326 Deinde
503 1284 626 1324 cum
651 1268 958 1339 apostolum
985 1266 1142 1322 audis
1168 1266 1358 1321 dicere
1385 1283 1399 1321 :
1428 1263 1768 1335 Congregatis
1797 1276 1884 1316 vo-

272 1364 348 1420 bis
379 1373 426 1418 et
454 1365 644 1434 spiritu
668 1379 780 1417 meo
803 1378 920 1416 cum
941 1363 1129 1416 uirtute
1161 1359 1375 1415 Domini
1404 1358 1432 1398 ι’
1460 1357 1590 1414 Jesu
1613 1401 1627 1424 ,
1681 1358 1884 1412 tradere

273 1455 575 1531 hujusmodi
590 1457 847 1511 hominem
863 1466 1061 1510 satana:
1079 1456 1131 1509 in
1147 1454 1415 1508 interitum
1433 1453 1601 1506 carnis
1620 1449 1767 1521 (Ibid
1805 1449 1881 1521 l);

274 1561 356 1617 tu,
393 1551 616 1607 tenebra
652 1561 699 1618 ο,
733 1564 833 1605 cur
866 1549 1026 1604 nobis
1057 1547 1370 1603 dicentibus
1399 1563 1410 1598 :
1444 1545 1526 1598 Ad
1564 1545 1734 1616 ipsum
1792 1558 1886 1604 nos

274 1646 466 1700 nostris
496 1643 776 1714 impendiis
798 1659 1072 1716 pergemus
1104 1643 1157 1696 in
1183 1639 1349 1712 plebe,
1375 1639 1460 1694 cui
1486 1639 1736 1692 divinitus
1762 1652 1887 1690 con-

1977 447 2092 501 qute
2115 432 2398 485 secundum
2429 432 2748 502 euangelium
2781 441 2853 488 est
2895 432 3076 504 gloriae
3120 432 3256 488 beati
3296 432 3394 488 Dei
3441 435 3580 504 quod

1979 523 2231 578 creditum
2251 535 2325 580 est
2354 525 2480 579 mihi
2504 525 2546 597 (1
2575 523 2714 582 Tim.
2741 543 2777 591 I,
2802 524 2882 595 8).
2909 526 2964 582 Si
2992 542 3099 582 non
3120 538 3202 581 est
3234 528 3490 594 traditus,
3515 544 3580 582 ex

1980 631 2087 686 quo
2118 616 2309 672 Filium
2342 619 2435 672 Dei
2463 621 2695 686 negasti,
2731 619 2784 672 in
2816 619 3097 674 interitum
3147 631 3352 675 satantr.
3384 663 3400 687 ,
3441 637 3582 689 quo-

1985 708 2149 764 modo
2181 711 2502 782 prmteriens
2546 721 2693 765 tanta
2725 753 2738 776 ,
2769 728 2892 782 qua:
2943 723 2994 767 te
3050 713 3308 769 cohibere
3353 732 3381 768 a
3429 723 3585 769 tanto

1982 810 2270 872 potuerant
2302 804 2536 870 scelere,
2571 803 2637 858 ad
2683 805 2796 860 lucc
2816 805 3049 876 gerenda
3073 807 3294 862 exsilire
3331 806 3586 876 dignatus

1982 908 2063 958 es,
2098 911 2219 964 quae
2251 896 2465 964 possint
2493 906 2688 950 cuncta
2727 896 2921 952 tollere
2954 897 3091 962 haec,
3125 915 3244 968 quas
3291 911 3588 956 noscantur

1984 1000 2131 1040 sanae
2161 1001 2282 1040 esse
2309 985 2618 1042 doctrina}?
2647 987 2772 1043 llzcc
2802 989 2894 1058 qui
2922 990 2998 1044 sis
3031 989 3261 1056 faciens,
3290 1007 3410 1062 qua:
3439 1008 3588 1045 sana:

1983 1079 2652 1142 adversenturdoetrime,
2684 1082 2775 1152 qui
2799 1082 3136 1154 proscribas,
3171 1095 3449 1153 torqueas,
3493 1085 3587 1142 de—

1987 1181 2193 1242 portes,
2225 1174 2410 1229 mittas
2440 1175 2489 1229 in
2517 1191 2798 1237 carcerem
2826 1175 3262 1249 interticiasque,
3290 1180 3397 1245 die,
3426 1180 3587 1234 obsc-

1985 1281 2103 1342 cro,
2135 1267 2177 1320 si
2220 1268 2296 1321 sis
2318 1265 2602 1323 dissimilis
2630 1268 2698 1334 ab
2729 1269 2945 1326 Herode
2979 1272 3072 1326 illo
3120 1288 3271 1341 rege,
3294 1272 3444 1342 cuju-~.
3474 1289 3593 1327 car-

1989 1357 2262 1414 nilicinam
2291 1359 2615 1418 describens
2648 1363 2718 1418 ita
2760 1362 2998 1432 loquitur
3055 1380 3210 1420 sacra
3270 1367 3540 1437 scriptura
3578 1385 3588 1418 :

1988 1449 2184 1504 Eodem
2208 1453 2258 1505 in
2285 1462 2378 1506 tem
2388 1470 2512 1522 pore
2548 1455 2744 1507 remisit
2786 1453 2837 1515 Η
2845 1455 3023 1510 erodes
3049 1473 3142 1512 res:
3171 1474 3353 1512 manus
3371 1500 3386 1524 ,
3415 1469 3470 1513 ut
3495 1477 3590 1514 no.-

1989 1556 2124 1601 ceret
2142 1548 2391 1617 quosdam
2427 1558 2447 1584 ο
2471 1549 2534 1602 de
2557 1551 2794 1610 ecclesia.
2856 1550 3058 1610 Occidit
3085 1550 3104 1588 τ
3136 1563 3306 1609 autem
3335 1551 3593 1608 Iacobum

1989 1639 2202 1708 fratrem
2234 1637 2458 1694 Joannis
2489 1641 2690 1711 gladio,
2716 1652 2762 1696 et
2785 1659 2901 1695 cum
2931 1643 3139 1698 vidisset
3185 1645 3324 1715 quod
3372 1647 3594 1716 placeret

275 1739 480 1792 stitutus
501 1746 596 1802 est,
624 1735 862 1790 eumdem
899 1735 1196 1798 audiemus,
1229 1740 1430 1785 tantum
1483 1729 1552 1783 da
1597 1728 1882 1783 catholicos
1917 1733 1960 1792 Β
1989 1731 2084 1784 hoc
2110 1728 2332 1797 Iudaeis,
2361 1731 2510 1786 addit
2533 1742 2556 1779 8
2594 1742 2647 1785 ut
2680 1749 2872 1800 comptu:
2892 1735 3139 1788 [tenderet
3171 1735 3404 1789 Petrum.
3437 1737 3601 1792 Erant

278 1841 606 1886 accusatores
635 1829 918 1883 secundum
939 1842 1104 1882 sacra:
1131 1825 1259 1896 legis
1284 1824 1591 1878 mandatunt
1619 1838 1632 1887 ;
1667 1835 1767 1876 cur
1793 1819 1887 1875 de-

278 1926 555 1982 trectrasti
584 1923 606 1979 'i
635 1937 753 1987 cur,
787 1930 1064 1994 tamquam
1098 1919 1465 1991 gladiatores,
1497 1931 1606 1971 non
1643 1913 1887 1985 episcopi

280 2033 548 2082 essemus,
581 2027 792 2073 tantum
815 2019 969 2087 juxta
998 2023 1124 2070 vota
1152 2024 1268 2079 tua,
1315 2027 1425 2083 quo
1470 2023 1760 2082 possemus
1809 2009 1892 2062 in-

283 2112 538 2168 terﬁcere
565 2125 712 2176 eum,
741 2109 900 2180 cujus
924 2116 979 2162 tu
1011 2109 1144 2164 olim
1192 2106 1420 2162 sitiebas
1449 2115 1728 2166 cruorem,
1761 2115 1892 2172 ope-

281 2222 401 2263 ram
421 2204 631 2262 dabas?
656 2203 870 2259 Interea
892 2204 974 2258 sic
1003 2211 1058 2258 te
1091 2201 1369 2257 infelicem
1399 2197 1659 2254 traditum
1688 2206 1893 2250 satana:

286 2314 385 2370 pro
414 2297 746 2362 homicidiis,
780 2309 991 2366 proque
1013 2294 1306 2363 sacrilegio
1337 2300 1429 2346 tuo
1455 2290 1627 2346 debes
1659 2289 1806 2343 scire
1839 2293 1898 2340 ut

287 2391 379 2447 ille
411 2390 502 2463 qui
532 2390 586 2444 in
616 2389 710 2444 illo
743 2396 897 2443 reatu
929 2387 1073 2456 apud
1119 2383 1438 2441 Corinthios
1489 2383 1747 2436 inventus
1789 2386 1894 2432 est.

286 2481 473 2553 Neque
494 2480 641 2536 enim
678 2481 780 2536 iSta
813 2489 903 2533 tua
930 2490 1053 2547 qua:
1101 2475 1344 2548 gesseris
1391 2488 1455 2528 ac
1505 2469 1654 2544 geris
1682 2470 1899 2525 minora

289 2583 419 2630 sunt
445 2574 637 2629 funera
673 2589 688 2639 ;
731 2583 810 2639 ut,
859 2571 904 2624 si
950 2585 1012 2626 se
1055 2569 1211 2624 illum
1267 2566 1561 2624 tradidisse
1609 2577 1706 2621 ore
1755 2560 1901 2619 beati

290 2666 526 2740 apostoli
559 2665 802 2736 loquitur.
830 2663 1071 2734 Spiritus
1097 2671 1320 2717 sanctus
1350 2670 1556 2716 satana:
1600 2659 1652 2711 in
1705 2656 1900 2712 interi-

294 2771 430 2828 tum,
464 2767 518 2816 et
548 2767 599 2814 te
628 2771 754 2813 mox
805 2767 863 2812 ut
918 2767 1026 2810 tam
1080 2754 1266 2824 gravia
1296 2750 1620 2808 commisisti
1675 2748 1904 2804 crimina

293 2868 402 2910 non
437 2851 743 2908 tradiderit.
769 2851 828 2906 Si
854 2850 1004 2904 enim
1032 2863 1142 2903 non
1182 2847 1256 2903 ita
1309 2853 1459 2908 esset
1490 2887 1504 2910 ,
1558 2841 1906 2898 meminisses

295 2945 546 3018 profecto
573 2945 782 3001 dixisse
807 2943 1124 3013 apostolum
1148 2961 1160 2994 :
1193 2940 1373 2996 Pretio
1399 2940 1558 3010 empti
1582 2938 1725 3004 estis,
1748 2937 1908 2990 nolite

295 3039 414 3107 fieri
440 3038 574 3094 serui
600 3037 872 3092 hominum
897 3033 1064 3108 (Ibid.
1091 3050 1186 3100 vn,
1214 3033 1309 3105 23)
1344 3051 1356 3086 :
1383 3047 1677 3103 numquam
1710 3043 1909 3101 cogere

1988 1832 2162 1882 autem
2186 1824 2294 1877 dies
2317 1841 2636 1894 azymorum.
2671 1823 2824 1879 Hunc
2866 1823 2981 1879 cum
3021 1826 3470 1896 apprehendisset,
3502 1829 3597 1890 uii-

1988 1918 2055 1971 sit
2086 1918 2139 1971 in
2165 1934 2423 1972 carcerem
2447 1920 2695 1972 traditum
2722 1932 2948 1991 quatuor
2991 1924 3417 1992 quaterniouibus
3458 1927 3592 1978 mili-

1993 2019 2099 2063 tum
2123 2010 2550 2077 custodiendum,
2580 2011 2752 2066 volens
2775 2024 2889 2084 post
2913 2015 3105 2084 pascha
3131 2017 3414 2081 producere
3437 2014 3460 2053 ¹¹
3486 2035 3600 2072 eum

1997 2101 2149 2170 plebi.
2183 2096 2372 2158 Petrus
2407 2101 2419 2139 ί
2457 2120 2574 2158 vero
2615 2105 3002 2160 custodiebatur
3051 2108 3102 2160 in
3144 2125 3367 2164 carcere.
3421 2109 3601 2168 Oratio

1997 2208 2120 2267 ergo
2147 2194 2521 2248 instantissime
2550 2195 2706 2265 ﬁebat
2735 2197 2804 2250 ad
2829 2195 3114 2252 Dominum
3155 2218 3248 2255 pro
3273 2217 3330 2254 eo
3353 2201 3414 2256 ab
3443 2204 3602 2258 eccle-

1997 2286 2116 2352 sia:
2145 2293 2192 2340 et
2217 2302 2333 2338 cum
2367 2287 2601 2362 [uiarum
2624 2299 2752 2342 esset
2782 2298 2836 2341 ut
2864 2304 2984 2343 eum
3006 2288 3236 2348 Herodes
3280 2292 3606 2360 produceret,

1999 2379 2092 2433 illa
2117 2388 2263 2433 nocte
2296 2377 2482 2433 Petrus
2511 2379 2797 2442 dormiebat
2826 2382 2960 2436 inter
2989 2383 3179 2437 milites
3232 2386 3480 2456 alligatus
3524 2406 3612 2442 ca-

2003 2471 2132 2526 tenis
2155 2469 2378 2537 duabus,
2435 2482 2482 2524 et
2527 2473 2766 2528 custodes
2821 2485 2940 2528 ante
2993 2477 3199 2546 ostium,
3251 2489 3297 2531 et
3347 2482 3610 2533 custodie-

2003 2561 2126 2618 bant
2178 2579 2458 2619 carcerem.
2507 2563 2577 2618 Et
2630 2582 2746 2620 ecce
2800 2568 3014 2638 angelus
3081 2567 3291 2625 Domini
3345 2574 3528 2636 astitit,
3566 2586 3610 2629 et

2005 2655 2097 2710 lux
2145 2655 2209 2710 ab
2256 2671 2315 2710 eo
2373 2657 2576 2727 refulsit
2622 2659 2675 2712 in
2715 2659 2807 2712 illo
2847 2659 3011 2715 loco:
3060 2677 3414 2740 compungens
3442 2677 3613 2720 mitem

2007 2749 2143 2803 latus
2175 2747 2320 2803 Petri
2367 2750 2629 2804 suscitavit
2657 2768 2772 2804 eum
2799 2751 2976 2807 dicens
3009 2771 3025 2807 :
3065 2753 3237 2828 Surge
3263 2757 3519 2812 velociter.
3555 2760 3616 2812 Et

2015 2841 2028 2888 i
2092 2840 2358 2903 surrexit,
2412 2851 2459 2895 et
2517 2842 2814 2898 ceciderunt
2866 2856 3063 2902 catena:
3111 2848 3174 2901 de
3222 2851 3457 2904 manibus
3504 2857 3620 2925 ejus

2015 2933 2152 3004 (’Act.
2189 2951 2289 3000 xu,
2327 2935 2404 3004 l).
2432 2935 2497 2990 Et
2524 2935 2662 2992 intra
2696 2954 2709 2992 :
2745 2934 2812 2991 Et
2842 2936 2863 2975 ¹ί
2896 2955 3012 2994 cum
3060 2942 3330 2997 transisset
3354 2947 3546 3016 primos
3578 2959 3623 3002 et

2013 3029 2264 3084 secundos
2292 3029 2552 3095 custodes,
2580 3031 2716 3086 venit
2736 3032 2806 3085 ad
2837 3043 3041 3101 portam
3073 3039 3318 3105 ferream,
3347 3056 3462 3108 qua:
3483 3041 3624 3093 ducit

300 3131 398 3187 Dei
419 3146 586 3186 ausus
610 3129 807 3184 fuisses
839 3126 1162 3182 sacerdotes
1186 3125 1252 3181 ad
1297 3124 1600 3180 inauditum
1641 3121 1904 3177 damnan-
1936 3119 1981 3180 C
2016 3125 2066 3177 in
2095 3125 2374 3190 civitatem,
2404 3141 2567 3196 quaea
2593 3143 2646 3180 se
2664 3136 2842 3195 aperta
2870 3139 2945 3182 est
2989 3130 3081 3183 eis.
3113 3129 3180 3184 Et
3209 3149 3324 3185 cum
3359 3135 3620 3201 exiissem,

253 3210 454 3280 -dum.
489 3225 592 3290 Qui
621 3221 766 3279 enim
796 3223 971 3292 pretio
1003 3229 1222 3291 emptus
1252 3234 1402 3285 sum,
1429 3218 1555 3287 quia
1580 3217 1849 3272 liberatus
1886 3230 1912 3266 a
2014 3228 2370 3288 processerunt
2403 3219 2567 3273 ricam
2592 3237 2768 3289 unum,
2819 3233 2864 3275 et
2896 3224 3138 3278 continuo
3181 3225 3416 3282 discessit
3457 3229 3520 3281 ab
3567 3246 3627 3285 eo

303 3319 425 3391 lege
453 3319 664 3390 peccati
705 3332 898 3373 servus
937 3314 1134 3371 fuerim
1177 3315 1355 3370 factus
1388 3313 1635 3384 jUSllliLP,
1674 3311 1784 3382 jam
1831 3312 1912 3365 vi-

305 3411 454 3466 venti
486 3410 617 3465 mihi
646 3409 700 3464 in
729 3409 849 3479 lege
870 3408 1098 3478 justitite
1130 3408 1338 3477 impoiii
1369 3421 1506 3462 onus
1549 3422 1654 3459 non
1713 3403 1918 3458 debue-

305 3513 396 3560 rat
420 3519 449 3558 a
482 3511 556 3568 te,
586 3512 644 3557 ut
666 3515 858 3557 servus
883 3502 1086 3555 iterum
1116 3499 1368 3555 etlicerer
1404 3496 1707 3567 iniquitatis
1756 3505 1916 3565 atque

309 3598 616 3668 injustitiae.
646 3595 968 3666 Impositum
994 3595 1178 3664 itaque
1211 3602 1297 3649 est
1319 3607 1459 3648 onus
1486 3609 1513 3644 a
1545 3600 1618 3655 te,
1653 3590 1779 3660 quia
1804 3598 1914 3644 tra-

311 3690 466 3744 ditus
498 3687 670 3744 fueris
698 3695 905 3743 satana
935 3687 990 3742 in
1034 3687 1314 3742 interitum
1361 3693 1584 3756 propter
1632 3682 1925 3738 homicidia

313 3793 477 3854 atque
499 3781 864 3852 sacrilegium.
911 3781 968 3836 Si
1016 3798 1119 3834 non
1163 3780 1360 3836 fuisses
1418 3779 1649 3834 traditus
1693 3787 1920 3844 satanas,

317 3874 590 3930 retinens
639 3872 930 3928 Timotheo
978 3872 1268 3941 scripsisse
1327 3870 1675 3941 apostolum:
1720 3868 1924 3924 Scimus

317 3976 495 4021 autem
521 3965 763 4037 quoniam
783 3965 918 4020 bona
937 3973 1014 4019 est
1037 3965 1120 4020 lea:
1138 3965 1182 4019 si
1203 3965 1321 4034 quis
1340 3981 1402 4018 ea
1420 3961 1446 4001 δ
1478 3964 1700 4036 legitime
1728 3969 1927 4028 utatur,

319 4062 486 4118 sciens
506 4063 604 4116 hoc
628 4061 752 4132 quia
773 4065 924 4134 justo
941 4061 1025 4114 lem
1055 4075 1159 4114 non
1183 4069 1259 4114 est
1285 4059 1474 4130 posita,
1501 4058 1713 4132 injustis
1734 4064 1928 4121 autem,

321 4165 370 4208 et
408 4169 512 4209 non
537 4152 909 4216 obediemibus,
935 4162 981 4206 et
1027 4152 1227 4221 impiis,
1258 4161 1310 4207 et
1333 4151 1720 4221 peccatoribus.
1771 4148 1933 4202 scele—

323 4250 476 4315 ratis,
501 4258 548 4302 et
575 4248 829 4320 profanis,
851 4247 1172 4330 parricidis,
1199 4255 1247 4302 et
1271 4245 1587 4312 matricidio,
1626 4241 1930 4308 impudicis,

327 4342 682 4397 masculorum
709 4339 1168 4409 cottcubitoribus,
1228 4339 1524 4412 plagiariis,
1577 4334 1931 4399 mendacibus,

406 4489 434 4517 ⁸
454 4479 531 4533 'I'u
550 4491 752 4545 contra,
778 4477 1006 4547 tenebra,
1029 4487 1097 4543 te,
1121 4487 1274 4546 atque
1290 4493 1404 4531 cum
1424 4472 1815 4546 consacrilegis,
1837 4478 1944 4526 etc.
1976 4471 2032 4531 D

337 4551 515 4606 Vatic.

410 4621 437 4661 ι)
463 4621 674 4677 Domini
693 4622 855 4675 nostri
875 4619 905 4675 .l
915 4639 1004 4678 esu
1027 4621 1240 4683 Christi.
1269 4619 1418 4675 Idem
1443 4616 1660 4682 Lucifer
1685 4627 1869 4684 supra.

417 4704 438 4730 ο
473 4691 726 4765 Tenebra,
751 4694 1054 4765 singulare,
1081 4691 1227 4765 quod
1259 4707 1364 4748 non
1384 4699 1468 4748 est
1494 4691 1548 4745 in
1573 4703 1696 4765 trin2
1724 4693 1948 4765 usurpat

343 4778 443 4856 Br?
466 4755 933 4856 plttrali‘tetiebrﬁe,
975 4755 1051 4856 ιμ’
1077 4755 1239 4856 σ’ρετιε
1263 4774 1351 4817 tua
1380 4777 1477 4856 pro
1529 4758 1768 4856 operibus
1822 4755 1943 4812 tuis.

353 4833 615 4892 Τίιξοιιι
641 4835 837 4890 Corda.
870 4837 944 4889 Ita
991 4837 1134 4904 loqui
1189 4835 1367 4906 placet
1421 4833 1714 4906 Lucifero:
1772 4841 1948 4906 neque

347 4907 510 5034 ῗιὶιὲι·
541 4908 726 4961 intra:
782 4905 842 4961 Si
895 4919 941 4962 te
990 4897 1150 4968 secuti
1193 4897 1458 4961 ienebram
1501 4905 1796 4976 fuissemus.
1841 4897 1949 4954 Ga-

370 4995 440 5032 an
487 5019 499 5032 .

370 4995 499 5032 anu.

422 5048 447 5086 ἀ
484 5049 637 5104 Vens.
673 5051 798 5104 Ant.
850 5049 980 5104 Eam
1178 5051 1399 5103 scientes
1594 5043 1952 5116 peccatoribus

351 5132 456 5185 est,
479 5121 704 5175 scelestis
849 5122 1138 5194 patricidiis
1165 5130 1214 5174 et
1240 5120 1570 5194 matricidiis,
1602 5117 1953 5174 masculorum

353 5194 792 5256 eoneubitsritus,
825 5191 1140 5258 homicidiis,
1173 5191 1472 5262 impudicis.

434 5274 457 5301 θ
489 5264 602 5319 Pro
639 5265 964 5335 φείιυεάφη.
997 5262 1104 5318 Til.
1162 5263 1315 5318 Vers.
1362 5263 1489 5322 Ant.
1543 5262 1734 5317 Eodem
1779 5267 1951 5335 autem

357 5346 585 5408 tempore
606 5330 816 5408 imntisit
847 5334 1079 5408 Herodes
1198 5335 1457 5404 afﬂigeret
1473 5335 1746 5404 quasdam.
1777 5330 1950 5390 Noce-

357 5419 438 5464 ret
463 5404 568 5477 pro
589 5407 933 5478 interﬁceret;
969 5406 1018 5458 la
1042 5404 1239 5459 Cerda.

443 5473 650 5533 (Vera.
675 5473 804 5532 Ant.
852 5476 1128 5548 ἕηκεν-ρισῆ
1277 5476 1456 5548 videns
1505 5473 1823 5548 autemquia
1846 5473 1960 5543 pla-

666 5590 754 5611 ...,
788 5543 1032 5620 apposuit
1063 5547 1452 5620 apprehendere
1494 5554 1545 5601 et
1585 5587 1596 5597 .
1635 5586 1668 5600 ..
1723 5543 1884 5612 Quem
1914 5551 1963 5596 et

361 5550 526 5604 citum
546 5560 622 5605 est

366 5623 744 5694 adprehensum
770 5617 1172 5694 :..._tradens...
1215 5617 1474 5674 custodire
1505 5631 1641 5670 eum.

444 5692 470 5738 8
496 5693 734 5746 Addidit.
767 5692 944 5746 Latin.

444 5761 472 5799 ιι
511 5763 685 5820 ϐτίυυ.
723 5767 1014 5838 ἀναγαγεῖν.
1047 5761 1198 5818 Vers.
1230 5760 1356 5816 Ant.
1389 5759 1684 5831 perducere.

2013 3311 2250 3382 angelus.
2288 3311 2355 3365 Et
2384 3309 2567 3366 Petrus
2599 3314 2652 3366 in
2678 3331 2730 3368 se
2757 3330 3033 3370 conuersus
3081 3319 3198 3371 ait:
3257 3316 3413 3373 Nunc
3451 3318 3462 3357 ¹
3519 3323 3627 3377 scio

2016 3404 2142 3475 quia
2168 3419 2283 3457 rere
2313 3404 2449 3457 misit
2481 3403 2738 3468 Dominus
2763 3407 3002 3480 angelum
3039 3425 3209 3474 suum,
3245 3421 3291 3465 et
3322 3413 3511 3484 eripuit
3550 3431 3630 3468 me

2020 3495 2085 3552 de
2109 3497 2340 3551 manibus
2367 3495 2612 3563 Herodis,
2665 3508 2714 3554 et
2761 3499 2824 3552 de
2873 3503 3012 3556 οηιηὶ
3054 3507 3432 3574 exspectatione
3471 3509 3634 3577 plebis

2021 3587 2329 3643 Iudaeorum
2353 3587 2514 3662 (Ibid.
2553 3589 2667 3661 10).
2700 3590 2865 3646 Facta
2895 3605 3061 3648 autem
3090 3595 3174 3650 die
3204 3598 3426 3652 turbatio
3455 3609 3492 3636 σε
3522 3611 3635 3655 erat

2030 3683 2162 3737 inter
2193 3682 2402 3750 milites,
2438 3684 2683 3753 quidnam
2731 3683 2918 3740 Petrus
2975 3692 3145 3758 [actus
3200 3702 3348 3746 esset.
3403 3691 3634 3750 Herodes

2032 3787 2206 3831 autem
2232 3792 2348 3830 cum
2378 3777 2695 3847 requisiisset
2725 3787 2752 3815 ιι
2780 3795 2916 3845 eum,
2950 3790 2994 3832 et
3025 3797 3126 3841 non
3157 3782 3448 3850 iurauisset,
3480 3787 3640 3841 inter-

2034 3880 2244 3942 rogatos
2291 3870 2529 3925 custodes
2560 3871 2719 3941 jussit
2748 3873 2870 3926 duci
2899 3872 3063 3944 (Ibid.
3116 3875 3226 3944 I8).
3278 3876 3522 3934 Similem
3585 3888 3638 3936 te

2039 3963 2114 4017 illi
2151 3963 2202 4016 in
2229 3963 2481 4017 omnibus
2513 3963 2760 4018 videmus
2786 3963 2899 4019 sive
2925 3965 2975 4019 in
3003 3966 3352 4035 crudelitate,
3409 3971 3524 4025 sive
3582 3972 3636 4032 in

2039 4054 2331 4125 Sacrilegio
2355 4071 2369 4123 ;
2396 4063 2456 4109 ut
2487 4055 2632 4110 enim
2660 4053 2753 4110 ille
2779 4055 3041 4111 JaCobmn
3076 4057 3290 4113 beatum
3333 4062 3638 4133 apostolum

2038 4144 2331 4210 interfecit,
2367 4146 2441 4200 ita
2466 4155 2518 4200 et
2549 4157 2602 4198 tu
2634 4145 2909 4216 ingentem
2970 4149 3371 4206 multitudinem
3403 4155 3637 4210 creden-

2042 4237 2196 4304 tium,
2227 4238 2390 4294 sicuti
2410 4238 2646 4293 credidit
2673 4237 2910 4294 Jacobus
2941 4243 3244 4310 apostolus,
3277 4245 3636 4314 interfecisti;

2043 4338 2102 4385 ut
2132 4331 2224 4386 ille
2256 4331 2307 4386 in
2340 4330 2546 4386 Jacobo
2574 4331 2825 4400 apostolo
2856 4332 2950 4386 Dei
2975 4334 3189 4390 unicum
3214 4339 3640 4406 persequebatur

2134 4467 2146 4504 ί
2182 4465 2342 4521 Vers.
2371 4465 2498 4519 Ant.
2531 4463 2717 4519 Petrus
2763 4467 2970 4534 quidem
3007 4468 3304 4523 servabatur
3459 4473 3640 4532 Oratio

2043 4548 2214 4598 autem
2235 4547 2365 4604 erat,
2389 4537 2702 4590 incessanter
2808 4537 2876 4590 ad
2902 4535 3139 4592 Deum...
3157 4539 3290 4594 Cum
3308 4547 3640 4603 autemvellet

2048 4609 2331 4690 Producere
2453 4617 2562 4690 erat
2596 4606 2783 4662 Petrus
2817 4609 3079 4690 dormiens
3105 4610 3238 4667 inter
3268 4614 3396 4670 duos
3427 4618 3620 4676 milites

2050 4662 2240 4754 ligatus
2265 4720 2329 4754 ..ς
2365 4679 2605 4754 custodes
2616 4690 2803 4754 autem
2821 4690 2939 4738 ante
2960 4662 3152 4754 ostium

2051 4749 2226 4824 diu;
2250 4749 2395 4824 fulsit
2426 4751 2482 4824 in
2509 4749 2850 4824 habitacula:
2868 4753 3140 4820 percussit,
3173 4766 3278 4812 etc.

2131 4824 2146 4875 i
2183 4820 2260 4876 Et
2280 4821 2526 4884 surrexit,
2558 4820 2714 4877 abest
2747 4835 2777 4876 a
2810 4821 2966 4879 Vers.
3000 4827 3129 4879 Ant.

2128 4893 2153 4932 ¹ι
2184 4894 2338 4968 "crs.
2368 4895 2498 4948 Ant.
2527 4891 2877 4950 Transeuntes
2914 4907 3084 4952 autem
3112 4899 3333 4968 primum
3359 4906 3645 4964 custodiam

2054 4981 2102 5025 et
2128 4965 2414 5021 secundum
2451 4974 2695 5025 uenerunt
2856 4983 2968 5035 quia
3020 4965 3158 5024 ultro
3296 4974 3363 5029 Et
3403 4987 3647 5032 exeuntes

2053 5037 2374 5095 transierunt
2527 5050 2758 5092 reversus
2789 5038 2840 5092 in
2870 5053 2923 5090 se
2950 5037 3080 5094 dixit
3236 5060 3411 5100 manu.

2137 5110 2152 5148 ι
2189 5107 2482 5186 (ἐφίει-..Νῦν
2536 5102 2648 5186 cide:
2677 5108 2871 5186 agnos;
2902 5106 3000 5186 ᾄτι.
3030 5111 3136 5186 591
3188 5111 3408 5170 Lucifer
3432 5117 3649 5186 legebat

2056 5182 2329 5256 transposi
2337 5181 2412 5256 tis
2437 5178 2683 5256 vocibus,
2706 5176 2785 5236 ὅτι
2805 5181 2998 5256 unus;
3017 5201 3030 5236 :
3050 5181 3206 5256 Nunc
3226 5187 3336 5241 scio
3361 5176 3644 5256 quia'uere,

2061 5269 2169 5330 nec
2191 5253 2238 5308 ἐν
2260 5250 2478 5330 ὁράματι
2515 5251 2832 5330 dumtaxat,
2867 5253 3004 5308 misit
3051 5251 3326 5330 Dominus.
3361 5250 3542 5320 Atque
3575 5250 3646 5316 ita

2063 5318 2510 5395 legisse'qu'oque
2554 5318 2978 5395 Chrysostomus
3029 5325 3371 5394 perhibetur.
3422 5318 3647 5392 Galuud.

2063 5392 2200 5450 Vide
2223 5392 2435 5465 Chrys.
2458 5392 2809 5465 Ιιοιῃηὲϐςίη
2839 5398 2967 5446 Acta
3002 5392 3190 5464 Apost.

2132 5477 2172 5549 in
2197 5463 2354 5549 vers,
2381 5463 2824 5549 fittt:’Tt'ibulatio
2842 5480 2944 5517 non
2951 5463 3193 5549 minima.
3217 5468 3394 5537 ϐιαιο.
3417 5476 3655 5549 τάραχος

2063 5538 2354 5617 “lima!”
2381 5533 2557 5617 “'9”:
2585 5541 2648 5586 ’θί
2675 5532 2907 5606 ἐγένετο,
2941 5535 3109 5605 lactus
3130 5553 3256 5599 esset
3280 5533 3298 5607 ’.
3331 5534 3446 5601 ubi
3484 5532 3657 5617 't'nc’iu's

2069 5618 2143 5664 est
2176 5610 2228 5663 in
2267 5608 2421 5662 Vers.
2456 5608 2583 5660 Ant.

2143 5690 2169 5764 ι)
2200 5679 2358 5736 Vers.
2396 5680 2522 5732 Ant.
2559 5676 2838 5747 Requirens
2861 5693 2983 5738 cuin,
3006 5692 3054 5734 et
3093 5699 3194 5740 non
3225 5685 3514 5758 inveniens,
3550 5677 3675 5746 dis:

2073 5767 2304 5824 quirens.
