4148 6186
638 176 745 233 903

1738 178 2056 238 LUCIFERI
2095 177 2409 238 EPISCOPI
2444 181 2865 243 CALARITANI
3812 189 3891 245 9M

634 292 857 358 Filium,
885 293 1038 349 itaet
1066 300 1145 359 tu,
1177 294 1316 350 etin
1342 293 1469 351 illos
1494 294 1764 366 quosjam
1793 296 2118 352 interemisti
2144 337 2159 363 ,
2185 304 2240 351 et
2267 297 2531 367 AUdid.
2569 299 2705 371 11),
2750 310 2806 355 et
2852 298 3101 356 nesciens
3146 299 3217 353 sit
3263 312 3378 371 quo
3425 308 3649 371 pergat,
3690 300 3898 358 videlicet

636 383 690 440 in
718 400 839 452 nos,
868 400 1004 456 quos
1032 388 1405 458 persequeris.
1437 387 1637 444 lterum
1670 394 1721 445 te
1754 399 1808 445 et
1841 389 2159 445 instruimus
2187 398 2241 445 et

634 476 941 541 hortamur,
974 486 1031 531 nt
1076 478 1269 536 redeas
1320 478 1386 534 ad
1420 480 1518 535 Dei
1570 481 1863 537 ecclesiam
1914 482 2242 553 desiuasque

632 570 743 641 jam
779 572 1029 640 persequi
1057 572 1444 642 Athanasium,
1477 576 1558 631 vel
1608 591 1709 632 nos
1739 577 2003 633 facientes
2052 588 2241 634 eontra

636 673 784 721 tuam
807 664 1087 732 lueresim,
1118 680 1186 721 ne
1216 667 1379 723 istius
1408 667 1646 723 Herodis
1676 669 1931 740 exemplo
1972 669 2243 739 disperire

632 754 888 826 incipias;
918 756 1072 827 cujus
1104 759 1386 813 interitum
1413 759 1656 829 loquitur
1688 775 1841 816 sacra
1864 762 2132 831 scriptura
2161 761 2245 816 di-

635 865 768 906 cens
799 869 812 906 :
854 850 1134 907 Descendit
1174 870 1205 905 a
1232 851 1423 908 Indica
1475 853 1709 910 Cwsarea
1733 864 1779 924 ⁸,
1812 856 1984 927 ibique
2030 857 2238 911 mansit.

638 940 770 997 Erat
796 954 969 997 autem
999 944 1216 1015 infestus
1259 944 1431 1016 Tyriis
1472 956 1517 1000 et
1566 946 1961 1002 Sidoniensibus
1993 965 2004 1002 :
2036 958 2083 1000 et
2112 965 2245 1001 una-

638 1038 800 1092 nimes
836 1048 1079 1093 venerunt
1108 1039 1177 1091 ad
1208 1055 1344 1102 eum,
1373 1049 1423 1094 et
1451 1056 1697 1109 persuaso
1724 1039 1925 1107 Blasio,
1957 1041 2046 1111 qui
2072 1050 2182 1094 erat
2211 1057 2244 1093 a

638 1129 873 1185 cubiculo
928 1132 1086 1204 regis,
1143 1130 1470 1200 postulabant
1517 1149 1715 1204 pacem,
1748 1150 1806 1187 eo
1832 1135 1971 1204 quod
2010 1136 2245 1204 regiones

638 1236 819 1277 eorum
843 1222 907 1276 de
931 1224 1074 1295 regia
1103 1225 1385 1277 alerentur.
1423 1223 1635 1280 Statuto
1665 1235 1839 1278 autem
1878 1225 1962 1279 die
2013 1224 2244 1279 Herodes

640 1316 847 1370 vestitus
874 1325 1004 1369 veste
1030 1315 1194 1384 regali
1214 1316 1345 1371 sedit
1369 1333 1463 1386 pro
1486 1317 1751 1381 tribunali,
1776 1328 1824 1373 et
1848 1317 2246 1372 concionabatur

639 1409 709 1464 ad
734 1426 841 1465 eos.
874 1407 1112 1481 Populus
1134 1418 1308 1464 autent
1357 1409 1653 1465 clamabat:
1707 1409 1804 1465 Dei
1849 1426 2016 1477 voces,
2046 1419 2093 1463 et
2142 1426 2246 1463 non

640 1500 881 1556 hominis.
954 1499 1242 1572 Coafestim
1295 1510 1468 1555 autem
1530 1503 1781 1570 percussit
1852 1518 1967 1555 eum
2034 1500 2246 1571 angelus

640 1594 872 1658 Domini,
904 1596 1027 1665 quia
1054 1612 1157 1649 non
1183 1594 1325 1649 dedit
1345 1594 1593 1648 honorem
1624 1593 1756 1659 Deo,
1786 1607 1833 1648 et
1856 1595 2104 1650 vermibus
2133 1611 2247 1649 sca-

2345 391 2468 459 quia
2526 391 2762 446 tenebrm
2790 391 3065 447 violentia:
3110 392 3305 447 oculos
3354 392 3477 461 ejus
3516 404 3900 460 excaecarerunt,

2345 483 2470 553 quid
2518 484 2562 538 si
2602 484 2938 541 interfecerit
2977 484 3100 555 quis
3139 484 3371 540 fratrem
3402 484 3732 555 suum?quid
3756 487 3794 541 si
3824 487 3903 542 ho-

2348 576 2541 631 micida
2599 576 2817 633 fuerit?
2856 576 2964 634 Sed
3019 577 3119 633 tibi
3175 577 3313 633 nihil
3368 577 3589 633 videtur
3610 578 3897 635 homicida:i

2346 671 2436 739 qui
2497 678 2768 726 tantorum
2811 671 2906 727 Dei
2946 686 3228 728 servorum
3262 672 3533 727 inveniris
3577 671 3769 727 fudisse
3806 688 3905 727 san-

2345 761 2584 831 guinem.
2610 760 2803 831 Audes
2843 762 2961 818 haec
3011 764 3105 818 Dei
3148 762 3352 833 jubere
3403 761 3763 818 sacerdotibus
3793 762 3907 819 face-

2348 870 2439 921 re,
2466 871 2585 926 qua:
2614 856 2715 911 soli
2749 866 2876 912 sunt
2899 856 3094 927 placita
3122 858 3260 928 patri
3290 866 3480 911 vestro
3506 856 3736 919 diabolo.
3758 866 3809 912 et
3833 874 3906 913 vo-

2349 948 2432 1003 bis
2486 950 2699 1004 Arianis
2744 949 2870 1004 ﬁliis
2914 951 3054 1020 ejus.
3107 949 3372 1005 Hortatur
3406 951 3537 1005 item
3578 950 3908 1005 sanctissimus

2347 1040 2625 1112 apostolus
2677 1052 2730 1095 ut
2774 1041 3002 1112 justitiaa
3057 1043 3161 1098 iter
3216 1050 3475 1098 tenentes
3526 1040 3578 1096 in
3630 1051 3904 1111 perpetuam

2348 1146 2657 1187 mereamur
2683 1134 2939 1187 constitui
2981 1134 3259 1204 requiem;
3314 1142 3374 1188 et
3416 1141 3472 1187 tu
3515 1132 3596 1186 vir
3619 1132 3908 1198 sapientissi—

2350 1238 2468 1278 mus
2489 1224 2771 1293 compcllis
2788 1240 2886 1280 nos
2908 1224 2975 1279 ad
2994 1235 3227 1280 mternos
3246 1226 3443 1281 venire
3463 1234 3635 1279 tecum
3656 1228 3902 1280 cruciatus.

2352 1316 2499 1381 Filii,
2525 1334 2671 1373 nemo
2696 1335 2781 1373 vos
2804 1319 2954 1388 fallat
2980 1320 3028 1372 :i
3061 1320 3149 1387 qui
3172 1320 3297 1389 facit
3314 1319 3777 1391 justitiam,iustas
3789 1316 3903 1377 esti;

2349 1410 2436 1480 qui
2456 1420 2626 1464 autem
2651 1412 2777 1483 facit
2800 1402 3067 1480 peccatum
3092 1428 3122 1464 a
3146 1411 3357 1466 diabolo
3382 1424 3489 1477 est,
3518 1410 3747 1480 quoniam
3776 1409 3903 1478 origi-

2350 1521 2412 1558 ne
2444 1502 2460 1541 1
2492 1505 2727 1560 diabolus
2755 1514 2950 1575 peccat.
2978 1506 3053 1557 Ad
3076 1505 3171 1558 hoc
3196 1504 3334 1558 enim
3359 1504 3654 1557 declaratus
3678 1513 3743 1557 est
3773 1499 3809 1554 F
3813 1502 3903 1553 ilius

2349 1595 2466 1662 Dei,
2492 1606 2546 1650 ut
2576 1597 2789 1651 solveret
2820 1612 2975 1667 opera
3001 1595 3198 1651 diaboli
3231 1594 3405 1667 (Ibid.
3426 1611 3509 1659 ιιι,
3535 1592 3612 1663 7).
3639 1593 3788 1663 Igitur
3807 1606 3898 1647 cum

642 1701 750 1744 lens
791 1691 1072 1760 exspiravit
1128 1688 1294 1761 (Ibid.
1350 1690 1464 1760 l9).
1515 1690 1810 1761 lgnorabas
1843 1699 1895 1744 tu
1930 1730 1946 1757 ,
1999 1689 2090 1760 qui
2114 1687 2142 1726 ι)
2192 1697 2243 1744 te
2273 1689 2321 1750 B
2347 1689 2557 1745 dicatur
2585 1691 2653 1745 ab
2675 1691 2920 1762 apostolo
2940 1732 2955 1756 ,
2986 1692 3110 1761 quia
3139 1692 3207 1745 sit
3239 1701 3530 1760 peccatum
3559 1703 3588 1743 a
3614 1687 3837 1755 diabolo,
3860 1694 3899 1741 et

641 1783 1015 1855 legisperitum
1066 1784 1148 1840 vis
1202 1784 1423 1850 videri,
1492 1784 1697 1840 dixisse
1756 1783 2022 1839 Joannem
2086 1797 2247 1853 apos-

641 1880 811 1935 tolum
858 1891 904 1945 ε,
930 1889 988 1934 ιιι
1014 1895 1138 1935 cum
1165 1879 1380 1935 diceres
1406 1875 1457 1941 ἀ,
1492 1878 1748 1932 Damnate
1773 1880 2130 1933 innocentem:
2160 1874 2247 1933 Ea:

648 1983 669 2010 θ
704 1975 802 2028 hoc
828 1973 1163 2044 intelligimus
1189 1975 1437 2049 quoniam
1463 1972 1794 2045 cognovimus
1824 1987 1972 2037 eum,
2004 1970 2049 2026 si
2092 1987 2246 2024 man-

641 2068 764 2123 data
789 2072 901 2142 ejus
930 2084 1210 2123 servemus.
1241 2067 1341 2133 Qui
1363 2075 1535 2120 autem
1557 2064 1721 2119 dicit:
1741 2063 2000 2130 Quoniam
2032 2063 2245 2134 cognovi

642 2180 789 2229 eum,
810 2172 859 2217 et
889 2162 1138 2216 mandata
1161 2162 1273 2232 ejus
1294 2178 1395 2214 non
1423 2159 1669 2224 custodit,
1702 2158 1926 2215 mendas:
1974 2168 2085 2225 est,
2118 2168 2165 2212 et
2193 2158 2247 2213 in

646 2259 740 2313 hoc
767 2260 953 2312 veritas
974 2274 1079 2311 non
1108 2265 1201 2310 est.
1224 2255 1326 2323 Qui
1351 2263 1525 2309 autem
1552 2246 1863 2308 servaverint
1885 2254 1999 2323 ejus
2015 2253 2244 2317 verbum,

645 2364 761 2404 vere
791 2350 855 2404 ab
882 2350 955 2403 eis
985 2347 1210 2402 charitas
1241 2344 1340 2400 Dei
1360 2355 1713 2401 consummata
1735 2355 1809 2400 est
1841 2345 2134 2415 (IJoan.u,
2165 2342 2242 2417 '5).

642 2442 725 2499 Tu
774 2444 888 2498 fieri
944 2440 1196 2512 praecipis
1241 2449 1446 2502 contra.
1478 2439 1578 2495 Dei
1632 2439 1946 2494 mandatum
1979 2462 1990 2495 :
2023 2447 2080 2494 et
2117 2454 2248 2517 con~

643 2547 727 2594 tra
742 2537 1028 2608 apostolus
1048 2534 1215 2602 dicit,
1241 2535 1366 2606 quia
1390 2534 1479 2605 qui
1504 2547 1611 2588 non
1636 2532 1959 2588 custodierit
1980 2541 2247 2603 praecepta

643 2633 796 2703 ejus,
831 2646 933 2688 nec
968 2629 1189 2702 quidem
1223 2628 1539 2700 cognoverit
1585 2642 1741 2692 eum;
1785 2627 1939 2696 quia,
1972 2624 2174 2696 inquit,
2201 2624 2246 2680 si

644 2725 826 2784 dicat:
856 2726 1084 2799 Cognovi
1129 2740 1284 2790 eum,
1318 2733 1364 2778 et
1394 2721 1643 2777 mandata
1683 2724 1796 2795 ejus
1840 2736 1943 2774 non
1987 2718 2245 2785 custodit,

644 2820 871 2876 mendas:
898 2828 1016 2885 est,
1045 2827 1093 2872 et
1128 2817 1182 2871 in
1221 2816 1318 2871 eof
1348 2816 1534 2869 veritas
1573 2830 1676 2868 non
1717 2822 1791 2869 est
1829 2811 1995 2884 (Ibid.
2020 2810 2099 2882 4).
2154 2809 2249 2865 Vis

642 2930 742 2968 nos
770 2927 894 2968 esse
934 2910 1229 2967 mendaces
1250 2950 1264 2974 ,
1298 2908 1379 2963 vis
1412 2907 1714 2965 homicidas
1747 2907 1981 2963 inveniri
2033 2905 2100 2960 ad
2145 2905 2249 2961 hoc

642 3006 764 3063 sine
804 3004 973 3060 dubio
1007 3017 1075 3058 ne
1117 3000 1413 3057 Christiani
1467 3016 1594 3057 esse
1646 2998 2011 3070 reperiamur.
2060 2996 2247 3067 Neque

2350 1794 2406 1841 tu
2436 1787 2733 1857 compellas
2758 1801 2858 1842 nos
2883 1786 3107 1841 crimina
3138 1784 3397 1856 capitalia
3421 1783 3775 1848 committere,
3802 1780 3896 1851 quid

2349 1886 2403 1933 te
2432 1878 2577 1933 aliud
2608 1892 2827 1948 possum
2863 1877 3076 1945 dicere,
3123 1877 3225 1932 nisi
3271 1886 3679 1955 procuratorem
3704 1872 3895 1929 diaboli?

2348 1987 2473 2027 eum
2501 1986 2664 2042 quem
2694 1972 2906 2027 videam
2939 1972 3013 2027 ita
3044 1972 3162 2042 ejus
3192 1971 3430 2043 diligere
3481 1984 3666 2025 causas
3685 2008 3699 2035 ,
3724 1967 3786 2022 ita
3808 1966 3892 2036 ejus

2349 2065 2535 2121 colere
2566 2080 2713 2131 rem,
2750 2072 2810 2119 ut
2839 2075 3067 2121 cunctos
3103 2080 3202 2119 nos
3234 2064 3289 2119 in
3334 2064 3457 2134 ejus
3508 2061 3688 2131 cupias
3709 2059 3892 2114 inveniri

2350 2168 2523 2229 parte.
2569 2158 2723 2216 Unde
2747 2160 2949 2215 ctenim
2981 2175 3199 2216 onmem
3229 2159 3328 2215 Dei
3362 2158 3623 2214 cultorem
3662 2153 3891 2224 compellis

2349 2252 2414 2307 ad
2445 2253 2619 2324 ipsum
2667 2252 2847 2310 facere
2889 2255 3212 2318 transitum,
3245 2253 3354 2307 nisi
3405 2252 3532 2322 quia
3575 2248 3810 2319 delegeris
3835 2244 3891 2298 fa-

2349 2359 2475 2400 vere
2505 2345 2645 2415 parti
2672 2346 2951 2415 ejusdem?
2975 2345 3145 2401 Audis
3162 2346 3349 2400 dicere
3374 2344 3589 2399 beatum
3607 2339 3885 2412 apostolum:

2354 2436 2555 2491 Idcirco
2580 2437 2870 2492 declaratus
2890 2447 2964 2492 est
2986 2435 3036 2489 F
3038 2438 3158 2492 ilius
3176 2436 3276 2491 Dei
3300 2479 3315 2503 ,
3347 2445 3402 2490 ut
3430 2435 3639 2490 solveret
3658 2447 3788 2502 opera
3804 2428 3888 2481 dia-

2349 2531 2455 2586 boli
2485 2530 2650 2603 (Ibid.
2696 2530 2785 2603 8);
2842 2540 2896 2587 et
2943 2541 2998 2586 tu
3058 2531 3135 2586 sis
3176 2546 3381 2602 urgens
3413 2528 3511 2584 Dei
3550 2526 3764 2583 cultores
3786 2534 3885 2589 opus

2349 2641 2730 2682 consummare
2755 2625 2983 2682 diaboli.
3013 2625 3145 2681 Cum
3191 2627 3312 2681 haec
3332 2624 3481 2697 agis,
3523 2634 3691 2677 nonne
3730 2613 3883 2669 videris

2350 2721 2781 2793 impugnatorem
2805 2730 2858 2776 te
2878 2720 3231 2776 constituisse
3253 2719 3378 2790 ejus
3397 2758 3413 2782 ,
3431 2717 3521 2788 qui
3544 2712 3743 2769 solverit
3759 2720 3881 2777 opera

2350 2814 2588 2870 diaboli?
2617 2814 2722 2870 Sed
2769 2830 2873 2871 non
2916 2812 3221 2869 mirandum
3251 2813 3299 2869 si
3329 2810 3563 2880 elegeris
3592 2816 3647 2862 ut
3670 2819 3770 2877 qua:
3803 2799 3882 2853 dis-

2350 2907 2514 2961 solvit
2530 2906 2720 2962 unicus
2735 2906 2905 2962 Filius
2926 2906 3042 2972 Dei,
3062 2906 3179 2961 haec
3206 2905 3429 2975 possint
3453 2895 3745 2959 rexedilicari
3765 2907 3837 2963 Per
3848 2899 3884 2943 ιθ

2353 3000 2560 3055 Dialioli
2592 3000 2908 3067 satellitem,
2937 2999 3388 3071 quandoquidem
3423 3013 3521 3053 nec
3549 2997 3704 3064 ipsum
3732 2998 3881 3056 uelim

644 3100 791 3158 enim
835 3097 1129 3154 mendaces
1158 3138 1171 3162 ,
1217 3111 1394 3167 neque
1438 3069 1726 3150 homicidas
1766 3104 1891 3149 sunt
1921 3092 2240 3149 Christiani.
2274 3069 2318 3133 (ἶ
2349 3092 2712 3161 dubitaveris,
2737 3093 2826 3164 qui
2858 3069 2996 3163 opus
3043 3092 3246 3148 diaboli
3276 3088 3629 3148 destruxerit.
3672 3085 3782 3140 Illuc
3815 3074 3882 3131 tibi

645 3191 945 3265 Apostolus
971 3189 1136 3245 dicit:
1161 3186 1586 3256 Quiservaverint
1603 3190 1719 3260 ejus
1740 3185 1968 3250 verbum,
1987 3201 2101 3240 vere
2128 3201 2249 3240 con-

643 3296 903 3345 summata
922 3294 996 3342 est
1017 3282 1245 3339 charitas
1265 3279 1365 3338 Dei
1381 3282 1522 3354 apud
1542 3282 1661 3336 illos
1677 3290 1702 3328 8
1733 3279 1842 3352 (Ib.
1857 3279 1945 3350 5);
1964 3288 2018 3335 et
2038 3289 2249 3349 aposta-

649 3393 698 3439 ta
720 3396 1028 3452 precursor
1048 3379 1356 3437 antichristi
1376 3379 1542 3434 dicis:
1563 3378 1882 3444 Quicumque
1901 3394 2004 3431 non
2026 3376 2249 3431 custodit

644 3475 891 3531 mandata
912 3474 1077 3537 illius,
1096 3473 1247 3527 vivet.
1271 3471 1483 3538 Adhuc,
1502 3471 1602 3538 Qui
1619 3471 1741 3525 dicit
1768 3487 1822 3525 se
1842 3471 1893 3524 in
1906 3471 2097 3525 lumine
2117 3487 2248 3537 esse,

646 3569 851 3640 inquit,
878 3576 924 3623 et
950 3571 1163 3639 fratrem
1201 3582 1352 3620 suum
1393 3565 1534 3631 odit,
1554 3565 1607 3619 in
1640 3564 1857 3619 tenebris
1879 3574 1953 3618 est
1976 3580 2138 3634 usque
2151 3564 2242 3616 ad~

647 3662 767 3716 huc.
800 3659 902 3726 Qui
932 3667 1106 3714 autem
1131 3667 1271 3711 amat
1301 3660 1517 3728 fratrem
1543 3674 1691 3713 suum
1709 3699 1723 3723 ,
1746 3658 1801 3711 in
1828 3655 2021 3712 lumine
2049 3673 2249 3729 perma-

646 3762 730 3809 net
753 3794 769 3818 ,
795 3762 844 3809 et
865 3752 1171 3807 scandalum
1192 3768 1296 3806 non
1317 3761 1392 3806 est
1408 3751 1462 3804 in
1490 3766 1571 3810 eo.
1594 3750 1697 3817 Qui
1717 3760 1887 3806 autem
1910 3751 2017 3806 odit
2038 3755 2249 3822 fratrem

645 3861 826 3910 suum,
867 3843 972 3899 inll
996 3844 1215 3901 tenebris
1255 3844 1520 3911 ambulat,
1561 3853 1611 3899 et
1654 3847 1813 3900 nescit
1840 3861 1942 3915 quo
1982 3855 2092 3912 eat,
2124 3861 2252 3917 quo-

650 3937 792 3991 niam
819 3937 1040 3992 tenebrte
1099 3936 1497 3992 obscuraverunt
1524 3952 1611 3991 cor
1640 3940 1756 4009 ejus
1784 3936 1946 4009 (Ibid.
1988 3936 2065 4010 9).
2114 3938 2250 4006 Quid

645 4044 676 4083 a
701 4038 755 4084 te
802 4029 1099 4084 tenebroso
1128 4031 1332 4099 poterit
1356 4029 1463 4084 dici
1492 4030 1561 4083 ad
1592 4029 1743 4084 haec?
1774 4043 1873 4084 cur
1903 4030 1956 4084 in
1991 4030 2246 4086 tenebras

643 4121 992 4186 constitutus,
1025 4136 1131 4176 non
1161 4122 1214 4175 in
1237 4120 1441 4176 lumine
1470 4120 1608 4177 dicis
1636 4137 1649 4172 :
1677 4119 1829 4175 Odite
1863 4138 2063 4176 mecum
2088 4134 2136 4177 et
2158 4140 2243 4179 vos

645 4228 761 4268 eum
780 4229 933 4285 quem
951 4228 1046 4284 ego
1069 4214 1261 4285 injuste
1280 4213 1368 4267 odi
1384 4253 1399 4279 ,
1416 4222 1575 4268 estote
1608 4214 2005 4286 comparticipes
2031 4217 2248 4273 insaniae

649 4321 775 4362 mete
793 4347 809 4373 ,
838 4315 999 4361 estote
1023 4316 1078 4362 ut
1107 4321 1201 4378 ego
1227 4307 1385 4362 etiam
1414 4322 1503 4360 vos
1525 4305 1821 4362 homicidia.
1857 4306 2062 4364 Deinde
2091 4310 2137 4363 si
2161 4310 2246 4381 di-

643 4403 752 4471 cit,
779 4402 906 4475 quia
933 4404 1025 4473 qui
1053 4401 1164 4457 odit
1193 4405 1407 4473 fratrem
1447 4418 1631 4468 suum,
1688 4402 1744 4457 in
1766 4401 1984 4457 tenebris
2017 4402 2247 4459 ambulat

2347 3193 2431 3240 est
2462 3199 2559 3255 pro
2586 3184 2759 3240 nihilo
2787 3200 3036 3240 cruorem
3068 3183 3295 3240 fundere
3323 3181 3655 3243 innocentis,
3681 3174 3783 3246 quia
3799 3172 3880 3239 jam

2350 3279 2719 3335 innocentium
2747 3287 3046 3335 amatorem
3070 3287 3126 3334 et
3147 3294 3379 3334 suorum
3412 3278 3664 3334 cultorum
3687 3266 3881 3323 defenso-

2351 3388 2463 3428 rem
2497 3389 2701 3444 negans
2737 3374 3034 3429 contuleris
3074 3383 3242 3429 temet
3271 3372 3337 3428 ad
3381 3386 3535 3436 eum,
3568 3366 3628 3423 ad
3670 3373 3792 3431 quem
3832 3366 3879 3407 se

2351 3466 2645 3523 contulerit
2680 3466 2931 3523 Scarioth
2959 3466 3146 3523 Judas.
3179 3466 3236 3523 Si
3268 3468 3460 3539 itaque
3491 3474 3673 3533 negare
3697 3468 3781 3509 non

2356 3571 2468 3627 tes,
2506 3561 2629 3633 quia
2667 3575 2801 3631 opus
2827 3560 2899 3615 sit
2934 3560 3135 3616 diaboli
3161 3559 3268 3616 viri
3302 3560 3447 3630 jusd
3479 3556 3684 3613 fundere
3705 3555 3877 3613 sangm’

2355 3669 2479 3711 nem
2504 3695 2519 3722 ,
2550 3655 2737 3724 utique
2776 3664 2861 3709 est
2887 3654 3093 3709 clarum
3135 3663 3185 3709 te
3214 3653 3425 3710 diaboli
3456 3664 3611 3723 opera
3635 3643 3817 3701 fecisse.
3838 3640 3877 3687 ει

2356 3766 2477 3818 nos,
2505 3759 2566 3805 ut
2584 3749 2905 3818 faceremus,
2920 3749 3217 3805 hortatum.
3241 3748 3445 3806 Adhuc
3466 3746 3681 3817 loquitur
3695 3735 3873 3791 Joanntﬁ

2360 3845 2469 3901 Deo
2496 3846 2900 3901 amantissimus
2918 3853 2977 3900 ut
3007 3847 3239 3901 fraterna
3266 3846 3524 3901 inviolata
3548 3841 3761 3895 teneatur
3780 3822 3874 3879 cha-

2357 3939 2489 3992 ritas
2517 3980 2531 4005 ,
2564 3934 2752 3994 dicens
2786 3956 2798 3991 :
2833 3938 2918 3993 Ea:
2954 3937 3051 3994 hoc
3076 3948 3326 4008 apparent
3363 3938 3495 3993 Filii
3517 3932 3605 3989 Dei
3631 3939 3670 3985 el
3691 3917 3871 4012 ﬁlim“:

2354 4030 2479 4084 boli.
2515 4030 2695 4086 Omnis
2715 4032 2801 4101 qui
2827 4047 2929 4086 non
2956 4042 3028 4086 est
3048 4035 3226 4105 justus
3249 4072 3265 4098 ,
3300 4039 3501 4086 nonest
3528 4042 3587 4081 ex
3612 4020 3730 4081 θεον
3751 4021 3790 4111 ξ’

2354 4142 2457 4182 non
2478 4135 2619 4180 amat
2648 4130 2864 4199 fratrem
2887 4104 3060 4193 suum,
3088 4127 3332 4197 quoniam
3346 4126 3460 4182 Iure
3480 4130 3549 4178 est
3574 4104 3868 4199 reproniissia’l

2352 4238 2508 4294 quam
2531 4197 2750 4277 audistis
2780 4222 2843 4276 ab
2894 4222 3074 4288 initio,
3105 4231 3162 4275 ut
3191 4237 3427 4276 amemus
3456 4228 3484 4255 ιι
3505 4215 3801 4270 alterutram,
3834 4197 3871 4242 ιι

2352 4330 2453 4368 non
2470 4315 2602 4369 sicut
2619 4314 2747 4369 Cain
2768 4316 2856 4385 qui
2879 4323 2902 4349 ο
2932 4330 2995 4369 ea:
3021 4314 3244 4386 maligno
3268 4314 3369 4385 fuit
3394 4298 3442 4368 ἁ
3462 4295 3867 4373 interfecl‘lmm’"

2351 4425 2521 4463 suum.
2554 4408 2623 4462 Et
2665 4417 2871 4479 prapter
2900 4408 3024 4478 quid
3050 4408 3305 4479 interfecit
3336 4406 3493 4463 eum?
3517 4393 3739 4469 Quoniam
3755 4387 3869 4451 θρίω

719 4580 849 4664 {In
871 4580 1157 4664 Ciesatream
1186 4580 1529 4664 legitSabat.
1556 4580 1714 4664 vers.
1750 4582 1878 4664 Ant.
1912 4582 2238 4664 Descendens
2266 4591 2320 4653 Ι)
2343 4588 2573 4664 ambulat
2596 4596 2691 4664 ,jet
2713 4589 3314 4664 excucurreruntpculos
3342 4595 3477 4664 ejus.

648 4651 712 4706 ab
738 4650 869 4706 Iud.
904 4654 959 4726 in
984 4653 1131 4726 Cres.
1174 4654 1468 4707 morabatur
1615 4652 1848 4709 Herodes
1869 4656 2055 4709 animis
2080 4656 2243 4726 infes-

650 4732 733 4797 tus
897 4722 1166 4797 Sidoniis:
1191 4726 1464 4797 unanimes
1497 4734 1669 4777 autem
1835 4742 1987 4797 super
2025 4722 2239 4781 cubicu-

649 4792 760 4847 lum
903 4793 1131 4865 civitates
1163 4830 1248 4865 ....
1274 4796 1487 4847 indutus
1508 4805 1692 4849 vestem
1730 4792 1957 4865 regalem
1985 4808 2033 4851 et
2060 4799 2241 4853 sedens

772 4863 1150 4937 succlamabat:
1199 4863 1292 4917 Dei
1328 4879 1426 4918 vos:
1594 4881 1653 4919 eo
1694 4863 1835 4937 quod
1877 4884 1979 4922 non
2022 4869 2243 4926 dedisset

650 4934 874 5007 gloriam
903 4933 1031 5000 Deo,
1059 4943 1109 4987 et
1121 4945 1457 5007 consumptus
1476 4951 1631 4990 verm.

722 5006 751 5047 ι)
786 5005 920 5080 \_lide
944 5016 1066 5080 not.
1098 5009 1152 5060 in
1181 5006 1277 5080 lib.
1305 5005 1634 5080 Moriendum
1654 5025 1747 5080 pro
1775 5008 1917 5065 Filio
1943 5009 2062 5067 Dei.

728 5089 751 5147 ς
784 5076 1002 5133 Beatum
1034 5076 1358 5147 Apostolum.
1396 5077 1568 5134 Vatic.

725 5146 752 5186 ἀ
770 5148 837 5206 Ut
851 5150 1067 5225 diceres.
1084 5146 1176 5203 rld.
1200 5149 1537 5225 Sensus_est_;
1565 5151 1838 5219 ignorabas
1855 5195 1870 5219 ,
1891 5170 2007 5225 eum
2029 5156 2249 5225 diceres,

649 5221 913 5278 Damnate
928 5219 1531 5281 innocentem,dia:isse1
1536 5237 1751 5275 oannem
1766 5224 1927 5278 eti-.U
1936 5237 1950 5275 ι
1964 5219 2249 5285 redundat;

728 5303 751 5331 ε
778 5292 959 5348 Graec.
1001 5296 1084 5370 Ξαὶ
1112 5292 1161 5346 ἐν
1197 5290 1736 5370 ’τούτῳκγίνωᾳκομεν
1764 5335 1779 5358 ,
1841 5292 1919 5350 ὅτι
1970 5298 2252 5370 ἐγνώκαμεν

653 5362 831 5427 «urbe,
860 5374 957 5438 etc.
1001 5363 1152 5438 Vens.
1176 5361 1436 5438 Ants'Et
1455 5367 1508 5438 in
1540 5361 2017 5438 hoc'cognoscimus
2048 5361 2182 5435 eum,
2207 5373 2251 5426 si

651 5437 1047 5491 servaverimus.
1084 5434 1186 5500 Qui
1229 5436 1353 5490 dicit
1396 5435 1517 5505 quia
1558 5434 1792 5502 cognovit
1959 5451 2125 5497 servat

654 5508 927 5563 servaverit
956 5548 995 5562 ..
1009 5546 1045 5560 ..
1077 5508 1131 5560 in
1153 5506 1248 5560 hoc
1267 5507 1489 5573 perfecta
1510 5517 1586 5561 est
1616 5507 1822 5564 dilectio
1843 5507 1961 5566 Dei.

732 5575 750 5615 ί
786 5580 963 5639 Supra
991 5578 1047 5632 in
1071 5576 1169 5632 hoc
1197 5579 1341 5634 idem
1374 5577 1544 5633 Lucil.

728 5657 753 5720 ει
783 5648 861 5720 41)
888 5650 961 5703 eis
989 5649 1343 5720 idem_§upra.

729 5713 756 5756 ¹³
790 5716 944 5774 Vers.
968 5719 1098 5775 Aut.
1122 5713 1266 5775 Nam
1293 5722 1383 5792 qui
1406 5721 1462 5778 in
1487 5722 1707 5780 tenebris
1726 5733 1802 5780 est
1824 5766 1839 5792 ,
1868 5735 1919 5780 et
1946 5727 2001 5782 in
2028 5727 2246 5786 tenebris

2423 4659 2437 4695 ί
2482 4658 2777 4712 Homicida.
2812 4659 2994 4715 Latin.
3018 4671 3073 4716 et
3102 4660 3334 4717 Galand.

2420 4732 2433 4779 i
2475 4729 2630 4785 Vers.
2662 4734 2792 4785 Ant.
2821 4730 3052 4785 Filioli..
3087 4772 3100 4785 .
3129 4731 3363 4789 seducat.

2417 4799 2441 4838 ¹⁶
2476 4801 2643 4878 Addit
2678 4801 2837 4878 Vers.
2862 4802 2992 4857 Aut.
3041 4803 3190 4878 Sicut
3227 4814 3275 4858 et
3319 4805 3409 4861 ille
3443 4807 3611 4878 justus
3654 4802 3746 4855 est;
3776 4792 3862 4853 qui“

2348 4882 2530 4945 tamen
2559 4873 2763 4945 desunt
2797 4875 2846 4945 in
2874 4890 3005 4929 mss.
3040 4875 3388 4945 quibusdam.

2427 4944 2442 4981 ι
2470 4943 2622 5000 Vers.
2640 4943 2768 4998 Ant.
2794 4944 2929 5009 Quia
2948 4945 3010 4998 ab
3031 4942 3226 5002 initio"
3240 4991 3245 4997 .
3259 4988 3273 5002 .
3297 4946 3361 5002 In
3382 4948 3476 5003 hoc
3489 4942 3859 5011 manifestatum

2348 5016 2542 5089 solvat.
2565 5014 2783 5089 Lucifer
2799 5002 2929 5089 ipse
2947 5016 3123 5089 habet
3152 5019 3235 5072 inl‘
3236 5034 3293 5073 ra
3313 5002 3503 5074 idcirco
3532 5002 3629 5089 pro'
3646 5006 3703 5062 ad
3714 5002 3812 5089 [ρξ’

2431 5086 2466 5107 ¹¹³
2503 5086 2658 5159 γυνθ.
2694 5075 2897 5142 Ant.ln
2934 5087 3031 5143 hoc
3072 5092 3391 5153 manifestati
3435 5075 3856 5159 suul....__a'0"°_"_'j

2694 5129 2897 5142 .-....-..
2934 5129 3030 5143 ..νυ
3242 5129 3391 5147 πη...
3435 5129 3631 5145 ........-.
3657 5129 3679 5132 -

2359 5174 2471 5235 non
2488 5158 2753 5235 diligam.
2777 5161 3000 5235 quiin...
3031 5129 3365 5235 annunbiatio
3387 5179 3533 5235 quam
3552 5129 3858 5235 auditv'llf'figf

2356 5230 2526 5304 initio.
2555 5205 2731 5304 Ganeo.
2761 5205 2817 5291 si;
2837 5233 3089 5304 ἠκούσατε
3109 5274 3122 5299 ,
3155 5244 3214 5288 ut
3240 5205 3452 5292 Lucifer:
3482 5233 3566 5304 qui
3595 5222 3733 5281 habet
3757 5205 3856 5265 illm

2357 5299 2649 5392 abnorigine
2678 5302 3056 5392 protlli-initio.
3184 5378 3197 5388 θ
3271 5378 3282 5390 .
3691 5366 3773 5392 mn
3805 5346 3857 5392 πα

2428 5359 2644 5447 η-Υἷπε.
2675 5359 2805 5447 A_nt.
2846 5373 3133 5447 Diligamus
3178 5378 3428 5446 invicem,
3467 5359 3844 5447 nomn-Imigf

2359 5442 2636 5522 occidit..._.
2699 5444 2766 5522 Et
2788 5428 3563 5522 cujusareiqgr'a'tianocbidit?
3592 5428 3857 5522 .qttifijﬂf:

2356 5518 2562 5587 ejus....
2598 5516 2777 5587 fratris
2802 5502 2921 5571 vero
2947 5502 3153 5581 eius“:
3183 5502 3496 5577 mundus....
3524 5502 3633 5587 quia
3671 5502 3855 5556 tranat?

2353 5584 2466 5680 ’θ’ἕέ
2672 5588 3312 5680 ᾜίίῖέέίῂθίῗηξξῖἲκῖ(δ’ἐξ
3329 5611 3442 5680 ν⁷¹9η
3460 5584 3641 5680 ἒ
3655 5635 3856 5680 "uenitur

2427 5668 2452 5733 ξ’
2486 5658 2615 5733 Cain
2659 5642 2724 5733 εἶτ
2770 5642 3631 5733 νηαιξθῗιὸζγάίὶεῗῖἱεῖιῖϐιζειὲὶω
3653 5642 3833 5705 oniitutu

2352 5729 2440 5801 qui
2464 5769 2479 5798 ,
2512 5732 2591 5787 uti
2623 5732 2786 5789 etiam
2818 5746 2849 5788 a
2878 5729 3131 5817 Lucifero
3157 5736 3341 5807 paullo
3378 5730 3603 5793 inferius.
