4148 6186
297 270 402 327 905

1339 272 1474 327 rno
1515 271 1785 328 ssuc'ro
1825 249 2225 329 ATHANASIO
2267 274 2399 330 LIB.
2437 275 2504 330 u.

3495 282 3598 338 906

295 381 456 452 ipsius
494 381 723 452 maligna
763 385 1006 453 fuerunt,
1053 384 1232 452 fratris
1260 394 1426 439 autem
1455 386 1538 440 sui
1574 390 1743 458 justa.
1782 384 1892 439 Νο-
1919 381 1973 442 Α
2004 399 2212 447 parare.
2266 385 2400 440 Cum
2439 386 2558 440 ha‘c
2600 387 2668 440 ita
2713 386 2858 453 sint,
2906 388 3186 446 hortamur
3220 392 3412 458 diligas
3446 403 3503 451 te
3546 398 3601 452 in

296 471 385 526 lite
412 475 616 538 mirari,
642 478 858 538 fratres,
903 477 948 530 si
975 477 1082 530 odit
1125 494 1216 531 nos
1243 480 1508 533 steculum.
1557 479 1670 533 Nos
1708 481 1895 533 scimus

297 565 540 633 quoniam
567 567 840 620 transitum
868 567 1083 638 fecimus
1112 587 1143 622 a
1166 580 1328 622 morte
1355 571 1422 622 ad
1442 571 1596 623 vitam
1615 612 1628 631 ,
1654 571 1895 639 qnonim

296 675 532 713 amamus
561 663 748 730 fratres
769 662 888 730 :qui
916 672 1086 715 autem
1109 680 1209 717 non
1239 675 1375 718 amnt
1396 706 1410 730 ,
1438 675 1610 718 manet
1631 667 1684 719 in
1712 677 1890 720 morte.

302 748 484 803 Omnis
509 752 597 821 qui
630 751 738 804 odit
765 756 980 822 fratrem
1015 770 1198 816 suum,
1231 755 1489 810 homicida
1518 768 1590 810 est
1623 774 1642 811 :
1669 769 1716 811 et
1752 760 1894 814 scitis

295 843 419 913 quia
468 845 633 896 omnis
673 843 927 898 homicida
966 862 1068 899 non
1109 845 1259 900 habet
1295 849 1450 900 vitam
1486 859 1729 902 wternam
1757 851 1809 903 in
1843 867 1895 905 se

295 946 584 991 manentem
612 933 778 1006 (Ibid.
824 934 937 1007 10).
992 935 1126 992 Cum
1160 941 1339 1008 itaque
1378 941 1586 1001 omnis,
1619 942 1709 1010 qui
1741 940 1895 996 odire

294 1027 572 1082 invenitur
621 1025 842 1082 fratrem
869 1069 884 1094 ,
913 1028 1052 1084 [ilius
1101 1029 1313 1085 dicatur
1357 1031 1561 1086 diaboli
1591 1031 1888 1099 homicida,

292 1118 424 1174 Cain
456 1119 694 1188 denique
729 1119 1024 1175 fratricida:
1066 1133 1435 1192 comparetur,
1466 1124 1520 1177 in
1557 1134 1730 1178 morte
1780 1139 1895 1178 ma-

292 1227 424 1267 nere
453 1212 793 1283 designetur,
823 1228 919 1269 cur
941 1230 1028 1270 me
1059 1216 1160 1271 hoc
1187 1232 1324 1286 opus
1349 1218 1578 1287 implere
1601 1211 1897 1287 compelle-

292 1304 421 1369 bas,
453 1306 596 1374 quod
645 1321 729 1358 me
760 1315 818 1360 ut
854 1307 983 1360 Cain
1025 1307 1240 1363 fecisset
1271 1309 1604 1364 fratricidam
1632 1322 1686 1366 et
1727 1313 1893 1368 tilium

294 1397 519 1462 diaboli,
537 1397 679 1466 quod
704 1413 792 1454 me
813 1399 862 1452 in
892 1411 1119 1456 mortem
1133 1413 1452 1471 perpetuam
1471 1405 1688 1459 iecisset
1712 1421 1898 1462 mane-

295 1503 356 1544 re
374 1489 397 1540 ‘t
419 1504 540 1543 ClIttl
560 1488 672 1557 jam
692 1488 876 1543 videas
901 1505 987 1546 me
1009 1495 1293 1546 transitum
1328 1493 1522 1549 fecisse
1543 1494 1611 1549 de
1632 1507 1805 1550 morte
1829 1497 1892 1551 ad

297 1582 494 1644 vitam,
527 1597 650 1636 cum
680 1581 824 1638 inter
868 1599 994 1649 eos,
1028 1600 1165 1655 quos
1193 1585 1332 1640 filios
1356 1597 1381 1624 ιι
1403 1590 1676 1658 appellare
1705 1591 1896 1662 digna-

299 1684 383 1731 tus
413 1687 525 1744 est,
560 1694 645 1733 me
668 1678 780 1749 jam
802 1680 1145 1736 constituerit
1168 1682 1327 1737 Deus.
1353 1683 1522 1751 Quam
1552 1685 1623 1738 ob
1645 1701 1892 1742 caussam

1998 473 2318 530 Athanasio.
2349 477 2570 532 Retines
2598 479 2857 548 SCriptnm
2880 498 2891 532 :
2916 480 3112 554 Diliges
3136 488 3428 551 proximum
3453 495 3598 542 tuum

1999 577 2257 638 tamquam
2290 571 2544 636 teipsum;
2579 581 2665 638 et,
2715 571 2816 636 Qui
2843 573 3016 643 diligit
3073 578 3401 644 proximum,
3438 580 3600 650 legem

1999 659 2225 730 implevit
2271 659 2497 727 (Matth.
2559 678 2700 723 xm.
2733 663 2830 728 '59;
2881 663 3035 718 Rom.
3092 683 3215 730 xm,
3259 666 3336 740 8).
3388 668 3455 725 Ut
3485 680 3595 725 ete-

1998 751 2106 804 nim
2134 762 2183 805 te
2206 752 2259 805 in
2288 752 2404 820 ipso
2429 753 2580 818 odis,
2623 755 2878 824 ignorans
2898 758 3020 826 quia
3066 759 3264 812 malum
3292 761 3363 813 sit
3386 760 3593 829 justum

1997 843 2152 897 odire
2191 844 2417 912 injuste,
2465 844 2537 899 ita
2584 854 2637 900 te
2677 846 2729 900 in
2777 863 2842 902 eo
2888 849 3113 917 incipies
3143 865 3358 919 amare,
3408 853 3454 907 si
3481 853 3596 909 haec

1997 942 2090 991 tua
2129 938 2506 994 malevolentia
2547 940 2710 995 fuerit
2751 958 3012 999 conversa
3043 944 3096 998 in
3130 945 3587 1004 benevolentiam.

1997 1029 2149 1084 Tune
2177 1031 2381 1100 poteris
2410 1032 2544 1101 eripi
2573 1049 2604 1086 e
2634 1034 2871 1090 tenebris
2891 1077 2904 1098 ,
2926 1036 2978 1090 in
3009 1039 3204 1106 quibus
3229 1049 3279 1093 te
3307 1040 3437 1095 dicit
3466 1043 3591 1098 bea-

1997 1131 2084 1177 tus
2129 1126 2406 1192 apostolus
2450 1126 2765 1182 mansitare.
2811 1128 2990 1183 Nolite
3037 1131 3212 1196 enim,
3263 1133 3463 1203 inquit,
3494 1137 3594 1190 mi-

1995 1218 2125 1283 rari,
2152 1222 2361 1287 fratres,
2384 1220 2427 1271 si
2454 1220 2561 1272 odit
2590 1237 2682 1274 nos
2695 1223 2963 1276 saeculum.
2992 1222 3108 1277 Nos
3135 1225 3326 1278 scimus
3345 1229 3590 1295 quoniam

1997 1314 2273 1366 transitum
2300 1313 2517 1383 fecimus
2542 1333 2572 1367 a
2594 1327 2758 1369 morte
2782 1318 2849 1369 ad
2871 1318 3025 1370 vitam
3047 1359 3061 1384 ,
3091 1321 3335 1387 quoniam
3363 1338 3595 1376 amamus

1998 1411 2185 1477 fratres
2219 1424 2236 1462 :
2267 1410 2353 1478 qui
2381 1419 2552 1462 autem
2588 1427 2691 1462 non
2722 1419 2891 1474 amat,
2921 1421 3091 1464 manet
3119 1413 3168 1464 in
3201 1424 3384 1470 morte.
3414 1414 3596 1468 Omnis

1995 1502 2080 1570 qui
2122 1502 2228 1554 odit
2266 1504 2476 1572 fratrem
2515 1519 2664 1555 suum
2685 1545 2700 1568 ,
2735 1503 2994 1556 homicida
3031 1515 3103 1558 est
3132 1521 3152 1558 :
3179 1515 3224 1559 et
3267 1507 3438 1573 scitis,
3473 1508 3595 1573 quia

1997 1593 2162 1645 omnis
2198 1591 2462 1646 homicida
2497 1610 2598 1647 non
2644 1593 2793 1647 habet
2838 1595 2992 1648 vitam
3027 1606 3048 1634 ε
3099 1597 3157 1649 in
3203 1614 3257 1650 se
3306 1610 3595 1653 manentem

1995 1682 2055 1756 (Ι
2079 1684 2237 1738 Joan.
2272 1701 2327 1738 ιιι
2349 1727 2364 1751 ,
2395 1686 2504 1754 l3).
2536 1685 2650 1739 Non
2699 1686 2898 1741 audeas
2939 1687 3048 1756 jam
3083 1689 3266 1744 dicere
3296 1708 3308 1742 :
3338 1689 3600 1746 Damnate

298 1785 382 1826 me
410 1770 540 1824 Cain
591 1771 705 1827 fieri
732 1773 981 1838 voluisti,
1012 1775 1260 1830 tenebras
1289 1778 1451 1831 etiam
1485 1787 1538 1832 et
1571 1779 1736 1834 tilium
1779 1780 1890 1834 dia-
1919 1761 1968 1821 Β
1995 1777 2354 1839 innocentem,
2381 1777 2547 1832 homo
2573 1793 2679 1832 non
2695 1778 2968 1833 habensin
2995 1791 3044 1834 te
3063 1781 3228 1834 vitam
3257 1794 3593 1849 manentem,

297 1860 447 1918 boli?
483 1864 536 1918 in
567 1879 675 1932 quo
721 1875 774 1920 te
802 1866 950 1929 ltesi,
985 1868 1037 1922 in
1067 1869 1267 1938 quibus
1306 1872 1468 1925 rebus
1493 1875 1677 1938 exstiti
1705 1873 1895 1928 adver-

297 1958 473 2012 sarius
496 1959 685 2013 salutis
711 1967 846 2026 tum,
871 1969 928 2014 ut
954 1961 1084 2015 mihi
1114 1962 1438 2019 desideraris
1467 1966 1537 2020 ita
1583 1981 1704 2021 esse
1747 1969 1898 2022 noci-

299 2049 454 2103 tum?
481 2065 579 2104 cur
607 2049 724 2106 hzec
753 2051 1163 2108 iteramus?nisi
1190 2065 1249 2108 ut
1270 2056 1559 2127 aliquando
1590 2060 1894 2129 intelligere

297 2141 506 2212 possis,
549 2141 691 2211 quod
743 2143 998 2212 quidnam
1043 2149 1113 2199 sit
1166 2147 1366 2201 bonum
1400 2150 1474 2203 sis
1519 2151 1792 2221 ignorans.
1837 2153 1893 2209 Si

300 2236 446 2289 enim
475 2234 674 2300 scires,
705 2250 998 2306 numquam
1022 2246 1078 2292 et
1107 2238 1219 2307 ipse
1248 2251 1450 2296 tantum
1477 2243 1795 2301 admisisses
1821 2247 1898 2300 la-

297 2325 488 2393 cinns,
520 2334 576 2382 et
616 2341 714 2383 nos
759 2340 1077 2398 perpetrare
1123 2347 1366 2402 urgeres.
1418 2335 1578 2390 Dicas
1605 2337 1747 2392 inter
1779 2341 1894 2394 haec

298 2434 517 2490 prectir,
549 2421 902 2491 quamobrem
934 2427 1279 2496 persequeris
1336 2429 1427 2482 Dei
1463 2429 1660 2485 domus
1687 2433 1897 2487 antisti-

302 2513 447 2568 tem?
469 2513 597 2567 dicit
615 2515 756 2568 enini
778 2515 1080 2584 apostolus,
1107 2517 1230 2586 quia
1253 2519 1341 2586 qui
1362 2521 1468 2572 odit
1492 2525 1704 2591 fratrem
1725 2540 1895 2592 suum,

301 2606 563 2660 homicida
593 2617 665 2661 est
697 2606 862 2680 (Ibid.
903 2609 1021 2681 15).
1056 2610 1112 2665 Si
1142 2625 1238 2664 nos
1269 2613 1352 2666 vis
1376 2614 1576 2670 habere
1609 2616 1898 2672 homicida:

302 2714 535 2764 nomen,
565 2714 663 2755 cur
692 2701 812 2755 odis
836 2700 1059 2757 fratrem
1092 2704 1274 2758 tuum?
1307 2705 1484 2761 Proba
1515 2708 1640 2763 odio
1669 2709 1896 2780 dignum

303 2791 660 2847 Athanasium
687 2809 702 2860 ;
731 2793 860 2863 quid
893 2795 1160 2851 malorum
1190 2809 1448 2868 operatus
1476 2801 1550 2856 sit
1576 2802 1861 2858 manifesta
1883 2847 1900 2874 ,

304 2893 364 2939 ut
386 2884 618 2940 sitodiri
648 2887 842 2958 dignus
869 2890 1031 2944 etiam
1061 2891 1130 2945 ab
1154 2892 1409 2948 omnibus
1440 2895 1616 2950 nobis.
1647 2895 1902 2954 Profecto

307 2994 413 3034 non
443 2978 596 3034 dabis
625 2996 760 3050 opus
801 2983 1150 3038 commissum
1179 2986 1398 3056 aliquod
1432 2989 1689 3058 injustam
1712 3031 1728 3056 ,
1759 2991 1903 3060 quod

308 3087 430 3129 cum
461 3073 621 3128 faciat
648 3074 918 3130 odiosum.
953 3074 1085 3130 Cum
1124 3077 1240 3132 hinc
1291 3079 1363 3132 ita
1404 3082 1537 3146 sint,
1569 3097 1795 3138 necesse
1821 3094 1904 3138 est

1998 1866 2164 1923 homo
2192 1868 2284 1939 qui
2305 1883 2403 1922 nec
2430 1869 2556 1922 dum
2584 1868 2780 1923 feceris
2811 1871 3094 1923 transitum
3127 1871 3195 1925 de
3224 1883 3400 1927 morte
3418 1871 3486 1927 ad
3517 1874 3597 1927 vi-

1997 1969 2127 2015 tam.
2143 1961 2198 2015 Si
2223 1963 2365 2015 enim
2393 1962 2634 2027 fecisses,
2657 1961 2758 2015 hoc
2779 1972 2884 2027 est,
2905 1962 2950 2015 si
2974 1961 3025 2016 in
3050 1964 3266 2017 unicum
3285 1963 3379 2017 Dei
3396 1965 3592 2018 Filium

1998 2053 2139 2108 sicut
2169 2070 2269 2108 nos
2296 2054 2625 2109 credidisses
2646 2096 2662 2121 ,
2691 2070 2790 2110 nec
2822 2057 3090 2110 litanicida
3124 2073 3245 2114 esse
3271 2060 3590 2128 delegisses,

1999 2165 2068 2204 ne
2099 2149 2348 2203 videlicet
2371 2148 2642 2217 inciperes
2670 2147 2864 2201 iterum
2898 2149 3110 2218 regredi
3137 2150 3202 2204 ad
3231 2152 3597 2207 mortetn.Du-

2000 2242 2122 2311 plici
2143 2242 2305 2310 igitur
2327 2239 2489 2294 modo
2515 2241 2843 2294 constitutus
2861 2241 2980 2294 sine
3003 2255 3098 2307 Spe
3117 2241 3240 2296 vitae
3263 2243 3516 2312 dignatus
3539 2259 3596 2298 es

1996 2335 2268 2404 imperare
2315 2333 2410 2386 Dei
2450 2331 2860 2396 sacerdotibus,
2895 2332 3203 2387 interficere
3229 2334 3594 2389 innoremetn.

2001 2425 2107 2482 Sed
2122 2423 2369 2479 fortassis
2393 2434 2546 2477 tenes
2559 2419 2586 2458 ά
2601 2423 2784 2476 dicere
2801 2440 2812 2474 :
2829 2423 2959 2476 Amo
2971 2433 3200 2477 amantes
3214 2423 3400 2490 Deum,
3418 2436 3464 2479 et
3481 2427 3600 2481 odio

2000 2517 2160 2572 habeo
2186 2518 2412 2571 odientes
2436 2531 2573 2569 eum.
2591 2516 2699 2570 Sed
2725 2515 2840 2570 hinc
2863 2515 3238 2572 deAIhanasio
3263 2534 3372 2573 non
3397 2520 3602 2589 poteris

2002 2610 2218 2676 dicere,
2264 2602 2523 2680 quoniam
2572 2607 2791 2677 quidem
2838 2608 3009 2679 magis
3058 2622 3305 2675 constet,
3354 2623 3406 2667 te
3449 2614 3604 2670 odire

2003 2703 2197 2771 Deum,
2213 2705 2338 2772 quia
2361 2701 2790 2771 etdereliqueris
2809 2701 2955 2756 illum
2972 2745 2986 2769 ,
3015 2711 3072 2758 et
3095 2705 3379 2758 transitura
3404 2705 3604 2762 feceris

2004 2795 2072 2851 ad
2097 2796 2482 2850 idololatriam.
2525 2794 2740 2863 Itaque,
2769 2801 2894 2864 quia
2944 2795 3144 2850 nullam
3174 2799 3387 2870 culpam
3418 2814 3605 2870 perse-

2006 2887 2191 2958 queris
2223 2888 2274 2941 in
2301 2886 2395 2941 Dei
2430 2885 2716 2940 sacerdote
2737 2927 2752 2952 ,
2776 2885 2870 2940 sed
2893 2887 3064 2941 solam
3083 2887 3374 2957 justitiam,
3402 2892 3497 2946 sed
3523 2908 3605 2946 so-

2008 2979 2113 3034 lam
2143 2979 2238 3034 Dei
2268 2978 2583 3048 religionem
2613 3019 2626 3043 ,
2659 2989 2910 3048 superest
2954 2991 3012 3034 ut
3041 2980 3218 3035 adhuc
3248 2982 3439 3037 videas
3467 2998 3567 3037 nos
3593 3025 3607 3050 ,

2007 3087 2145 3142 quos
2193 3072 2500 3128 hortabaris
2530 3073 2848 3126 innocentes
2879 3073 3214 3140 interficere,
3267 3076 3456 3145 quales
3486 3091 3610 3131 esse

310 3177 362 3223 te
387 3167 586 3222 idcirco
609 3168 792 3224 odisse
818 3169 966 3224 illum
985 3209 1001 3235 ,
1020 3171 1140 3238 quia
1166 3187 1301 3240 opus
1320 3180 1470 3227 tuum
1492 3176 1564 3229 sit
1587 3176 1902 3246 malignum,
1931 3143 1980 3206 ο
2007 3166 2232 3237 jusserit
2256 3169 2396 3222 circa
2428 3180 2721 3221 conservos
2751 3174 2968 3219 nostros
2991 3165 3095 3221 iste
3119 3169 3307 3221 beatus
3330 3168 3610 3236 apOstolus

310 3261 590 3317 Athanasii
623 3277 750 3317 vero
777 3267 1004 3331 justum.
1039 3263 1328 3333 Propterea
1356 3269 1555 3322 etenim
1587 3268 1665 3322 vis
1699 3272 1906 3324 interti-

309 3368 436 3408 cere
466 3369 621 3415 eum.
657 3354 797 3424 quod
827 3371 932 3408 non
966 3353 1130 3410 fuerit
1161 3366 1212 3411 te
1241 3357 1601 3424 sceleratum,
1637 3359 1910 3415 facinoro-

311 3461 431 3502 sum
446 3488 461 3513 ,
482 3456 642 3517 atque
663 3447 984 3518 Sacrilegum
1010 3449 1268 3504 imitatus.
1286 3451 1508 3505 Constat
1532 3451 1648 3506 hate
1673 3453 1745 3507 ita
1764 3467 1906 3508 esse.

313 3539 446 3596 Cum
479 3541 622 3594 enim
651 3540 918 3610 gloriosus
944 3543 1220 3611 apostolus
1249 3544 1381 3598 Cain
1412 3554 1466 3598 et
1489 3545 1622 3600 Abel
1663 3545 1909 3601 introdu-

312 3633 388 3689 cit
413 3635 876 3704 comparationem
893 3678 910 3702 ,
936 3645 989 3689 tu
1020 3636 1151 3689 mihi
1173 3652 1298 3691 esse
1329 3638 1531 3692 videris
1553 3637 1684 3693 Cain
1705 3679 1718 3702 ,
1745 3640 1914 3694 Atha-

315 3729 502 3785 nasius
525 3744 655 3783 vero
684 3728 842 3796 Abel,
873 3729 954 3784 Ex
977 3729 1076 3784 hoc
1100 3740 1352 3801 apparent
1377 3732 1472 3800 ﬁlii
1491 3774 1504 3797 ,
1533 3731 1721 3787 dicens
1738 3775 1754 3800 ,
1776 3731 1910 3801 Dei,

315 3834 362 3879 et
392 3823 490 3894 ﬁlii
518 3823 731 3877 diaboli.
769 3822 948 3878 Omnis
992 3825 1078 3894 qui
1117 3841 1217 3878 non
1256 3834 1330 3878 est
1353 3828 1563 3898 justus,
1603 3842 1705 3880 non
1751 3836 1916 3881 estea:

316 3913 446 3980 Deo,
468 3927 514 3970 et
539 3916 627 3985 qui
653 3933 752 3970 non
783 3928 922 3970 amat
945 3919 1160 3985 fratrem
1183 3932 1354 3983 suum,
1374 3918 1615 3982 quoniam
1641 3917 1751 3972 htec
1776 3916 1804 3955 δ
1830 3933 1913 3972 re-

319 4008 592 4078 promissio
615 4025 767 4078 quam
795 4008 1014 4062 audistis
1044 4008 1107 4061 ab
1148 4009 1346 4079 origine
1373 4021 1426 4063 ut
1455 4027 1684 4064 amemus
1722 4012 1916 4064 alteru-

321 4110 490 4165 trum,
521 4109 570 4154 et
600 4117 702 4154 non
726 4101 858 4154 sicut
905 4097 1035 4155 Cain
1073 4117 1135 4155 ea:
1169 4102 1395 4173 maligno
1423 4099 1518 4166 fuit
1538 4146 1552 4169 ,
1585 4113 1632 4156 et
1663 4104 1919 4172 interfecit

322 4193 536 4264 fratrem
562 4209 731 4247 suum.
776 4191 844 4246 Et
888 4203 1098 4265 prapter
1141 4193 1267 4260 quid
1319 4195 1576 4264 interfecit
1610 4196 1769 4249 eum?
1795 4213 1920 4264 quo-

322 4285 465 4338 niam
512 4301 671 4352 opera
710 4284 853 4339 illius
882 4286 1114 4356 maligna
1151 4286 1398 4355 fuerunt,
1429 4287 1606 4354 fratris
1633 4295 1802 4340 autent
1843 4289 1922 4341 sui

311 4379 462 4451 justa
506 4377 672 4450 (Ibid.
707 4377 820 4448 iO).
879 4377 989 4433 Nec
1014 4378 1182 4432 debes
1209 4378 1458 4433 dubitare
1489 4393 1653 4447 Opera
1683 4387 1772 4433 tua
1802 4393 1923 4434 esse

323 4472 560 4542 maligna
582 4513 596 4537 ,
619 4470 900 4526 Athanasii
940 4485 1072 4527 vero
1109 4471 1274 4540 justo.
1311 4471 1392 4526 Tu
1420 4472 1620 4526 etenim
1652 4486 1712 4526 es
1751 4471 1922 4525 homi-

2010 3259 2278 3316 Joannes;
2300 3259 2403 3313 Ille
2425 3268 2636 3331 propter
2656 3276 2748 3311 nos
2769 3268 2791 3295 θ
2813 3259 3043 3312 animam
3066 3277 3210 3313 suam
3234 3262 3435 3331 posuit,
3456 3272 3504 3315 et
3521 3279 3613 3318 nos

2012 3351 2250 3405 debemus
2279 3369 2370 3420 pro
2392 3351 2640 3419 fratribus
2661 3351 2863 3405 animas
2879 3360 3078 3404 nostras
3099 3367 3288 3422 ponere
3305 3349 3467 3422 (Ibid.
3496 3353 3608 3423 16).

2011 3446 2096 3502 Ab
2116 3445 2364 3516 apostolo
2381 3444 2579 3514 jubeor
2605 3445 2840 3499 animam
2866 3459 3075 3515 ponere
3100 3461 3196 3515 pro
3219 3445 3408 3511 fratre,
3427 3457 3482 3501 et
3508 3463 3536 3501 a
3562 3457 3615 3502 te

2014 3540 2321 3595 antichristi
2365 3539 2635 3607 mancipio
2665 3539 2983 3608 praecipitur
3011 3539 3142 3594 mihi
3166 3541 3389 3595 lratretn
3424 3540 3619 3594 interi-

2015 3651 2168 3691 mere
2198 3653 2210 3690 :
2245 3644 2301 3690 et
2330 3635 2564 3699 iterum,
2597 3632 2907 3698 Fiduciam,
2961 3634 3168 3702 inquit,
3205 3633 3484 3688 habeamus
3508 3633 3526 3671 ί
3547 3634 3616 3688 ad

2015 3725 2212 3791 Deum,
2247 3735 2293 3777 et
2316 3724 2557 3794 quicquid
2589 3724 2884 3794 petierimus
2932 3725 3242 3795 accipiemus
3271 3726 3334 3779 ab
3365 3741 3424 3778 eo
3445 3768 3458 3789 ,
3491 3743 3621 3796 quo-

2017 3819 2156 3872 niam
2201 3816 2446 3870 mandata
2494 3815 2844 3882 custodimus,
2896 3826 2943 3868 et
2987 3832 3103 3883 quae
3154 3817 3200 3868 ei
3247 3816 3451 3887 placent
3501 3827 3619 3870 ante

2019 3921 2350 3978 conspectum
2376 3913 2486 3982 ejus
2521 3911 2778 3979 faciamus
2807 3909 2861 3961 in
2909 3914 3115 3962 nomine
3158 3908 3288 3962 Filii
3311 3911 3472 3978 ipsius
3496 3909 3624 3964 Jcsu

2020 4004 2244 4070 Christi,
2277 4013 2301 4050 ε
2324 4011 2372 4057 et
2393 4019 2622 4056 amemus
2666 4017 2757 4054 nos
2779 4000 2991 4054 invicem
3014 4041 3028 4065 ,
3060 4001 3194 4054 sicut
3219 3999 3362 4054 dedit
3401 4001 3623 4054 manda-

2021 4107 2128 4150 tum
2155 4095 2393 4150 nobis....
2420 4093 2584 4165 (Ibid.
2607 4092 2720 4162 21).
2752 4091 2859 4147 Sed
2887 4091 3170 4164 quomodo
3201 4101 3395 4162 potero
3446 4093 3624 4148 audiri

2022 4191 2091 4245 ab
2134 4205 2204 4245 eo
2233 4191 2286 4244 in
2314 4189 2461 4244 omni
2499 4187 2881 4242 obsecratione
2906 4227 2920 4250 ,
2965 4187 3054 4255 qui
3095 4186 3196 4240 sim
3240 4202 3346 4240 non
3391 4200 3629 4241 servans

2024 4281 2339 4337 mandatum
2359 4279 2514 4349 ejus?
2535 4277 2602 4333 Ut
2622 4279 2766 4332 enim
2789 4278 3013 4346 diligam
3036 4278 3263 4330 fratrem
3287 4291 3467 4330 meum
3492 4277 3628 4330 mihi

2027 4373 2344 4437 mandavit,
2369 4386 2477 4424 non
2510 4377 2571 4422 ut
2600 4367 2934 4422 interimam.
2971 4365 3039 4418 Et
3064 4365 3206 4419 infra
3238 4382 3251 4418 :
3288 4366 3624 4428 Charis-imi,

2032 4464 2061 4504 h
2086 4484 2311 4521 amemus
2344 4482 2434 4519 nos
2470 4465 2798 4525 alterutrum,
2822 4460 3063 4528 quoniam
3087 4461 3312 4512 charitas
3339 4476 3400 4513 ea:
3415 4457 3527 4514 Deo
3550 4469 3627 4513 est

325 4529 490 4629 cida:
521 4529 797 4635 religionis
821 4564 918 4619 Dei
957 4529 1286 4628 destructor,
1319 4565 1461 4620 unici
1493 4563 1615 4619 Filii
1641 4565 1732 4620 Dei
1757 4580 1920 4634 nega-
1947 4529 2005 4590 D
2033 4559 2199 4632 (Ibid.
2221 4556 2669 4628 tv,7).EIiIerUIII
2689 4573 2702 4609 :
2726 4553 3161 4622 Quicumquenon
3176 4552 3346 4625 dt.159“
3359 4551 3624 4621 Ῑναινεηιί,

327 4666 436 4719 tor,
467 4655 780 4726 apostolica:
823 4656 945 4709 fidei
976 4667 1335 4725 expugnator,
1364 4656 1689 4711 idololatria:
1711 4657 1926 4712 Arianae

324 4747 610 4813 fundator;
635 4756 824 4802 contra
847 4746 1172 4802 Athanasius
1192 4748 1347 4802 estin
1372 4749 1568 4803 timore
1594 4750 1684 4805 Dei
1709 4754 1778 4804 ita
1803 4766 1927 4820 per-

327 4855 592 4905 manens,
623 4848 680 4893 ut
698 4841 829 4894 nihil
852 4841 1225 4907 commisisse,
1251 4852 1512 4910 quantum
1534 4842 1704 4897 videri
1728 4853 1925 4913 potest,

327 4930 661 4996 inveniatur,
706 4932 849 5002 quod
893 4947 1016 4988 eum
1062 4931 1235 5002 possit
1257 4947 1286 4985 a
1310 4933 1422 4988 Deo
1443 4932 1810 4992 dilectissimis
1834 4954 1925 4996 se-

404 5102 430 5128 “
453 5091 772 5147 ExJoanais
793 5101 940 5145 textu
961 5091 1371 5159 allatolegerim
1387 5092 1522 5161 ﬁlios
1550 5091 1666 5146 Dei.
1697 5095 1928 5154 Galaad.

404 5162 434 5202 1)
461 5162 588 5240 IItec
616 5173 700 5240 es_t_
712 5162 879 5240 habet
899 5163 1040 5218 idem
1068 5161 1288 5217 Lucnl'er
1308 5179 1472 5234 supra
1501 5175 1557 5220 et
1586 5182 1741 5237 opera
1763 5170 1927 5240 ipsius

331 5251 436 5309 pro
465 5237 631 5309 illius.
663 5233 816 5288 Vide.

411 5317 434 5345 ο
467 5304 642 5359 Vitam
663 5320 908 5360 aeternam
930 5304 1094 5359 habet
1118 5319 1281 5374 supra
1305 5303 1446 5360 idem
1473 5305 1708 5364 Lucifer.

409 5375 433 5413 ιι
472 5377 674 5431 Teates.
702 5377 874 5431 Latin.
912 5385 968 5430 et
986 5377 1212 5430 Galand.

413 5459 437 5523 ὲ
465 5448 622 5502 Vers.
654 5449 923 5523 Anl._l’ro
946 5447 1120 5523 nobis,
1151 5459 1202 5502 et
1233 5447 1435 5501 omittit
1464 5461 1688 5505 nostras.
1711 5450 1931 5523 Propter

337 5519 517 5578 solum
555 5523 754 5586 legerat
783 5519 970 5574 Sahat.
1005 5519 1058 5573 in
1092 5533 1191 5571 suo
1218 5523 1540 5588 exemplari.

419 5591 437 5629 ΐ
475 5590 738 5644 Habemus
787 5591 917 5658 legit
969 5591 1153 5646 Sabat.
1186 5589 1341 5643 νειμ.
1408 5593 1538 5644 Αιιι.
1578 5590 1933 5647 Habemus....

339 5664 1016 5737 postulaverimns....quia
1039 5659 1285 5713 mandata
1306 5661 1421 5731 ejus
1452 5679 1803 5718 sertamus....
1837 5665 1936 5732 illi,

342 5735 397 5791 in
425 5743 704 5806 conspectu
729 5737 837 5806 ejus
860 5735 1078 5806 facimus
1098 5773 1113 5796 ,
1145 5741 1252 5785 etc.

421 5815 445 5854 ε
471 5802 656 5860 Addit.
688 5802 867 5859 Latin.
898 5805 964 5858 Et
987 5802 1082 5857 hoc
1109 5814 1181 5857 est
1209 5802 1514 5860 mandatum
1539 5810 1650 5880 ejus
1672 5819 1729 5863 ut
1759 5809 1942 5864 creda-

593 5898 869 5960 ιήιιοι.
909 5895 1082 5958 XIII.

2032 4670 2136 4709 non
2190 4653 2327 4706 novit
2379 4649 2569 4714 Deum,
2603 4646 2844 4716 quoniam
2878 4641 3018 4696 Deus
3049 4643 3276 4697 charitas
3301 4653 3396 4698 est.
3423 4642 3508 4697 Ea:
3531 4644 3629 4699 hoc

2034 4747 2300 4801 declarata
2325 4751 2399 4797 est
2420 4739 2644 4795 charitas
2693 4736 2789 4791 Dei
2832 4736 2886 4790 in
2933 4735 3106 4800 nobis,
3142 4737 3384 4805 quoniam
3431 4735 3630 4791 Filium

2032 4858 2183 4896 suum
2207 4839 2345 4892 misit
2377 4835 2517 4889 Ileus
2545 4833 2755 4886 unicum
2782 4830 3104 4884 insa’cutum
3127 4870 3143 4895 ,
3181 4839 3234 4881 ut
3274 4830 3498 4884 vivamus
3541 4846 3633 4898 per

2034 4952 2169 4992 eum.
2202 4931 2270 4985 In
2294 4929 2390 4983 hoc
2432 4937 2505 4981 est
2548 4924 2812 4989 charitas,
2838 4937 2940 4976 non
2987 4921 3127 4991 quod
3170 4916 3262 4975 nos
3293 4922 3632 4974 amaverimus

2033 5111 2148 5150 mus
2176 5098 2224 5146 et
2255 5101 2480 5143 amemus
2503 5095 2604 5161 etc.
2640 5082 2713 5136 lla
2741 5079 2901 5161 Vers.
2929 5079 3056 5161 AInt.
3092 5088 3146 5133 et
3174 5079 3633 5161 _ang.ninuqnih_us

2202 5159 2476 5214 credamus
2527 5158 2716 5238 insupt
2765 5152 2927 5238 verba
3060 5146 3522 5238 nomine'Fitii‘ip
3549 5153 3631 5206 ius

2033 5222 2162 5292 :Iestt
2190 5230 2418 5294 Christi,
2443 5244 2564 5298 qua:
2589 5243 2618 5281 a
2649 5223 2902 5280 Lucifero
2931 5222 3235 5276 afferuntur
3255 5231 3380 5289 post
3405 5225 3629 5278 verbum

2227 5320 2305 5356 ηδ.

2033 5315 2326 5428 “iam;
2358 5376 2486 5426 Ant.
2523 5367 2858 5423 Dilectissimi
2880 5405 2894 5429 ,
2929 5363 3206 5435 diligamus
3233 5361 3451 5415 invicem
3473 5405 3487 5428 ,
3511 5366 3635 5435 quia

2039 5447 2269 5515 dilectio.
2469 5513 2478 5515 _
2687 5507 2730 5515 --
2876 5505 2888 5515 .
2956 5514 2960 5515 ,
3187 5504 3198 5514 .
3261 5504 3272 5515 .
3349 5504 3361 5515 .

2123 5518 2134 5555 i
2173 5514 2412 5569 Fratrem
2432 5513 2608 5565 abest.
2633 5525 2663 5560 a
2687 5507 2843 5560 Vers.
2861 5505 2988 5559 Ant.
3014 5519 3134 5570 qum
3157 5504 3236 5557 sic
3261 5504 3386 5570 legit
3405 5523 3416 5556 :
3437 5506 3634 5572 θοήν..

2042 5593 2167 5664 quia
2199 5587 2330 5639 Deus
2355 5584 2562 5638 dilectio
2589 5578 2763 5664 estzIn
2784 5575 2880 5629 hoc
2901 5576 3230 5664 mqnifestutn
3249 5588 3317 5625 est
3337 5573 3636 5664 (tinge-tio..."

2045 5645 2572 5732 quia...nnigenittnn
2593 5651 2644 5704 in
2667 5649 2801 5701 hunc
2825 5645 3118 5732 mundum...
3164 5665 3216 5717 πρ
3248 5662 3332 5732 τίη
3363 5646 3638 5727 ...άίιρειὶο⁹

2047 5716 2148 5788 non
2177 5731 2301 5800 quia
2348 5716 2437 5780 nos
2465 5723 2740 5775 dileximus
2761 5762 2772 5780 .
2806 5718 2900 5800 sed
2923 5716 3191 5800 φιλία-ἧψε
3229 5716 3409 5799 dilexit
3440 5737 3562 5791 nos,
3593 5716 3642 5780 ρτ

2048 5788 2282 5860 misit..."
2318 5801 2571 5852 litatorem
2592 5809 2686 5864 pro
2707 5791 3018 5862 peccatis....
3053 5788 3404 5851 Ditectissimi,
3435 5804 3530 5849 etc.

3077 5882 3155 5942 29
