4148 6186
290 310 396 366 9οΊ

1361 303 1499 360 Ριιο
1533 303 1808 361 SANCTO
1846 301 2244 361 ATHANASIO
2283 299 2416 358 LIB.
2462 300 2530 358 11.

3491 303 3597 361 910

291 421 550 478 scandala
593 421 848 477 diabolus
895 419 1183 476 immiserit
1227 420 1434 475 nostris
1472 419 1669 476 diebus
1697 420 1752 475 in
1793 421 1889 476 Dei
1917 423 1971 482 Α
1995 435 2110 476 rem
2140 416 2321 490 egeris
2355 430 2422 474 eo
2452 417 2617 473 modo
2643 427 2756 489 quo
2781 417 3010 489 jusserit
3040 425 3093 474 te
3125 431 3288 490 agere
3306 419 3596 478 Dominus.

289 515 551 584 pupulum
576 551 592 580 ,
627 514 759 584 quia
783 513 914 570 licet
941 514 1238 568 concitaris
1265 513 1523 568 scandala
1541 554 1556 579 ,
1589 523 1772 568 tamen
1793 514 1890 568 de-

289 607 510 677 ceperis
533 621 630 662 eos
655 615 865 662 tantum
895 606 986 674 qui
1011 614 1062 660 te
1090 607 1418 660 nesciverint
1440 605 1551 674 jam
1569 605 1652 659 sic
1677 604 1892 661 eruisse

291 708 352 756 ιιι
389 699 538 752 rivus
581 699 839 766 praecisus
875 711 904 749 ιι
944 695 1127 764 fonte,
1162 708 1216 751 ut
1253 696 1456 752 fractus
1495 711 1679 750 ramus
1706 712 1772 751 ex
1803 710 1892 750 ar-

291 792 472 848 bore?
493 789 762 846 Caeterum
791 791 883 859 qui
923 798 976 844 te
1004 798 1157 845 extra
1189 790 1480 845 ecclesiam
1509 789 1892 860 cognoscimus

292 885 531 956 positum
552 923 568 949 ,
585 881 676 953 qui
703 883 911 938 hostem
937 883 1082 938 unici
1103 880 1232 940 Filii
1259 883 1353 938 Dei
1375 883 1656 939 cernimus
1676 925 1691 949 ,
1715 883 1893 938 scien-

294 988 380 1034 tes
423 987 476 1032 te
508 987 814 1042 mortuum,
856 985 1084 1031 conatus
1127 985 1249 1031 tuos
1296 977 1409 1032 Deo
1451 976 1676 1047 javante
1704 978 1894 1032 subter

296 1072 464 1143 pedes
495 1081 684 1126 notros
706 1086 830 1126 esse
859 1071 1250 1140 conspicimus.
1279 1071 1499 1127 Scimus
1515 1072 1718 1126 ctenim
1746 1079 1892 1126 mora-

296 1175 447 1222 tuum
472 1165 611 1220 vivis
632 1165 902 1220 dominari
929 1176 1033 1220 non
1063 1180 1241 1234 posse.
1265 1163 1371 1222 Sed
1391 1165 1521 1234 quid
1545 1165 1686 1220 dicis
1708 1164 1893 1218 vivere

296 1264 351 1314 te
384 1258 439 1313 in
466 1256 728 1313 Christo?
753 1256 906 1312 Unde
936 1257 1166 1327 probare
1189 1273 1251 1311 es
1283 1267 1478 1327 potens
1509 1271 1636 1312 cum
1667 1267 1789 1312 eum
1816 1257 1894 1311 sis

294 1351 550 1422 negans?
584 1351 764 1406 vivere
787 1351 993 1406 etenim
1023 1366 1130 1406 non
1179 1353 1438 1422 possunt,
1474 1352 1580 1406 nisi
1621 1351 1711 1422 qui
1743 1351 1893 1406 illum

295 1445 572 1502 fateantur
602 1461 787 1501 verum
816 1446 986 1500 Deum
1015 1461 1169 1512 esse,
1201 1459 1388 1500 verum
1411 1447 1505 1501 Dei
1533 1446 1755 1500 Filium.
1785 1445 1896 1502 Un-

298 1541 368 1597 de
390 1557 452 1598 es
483 1541 672 1596 vivens
699 1542 826 1596 cum
851 1556 953 1596 nos
986 1541 1190 1595 idcirco
1216 1541 1566 1612 persequaris
1585 1583 1599 1605 ,
1623 1541 1748 1608 quia
1781 1540 1896 1609 ejus

300 1649 422 1690 esse
469 1649 571 1688 nos
606 1633 874 1689 fateamur
903 1635 1128 1689 servos?
1170 1634 1277 1689 Ant
1318 1635 1580 1703 numquid
1615 1628 1685 1690 ob
1734 1635 1893 1689 aliam

301 1742 400 1783 nos
427 1724 774 1797 persequeris
789 1727 1045 1782 causam?
1068 1725 1326 1796 nunrqnid
1357 1726 1608 1780 fortassis
1639 1723 1896 1780 invenisti

1993 512 2162 568 Fuisti
2190 528 2360 567 ausus
2383 513 2621 583 perierre
2647 512 2713 567 ad
2736 513 2946 568 beatam
2973 514 3267 569 ecclesiam
3291 555 3307 582 ,
3326 515 3476 571 fuisti
3499 533 3596 573 au-

1991 621 2088 661 sus
2115 607 2301 662 dicere
2322 625 2334 660 :
2354 605 2598 660 Peccavit
2627 606 2947 662 Athanasius
2965 647 2980 674 ,
3013 618 3061 662 et
3090 607 3233 662 debet
3260 609 3324 662 ab
3357 610 3593 666 omnibus

1990 703 2104 772 ejus
2136 699 2472 753 condemnari
2503 701 2833 753 communio?
2859 699 2970 754 Sed
3009 701 3141 771 quid
3189 701 3378 757 dicere
3410 712 3590 757 tenta-

1993 791 2113 847 bist
2143 789 2211 844 In
2245 790 2410 846 Deum
2434 791 2685 861 deliquit;
2727 801 2786 848 et
2829 806 2962 847 ecce
2993 793 3230 848 inveniri
3273 808 3382 850 non
3415 804 3598 866 potest

1993 879 2137 950 quod
2169 880 2221 934 in
2249 881 2417 935 Deum
2447 880 2783 951 deliquerit,
2813 883 2860 936 si
2891 881 3112 952 quidem
3144 897 3321 954 neque
3369 895 3422 940 tu
3446 928 3461 954 ,
3495 901 3594 943 ne-

1993 989 2101 1045 que
2127 973 2486 1044 consacrilegi
2532 975 2607 1028 tui
2637 974 2733 1028 tilii
2762 975 3070 1030 meretricis
3111 975 3338 1032 hatresis
3381 979 3597 1036 Arianae

1995 1067 2219 1138 possitis
2240 1074 2414 1122 testes
2433 1067 2649 1123 admitti
2677 1078 2869 1123 contra
2895 1069 3224 1124 catholicum
3257 1071 3595 1142 episc0pum.

1999 1162 2264 1216 Dominus
2293 1161 2495 1216 etenim
2519 1162 2848 1230 loquebatur
2873 1160 2942 1217 de
2971 1163 3147 1218 tribus
3176 1162 3463 1220 catholicis
3489 1177 3598 1221 tes-

1998 1252 2143 1308 tibus
2169 1294 2184 1318 ,
2231 1253 2300 1307 de
2341 1254 2517 1308 servis
2568 1252 2873 1323 rnajestatis
2912 1267 3067 1320 sum,
3115 1263 3172 1310 ut
3201 1256 3313 1311 illis
3351 1257 3602 1314 crederet

1999 1347 2155 1403 beata
2175 1348 2410 1403 ecclesia
2439 1390 2452 1415 ,
2485 1361 2594 1403 non
2619 1347 2774 1405 vobis
2803 1351 3045 1420 profanis
3067 1395 3081 1417 ,
3117 1365 3182 1407 ex
3209 1351 3487 1410 adulterio
3531 1356 3599 1412 de

1999 1443 2288 1497 meretrice
2311 1442 2763 1498 natis.C:etermn
2787 1443 2836 1499 si
2860 1453 2967 1498 non
2991 1444 3066 1498 ita
3093 1445 3469 1517 acceperimus
3495 1449 3598 1504 Do-

2000 1535 2134 1588 mini
2169 1535 2312 1591 istud
2351 1545 2689 1604 praeceptum
2713 1578 2728 1603 ,
2764 1540 3023 1607 poterunt
3071 1548 3125 1594 et
3169 1539 3395 1596 Saturni
3440 1556 3606 1614 atque

2000 1630 2244 1684 omnium
2281 1628 2561 1685 idolorum
2603 1633 2842 1686 cultores
2889 1631 3104 1687 admitti
3157 1643 3345 1688 contra
3377 1633 3475 1690 Det
3506 1631 3605 1689 do-

2003 1724 2264 1780 mesticos
2285 1727 2488 1792 testes;
2520 1733 2780 1795 poterunt
2805 1737 2855 1782 et
2878 1723 3306 1797 comblaSphemi
3333 1729 3410 1783 toi
3436 1743 3466 1783 a
3489 1729 3604 1784 Deo

301 1820 475 1876 nosin
497 1819 902 1887 todeliqnisse?
924 1827 979 1874 et
998 1819 1272 1874 idcimoin
1301 1833 1400 1872 nos
1421 1823 1531 1872 tam
1561 1817 1791 1873 infestus
1813 1817 1903 1872 es?
1934 1803 1981 1862 Β
2007 1813 2258 1870 derelicti
2311 1816 2432 1870 sine
2477 1815 2715 1886 lumine,
2775 1827 2836 1872 at
2860 1823 2919 1873 ιιι
2967 1829 3059 1884 es,
3087 1821 3255 1889 positi
3299 1817 3495 1875 Judaei.
3545 1822 3602 1876 Si

302 1926 404 1966 nos
427 1913 484 1966 in
509 1921 562 1967 te
585 1926 844 1982 peccasse
870 1922 1087 1967 nosmet
1119 1927 1225 1966 non
1254 1912 1580 1967 retinemus.
1611 1909 1902 1978 Quomodo

301 2003 501 2059 etenim
527 2003 580 2058 in
613 2014 662 2058 te
690 2016 946 2072 peccasse
974 2017 1073 2058 nos
1099 2002 1316 2072 probari
1342 2003 1576 2072 poterit,
1607 2015 1728 2056 cum
1759 2007 1812 2056 te
1833 2000 1902 2056 de

302 2103 478 2150 morte
504 2096 692 2150 venire
711 2095 778 2148 ad
803 2097 967 2149 vitam
992 2096 1330 2164 urgcscimus
1347 2095 1478 2149 “tet
1507 2103 1685 2150 tamen
1717 2096 1758 2147 si
1787 2109 1905 2148 scn-

302 2189 374 2242 tis
395 2203 494 2243 nos
517 2189 569 2242 in
589 2197 640 2242 te
655 2187 979 2257 deliquisse,
1001 2189 1190 2258 accipe
1214 2201 1340 2257 quae
1357 2195 1411 2242 te
1433 2187 1578 2241 circa
1608 2197 1710 2242 nos
1725 2187 1905 2242 facere

297 2280 528 2350 jusserit
568 2280 834 2335 Dominus
881 2279 1114 2334 dicens:
1152 2280 1303 2346 Quod
1348 2281 1392 2332 si
1439 2283 1719 2348 peccaverit
1761 2282 1815 2334 in
1857 2291 1903 2334 te

303 2375 464 2444 frater
504 2382 645 2439 tuus,
682 2372 829 2437 vade,
859 2380 906 2425 et
933 2372 1134 2440 corripe
1159 2386 1274 2424 eum
1303 2372 1435 2424 inter
1467 2382 1512 2424 te
1547 2381 1595 2426 et
1617 2374 1785 2441 ipsum
1813 2388 1901 2425 so-

304 2465 432 2531 lum;
445 2475 495 2519 et
521 2465 567 2518 si
587 2464 833 2527 audierit,
857 2464 1088 2518 lucratus
1106 2463 1205 2515 eris
1233 2465 1444 2533 fratrem
1477 2473 1617 2515 tuum
1635 2464 1709 2516 :si
1734 2473 1903 2516 autem

302 2575 403 2614 non
445 2568 494 2612 te
535 2557 790 2623 audierit,
821 2556 1004 2610 adhibe
1033 2565 1196 2608 tecum
1225 2571 1387 2608 unum
1410 2552 1437 2592 δ
1477 2555 1554 2608 uel
1581 2555 1740 2621 duos,
1771 2565 1826 2608 ut
1852 2557 1906 2608 in

303 2667 392 2706 ore
412 2651 667 2716 duorum,
684 2651 761 2704 vel
782 2651 934 2702 trium
955 2649 1188 2712 testium,
1215 2655 1311 2700 stet
1332 2660 1480 2700 omne
1502 2647 1730 2700 verbum.
1753 2647 1905 2712 Quod

302 2745 346 2798 si
373 2761 474 2799 non
498 2743 720 2798 audierit
768 2759 884 2805 eos,
927 2741 1009 2794 dic
1038 2741 1266 2794 ecclesia
1303 2756 1321 2794 :
1357 2740 1402 2793 si
1431 2750 1601 2794 autem
1640 2740 1906 2793 ecclesiam

305 2856 407 2893 non
435 2839 701 2901 audierit,
730 2837 797 2891 sit
832 2835 924 2890 tibi
954 2845 1214 2902 tamquam
1243 2832 1479 2887 ethnicus
1503 2843 1554 2886 et
1603 2833 1906 2904 publicanus

306 2932 473 3003 (ibid.
516 2931 635 3002 15).
686 2931 824 2987 Cum
883 2931 1002 2984 haec
1031 2941 1138 2982 non
1181 2924 1380 2982 feceris
1431 2937 1555 2997 quae
1583 2925 1907 2996 praeceperit

307 3026 574 3082 Dominus
596 3025 716 3080 ﬁeri
743 3064 758 3088 ,
789 3038 914 3079 cum
944 3037 1052 3077 non
1085 3021 1265 3076 solum
1299 3031 1321 3059 ο
1357 3029 1412 3074 ιιι
1439 3020 1494 3074 in
1519 3028 1572 3074 te
1595 3029 1648 3074 et
1669 3031 1769 3072 nos
1797 3033 1906 3072 non

307 3117 586 3174 monueris
605 3156 622 3184 ,
652 3116 847 3187 quibus
875 3112 1239 3184 pmsentibus
1285 3111 1642 3166 Athanasium
1671 3121 1841 3165 unum
1873 3121 1905 3164 e

2002 1911 2147 1964 enim
2178 1921 2276 1964 vos
2318 1911 2562 1966 haeretici
2588 1921 2642 1966 et
2669 1911 2888 1982 quidem
2917 1913 3160 1968 ninnium
3189 1921 3465 1969 sectarum
3504 1915 3603 1970 ad-

2004 2001 2257 2057 mittondi
2287 2001 2420 2057 estis
2449 2007 2618 2058 test
2663 2013 2854 2059 contra
2883 1997 3228 2060 Chrisﬁauos
3251 2047 3266 2074 ,
3295 2005 3498 2062 debent
3551 2013 3608 2063 et

2003 2095 2205 2149 ethnici
2230 2104 2285 2150 et
2311 2095 2484 2151 Judaei
2514 2113 2526 2150 :
2555 2097 2822 2168 siquidem
2848 2099 2970 2153 sive
2995 2097 3168 2153 Judzei
3191 2140 3206 2166 ,
3233 2099 3348 2156 sive
3376 2099 3610 2167 ethnici,

2005 2188 2121 2242 sive
2150 2202 2251 2242 vos
2283 2187 2525 2244 haeretici
2558 2190 2720 2259 positi
2753 2198 2904 2244 extra
2937 2191 3147 2245 Domini
3170 2192 3460 2247 ecclesiam
3491 2192 3611 2249 sitis

2005 2281 2123 2334 sine
2153 2281 2263 2335 Dco
2285 2322 2299 2345 ,
2331 2289 2387 2334 ιιι
2414 2289 2544 2336 tunc
2570 2282 2647 2335 illi
2681 2283 2865 2336 cuncti
2897 2284 2986 2352 qui
3020 2295 3126 2338 nan
3155 2283 3358 2338 fuerint
3393 2285 3446 2339 in
3480 2286 3606 2340 arc'a

2005 2374 2340 2429 sanctissimi
2368 2371 2501 2429 Noe.
2536 2373 2608 2430 Ut
2631 2376 2776 2429 etiim
2815 2375 2895 2429 iiii
2925 2377 3084 2445 positi
3107 2387 3259 2431 extra
3291 2393 3471 2433 arcam
3496 2379 3609 2434 sal-

2007 2465 2126 2521 vari
2151 2480 2255 2520 non
2283 2475 2614 2537 potuerunt,
2651 2467 2721 2522 ita
2755 2481 2854 2522 nec
2883 2481 3010 2530 vos,
3039 2467 3134 2524 sed
3157 2469 3238 2524 sic
3261 2471 3379 2525 sitis
3421 2472 3610 2526 interi-

2009 2559 2138 2622 turi,
2190 2560 2292 2614 nisi
2340 2560 2630 2614 credentes
2659 2561 2965 2615 inimicum
3011 2558 3109 2615 Dei
3150 2556 3372 2630 Filium,
3402 2563 3522 2633 ejus
3553 2564 3606 2618 in

2008 2659 2191 2705 sancta
2221 2650 2458 2706 ecclesia
2503 2645 2720 2706 fueritis
2756 2661 3168 2706 comtnanentes
3209 2654 3521 2708 nobiscum.
3553 2655 3608 2711 Si

2008 2745 2174 2814 igitur
2207 2751 2377 2798 testes
2408 2755 2583 2814 neque
2631 2752 2690 2798 tu
2723 2757 2897 2814 neque
2919 2744 3351 2815 combla‘sphemi
3384 2748 3458 2801 tui
3487 2763 3612 2802 esse

2009 2837 2258 2906 potestis,
2279 2837 2558 2907 quomodo
2570 2833 2775 2900 fecisti,
2806 2835 3172 2893 insulsissime
3195 2851 3312 2903 rex,
3337 2839 3616 2909 damnari,

2009 2937 2064 2984 et
2085 2928 2857 2999 quidemaconsacerdotihus
2873 2931 3012 2996 suis,
3047 2933 3213 2987 totius
3245 2933 3423 2988 virum
3455 2935 3612 2989 inno-

2009 3019 2251 3076 centich
2290 3020 2447 3076 Addo
2495 3019 2668 3088 illud,
2714 3023 2835 3092 quia
2864 3021 2975 3096 jam
3011 3019 3166 3077 illum
3214 3027 3614 3081 accusaveratis

2011 3111 2182 3168 fuisse
2212 3112 2543 3169 homicidam
2577 3122 2600 3150 ε
2629 3113 2769 3182 apud
2801 3109 3080 3170 Sardicam
3109 3116 3161 3168 in
3194 3117 3402 3186 synodo
3428 3116 3613 3172 catho-

306 3212 818 3270 nobisoonvincens
835 3224 986 3264 reum
1011 3206 1319 3272 luisse,sed
1341 3205 1590 3275 coegeris
1607 3213 1731 3257 cum
1749 3202 1907 3257 inau-
1935 3176 1980 3239 (ἶ
2012 3204 2240 3259 licorum
2269 3245 2282 3270 ,
2307 3214 2360 3260 et
2385 3205 2618 3276 probare
2649 3202 2668 3242 ί
2703 3203 2925 3259 minime
2957 3205 3183 3260 valuerit
3206 3205 3465 3276 iniquitas
3491 3224 3613 3264 ves-

308 3306 481 3362 ditum
522 3320 553 3360 a
600 3303 758 3358 nobis
785 3301 1034 3359 damnari
1081 3297 1574 3355 consaeerdotibus
1603 3297 1716 3351 suis
1738 3339 1752 3362 ,
1783 3310 1907 3350 cum

307 3395 333 3437 ἀ
361 3400 412 3453 ei
437 3397 778 3453 audientiam
803 3390 1417 3463 abstuleris,quomodo
1447 3405 1547 3446 nos
1567 3390 1782 3460 injuste
1813 3403 1910 3459 po-

309 3491 444 3547 teris
476 3491 757 3554 incusare,
789 3487 933 3558 quod
957 3487 1107 3542 enim
1137 3484 1536 3554 deliquerimus
1566 3483 1618 3536 in
1654 3492 1705 3537 te
1727 3521 1742 3547 ,
1771 3479 1907 3534 nihil

311 3584 507 3642 horum
544 3582 930 3640 mandatorum
985 3579 1199 3636 Domini
1242 3593 1369 3633 cum
1407 3574 1759 3646 impleveris?
1791 3574 1908 3628 Cur

310 3693 411 3736 nos
439 3688 546 3733 tam
572 3676 770 3732 infeste
801 3673 1150 3745 persequeris
1169 3712 1182 3736 ,
1208 3685 1335 3726 cum
1361 3670 1534 3740 magis
1577 3679 1630 3723 tu
1661 3667 1735 3721 sis
1781 3673 1909 3721 reus

313 3768 779 3841 pravaricatiouis
800 3807 816 3832 ,
853 3766 949 3836 qui
997 3763 1224 3820 minime
1251 3762 1396 3818 circa
1428 3774 1560 3827 nos,
1597 3773 1695 3828 pro
1721 3767 1780 3812 ut
1812 3757 1909 3812 tibi

312 3862 461 3918 dedit
483 3860 741 3917 mandata
766 3858 858 3914 Dei
893 3857 1084 3912 unicus
1107 3854 1308 3920 Filius,
1339 3852 1547 3924 egeris,
1576 3851 1671 3906 sed
1696 3851 1785 3920 qui
1813 3863 1910 3919 pro

311 3963 370 4008 ut
393 3954 663 4022 placuerit
689 3951 909 4007 inimico
933 3957 1120 4004 nostro
1143 3945 1401 4010 diabolo,
1421 3951 1617 4000 cuncta
1635 3940 1912 4013 gesseris?

311 4048 456 4104 illius
481 4047 684 4104 etenim
711 4055 797 4100 est
819 4041 1130 4112 huiusmodi
1159 4039 1474 4099 corisilium,
1502 4037 1644 4091 iilius
1667 4037 1793 4090 talis
1817 4045 1914 4089 ro-

312 4140 529 4207 luntas,
556 4149 620 4194 ut
641 4137 918 4193 inauditus
945 4134 1262 4198 damnetur,
1289 4140 1352 4185 ut
1392 4131 1591 4185 absens
1621 4125 1918 4184 interﬁcia-

316 4241 429 4302 tur,
452 4244 514 4291 ut
529 4233 843 4290 innocentis
855 4246 1019 4287 cruor
1043 4231 1060 4281 i
1063 4247 1093 4283 ιι
1103 4228 1301 4283 ndatnr
1314 4241 1332 4292 r;
1356 4237 1481 4279 cum
1501 4233 1614 4276 non
1626 4264 1640 4289 ,
1665 4223 1830 4291 inqua
1840 4236 1888 4274 m
1899 4260 1915 4286 ,

390 4413 415 4474 ξι
447 4403 552 4474 Pro
581 4402 770 4474 satpius
799 4397 1199 4474 urgemus._’i‘il_.
1232 4403 1286 4447 ct
1317 4394 1364 4446 la
1393 4389 1592 4474 Ge’rda.

385 4473 412 4512 ι)
439 4473 630 4528 Tecum
653 4459 827 4527 adhuc
850 4459 1030 4525 unum.
1075 4467 1248 4522 Vatic.
1283 4479 1407 4521 cum
1445 4459 1640 4518 Graeco
1667 4468 1724 4516 et
1750 4459 1909 4517 νοτε.
1937 4470 1992 4530 1)

319 4548 606 4671 Ancl.Soius
629 4623 682 4667 tn
705 4615 837 4668 inter
859 4622 911 4666 te
938 4620 984 4666 et
1016 4628 1128 4664 nos.
1154 4609 1359 4674 Latin.;
1387 4607 1485 4664 sed
1519 4605 1749 4661 mentis:
1779 4604 1913 4658 Cum

318 4705 418 4743 non
448 4687 618 4742 solum
645 4696 700 4740 tu
726 4687 860 4739 inter
882 4695 927 4737 te
948 4691 997 4738 et
1021 4699 1112 4736 nos
1146 4699 1247 4735 non
1279 4683 1539 4734 monueris
1559 4719 1574 4744 ,
1608 4677 1914 4730 convincens

317 4759 531 4831 quibus,
575 4758 752 4831 idest
797 4756 978 4831 nobis,
1009 4754 1153 4831 ipsis
1198 4751 1535 4831 praestitibus
1575 4746 1917 4831 Adnotatum

319 4818 479 4884 imm
509 4818 706 4883 errabis
757 4841 898 4881 reum
944 4818 1134 4898 (uisae,
1167 4818 1255 4877 scd
1286 4823 1512 4898 coegeris
1534 4830 1639 4876 etc.
1672 4818 1915 4872 Latinius

319 4902 465 4968 idem
495 4901 820 4954 com'inceres
847 4893 953 4968 pro
972 4897 1274 4968 convincens
1302 4893 1594 4968 legendum
1627 4899 1869 4968 autmnat
1895 4904 1910 4953 ;

319 4965 662 5028 sedretincri
691 4963 1033 5040 participium
1065 4967 1271 5038 optime
1295 4963 1492 5034 potest.
1522 4963 1799 5019 Latinium
1829 4975 1915 5015 se-

321 5045 503 5114 quitur
529 5042 846 5097 Galandius.

401 5111 791 5170 dConstantius
809 5112 952 5167 enim
980 5109 1045 5162 ad
1065 5105 1779 5163 MediolancnscConcilium
1806 5117 1910 5156 non

321 5183 573 5241 invitavit
595 5184 949 5240 Athanasium
974 5223 988 5246 ,
1019 5183 1113 5250 qui
1147 5179 1344 5233 litteris
1379 5173 1585 5232 Liherii
1631 5174 1915 5229 Pontiﬁcis

323 5258 390 5310 ad
425 5269 482 5311 se
514 5257 896 5310 Alexzrndrizun
930 5249 1125 5307 delatis
1159 5251 1380 5304 minimc
1407 5249 1584 5304 lidens
1607 5285 1621 5312 ,
1652 5259 1777 5302 cum
1824 5260 1915 5299 su-

327 5330 499 5397 Spicio
528 5337 671 5382 esset
702 5326 770 5379 ab
792 5323 1291 5397 Arianis‘conlictas
1318 5319 1504 5397 fuisse,
1527 5335 1594 5373 ne
1622 5321 1673 5397 in
1707 5318 1911 5397 Italiam

323 5387 542 5470 quidem
575 5406 834 5461 venerat;
856 5403 910 5449 cit
932 5394 1153 5470 insidias
1176 5392 1279 5445 sibi
1311 5393 1560 5470 pararim
1587 5388 1789 5470 palatio
1810 5387 1915 5470 Im:

323 5455 595 5540 putatoris
615 5455 861 5540 metut-ns
886 5467 1029 5520 misit
1061 5455 1360 5540 legatosad
1383 5455 1914 5540 Constantintntqui

325 5533 427 5596 sibi
471 5541 623 5596 ilium
673 5539 1033 5595 conciliarent
1070 5533 1222 5609 :scd
1262 5535 1486 5609 frustra;
1513 5546 1662 5609 nam.
1689 5539 1768 5609 “ut
1800 5533 1916 5609 ipse

326 5613 659 5668 Athanasius
683 5619 921 5666 testatur
951 5611 1006 5661 in
1037 5608 1196 5675 epist.
1231 5601 1298 5658 ad
1323 5601 1506 5675 Solit.,
1526 5601 1745 5675 singulis
1771 5597 1917 5675 urbi-

328 5683 417 5758 bus
444 5683 650 5758 cogebat
678 5682 960 5758 Episcopus
981 5721 994 5744 ,
1024 5669 1325 5758 Galliarum.
1347 5669 1683 5758 scilicet.,fot
1709 5669 1910 5758 Italiae,

327 5753 396 5808 ad
427 5744 735 5807 nru‘iandani
779 5755 832 5807 in
857 5744 1016 5806 cauea
1047 5744 1331 5803 Athanasii
1353 5744 1657 5816 sententiam
1677 5758 1694 5816 ί
1717 5747 1772 5796 et
1801 5756 1915 5816 cum

329 5826 372 5880 ei
422 5824 740 5880 audientiam
780 5823 1078 5894 denegasset
1124 5819 1177 5874 in
1225 5812 1471 5873 Concilio
1500 5812 1910 5878 Mediolaneusi,

2014 3305 2116 3351 tra.
2145 3295 2299 3351 Addo
2322 3297 2467 3368 quod
2493 3305 2550 3351 ιιι
2572 3297 2690 3366 ipse
2714 3296 2778 3350 ad
2803 3295 3092 3350 ecclesiam
3120 3295 3610 3355 Alexandrinorum

2013 3385 2232 3445 dederis
2272 3387 2484 3443 litteras
2511 3397 2535 3436 8
2565 3398 2818 3445 astruens
2859 3383 3433 3459 illum'virumjustum
3456 3435 3469 3459 ,
3500 3394 3620 3463 epi-

2013 3495 2236 3552 seopum
2268 3479 2619 3536 catholicum.
2649 3479 2730 3535 Ad
2757 3479 3005 3534 ultimum
3027 3522 3041 3547 ,
3077 3482 3297 3537 tametsi
3327 3479 3356 3520 ιι
3389 3499 3610 3552 peccas-

2012 3575 2124 3642 set,
2159 3571 2488 3628 Athanasius
2517 3573 2694 3627 fuerat
2723 3569 3008 3642 pellendus
3037 3587 3066 3626 a
3101 3574 3303 3643 populo
3333 3575 3436 3630 sibi
3469 3591 3615 3631 com-

2016 3667 2184 3722 misso
2205 3707 2220 3733 ,
2247 3674 2299 3720 et
2319 3664 2535 3734 quidem
2562 3673 2616 3718 ut
2643 3663 2738 3718 ille
2765 3664 2993 3732 populus
3023 3661 3183 3717 alium
3213 3679 3243 3720 e
3264 3673 3496 3734 corpore
3519 3682 3618 3723 suo

2017 3758 2238 3830 dignum
2271 3765 2479 3823 peteret
2498 3756 2600 3810 sibi
2626 3753 2742 3810 ﬁeri
2774 3756 3127 3824 episcopum;
3155 3771 3262 3809 non
3290 3764 3470 3813 tamen
3506 3759 3617 3815 fue-

2018 3857 2103 3904 rat
2146 3847 2329 3920 gladio
2373 3859 2477 3916 per
2523 3855 2575 3902 te
2621 3847 3011 3917 imperatorem
3061 3846 3354 3916 petendus.
3387 3852 3455 3903 At
3498 3865 3622 3905 cum

2026 3943 2041 3978 ί
2075 3953 2133 3997 ιιι
2174 3941 2300 3997 loco
2327 3940 2658 4007 innocentis,
2689 3941 2739 3993 in
2773 3951 2930 4009 quem
2959 3939 3099 3994 nihil
3127 3941 3241 3995 veri
3273 3943 3623 3999 constituerit

2020 4036 2142 4090 loco
2167 4032 2474 4090 catholicus
2501 4075 2516 4099 ,
2550 4033 2766 4087 miseris
2797 4033 3228 4103 consacrilegum
3263 4044 3413 4090 tuum
3447 4031 3619 4092 Geor—

2019 4127 2192 4196 gium,
2225 4125 2239 4176 i
2277 4123 2667 4179 etnoie'ntibus
2689 4124 2806 4194 ejus
2838 4121 3097 4178 maculari
3126 4123 3418 4196 sacrilegio
3438 4136 3619 4183 tantas

2021 4218 2416 4281 contumelias,
2466 4227 2755 4288 tantasque
2799 4213 3049 4272 intuleris
3100 4233 3289 4288 poenas
3317 4260 3330 4282 ,
3366 4228 3425 4273 ut
3455 4221 3625 4289 pluri-

2018 4389 2320 4460 Episcopos
2343 4389 2501 4460 jussit
2530 4389 2852 4460 subscribere
2878 4398 3060 4460 contra
3085 4390 3442 4449 Athanasium.

2094 4469 2116 4496 ε’
2149 4461 2204 4515 In
2236 4458 2486 4515 Concilio
2519 4459 2831 4513 Sardicensi
2864 4458 2996 4512 anni
3025 4460 3132 4513 547
3184 4463 3517 4520 Athanasius
3545 4465 3614 4522 dc

2019 4545 2154 4586 nece
2177 4530 2390 4586 Arsenii
2423 4529 2673 4599 Episcopi
2695 4530 2899 4598 pluries
2919 4528 3031 4598 jam
3058 4529 3130 4585 ab
3155 4530 3428 4592 lnereticis
3453 4550 3614 4592 accu-

2019 4609 2169 4657 satus
2195 4642 2209 4662 .
2241 4617 2269 4654 a
2299 4601 2553 4655 Patribus
2580 4597 2787 4670 symnn
2820 4597 3104 4657 absumus
3137 4602 3253 4659 fuit.

2095 4673 2112 4711 ί
2150 4673 2310 4744 orte
2335 4670 2570 4744 prabari.

2091 4753 2114 4818 [ξ
2139 4741 2375 4798 Exstant
2400 4741 2485 4818 hac
2512 4743 2712 4796 littera:
2732 4741 2873 4818 ap_u_d
2904 4742 3260 4801 Athanasium
3284 4746 3340 4803 in
3361 4750 3520 4818 Apol.
3553 4768 3613 4815 ιι.

2017 4815 2368 4870 etSocratem
2402 4813 2587 4879 tib.-u,
2633 4829 2756 4882 cap.
2787 4814 2888 4876 2'5,
2925 4818 3122 4882 quibus
3150 4820 3342 4874 scribit
3363 4813 3622 4877 Constan-

2023 4887 2161 4950 tius,
2207 4901 2265 4940 se
2294 4885 2361 4958 ad
2386 4885 2517 4958 illos
2561 4887 2726 4958 virum
2756 4885 3015 4940 remittere
3042 4887 3159 4942 vita
3189 4892 3533 4958 rectitudine,
3567 4903 3618 4948 et

2017 4969 2215 5028 morum
2245 4955 2499 5028 probitate
2546 4955 2786 5028 omnibus
2816 4958 3173 5028 notissimum;
3206 4977 3329 5016 cum
3359 4955 3615 5017 nimirum

2015 5027 2229 5091 Galliis,
2267 5029 2359 5082 ubi
2399 5027 2723 5094 exsulabat,
2761 5027 2829 5081 ad
2855 5027 3280 5086 Alexandrinam
3312 5031 3612 5089 Ecclesiam

2017 5108 2312 5155 revocatus
2345 5098 2461 5152 fuit.

2089 5169 2117 5208 ιι
2145 5171 2204 5225 Μ
2234 5179 2318 5224 est
2338 5209 2354 5234 ,
2386 5170 2450 5222 si.

2097 5240 2112 5279 ί
2149 5243 2275 5296 llaec
2295 5249 2548 5309 corrupta
2568 5250 2694 5296 sunt
2715 5285 2730 5308 ,
2757 5239 2893 5295 licet
2920 5255 3118 5296 sensus
3145 5243 3308 5297 facile
3333 5257 3616 5311 appareat.

2018 5311 2123 5384 Tit.
2154 5313 2404 5367 Latinius
2430 5328 2559 5366 vero
2587 5314 2658 5366 ita
2685 5311 2914 5384 corrigit
2940 5328 2952 5363 :
2977 5314 3176 5384 Attum
3206 5324 3261 5368 tu
3283 5315 3510 5384 iniquum
3537 5319 3619 5370 ni-

2018 5382 2092 5436 hil
2122 5385 2310 5438 veritus
2334 5385 2644 5444 restitueris,
2678 5393 2727 5436 et
2749 5383 2862 5434 loco
2890 5381 3132 5435 catholici
3153 5381 3480 5440 miserisctc.
3511 5387 3620 5443 Sed

2020 5454 2195 5522 placet
2218 5456 2394 5510 locum
2426 5455 2566 5508 lnmc
2593 5455 2673 5508 sic
2723 5454 3076 5522 interpretari
3107 5469 3120 5511 :
3151 5453 3279 5508 Cum
3315 5465 3367 5508 ιν
3399 5457 3512 5510 loco
3540 5461 3622 5511 in-

2019 5521 2251 5579 nocentis
2275 5568 2289 5591 ,
2317 5525 2591 5578 Athanasii
2618 5563 2631 5585 ,
2654 5522 2708 5574 in
2737 5537 2886 5590 quem
2907 5521 3222 5592 catholicus,
3255 5526 3304 5580 id
3327 5535 3413 5580 est
3438 5532 3620 5583 cat/to-

2019 5597 2104 5650 lici
2128 5596 2374 5668 Episcopi
2397 5635 2413 5668 ,ν
2437 5592 2568 5668 nilut
2593 5593 2705 5646 loco
2729 5593 2867 5668 aeri,
2898 5592 3110 5668 scilicet
3133 5607 3198 5650 ea:
3221 5597 3291 5650 iis
3313 5635 3326 5656 .
3354 5613 3470 5667 qum
3497 5616 3622 5654 con-

2019 5677 2099 5721 ινα
2137 5663 2289 5722 ilium
2320 5663 2720 5737 calumniantur
2751 5663 2933 5716 Ariani
2951 5706 2965 5731 ,
2993 5669 3323 5722 constituerit
3344 5663 3375 5737 ,’
3403 5669 3504 5725 hoc
3540 5680 3625 5727 est

2019 5737 2294 5792 decreverit
2317 5737 2508 5802 inesse,
2541 5735 2737 5788 "riseris
2753 5743 2870 5788 etc.

2096 5809 2108 5857 ι
2148 5807 2281 5864 Vide
2322 5821 2445 5876 quae
2493 5807 2561 5861 de
2603 5803 2836 5876 Georgio
2876 5804 3020 5880 dicta
3059 5806 3177 5878 jam
3231 5820 3390 5882 sunt,
3423 5821 3479 5870 et
3509 5828 3631 5884 quae
