4148 6186
356 201 462 258 913

1428 208 1565 262 PRO
1605 207 1876 264 ΒΑΜ)Το
1917 209 2313 267 ATHANASIO
2352 211 2483 267 LIB.
2528 214 2592 267 ll.

3555 218 3660 273 9N

354 317 527 371 illi“:
565 315 738 371 Malos
784 319 919 371 male
958 316 1133 387 perdet
1174 319 1324 384 illos,
1368 323 1571 375 vineam
1608 323 1792 377 locabit
1838 324 1957 378 aliis
1985 327 2034 385 A
2062 332 2119 378 tu
2153 324 2205 379 in
2245 334 2407 394 gente
2450 325 2551 380 bac
2592 342 2673 391 es,
2713 343 2833 397 quae
2879 328 3089 385 fructus
3130 332 3440 386 inveniatur
3480 332 3661 386 facere

355 408 577 469 colonis.
608 409 694 477 qui
717 408 934 462 reddent
958 410 1002 463 ei
1036 412 1263 478 fructum
1290 414 1603 482 temporibus
1627 416 1734 467 suis
1761 412 1953 487 (Ibid.,

353 515 465 566 XXI,
496 500 607 570 25).
644 501 725 555 Ex
758 501 842 556 his
873 503 994 570 quia
1038 518 1161 559 esse
1195 521 1331 558 unus
1372 521 1700 575 magnOpere
1738 507 1955 562 deside-

352 595 518 658 raris,
546 602 599 648 et
625 608 723 647 nos
744 594 921 648 socios
948 597 1237 651 criminum
1264 608 1475 652 tuorum
1505 600 1774 654 suadebas
1801 601 1949 655 tieri:

353 701 534 756 neque
565 686 708 740 enim
740 685 842 739 alia
876 696 1005 741 sunt
1034 689 1259 742 Consilia
1295 700 1383 744 tua
1427 691 1496 745 ab
1542 692 1756 744 illorum
1801 692 1953 746 nefa-

353 779 451 834 riis
478 778 743 843 consiliis,
775 778 869 849 qui
892 779 1241 835 inveniuntur
1272 784 1563 851 prophetas
1587 783 1950 849 interemisse,

353 872 445 941 qui
486 872 721 941 denique
754 870 806 923 in
844 872 1058 926 unicum
1090 872 1185 927 Dei
1219 873 1414 927 Filium
1456 875 1649 941 impias
1690 888 1953 942 perrexe-

353 966 460 1020 rint
492 979 711 1028 manus;
746 964 982 1019 maxime
1013 980 1135 1020 cum
1169 966 1330 1019 etiam
1359 968 1645 1037 passiones
1670 966 1949 1021 beatorum

350 1057 576 1112 istorum
607 1059 902 1111 missorum
941 1057 1007 1111 ad
1044 1058 1269 1112 colonos
1309 1059 1375 1111 ad
1422 1058 1652 1113 nihilum
1688 1058 1764 1113 sis
1808 1058 1952 1112 redi-

346 1163 505 1219 gens,
531 1149 829 1203 astruendo
852 1150 975 1205 illos
1006 1149 1174 1205 luisse
1204 1150 1527 1205 interfectos
1568 1162 1787 1220 propter
1827 1166 1951 1205 eum

345 1245 434 1314 qui
481 1244 642 1314 fuerit
683 1244 893 1312 quando
942 1260 1041 1297 non
1090 1246 1287 1313 fuerit;
1330 1261 1453 1299 cum
1499 1247 1737 1301 clament
1782 1261 1951 1301 sacrae

346 1336 659 1408 scripturae,
683 1337 813 1405 quia
843 1336 1034 1390 unicus
1062 1336 1156 1391 Dei
1183 1336 1349 1391 Filius
1375 1352 1593 1407 semper
1623 1341 1949 1408 regnaverit,

345 1443 409 1484 ac
437 1429 506 1483 sit
538 1444 771 1498 regnans
806 1443 929 1483 cum
971 1429 1153 1483 Patre.
1194 1428 1367 1484 Unam
1403 1430 1605 1485 habere
1637 1430 1665 1468 ιι
1695 1430 1949 1485 deitatem

345 1524 601 1591 aperiunt
636 1520 927 1576 dominica:
972 1522 1168 1576 litterae
1211 1521 1447 1588 Patrem,
1477 1533 1532 1577 et
1572 1524 1788 1577 unicum
1832 1523 1950 1592 ejus

346 1614 574 1679 Filium;
616 1622 674 1670 et
714 1614 853 1668 dicis
899 1630 1044 1677 eum,
1078 1629 1177 1684 pro
1208 1630 1315 1685 quo
1358 1615 1623 1670 interiecti
1656 1624 1783 1669 sunt
1818 1632 1950 1686 pro-

2054 416 2298 486 justitiaa,
2323 428 2383 471 ut
2411 434 2517 473 non
2550 436 2687 474 unus
2715 435 2838 475 esse
2866 424 3245 491 pronuncieris
3268 440 3334 478 ex
3364 425 3492 490 illis,
3517 439 3656 494 quos

2060 509 2243 575 pUISuS
2281 524 2402 564 esse
2441 526 2469 563 a
2501 510 2596 565 Dei
2631 526 2796 580 regno
2834 524 3056 581 propter
3083 514 3351 583 justorum
3385 530 3573 569 necem
3605 526 3663 569 et.

2057 600 2488 658 incredulitatem
2517 620 2671 659 suam
2702 606 2908 659 audias.
2940 607 3073 661 Esse
3104 618 3153 661 te
3175 608 3396 663 adverte
3424 609 3537 663 lucc
3564 624 3659 678 ge-

2056 695 2226 747 rendo
2267 695 2405 748 inter
2434 696 2585 757 illos,
2644 713 2876 765 quorum
2913 701 3186 766 nequitias
3224 702 3477 767 aperiens
3526 701 3662 756 dicit

2057 786 2359 840 Dominus:
2396 787 2582 841 Simile
2620 800 2691 842 est
2733 807 2949 861 regnum
2990 793 3235 845 caelorum
3280 795 3478 847 homini
3526 796 3658 865 regi,

2053 879 2140 948 qui
2170 880 2290 945 fecit
2318 880 2525 939 nuptias
2558 880 2667 947 filio
2695 896 2811 943 suo,
2835 891 2881 933 et
2911 884 3051 935 misit
3076 899 3247 937 servos
3278 901 3401 937 suos
3426 885 3495 937 ad
3522 885 3658 938 invi-

2054 977 2187 1021 tatos
2204 965 2231 1003 ἀ
2249 969 2315 1020 ad
2338 970 2542 1038 nuptias
2567 968 2731 1038 (Ibid.
2759 986 2887 1033 χχιι,
2906 972 2983 1041 2).
3010 972 3071 1024 Et
3096 971 3232 1025 infra
3252 991 3264 1026 :
3287 972 3354 1025 Et
3378 976 3659 1028 noluerunt

2054 1062 2240 1114 venire.
2271 1060 2467 1112 Iterum
2491 1062 2625 1113 misit
2646 1071 2667 1097 ε
2686 1062 2753 1114 ad
2776 1064 2893 1115 illos
2912 1080 3085 1117 servos
3110 1066 3317 1119 dicens:
3340 1066 3506 1120 Dicite
3528 1068 3659 1120 invio

2054 1153 2172 1204 tatis
2198 1168 2214 1204 :
2238 1150 2374 1203 Ecce
2404 1153 2682 1221 prandium
2705 1154 2883 1220 paravi
2913 1170 3081 1207 meum
3102 1172 3119 1208 :
3139 1157 3280 1208 tauri
3304 1157 3423 1218 mei,
3447 1167 3494 1210 et
3518 1159 3658 1228 sagi-

2055 1252 2175 1295 nata
2198 1246 2387 1308 occisa,
2409 1253 2457 1296 et
2479 1244 2649 1295 omnia
2678 1255 2896 1313 parata;
2918 1246 3080 1299 venite
3105 1246 3174 1299 ad
3198 1248 3424 1316 nuptias.
3454 1246 3545 1301 Illi
3565 1265 3660 1302 au-

2056 1344 2152 1387 tem
2167 1336 2519 1403 neglexerunt,
2542 1345 2587 1387 et
2606 1335 2839 1388 abierunt
2856 1337 2950 1388 alii
2970 1338 3022 1389 in
3045 1339 3220 1390 villam
3238 1356 3409 1403 suam,
3430 1341 3519 1392 alii
3535 1357 3656 1394 vero

2055 1428 2123 1479 ad
2151 1430 2545 1498 negotiationem
2577 1445 2760 1493 suam;
2792 1429 2976 1498 reliqui
3008 1447 3126 1483 vero
3168 1441 3446 1486 tenuerunt
3484 1450 3659 1487 servos

2054 1521 2185 1585 eius,
2216 1530 2264 1572 et
2297 1520 2607 1573 contumelia
2656 1518 2871 1584 affectos
2913 1521 3237 1575 occiderunt.
3273 1520 3378 1575 Ille
3407 1540 3498 1577 rex
3538 1541 3654 1577 cum

2053 1610 2300 1676 audisset,
2334 1612 2492 1664 iratus
2516 1620 2611 1672 est,
2643 1623 2691 1663 et
2724 1612 2860 1664 misit
2891 1612 3172 1664 exercitum
3197 1629 3366 1679 suum,
3398 1624 3445 1665 et
3474 1615 3619 1680 perdi
3630 1644 3651 1655 ο

344 1709 525 1776 phetae
546 1706 793 1776 gloriosi,
828 1708 1020 1777 factum
1050 1723 1159 1760 esse
1188 1724 1250 1761 ea:
1272 1708 1457 1759 nilnlo.
1492 1707 1549 1761 Si
1574 1708 1715 1761 enim
1751 1717 1804 1761 tu
1828 1722 1947 1777 qua:
1979 1714 2025 1771 Β
2053 1705 2129 1757 dit
2155 1704 2445 1757 homicidas
2468 1705 2605 1767 illos,
2636 1715 2683 1755 et
2716 1704 2945 1756 civitates
2978 1701 2995 1739 ί
3031 1720 3207 1755 eorum
3237 1703 3485 1757 incendit.
3510 1704 3655 1758 Tunc

343 1798 480 1853 dicis
527 1813 656 1853 vera
700 1809 846 1863 sunt,
891 1810 1104 1853 constat
1153 1810 1376 1870 promer
1418 1808 1727 1855 creaturam
1779 1801 1945 1855 inter-

342 1890 518 1946 fectos
546 1890 732 1945 beatos
761 1890 1080 1961 prophetas.
1126 1892 1188 1945 Et
1221 1891 1309 1947 ubi
1350 1895 1457 1946 erit
1499 1892 1631 1946 illud
1672 1892 1818 1962 quod
1864 1893 1943 1947 in-

340 1984 490 2054 genti
535 1982 906 2051 indignatione
958 1985 1227 2038 irascatur
1270 1986 1530 2040 Dominus
1583 1986 1633 2039 in
1679 2000 1806 2051 eos,
1851 1986 1943 2055 qui

340 2078 583 2133 serviant
622 2088 885 2131 creaturae
928 2093 1089 2147 quam
1137 2079 1410 2131 creatori?
1447 2078 1504 2133 Si
1549 2094 1644 2148 pro
1692 2089 1943 2133 creatura

340 2170 617 2226 interfecti
649 2181 778 2225 sunt
811 2172 954 2225 beati
998 2171 1304 2241 prophetat,
1351 2172 1623 2241 quomodo
1654 2186 1748 2225 eos
1779 2170 1945 2225 habet

338 2262 691 2317 charissimos
720 2263 898 2317 Deus?
917 2263 1191 2332 quomodo
1210 2264 1333 2332 quia
1357 2264 1600 2332 ipsorum
1624 2263 1807 2317 verbis
1832 2279 1937 2317 non

336 2353 691 2410 crediderunt
731 2353 925 2421 Judmi,
969 2364 1095 2409 sunt
1146 2355 1306 2410 hodie
1357 2356 1450 2409 Dei
1500 2355 1746 2410 inimici?
1786 2355 1939 2410 Unde

335 2445 432 2503 Dei
475 2445 649 2501 Judzci
694 2446 935 2500 inimici?
964 2446 1107 2500 unde
1138 2454 1295 2501 extra
1328 2446 1541 2500 Domini
1572 2446 1738 2515 positi
1785 2444 1937 2500 inve-

334 2539 560 2594 niuntur
591 2539 848 2594 vineam?
880 2540 981 2593 nisi
1005 2539 1129 2609 quia
1156 2539 1545 2608 prophetarum
1582 2541 1938 2607 interempto-

332 2647 421 2687 res
451 2633 814 2695 exstitissent,
845 2633 948 2686 nisi
974 2633 1095 2702 quia
1126 2642 1392 2687 teternum
1423 2632 1592 2685 Deum
1625 2631 1816 2685 aeterni
1844 2631 1936 2685 Dei

330 2722 527 2779 Filium
556 2724 973 2793 prtedicaverint
998 2726 1301 2793 prophette,
1326 2732 1379 2777 et
1401 2723 1477 2776 illi
1502 2722 1935 2791 comblasphemi

332 2816 410 2870 tui
452 2831 555 2869 non
600 2816 781 2869 solum
822 2831 929 2869 non
982 2814 1319 2869 crediderint
1367 2813 1670 2882 prophetiae
1719 2829 1933 2876 eorum,

328 2906 425 2960 sed
457 2905 757 2960 eteosdem
780 2905 1180 2960 iutercmerint.
1208 2904 1346 2972 Quid
1379 2907 1583 2957 etenim
1616 2911 1936 2973 persecutos

328 2997 496 3053 fuisse
535 2997 823 3053 arbitraris
865 2998 917 3051 in
962 2998 1249 3067 praphetis
1292 2995 1533 3060 Judaeos,
1569 2996 1675 3049 nisi
1714 2996 1933 3049 unicum

2050 1798 2121 1849 ait
2161 1797 2319 1849 servis
2366 1796 2473 1848 suis
2509 1812 2526 1849 :
2562 1794 2776 1864 Nuptiw
2805 1796 3008 1863 quidem
3039 1804 3238 1864 paratte
3266 1805 3407 1860 sunt,
3440 1796 3532 1849 sed
3562 1802 3652 1865 qui

2051 1899 2194 1943 erant
2233 1889 2458 1954 invitati,
2492 1904 2593 1941 non
2634 1893 2842 1957 fuerunt
2883 1889 3068 1958 digni:
3097 1889 3164 1940 ite
3207 1904 3329 1957 ergo
3374 1890 3443 1940 ad
3483 1891 3652 1943 exitus

2047 1986 2270 2047 viarum,
2306 1995 2352 2037 et
2381 2000 2732 2053 quoscumque
2760 1984 3078 2046 inveneritis,
3117 1993 3289 2036 vocate
3321 1985 3389 2035 ad
3419 1984 3647 2051 nuptias.

2047 2075 2115 2129 Et
2145 2076 2333 2147 egressi
2364 2077 2495 2128 servi
2524 2076 2575 2127 in
2616 2076 2723 2126 vias
2755 2086 3195 2145 congregaverunt
3227 2084 3473 2143 quotquot
3503 2076 3648 2129 inve-

2046 2180 2260 2232 nerunt,
2308 2169 2473 2222 mulos
2518 2178 2564 2222 ct
2606 2169 2794 2233 bonos,
2848 2178 2893 2222 et
2942 2169 3172 2235 impleta:
3215 2178 3332 2221 sunt
3375 2171 3571 2240 nuptitc
3617 2187 3650 2222 α

2043 2261 2501 2315 discumbentibus.
2537 2258 2758 2313 Intravit
2789 2271 2959 2313 autem
2992 2277 3082 2314 rex
3106 2274 3161 2313 ut
3195 2262 3391 2314 videret
3420 2262 3652 2316 discunt-

2042 2356 2234 2422 bentes,
2260 2366 2306 2408 et
2326 2356 2453 2407 vidit
2482 2353 2552 2406 ibi
2575 2355 2831 2407 hominem
2856 2370 2956 2406 non
2980 2354 3214 2406 vestitum
3240 2364 3375 2407 veste
3401 2356 3647 2424 nuptiali,

2041 2456 2086 2502 et
2128 2448 2199 2501 ait
2248 2447 2328 2499 illi
2357 2463 2375 2499 :
2404 2446 2603 2511 Amice,
2636 2446 2892 2514 quomodo
2922 2446 3022 2498 huc
3051 2446 3235 2499 venisti
3266 2454 3290 2491 8
3322 2462 3425 2498 non
3459 2446 3649 2499 habens

2039 2542 2391 2594 vestimentum
2415 2540 2687 2611 nuptiale?
2714 2543 2778 2592 At
2808 2540 2897 2593 ille
2922 2540 3193 2592 obmutuit.
3222 2538 3371 2593 Tunc
3399 2540 3532 2594 dixit
3557 2558 3648 2595 rea:

2040 2635 2332 2687 ministris:
2362 2634 2553 2686 Tollite
2577 2648 2690 2685 eum
2728 2632 2941 2697 pedibus
2978 2642 3027 2685 et
3072 2632 3325 2688 manibus.
3374 2642 3421 2684 et
3462 2633 3647 2685 mittite

2038 2741 2152 2778 eum
2196 2726 2248 2777 in
2292 2726 2525 2777 tenebras
2572 2722 2848 2776 exteriores
2884 2738 2901 2774 :
2937 2722 3008 2774 ibi
3053 2723 3148 2775 erit
3195 2724 3346 2791 fletus
3377 2733 3421 2776 et
3452 2723 3646 2777 stridor

2038 2818 2265 2870 dentium
2288 2814 2454 2886 (Ibid.
2481 2814 2557 2885 5).
2586 2816 2724 2878 Quia
2750 2815 2931 2884 itaque
2959 2815 3077 2869 sine
3109 2822 3311 2869 vestitu
3335 2817 3409 2869 sis
3435 2818 3645 2885 nuptia-

2037 2924 2179 2973 rum,
2206 2908 2510 2969 Constanti,
2541 2908 2649 2962 eris
2680 2907 2731 2959 in
2765 2916 3110 2976 perpetuum,
3142 2908 3246 2961 nisi
3277 2918 3327 2962 te
3356 2919 3644 2963 converte-

2036 3000 2129 3065 ris,
2172 3000 2319 3065 talis,
2365 2999 2542 3067 qualis
2588 2999 2700 3065 ille,
2743 2999 2830 3053 cui
2876 3000 3078 3053 dicitur
3106 3019 3117 3053 :
3147 3001 3345 3065 Amice,
3382 3004 3641 3069 quomodo

328 3087 429 3144 Dei
458 3088 679 3153 Filium,
712 3089 853 3143 sicut
883 3098 939 3144 et
972 3089 1025 3143 in
1068 3088 1331 3158 apostolis
1360 3098 1525 3159 atque
1560 3088 1931 3157 martyribus?
1961 3084 2005 3145 C
2038 3092 2136 3144 huc
2172 3092 2377 3145 intrasti
2405 3101 2505 3144 nan
2551 3092 2740 3144 habens
2766 3102 2950 3145 vestem
2986 3094 3275 3161 nuptialem
3306 3093 3471 3164 (Ibid.
3508 3094 3637 3165 ην

328 3182 410 3236 Ex
442 3192 492 3236 te
521 3182 715 3236 saltem
740 3195 1009 3251 cognosce
1032 3196 1158 3235 vera
1186 3196 1308 3235 esse
1331 3196 1451 3250 qua:
1472 3182 1594 3235 dico
1622 3198 1633 3232 :
1664 3182 1929 3249 siquidem

326 3283 383 3329 et
413 3283 491 3339 tu,
515 3290 677 3343 quem
716 3284 737 3311 ο
769 3275 822 3329 in
862 3274 1163 3329 Athanasio
1194 3289 1294 3328 nec
1323 3289 1430 3328 non
1460 3283 1515 3329 et
1546 3274 1597 3327 in
1625 3273 1802 3337 nobis,
1834 3272 1931 3328 Dei

324 3381 515 3422 verum
556 3367 902 3435 persequaris
940 3365 1164 3420 Filium.
1197 3365 1328 3419 Cum
1364 3366 1480 3420 bare
1521 3368 1590 3419 ita
1632 3369 1763 3431 sint,
1803 3381 1931 3419 cen-

325 3471 517 3512 sueras
554 3474 655 3512 nos
688 3458 999 3528 iungendos
1034 3458 1474 3513 interfectoribus
1514 3460 1927 3525 pr0phetarum,

320 3550 597 3621 justorum
628 3552 906 3622 sanguinis
938 3550 1233 3615 lusoribus,
1262 3550 1646 3620 consacrilegis
1671 3552 1798 3615 tuis,
1828 3550 1930 3605 hoc

326 3653 413 3699 est
438 3643 667 3711 Judaeis,
704 3646 944 3714 ipsorum
981 3643 1233 3698 videlicet
1259 3643 1382 3713 quia
1413 3644 1489 3696 sis
1526 3643 1787 3696 imitator.
1820 3642 1928 3696 Nec

326 3734 469 3788 enim
500 3734 607 3788 alia
635 3734 703 3789 de
734 3750 814 3799 re,
849 3734 1187 3788 Athanasium
1218 3734 1480 3795 damnate,
1511 3734 1721 3797 dixisti,
1755 3735 1929 3788 susci-

328 3841 585 3898 percmus
632 3828 797 3883 etiam
845 3828 961 3882 Arii
1010 3827 1168 3882 ﬁdem
1217 3828 1508 3891 mandasti,
1545 3828 1647 3882 nisi
1688 3836 1744 3881 ut
1788 3837 1841 3881 et
1874 3828 1924 3881 in

325 3917 591 3973 eﬂ‘usione
618 3919 898 3989 sanguinis
934 3919 1226 3988 iustorum,
1254 3930 1304 3973 ct
1348 3920 1397 3972 in
1434 3920 1681 3988 negando
1712 3922 1923 3973 unicum

326 4010 421 4065 Dei
452 4010 646 4065 Filium
678 4026 841 4080 pares
872 4011 1161 4064 fuissrmus
1190 4011 1529 4073 Judseorum,
1553 4028 1781 4079 quorum
1813 4012 1923 4079 jam

326 4115 381 4159 tu
410 4107 484 4160 sis
517 4107 567 4159 in
604 4105 856 4159 omnibus
888 4105 1185 4174 particeps.
1226 4104 1283 4159 Si
1322 4104 1466 4158 enim
1512 4105 1589 4157 illi
1633 4104 1925 4172 prophetas

324 4198 724 4253 interemerunt
756 4212 853 4251 eos
889 4198 976 4267 qui
1012 4197 1079 4250 de
1112 4197 1350 4250 adventu
1384 4196 1749 4264 loquebantur
1782 4196 1922 4248 unici

324 4288 422 4343 Dei
449 4288 591 4354 Filii,
622 4298 675 4343 et
705 4298 759 4341 tu
781 4303 877 4341 eos
910 4287 1168 4341 interﬁcis
1194 4287 1284 4356 qui
1312 4287 1422 4341 sint
1453 4285 1759 4351 credentes,
1785 4284 1925 4338 sicut

323 4381 684 4438 crediderunt
712 4380 1013 4450 pmphetaz.
1045 4379 1150 4433 Sed
1183 4379 1440 4448 quamdiu
1474 4378 1541 4431 de
1575 4376 1659 4431 his
1686 4392 1810 4431 eum
1844 4378 1926 4430 in-

2035 3182 2126 3237 Sic
2153 3193 2413 3236 venturus
2442 3183 2494 3235 in
2522 3183 2780 3237 tenebras
2802 3185 3127 3237 emeriores.
3155 3184 3264 3237 Nec
3288 3184 3507 3238 dubites
3531 3196 3644 3239 ete-

2036 3275 2144 3328 nim
2188 3284 2239 3328 te
2285 3283 2577 3329 venturum
2622 3274 2687 3327 ad
2736 3275 3040 3330 exteriores
3081 3276 3360 3341 tenebras,
3394 3275 3643 3345 quando-

2032 3368 2251 3437 quidem
2276 3369 2387 3437 jam
2424 3378 2565 3422 totus
2598 3369 2650 3420 in
2680 3369 2932 3422 tenebras
2954 3369 3029 3422 sis
3060 3384 3376 3423 conversus.
3414 3369 3495 3425 ΙΙΙί
3527 3380 3639 3425 ete-

2032 3464 2167 3527 nim,
2218 3464 2311 3531 qui
2358 3462 2628 3531 iustorum
2664 3461 2921 3516 fuderunt
2966 3464 3286 3533 sanguinem
3340 3464 3635 3533 propheta-

2033 3570 2176 3617 rum,
2202 3555 2291 3623 qui
2323 3553 2542 3605 unicum
2568 3553 2662 3605 Dei
2687 3564 3022 3621 negaverunt
3048 3552 3267 3618 Filium,
3293 3564 3347 3608 et
3372 3554 3636 3619 tenebrm,

2032 3655 2086 3701 et
2113 3646 2208 3699 lilii
2242 3644 2442 3699 diaboli
2475 3652 2759 3698 vocantur.
2792 3644 2927 3709 Quia
2961 3644 3075 3699 haec
3103 3647 3179 3699 sis
3211 3655 3267 3700 et
3295 3647 3411 3715 ipse
3444 3662 3631 3717 agens,

2032 3736 2215 3807 utique
2250 3747 2299 3791 et
2349 3736 2722 3813 tenebrarum,
2763 3746 2817 3789 et
2863 3736 3067 3789 diaboli
3107 3736 3251 3790 [ilius
3292 3740 3402 3791 eris
3449 3754 3634 3806 persc-

2029 3839 2355 3895 veraturus,
2406 3828 2509 3883 nisi
2556 3829 2649 3881 tibi
2696 3828 3060 3881 consulueris.
3110 3828 3419 3893 Quomodo,
3470 3831 3630 3895 dicis,

2029 3922 2297 3975 consulere
2332 3922 2455 3974 mihi
2492 3922 2708 3992 potero?
2739 3930 2795 3975 ut
2822 3918 2849 3956 ιι
2882 3924 3135 3991 persequi
3169 3938 3268 3976 nos
3297 3924 3543 3987 desinas,
3576 3933 3633 3979 et

2032 4012 2189 4067 [idem
2237 4013 2591 4081 apostolicam
2635 4013 2936 4079 suscipias;
2982 4012 3075 4080 qui
3114 4012 3129 4049 ί
3168 4014 3271 4067 nisi
3320 4014 3539 4080 feceris,
3576 4025 3632 4067 ut

2028 4122 2090 4161 cs
2122 4122 2286 4171 nunc,
2320 4122 2537 4176 semper
2569 4105 2785 4159 futurus
2820 4107 2833 4155 ι
2878 4108 3019 4160 inter
3053 4107 3195 4168 illos,
3229 4107 3294 4161 ad
3332 4123 3468 4177 quos
3499 4107 3633 4162 dici—

2031 4210 2149 4254 tur:
2184 4200 2276 4254 Vae
2304 4202 2466 4264 vobis,
2500 4199 2697 4255 Scriba:
2726 4212 2773 4253 et
2806 4199 3065 4254 Pharisaei
3093 4203 3401 4271 hypocritte,
3425 4204 3512 4272 qui
3544 4203 3633 4256 de-

2028 4293 2234 4347 cimatis
2283 4293 2542 4346 ment/iam
2590 4302 2635 4345 et
2675 4294 2946 4357 anethum,
2993 4304 3040 4347 et
3079 4294 3369 4363 cyminum,
3414 4305 3461 4346 et
3502 4295 3629 4346 reli-

2027 4385 2207 4452 quistis
2236 4400 2349 4451 qua:
2386 4384 2627 4454 graviora
2666 4395 2786 4436 sunt
2828 4385 2978 4452 legis,
3009 4385 3298 4455 judicium,
3342 4396 3389 4438 et
3430 4386 3629 4438 miseri-

326 4476 592 4530 credulo?
633 4491 752 4529 cum
792 4476 1169 4544 proiiosuerim
1220 4474 1310 4527 tibi
1357 4473 1725 4535 manifestare,
1761 4488 1926 4525 unum
1953 4467 2007 4526 D
2033 4479 2288 4542 cordium,
2329 4488 2374 4531 et
2422 4478 2621 4546 ﬁdem:
2649 4478 2759 4531 hwc
2791 4478 3019 4544 oportuit
3066 4480 3257 4546 facere,
3304 4488 3351 4530 et
3391 4479 3485 4530 illa
3529 4495 3631 4531 non

329 4575 382 4623 te
426 4583 546 4623 esse
591 4583 662 4621 ex
710 4568 839 4630 illis,
873 4566 939 4620 ad
986 4581 1123 4635 qtlus
1153 4565 1289 4619 dicit
1326 4565 1620 4618 Dominus:
1650 4563 1781 4617 Ideo
1810 4564 1924 4617 dico

328 4659 490 4725 vobis,
522 4662 645 4728 quia
682 4663 947 4731 auferetur
988 4678 1020 4713 a
1056 4658 1194 4712 vobis
1232 4674 1445 4728 regnum
1477 4657 1594 4723 Dei,
1628 4668 1677 4711 et
1719 4657 1925 4710 dabitur

325 4756 465 4825 genti
495 4755 704 4825 facienti
740 4755 970 4824 fructum
1017 4757 1128 4824 ejus
1175 4752 1374 4823 (Ibid.,
1405 4753 1524 4821 45).
1557 4753 1745 4823 Neque
1780 4753 1924 4807 enim

398 4933 423 4960 ⁸
465 4922 605 4977 Dicit
634 4924 761 4978 illis.
797 4924 970 4977 Vatic.

395 4995 423 5033 δ
471 4995 697 5051 liabens.
759 4996 935 5050 Latin.
991 5002 1048 5049 et
1102 4992 1351 5049 Galland.
1409 5007 1478 5045 ex
1534 5004 1696 5057 prava
1752 4990 1923 5043 inter-

324 5067 628 5136 punmione
657 5067 906 5134 decepti;
940 5080 1065 5119 cum
1097 5065 1401 5136 legeretur;
1434 5063 1499 5114 sit
1530 5078 1771 5132 regnans,
1805 5077 1920 5113 cum

324 5134 489 5190 Patre
518 5155 671 5190 unam
699 5136 885 5190 habere
912 5136 1172 5189 deitatem.
1205 5134 1453 5201 Aperiunt
1478 5146 1583 5187 etc.

399 5218 421 5245 ο
468 5207 590 5275 Qui.
623 5208 726 5261 Til.
758 5210 988 5275 Quoque.
1014 5206 1193 5259 Latin.
1220 5217 1273 5259 et
1296 5204 1546 5260 Galland.
1572 5203 1715 5256 haud
1740 5211 1915 5275 recte;

325 5294 451 5335 nam
481 5274 674 5333 sensus
705 5287 824 5333 est:
858 5274 904 5331 et
935 5288 1009 5343 tu,
1037 5292 1185 5347 quem
1216 5276 1534 5345 persequeris
1562 5276 1617 5328 in
1638 5274 1922 5328 Athanasio

326 5367 525 5405 necnon
555 5361 603 5403 et
634 5351 688 5403 in
718 5351 884 5413 nobis,
918 5357 1026 5402 etc.

403 5420 428 5458 ά
472 5420 629 5475 Vers.
659 5420 788 5475 Ant.
831 5418 1026 5473 Vocare
1054 5419 1315 5471 invitatos.

410 5502 433 5529 θ
473 5491 631 5546 Vers.
681 5496 805 5546 Ant.
853 5490 996 5544 Misit
1042 5491 1170 5543 alios
1222 5504 1392 5540 servos
1436 5503 1652 5540 suos....
1701 5496 1747 5538 et
1793 5488 1933 5557 sagi-

334 5565 572 5619 natio....
606 5574 791 5633 parata
818 5571 1029 5615 sunt....
1060 5560 1161 5613 Ille
1191 5570 1361 5613 autem
1389 5574 1573 5611 rem...
1600 5567 1648 5609 et
1674 5558 1931 5609 civitatem

333 5634 551 5703 illorum
583 5634 936 5687 succendit...
968 5633 1099 5685 servi
1140 5634 1357 5703 ejus...._
1376 5644 1548 5682 omnes
1588 5638 1759 5703 quota:
1784 5636 1928 5682 ot....

346 5698 540 5776 nuptiae
561 5704 1083 5759 discumbentium...
1110 5698 1277 5755 videre
1306 5700 1507 5753 disc....
1536 5699 1929 5752 vestimento,.,.

2034 4570 2268 4623 omittere
2288 4586 2305 4621 .·
2338 4570 2495 4621 duces
2527 4569 2671 4633 arci,
2702 4569 2956 4632 quuantes
2988 4570 3225 4629 culicem,
3258 4570 3508 4623 camelum
3535 4586 3633 4623 au-

2031 4674 2129 4716 tem
2159 4662 2611 4731 contraglutientes
2635 4660 2660 4698 ¹ί
2684 4659 2849 4733 (Ibid.
2878 4676 3032 4724 χχιιι,
3062 4660 3177 4731 23).
3210 4660 3266 4715 Si
3294 4676 3401 4715 non
3428 4670 3483 4715 tu
3518 4662 3633 4716 lucc

2034 4756 2197 4827 digne
2226 4757 2379 4812 audis
2407 4770 2531 4811 cum
2562 4754 2691 4820 illis,
2727 4754 2816 4810 ubi
2846 4754 3156 4825 estjustum
3182 4754 3445 4825 judicium
3487 4756 3632 4827 quod

2031 4930 2311 4975 vestem...
2346 4918 2493 4973 Tunc
2516 4919 2683 4972 ait....
2716 4918 2866 4973 illum
2894 4927 2999 4973 etc.

2106 4989 2127 5028 τ
2171 4990 2439 5044 Civitatem
2470 4990 2599 5058 legit
2627 4989 2757 5045 Sah.

2105 5070 2129 5107 8
2168 5060 2311 5115 lnt‘ra
2361 5060 2505 5116 idem
2556 5059 2729 5114 Lucil.
2787 5059 3008 5115 Intrasti
3056 5077 3160 5117 non
3208 5060 3400 5115 habens
3443 5068 3630 5117 vestem

2031 5143 2277 5258 Μιξιῇνο
2308 5204 2352 5255 si
2381 5202 2487 5256 Til.
2518 5211 2572 5257 et
2603 5202 2652 5255 la
2681 5200 2878 5257 Cerda.

2108 5277 2125 5311 ι
2171 5275 2277 5329 Pro
2304 5274 2462 5342 quod.
2497 5275 2567 5328 La
2594 5274 2791 5329 Cerda.

2111 5349 2124 5415 l
2176 5344 2297 5415 Eris
2326 5347 2551 5415 futurus.
2583 5344 2685 5398 Til.

2107 5414 2133 5488 ξι
2174 5414 2637 5488 Transglutientes.
2685 5414 2866 5468 Latin.
2915 5423 2973 5488 ut
3028 5414 3169 5488 ide_n_1
3223 5414 3398 5488 Lucil.
3466 5419 3629 5485 paulo

2037 5487 2287 5547 inferius,
2320 5484 2478 5539 v'erso
2524 5486 2688 5540 etiam
2722 5496 2895 5537 autem
2931 5484 2982 5537 in
3014 5493 3081 5537 et.
3110 5484 3316 5541 Verum
3359 5486 3446 5539 hic
3470 5484 3633 5543 nulla

2038 5556 2497 5631 mmationclacta
2530 5556 2763 5631 legerim
2782 5553 3036 5631 equidem
3065 5556 3285 5612 divisim
3314 5568 3493 5614 contra
3519 5560 3636 5631 glu-

2040 5629 2237 5683 tientes.
2268 5626 2500 5681 Galand.
2528 5641 2635 5681 non
2664 5625 2797 5679 satis
2825 5625 2987 5679 bene.
