  <div class='ocr_page' id='page_1' title='image "/cluster/home/n/w/nwhite01/storage/ocr_20150623/13/hvd.32044096580428/463.png"; bbox 0 0 4148 6186; ppageno 0'>
   <div class='ocr_carea' id='block_1_1' title="bbox 608 174 716 230">
    <p class='ocr_par' dir='ltr' id='par_1_1' title="bbox 608 174 716 230">
     <span class='ocr_line' id='line_1_1' title="bbox 608 174 716 230; baseline 0 -1"><span class='ocrx_word' id='word_1_1' title='bbox 608 174 716 230; x_wconf 75' lang='grc'><strong>915</strong></span> 
     </span>
    </p>
   </div>
   <div class='ocr_carea' id='block_1_2' title="bbox 1701 169 2843 233">
    <p class='ocr_par' dir='ltr' id='par_1_2' title="bbox 1701 169 2843 233">
     <span class='ocr_line' id='line_1_2' title="bbox 1701 169 2843 233; baseline -0.002 -4"><span class='ocrx_word' id='word_1_2' title='bbox 1701 171 2029 230; x_wconf 61' lang='grc' dir='ltr'>ιυοιιτειιι</span> <span class='ocrx_word' id='word_1_3' title='bbox 2074 169 2382 231; x_wconf 76' lang='lat' dir='ltr'><strong>EPISCOPI</strong></span> <span class='ocrx_word' id='word_1_4' title='bbox 2420 169 2843 233; x_wconf 62' lang='lat' dir='ltr'><strong>GALARITANI</strong></span> 
     </span>
    </p>
   </div>
   <div class='ocr_carea' id='block_1_3' title="bbox 3760 182 3844 237">
    <p class='ocr_par' dir='ltr' id='par_1_3' title="bbox 3760 182 3844 237">
     <span class='ocr_line' id='line_1_3' title="bbox 3760 182 3844 237; baseline 0 0"><span class='ocrx_word' id='word_1_5' title='bbox 3760 182 3844 237; x_wconf 72' lang='grc' dir='ltr'><strong>9ὶῦ</strong></span> 
     </span>
    </p>
   </div>
   <div class='ocr_carea' id='block_1_4' title="bbox 608 284 3843 360">
    <p class='ocr_par' dir='ltr' id='par_1_4' title="bbox 608 284 3843 360">
     <span class='ocr_line' id='line_1_4' title="bbox 608 284 3843 360; baseline 0.002 -16"><span class='ocrx_word' id='word_1_6' title='bbox 608 289 854 357; x_wconf 74' lang='lat' dir='ltr'><strong>procedit</strong></span> <span class='ocrx_word' id='word_1_7' title='bbox 873 305 899 344; x_wconf 87' lang='lat' dir='ltr'><strong>a</strong></span> <span class='ocrx_word' id='word_1_8' title='bbox 928 300 1002 356; x_wconf 92' lang='lat' dir='ltr'><strong>te,</strong></span> <span class='ocrx_word' id='word_1_9' title='bbox 1026 290 1115 360; x_wconf 88' lang='lat' dir='ltr'><strong>qui</strong></span> <span class='ocrx_word' id='word_1_10' title='bbox 1132 288 1337 357; x_wconf 91' lang='lat' dir='ltr'><strong>justum</strong></span> <span class='ocrx_word' id='word_1_11' title='bbox 1364 288 1561 351; x_wconf 90' lang='lat' dir='ltr'><strong>virum,</strong></span> <span class='ocrx_word' id='word_1_12' title='bbox 1585 286 1947 356; x_wconf 76' lang='lat' dir='ltr'><strong>apostolicam</strong></span> <span class='ocrx_word' id='word_1_13' title='bbox 1969 302 2067 342; x_wconf 88' lang='lat' dir='ltr'><strong>cur</strong></span> <span class='ocrx_word' id='word_1_14' title='bbox 2090 294 2115 324; x_wconf 80' lang='grc' dir='ltr'><strong>ἰ</strong></span> <span class='ocrx_word' id='word_1_15' title='bbox 2137 286 2208 343; x_wconf 89' lang='lat' dir='ltr'><strong>sit</strong></span> <span class='ocrx_word' id='word_1_16' title='bbox 2237 292 2286 351; x_wconf 75' lang='grc' dir='ltr'>Α</span> <span class='ocrx_word' id='word_1_17' title='bbox 2313 287 2521 357; x_wconf 74' lang='lat' dir='ltr'><strong>fugietis</strong></span> <span class='ocrx_word' id='word_1_18' title='bbox 2560 302 2590 339; x_wconf 94' lang='lat' dir='ltr'><strong>a</strong></span> <span class='ocrx_word' id='word_1_19' title='bbox 2620 286 2822 355; x_wconf 87' lang='lat' dir='ltr'><strong>judicio</strong></span> <span class='ocrx_word' id='word_1_20' title='bbox 2857 295 2878 322; x_wconf 68' lang='grc' dir='ltr'><strong>θ</strong></span> <span class='ocrx_word' id='word_1_21' title='bbox 2912 287 3199 355; x_wconf 79' lang='lat' dir='ltr'><strong>geltennte?</strong></span> <span class='ocrx_word' id='word_1_22' title='bbox 3236 284 3361 341; x_wconf 82' lang='lat' dir='ltr'><strong>Ideo</strong></span> <span class='ocrx_word' id='word_1_23' title='bbox 3391 304 3501 343; x_wconf 80' lang='lat' dir='ltr'><strong>ecce</strong></span> <span class='ocrx_word' id='word_1_24' title='bbox 3529 291 3663 345; x_wconf 84' lang='lat' dir='ltr'><strong>mitto</strong></span> <span class='ocrx_word' id='word_1_25' title='bbox 3687 293 3743 346; x_wconf 86' lang='lat' dir='ltr'><strong>ad</strong></span> <span class='ocrx_word' id='word_1_26' title='bbox 3774 312 3843 350; x_wconf 78' lang='lat' dir='ltr'><strong>ros</strong></span> 
     </span>
    </p>
   </div>
   <div class='ocr_carea' id='block_1_5' title="bbox 612 376 2211 451">
    <p class='ocr_par' dir='ltr' id='par_1_5' title="bbox 612 376 2211 451">
     <span class='ocr_line' id='line_1_5' title="bbox 612 376 2211 451; baseline 0.001 -17"><span class='ocrx_word' id='word_1_27' title='bbox 612 382 917 451; x_wconf 83' lang='lat' dir='ltr'><strong>praedicans</strong></span> <span class='ocrx_word' id='word_1_28' title='bbox 946 380 1131 445; x_wconf 88' lang='lat' dir='ltr'><strong>lidctu,</strong></span> <span class='ocrx_word' id='word_1_29' title='bbox 1164 378 1356 434; x_wconf 89' lang='lat' dir='ltr'><strong>nitaris</strong></span> <span class='ocrx_word' id='word_1_30' title='bbox 1388 376 1727 433; x_wconf 76' lang='lat' dir='ltr'><strong>interficere?</strong></span> <span class='ocrx_word' id='word_1_31' title='bbox 1756 378 1857 435; x_wconf 92' lang='lat' dir='ltr'><strong>Ubi</strong></span> <span class='ocrx_word' id='word_1_32' title='bbox 1891 390 1973 435; x_wconf 69' lang='grc' dir='ltr'>εει</span> <span class='ocrx_word' id='word_1_33' title='bbox 2002 378 2211 449; x_wconf 82' lang='lat' dir='ltr'><strong>justum</strong></span> 
     </span>
    </p>
   </div>
   <div class='ocr_carea' id='block_1_6' title="bbox 606 467 2209 542">
    <p class='ocr_par' dir='ltr' id='par_1_6' title="bbox 606 467 2209 542">
     <span class='ocr_line' id='line_1_6' title="bbox 606 467 2209 542; baseline -0.001 -16"><span class='ocrx_word' id='word_1_34' title='bbox 606 471 915 542; x_wconf 86' lang='lat' dir='ltr'><strong>judicium?</strong></span> <span class='ocrx_word' id='word_1_35' title='bbox 962 471 1052 542; x_wconf 88' lang='lat' dir='ltr'><strong>qui</strong></span> <span class='ocrx_word' id='word_1_36' title='bbox 1092 485 1187 526; x_wconf 88' lang='lat' dir='ltr'><strong>eos</strong></span> <span class='ocrx_word' id='word_1_37' title='bbox 1221 469 1299 525; x_wconf 89' lang='lat' dir='ltr'><strong>sis</strong></span> <span class='ocrx_word' id='word_1_38' title='bbox 1342 467 1596 524; x_wconf 89' lang='lat' dir='ltr'><strong>omnibus</strong></span> <span class='ocrx_word' id='word_1_39' title='bbox 1638 470 1840 525; x_wconf 83' lang='lat' dir='ltr'><strong>viribus</strong></span> <span class='ocrx_word' id='word_1_40' title='bbox 1874 470 2085 539; x_wconf 90' lang='lat' dir='ltr'><strong>imperii</strong></span> <span class='ocrx_word' id='word_1_41' title='bbox 2134 469 2209 525; x_wconf 85' lang='lat' dir='ltr'><strong>lui</strong></span> 
     </span>
    </p>
   </div>
   <div class='ocr_carea' id='block_1_7' title="bbox 613 562 2212 636">
    <p class='ocr_par' dir='ltr' id='par_1_7' title="bbox 613 562 2212 636">
     <span class='ocr_line' id='line_1_7' title="bbox 613 562 2212 636; baseline -0.001 -17"><span class='ocrx_word' id='word_1_42' title='bbox 613 578 973 634; x_wconf 89' lang='lat' dir='ltr'><strong>persequens,</strong></span> <span class='ocrx_word' id='word_1_43' title='bbox 1003 579 1139 635; x_wconf 91' lang='lat' dir='ltr'><strong>quos</strong></span> <span class='ocrx_word' id='word_1_44' title='bbox 1168 562 1352 619; x_wconf 84' lang='lat' dir='ltr'><strong>videas</strong></span> <span class='ocrx_word' id='word_1_45' title='bbox 1389 580 1565 636; x_wconf 84' lang='lat' dir='ltr'><strong>neque</strong></span> <span class='ocrx_word' id='word_1_46' title='bbox 1592 565 1856 620; x_wconf 85' lang='lat' dir='ltr'><strong>damnare</strong></span> <span class='ocrx_word' id='word_1_47' title='bbox 1888 564 2026 619; x_wconf 88' lang='lat' dir='ltr'><strong>velle</strong></span> <span class='ocrx_word' id='word_1_48' title='bbox 2059 565 2212 619; x_wconf 87' lang='lat' dir='ltr'><strong>inau-</strong></span> 
     </span>
    </p>
   </div>
   <div class='ocr_carea' id='block_1_8' title="bbox 611 657 2209 727">
    <p class='ocr_par' dir='ltr' id='par_1_8' title="bbox 611 657 2209 727">
     <span class='ocr_line' id='line_1_8' title="bbox 611 657 2209 727; baseline 0.002 -18"><span class='ocrx_word' id='word_1_49' title='bbox 611 657 808 724; x_wconf 91' lang='lat' dir='ltr'><strong>ditum,</strong></span> <span class='ocrx_word' id='word_1_50' title='bbox 842 673 1018 727; x_wconf 90' lang='lat' dir='ltr'><strong>neque</strong></span> <span class='ocrx_word' id='word_1_51' title='bbox 1060 658 1222 714; x_wconf 81' lang='lat' dir='ltr'><strong>(idem</strong></span> <span class='ocrx_word' id='word_1_52' title='bbox 1251 658 1576 718; x_wconf 71' lang='lat' dir='ltr'><strong>catholicam</strong></span> <span class='ocrx_word' id='word_1_53' title='bbox 1607 660 1885 722; x_wconf 87' lang='lat' dir='ltr'><strong>deserere,</strong></span> <span class='ocrx_word' id='word_1_54' title='bbox 1921 667 1977 715; x_wconf 89' lang='lat' dir='ltr'><strong>et</strong></span> <span class='ocrx_word' id='word_1_55' title='bbox 2008 672 2104 713; x_wconf 88' lang='lat' dir='ltr'><strong>eos</strong></span> <span class='ocrx_word' id='word_1_56' title='bbox 2134 657 2209 712; x_wconf 90' lang='lat' dir='ltr'><strong>sis</strong></span> 
     </span>
    </p>
   </div>
   <div class='ocr_carea' id='block_1_9' title="bbox 608 748 2211 822">
    <p class='ocr_par' dir='ltr' id='par_1_9' title="bbox 608 748 2211 822">
     <span class='ocr_line' id='line_1_9' title="bbox 608 748 2211 822; baseline 0.001 -21"><span class='ocrx_word' id='word_1_57' title='bbox 608 748 865 817; x_wconf 76' lang='lat' dir='ltr'><strong>diligens,</strong></span> <span class='ocrx_word' id='word_1_58' title='bbox 895 765 1032 819; x_wconf 89' lang='lat' dir='ltr'><strong>quos</strong></span> <span class='ocrx_word' id='word_1_59' title='bbox 1059 766 1357 821; x_wconf 77' lang='lat' dir='ltr'><strong>cognoscas</strong></span> <span class='ocrx_word' id='word_1_60' title='bbox 1398 760 1573 806; x_wconf 90' lang='lat' dir='ltr'><strong>tecum</strong></span> <span class='ocrx_word' id='word_1_61' title='bbox 1608 762 1661 808; x_wconf 90' lang='lat' dir='ltr'><strong>et</strong></span> <span class='ocrx_word' id='word_1_62' title='bbox 1694 752 2012 822; x_wconf 78' lang='lat' dir='ltr'><strong>sanguinem</strong></span> <span class='ocrx_word' id='word_1_63' title='bbox 2055 752 2211 804; x_wconf 91' lang='lat' dir='ltr'><strong>inno-</strong></span> 
     </span>
    </p>
   </div>
   <div class='ocr_carea' id='block_1_10' title="bbox 610 842 2209 916">
    <p class='ocr_par' dir='ltr' id='par_1_10' title="bbox 610 842 2209 916">
     <span class='ocr_line' id='line_1_10' title="bbox 610 842 2209 916; baseline 0.003 -21"><span class='ocrx_word' id='word_1_64' title='bbox 610 843 785 897; x_wconf 88' lang='lat' dir='ltr'><strong>centis</strong></span> <span class='ocrx_word' id='word_1_65' title='bbox 814 842 1039 907; x_wconf 76' lang='lat' dir='ltr'><strong>fudisse.</strong></span> <span class='ocrx_word' id='word_1_66' title='bbox 1070 855 1125 898; x_wconf 91' lang='lat' dir='ltr'><strong>et</strong></span> <span class='ocrx_word' id='word_1_67' title='bbox 1156 843 1317 899; x_wconf 78' lang='lat' dir='ltr'><strong>[idem</strong></span> <span class='ocrx_word' id='word_1_68' title='bbox 1347 844 1715 916; x_wconf 75' lang='lat' dir='ltr'><strong>evangelicum</strong></span> <span class='ocrx_word' id='word_1_69' title='bbox 1750 845 2045 915; x_wconf 74' lang='lat' dir='ltr'><strong>respuisse.</strong></span> <span class='ocrx_word' id='word_1_70' title='bbox 2078 843 2209 911; x_wconf 73' lang='lat' dir='ltr'><strong>Qua:</strong></span> 
     </span>
    </p>
   </div>
   <div class='ocr_carea' id='block_1_11' title="bbox 606 935 2211 1007">
    <p class='ocr_par' dir='ltr' id='par_1_11' title="bbox 606 935 2211 1007">
     <span class='ocr_line' id='line_1_11' title="bbox 606 935 2211 1007; baseline 0.002 -20"><span class='ocrx_word' id='word_1_71' title='bbox 606 943 693 988; x_wconf 90' lang='lat' dir='ltr'><strong>est</strong></span> <span class='ocrx_word' id='word_1_72' title='bbox 719 935 860 1005; x_wconf 88' lang='lat' dir='ltr'><strong>apud</strong></span> <span class='ocrx_word' id='word_1_73' title='bbox 893 944 971 1001; x_wconf 89' lang='lat' dir='ltr'><strong>te,</strong></span> <span class='ocrx_word' id='word_1_74' title='bbox 996 944 1052 989; x_wconf 89' lang='lat' dir='ltr'><strong>et</strong></span> <span class='ocrx_word' id='word_1_75' title='bbox 1080 936 1130 989; x_wconf 91' lang='lat' dir='ltr'><strong>in</strong></span> <span class='ocrx_word' id='word_1_76' title='bbox 1159 946 1212 990; x_wconf 90' lang='lat' dir='ltr'><strong>te</strong></span> <span class='ocrx_word' id='word_1_77' title='bbox 1239 936 1531 992; x_wconf 85' lang='lat' dir='ltr'><strong>constituta</strong></span> <span class='ocrx_word' id='word_1_78' title='bbox 1567 937 1969 1003; x_wconf 84' lang='lat' dir='ltr'><strong>misericordia,</strong></span> <span class='ocrx_word' id='word_1_79' title='bbox 2000 952 2120 1007; x_wconf 66' lang='lat' dir='ltr'><strong>qua:</strong></span> <span class='ocrx_word' id='word_1_80' title='bbox 2152 944 2211 991; x_wconf 93' lang='lat' dir='ltr'><strong>ut</strong></span> 
     </span>
    </p>
   </div>
   <div class='ocr_carea' id='block_1_12' title="bbox 609 1025 2210 1097">
    <p class='ocr_par' dir='ltr' id='par_1_12' title="bbox 609 1025 2210 1097">
     <span class='ocr_line' id='line_1_12' title="bbox 609 1025 2210 1097; baseline 0.002 -17"><span class='ocrx_word' id='word_1_81' title='bbox 609 1025 958 1092; x_wconf 82' lang='lat' dir='ltr'><strong>exhibeatur,</strong></span> <span class='ocrx_word' id='word_1_82' title='bbox 999 1026 1087 1081; x_wconf 79' lang='lat' dir='ltr'><strong>lex</strong></span> <span class='ocrx_word' id='word_1_83' title='bbox 1132 1028 1390 1096; x_wconf 77' lang='lat' dir='ltr'><strong>praecepit</strong></span> <span class='ocrx_word' id='word_1_84' title='bbox 1432 1026 1661 1084; x_wconf 78' lang='lat' dir='ltr'><strong>sancta?</strong></span> <span class='ocrx_word' id='word_1_85' title='bbox 1707 1042 1903 1097; x_wconf 84' lang='lat' dir='ltr'><strong>nempe</strong></span> <span class='ocrx_word' id='word_1_86' title='bbox 1949 1027 2041 1081; x_wconf 88' lang='lat' dir='ltr'><strong>illa</strong></span> <span class='ocrx_word' id='word_1_87' title='bbox 2090 1042 2210 1097; x_wconf 76' lang='lat' dir='ltr'><strong>quae</strong></span> 
     </span>
    </p>
   </div>
   <div class='ocr_carea' id='block_1_13' title="bbox 606 1118 2207 1187">
    <p class='ocr_par' dir='ltr' id='par_1_13' title="bbox 606 1118 2207 1187">
     <span class='ocr_line' id='line_1_13' title="bbox 606 1118 2207 1187; baseline 0.001 -17"><span class='ocrx_word' id='word_1_88' title='bbox 606 1127 866 1187; x_wconf 86' lang='lat' dir='ltr'><strong>torquet,</strong></span> <span class='ocrx_word' id='word_1_89' title='bbox 909 1118 1230 1187; x_wconf 86' lang='lat' dir='ltr'><strong>proscribit,</strong></span> <span class='ocrx_word' id='word_1_90' title='bbox 1277 1118 1563 1187; x_wconf 81' lang='lat' dir='ltr'><strong>deportat,</strong></span> <span class='ocrx_word' id='word_1_91' title='bbox 1603 1120 1769 1174; x_wconf 83' lang='lat' dir='ltr'><strong>mittit</strong></span> <span class='ocrx_word' id='word_1_92' title='bbox 1813 1120 1867 1175; x_wconf 87' lang='lat' dir='ltr'><strong>in</strong></span> <span class='ocrx_word' id='word_1_93' title='bbox 1904 1133 2207 1184; x_wconf 82' lang='lat' dir='ltr'><strong>carcerem,</strong></span> 
     </span>
    </p>
   </div>
   <div class='ocr_carea' id='block_1_14' title="bbox 609 1210 2209 1283">
    <p class='ocr_par' dir='ltr' id='par_1_14' title="bbox 609 1210 2209 1283">
     <span class='ocr_line' id='line_1_14' title="bbox 609 1210 2209 1283; baseline 0.003 -20"><span class='ocrx_word' id='word_1_94' title='bbox 609 1210 835 1264; x_wconf 90' lang='lat' dir='ltr'><strong>deducit</strong></span> <span class='ocrx_word' id='word_1_95' title='bbox 878 1210 945 1264; x_wconf 89' lang='lat' dir='ltr'><strong>ad</strong></span> <span class='ocrx_word' id='word_1_96' title='bbox 996 1210 1209 1276; x_wconf 78' lang='lat' dir='ltr'><strong>exsilia,</strong></span> <span class='ocrx_word' id='word_1_97' title='bbox 1261 1211 1495 1266; x_wconf 89' lang='lat' dir='ltr'><strong>collocat</strong></span> <span class='ocrx_word' id='word_1_98' title='bbox 1537 1212 1589 1266; x_wconf 92' lang='lat' dir='ltr'><strong>in</strong></span> <span class='ocrx_word' id='word_1_99' title='bbox 1637 1212 1893 1277; x_wconf 86' lang='lat' dir='ltr'><strong>metalla;</strong></span> <span class='ocrx_word' id='word_1_100' title='bbox 1946 1212 2039 1267; x_wconf 86' lang='lat' dir='ltr'><strong>illa</strong></span> <span class='ocrx_word' id='word_1_101' title='bbox 2089 1229 2209 1283; x_wconf 78' lang='lat' dir='ltr'><strong>qua:</strong></span> 
     </span>
    </p>
   </div>
   <div class='ocr_carea' id='block_1_15' title="bbox 608 1301 2209 1371">
    <p class='ocr_par' dir='ltr' id='par_1_15' title="bbox 608 1301 2209 1371">
     <span class='ocr_line' id='line_1_15' title="bbox 608 1301 2209 1371; baseline 0.003 -16"><span class='ocrx_word' id='word_1_102' title='bbox 608 1301 762 1365; x_wconf 80' lang='lat' dir='ltr'><strong>fatui,</strong></span> <span class='ocrx_word' id='word_1_103' title='bbox 794 1302 911 1367; x_wconf 85' lang='lat' dir='ltr'><strong>siti,</strong></span> <span class='ocrx_word' id='word_1_104' title='bbox 941 1302 1287 1369; x_wconf 81' lang='lat' dir='ltr'><strong>verberibus,</strong></span> <span class='ocrx_word' id='word_1_105' title='bbox 1325 1303 1569 1359; x_wconf 89' lang='lat' dir='ltr'><strong>nuditate</strong></span> <span class='ocrx_word' id='word_1_106' title='bbox 1612 1314 1801 1371; x_wconf 85' lang='lat' dir='ltr'><strong>necat;</strong></span> <span class='ocrx_word' id='word_1_107' title='bbox 1842 1304 1908 1360; x_wconf 87' lang='lat' dir='ltr'><strong>ad</strong></span> <span class='ocrx_word' id='word_1_108' title='bbox 1959 1305 2209 1361; x_wconf 89' lang='lat' dir='ltr'><strong>ultimum</strong></span> 
     </span>
    </p>
   </div>
   <div class='ocr_carea' id='block_1_16' title="bbox 601 1395 2211 1466">
    <p class='ocr_par' dir='ltr' id='par_1_16' title="bbox 601 1395 2211 1466">
     <span class='ocr_line' id='line_1_16' title="bbox 601 1395 2211 1466; baseline 0.002 -17"><span class='ocrx_word' id='word_1_109' title='bbox 601 1395 699 1449; x_wconf 90' lang='lat' dir='ltr'><strong>illa</strong></span> <span class='ocrx_word' id='word_1_110' title='bbox 730 1412 848 1463; x_wconf 72' lang='lat' dir='ltr'><strong>qure</strong></span> <span class='ocrx_word' id='word_1_111' title='bbox 873 1395 1055 1466; x_wconf 76' lang='lat' dir='ltr'><strong>gladio</strong></span> <span class='ocrx_word' id='word_1_112' title='bbox 1086 1398 1262 1465; x_wconf 88' lang='lat' dir='ltr'><strong>punit.</strong></span> <span class='ocrx_word' id='word_1_113' title='bbox 1295 1396 1421 1452; x_wconf 71' lang='lat' dir='ltr'><strong>llaec</strong></span> <span class='ocrx_word' id='word_1_114' title='bbox 1449 1407 1557 1463; x_wconf 90' lang='lat' dir='ltr'><strong>est,</strong></span> <span class='ocrx_word' id='word_1_115' title='bbox 1589 1396 1897 1465; x_wconf 86' lang='lat' dir='ltr'><strong>Constanti,</strong></span> <span class='ocrx_word' id='word_1_116' title='bbox 1929 1409 2020 1455; x_wconf 87' lang='lat' dir='ltr'><strong>tua</strong></span> <span class='ocrx_word' id='word_1_117' title='bbox 2049 1400 2211 1454; x_wconf 89' lang='lat' dir='ltr'><strong>mise-</strong></span> 
     </span>
    </p>
   </div>
   <div class='ocr_carea' id='block_1_17' title="bbox 608 1487 2209 1563">
    <p class='ocr_par' dir='ltr' id='par_1_17' title="bbox 608 1487 2209 1563">
     <span class='ocr_line' id='line_1_17' title="bbox 608 1487 2209 1563; baseline 0.004 -21"><span class='ocrx_word' id='word_1_118' title='bbox 608 1487 870 1552; x_wconf 87' lang='lat' dir='ltr'><strong>ricordia,</strong></span> <span class='ocrx_word' id='word_1_119' title='bbox 896 1504 1018 1558; x_wconf 81' lang='lat' dir='ltr'><strong>quae</strong></span> <span class='ocrx_word' id='word_1_120' title='bbox 1046 1505 1155 1544; x_wconf 88' lang='lat' dir='ltr'><strong>non</strong></span> <span class='ocrx_word' id='word_1_121' title='bbox 1193 1490 1377 1545; x_wconf 83' lang='lat' dir='ltr'><strong>veniat</strong></span> <span class='ocrx_word' id='word_1_122' title='bbox 1411 1506 1478 1545; x_wconf 80' lang='lat' dir='ltr'><strong>ex</strong></span> <span class='ocrx_word' id='word_1_123' title='bbox 1520 1489 1639 1560; x_wconf 78' lang='lat' dir='ltr'><strong>lege</strong></span> <span class='ocrx_word' id='word_1_124' title='bbox 1679 1490 1798 1556; x_wconf 89' lang='lat' dir='ltr'><strong>Dei,</strong></span> <span class='ocrx_word' id='word_1_125' title='bbox 1830 1492 1925 1549; x_wconf 90' lang='lat' dir='ltr'><strong>sed</strong></span> <span class='ocrx_word' id='word_1_126' title='bbox 1963 1508 2029 1546; x_wconf 76' lang='lat' dir='ltr'><strong>es</strong></span> <span class='ocrx_word' id='word_1_127' title='bbox 2071 1507 2209 1563; x_wconf 82' lang='lat' dir='ltr'><strong>pra:—</strong></span> 
     </span>
    </p>
   </div>
   <div class='ocr_carea' id='block_1_18' title="bbox 607 1580 2211 1651">
    <p class='ocr_par' dir='ltr' id='par_1_18' title="bbox 607 1580 2211 1651">
     <span class='ocr_line' id='line_1_18' title="bbox 607 1580 2211 1651; baseline 0.004 -17"><span class='ocrx_word' id='word_1_128' title='bbox 607 1581 917 1649; x_wconf 88' lang='lat' dir='ltr'><strong>sumptione</strong></span> <span class='ocrx_word' id='word_1_129' title='bbox 960 1580 1185 1635; x_wconf 83' lang='lat' dir='ltr'><strong>diaboli.</strong></span> <span class='ocrx_word' id='word_1_130' title='bbox 1232 1580 1540 1646; x_wconf 83' lang='lat' dir='ltr'><strong>Judicium,</strong></span> <span class='ocrx_word' id='word_1_131' title='bbox 1584 1592 1631 1637; x_wconf 86' lang='lat' dir='ltr'><strong>et</strong></span> <span class='ocrx_word' id='word_1_132' title='bbox 1677 1584 2123 1651; x_wconf 84' lang='lat' dir='ltr'><strong>misericordiam,</strong></span> <span class='ocrx_word' id='word_1_133' title='bbox 2162 1594 2211 1641; x_wconf 81' lang='lat' dir='ltr'><strong>et</strong></span> 
     </span>
    </p>
   </div>
   <div class='ocr_carea' id='block_1_19' title="bbox 2316 378 3844 454">
    <p class='ocr_par' dir='ltr' id='par_1_19' title="bbox 2316 378 3844 454">
     <span class='ocr_line' id='line_1_19' title="bbox 2316 378 3844 454; baseline 0.01 -25"><span class='ocrx_word' id='word_1_134' title='bbox 2316 378 2611 448; x_wconf 64' lang='lat' dir='ltr'><strong>prophetas,</strong></span> <span class='ocrx_word' id='word_1_135' title='bbox 2638 389 2682 432; x_wconf 89' lang='lat' dir='ltr'><strong>et</strong></span> <span class='ocrx_word' id='word_1_136' title='bbox 2710 380 2986 450; x_wconf 76' lang='lat' dir='ltr'><strong>sapientes,</strong></span> <span class='ocrx_word' id='word_1_137' title='bbox 3018 389 3064 435; x_wconf 90' lang='lat' dir='ltr'><strong>et</strong></span> <span class='ocrx_word' id='word_1_138' title='bbox 3097 381 3308 448; x_wconf 84' lang='lat' dir='ltr'><strong>scribas,</strong></span> <span class='ocrx_word' id='word_1_139' title='bbox 3339 391 3385 436; x_wconf 90' lang='lat' dir='ltr'><strong>et</strong></span> <span class='ocrx_word' id='word_1_140' title='bbox 3411 398 3472 439; x_wconf 65' lang='lat' dir='ltr'><strong>es</strong></span> <span class='ocrx_word' id='word_1_141' title='bbox 3500 384 3597 437; x_wconf 87' lang='lat' dir='ltr'><strong>illis</strong></span> <span class='ocrx_word' id='word_1_142' title='bbox 3624 388 3844 454; x_wconf 75' lang='lat' dir='ltr'><strong>occidens,</strong></span> 
     </span>
    </p>
   </div>
   <div class='ocr_carea' id='block_1_20' title="bbox 2314 471 3848 547">
    <p class='ocr_par' dir='ltr' id='par_1_20' title="bbox 2314 471 3848 547">
     <span class='ocr_line' id='line_1_20' title="bbox 2314 471 3848 547; baseline 0.005 -23"><span class='ocrx_word' id='word_1_143' title='bbox 2314 481 2361 525; x_wconf 90' lang='lat' dir='ltr'><strong>et</strong></span> <span class='ocrx_word' id='word_1_144' title='bbox 2386 471 2718 541; x_wconf 83' lang='lat' dir='ltr'><strong>cruci/igetis,</strong></span> <span class='ocrx_word' id='word_1_145' title='bbox 2750 485 2796 527; x_wconf 87' lang='lat' dir='ltr'><strong>et</strong></span> <span class='ocrx_word' id='word_1_146' title='bbox 2829 472 3191 539; x_wconf 85' lang='lat' dir='ltr'><strong>persequimini</strong></span> <span class='ocrx_word' id='word_1_147' title='bbox 3221 474 3283 525; x_wconf 89' lang='lat' dir='ltr'><strong>de</strong></span> <span class='ocrx_word' id='word_1_148' title='bbox 3314 474 3514 527; x_wconf 86' lang='lat' dir='ltr'><strong>civitate</strong></span> <span class='ocrx_word' id='word_1_149' title='bbox 3538 475 3589 528; x_wconf 91' lang='lat' dir='ltr'><strong>in</strong></span> <span class='ocrx_word' id='word_1_150' title='bbox 3622 477 3848 547; x_wconf 73' lang='lat' dir='ltr'><strong>civitatem,</strong></span> 
     </span>
    </p>
   </div>
   <div class='ocr_carea' id='block_1_21' title="bbox 2314 566 3853 639">
    <p class='ocr_par' dir='ltr' id='par_1_21' title="bbox 2314 566 3853 639">
     <span class='ocr_line' id='line_1_21' title="bbox 2314 566 3853 639; baseline 0.005 -18"><span class='ocrx_word' id='word_1_151' title='bbox 2314 575 2369 621; x_wconf 88' lang='lat' dir='ltr'><strong>ut</strong></span> <span class='ocrx_word' id='word_1_152' title='bbox 2399 566 2564 619; x_wconf 89' lang='lat' dir='ltr'><strong>veniat</strong></span> <span class='ocrx_word' id='word_1_153' title='bbox 2593 566 2664 619; x_wconf 88' lang='lat' dir='ltr'><strong>ad</strong></span> <span class='ocrx_word' id='word_1_154' title='bbox 2694 581 2779 619; x_wconf 88' lang='lat' dir='ltr'><strong>vos</strong></span> <span class='ocrx_word' id='word_1_155' title='bbox 2813 566 2978 619; x_wconf 87' lang='lat' dir='ltr'><strong>omnis</strong></span> <span class='ocrx_word' id='word_1_156' title='bbox 3018 568 3229 636; x_wconf 86' lang='lat' dir='ltr'><strong>sanguis</strong></span> <span class='ocrx_word' id='word_1_157' title='bbox 3260 568 3552 637; x_wconf 83' lang='lat' dir='ltr'><strong>justorum,</strong></span> <span class='ocrx_word' id='word_1_158' title='bbox 3584 572 3664 638; x_wconf 86' lang='lat' dir='ltr'><strong>qui</strong></span> <span class='ocrx_word' id='word_1_159' title='bbox 3692 571 3853 639; x_wconf 65' lang='lat' dir='ltr'><strong>effusus</strong></span> 
     </span>
    </p>
   </div>
   <div class='ocr_carea' id='block_1_22' title="bbox 2313 660 3855 733">
    <p class='ocr_par' dir='ltr' id='par_1_22' title="bbox 2313 660 3855 733">
     <span class='ocr_line' id='line_1_22' title="bbox 2313 660 3855 733; baseline 0.006 -20"><span class='ocrx_word' id='word_1_160' title='bbox 2313 670 2385 713; x_wconf 89' lang='lat' dir='ltr'><strong>est</strong></span> <span class='ocrx_word' id='word_1_161' title='bbox 2410 674 2561 729; x_wconf 84' lang='lat' dir='ltr'><strong>super</strong></span> <span class='ocrx_word' id='word_1_162' title='bbox 2588 668 2795 721; x_wconf 89' lang='lat' dir='ltr'><strong>terram,</strong></span> <span class='ocrx_word' id='word_1_163' title='bbox 2836 676 2866 711; x_wconf 92' lang='lat' dir='ltr'><strong>a</strong></span> <span class='ocrx_word' id='word_1_164' title='bbox 2898 660 3151 727; x_wconf 85' lang='lat' dir='ltr'><strong>sanguine</strong></span> <span class='ocrx_word' id='word_1_165' title='bbox 3180 660 3304 714; x_wconf 81' lang='lat' dir='ltr'><strong>Abel</strong></span> <span class='ocrx_word' id='word_1_166' title='bbox 3324 662 3458 733; x_wconf 81' lang='lat' dir='ltr'><strong>justi</strong></span> <span class='ocrx_word' id='word_1_167' title='bbox 3494 679 3643 730; x_wconf 86' lang='lat' dir='ltr'><strong>usque</strong></span> <span class='ocrx_word' id='word_1_168' title='bbox 3676 665 3734 719; x_wconf 85' lang='lat' dir='ltr'><strong>ad</strong></span> <span class='ocrx_word' id='word_1_169' title='bbox 3757 683 3855 723; x_wconf 82' lang='lat' dir='ltr'><strong>stut-</strong></span> 
     </span>
    </p>
   </div>
   <div class='ocr_carea' id='block_1_23' title="bbox 2312 749 3856 822">
    <p class='ocr_par' dir='ltr' id='par_1_23' title="bbox 2312 749 3856 822">
     <span class='ocr_line' id='line_1_23' title="bbox 2312 749 3856 822; baseline 0.005 -19"><span class='ocrx_word' id='word_1_170' title='bbox 2312 752 2518 822; x_wconf 85' lang='lat' dir='ltr'><strong>guincm</strong></span> <span class='ocrx_word' id='word_1_171' title='bbox 2544 750 2820 805; x_wconf 67' lang='lat' dir='ltr'><strong>Zachariae</strong></span> <span class='ocrx_word' id='word_1_172' title='bbox 2853 752 2951 817; x_wconf 72' lang='lat' dir='ltr'><strong>ﬁlii</strong></span> <span class='ocrx_word' id='word_1_173' title='bbox 2982 749 3274 816; x_wconf 71' lang='lat' dir='ltr'><strong>Barac/tite,</strong></span> <span class='ocrx_word' id='word_1_174' title='bbox 3300 768 3449 822; x_wconf 80' lang='lat' dir='ltr'><strong>quem</strong></span> <span class='ocrx_word' id='word_1_175' title='bbox 3482 754 3723 811; x_wconf 76' lang='lat' dir='ltr'><strong>occidistis</strong></span> <span class='ocrx_word' id='word_1_176' title='bbox 3746 756 3856 811; x_wconf 81' lang='lat' dir='ltr'><strong>inter</strong></span> 
     </span>
    </p>
   </div>
   <div class='ocr_carea' id='block_1_24' title="bbox 2313 840 3858 911">
    <p class='ocr_par' dir='ltr' id='par_1_24' title="bbox 2313 840 3858 911">
     <span class='ocr_line' id='line_1_24' title="bbox 2313 840 3858 911; baseline 0.006 -18"><span class='ocrx_word' id='word_1_177' title='bbox 2313 842 2557 910; x_wconf 87' lang='lat' dir='ltr'><strong>templum</strong></span> <span class='ocrx_word' id='word_1_178' title='bbox 2581 850 2627 894; x_wconf 90' lang='lat' dir='ltr'><strong>et</strong></span> <span class='ocrx_word' id='word_1_179' title='bbox 2648 841 2832 897; x_wconf 85' lang='lat' dir='ltr'><strong>altare.</strong></span> <span class='ocrx_word' id='word_1_180' title='bbox 2859 840 3020 896; x_wconf 80' lang='lat' dir='ltr'><strong>Amen</strong></span> <span class='ocrx_word' id='word_1_181' title='bbox 3046 843 3183 897; x_wconf 80' lang='lat' dir='ltr'><strong>vobis</strong></span> <span class='ocrx_word' id='word_1_182' title='bbox 3208 842 3345 911; x_wconf 87' lang='lat' dir='ltr'><strong>dico,</strong></span> <span class='ocrx_word' id='word_1_183' title='bbox 3377 844 3569 901; x_wconf 80' lang='lat' dir='ltr'><strong>venient</strong></span> <span class='ocrx_word' id='word_1_184' title='bbox 3598 847 3696 901; x_wconf 70' lang='lat' dir='ltr'><strong>lucc</strong></span> <span class='ocrx_word' id='word_1_185' title='bbox 3715 848 3858 903; x_wconf 78' lang='lat' dir='ltr'><strong>ontuia</strong></span> 
     </span>
    </p>
   </div>
   <div class='ocr_carea' id='block_1_25' title="bbox 2311 933 3860 1006">
    <p class='ocr_par' dir='ltr' id='par_1_25' title="bbox 2311 933 3860 1006">
     <span class='ocr_line' id='line_1_25' title="bbox 2311 933 3860 1006; baseline 0.004 -19"><span class='ocrx_word' id='word_1_186' title='bbox 2311 950 2467 1004; x_wconf 83' lang='lat' dir='ltr'><strong>super</strong></span> <span class='ocrx_word' id='word_1_187' title='bbox 2500 933 2882 1005; x_wconf 82' lang='lat' dir='ltr'><strong>generationem</strong></span> <span class='ocrx_word' id='word_1_188' title='bbox 2919 935 3073 990; x_wconf 79' lang='lat' dir='ltr'><strong>istaut</strong></span> <span class='ocrx_word' id='word_1_189' title='bbox 3110 934 3275 1006; x_wconf 83' lang='lat' dir='ltr'><strong>(Ibid.</strong></span> <span class='ocrx_word' id='word_1_190' title='bbox 3315 935 3430 1005; x_wconf 74' lang='lat'><strong>53).</strong></span> <span class='ocrx_word' id='word_1_191' title='bbox 3471 935 3709 993; x_wconf 75' lang='lat' dir='ltr'><strong>Probaris</strong></span> <span class='ocrx_word' id='word_1_192' title='bbox 3749 939 3860 993; x_wconf 84' lang='lat' dir='ltr'><strong>acti-</strong></span> 
     </span>
    </p>
   </div>
   <div class='ocr_carea' id='block_1_26' title="bbox 2314 1025 3859 1099">
    <p class='ocr_par' dir='ltr' id='par_1_26' title="bbox 2314 1025 3859 1099">
     <span class='ocr_line' id='line_1_26' title="bbox 2314 1025 3859 1099; baseline 0.003 -19"><span class='ocrx_word' id='word_1_193' title='bbox 2314 1027 2415 1082; x_wconf 89' lang='lat' dir='ltr'><strong>bus</strong></span> <span class='ocrx_word' id='word_1_194' title='bbox 2462 1028 2565 1081; x_wconf 89' lang='lat' dir='ltr'><strong>tuis</strong></span> <span class='ocrx_word' id='word_1_195' title='bbox 2601 1042 2664 1085; x_wconf 83' lang='lat' dir='ltr'><strong>ex</strong></span> <span class='ocrx_word' id='word_1_196' title='bbox 2704 1026 2810 1080; x_wconf 90' lang='lat' dir='ltr'><strong>alio</strong></span> <span class='ocrx_word' id='word_1_197' title='bbox 2852 1042 3052 1097; x_wconf 81' lang='lat' dir='ltr'><strong>genere</strong></span> <span class='ocrx_word' id='word_1_198' title='bbox 3098 1035 3152 1081; x_wconf 86' lang='lat' dir='ltr'><strong>te</strong></span> <span class='ocrx_word' id='word_1_199' title='bbox 3180 1042 3301 1085; x_wconf 88' lang='lat' dir='ltr'><strong>esse</strong></span> <span class='ocrx_word' id='word_1_200' title='bbox 3346 1028 3567 1099; x_wconf 89' lang='lat' dir='ltr'><strong>vipereo</strong></span> <span class='ocrx_word' id='word_1_201' title='bbox 3605 1025 3647 1087; x_wconf 70' lang='grc' dir='ltr'><strong>ί.</strong></span> <span class='ocrx_word' id='word_1_202' title='bbox 3676 1026 3859 1085; x_wconf 83' lang='lat' dir='ltr'><strong>inveni-</strong></span> 
     </span>
    </p>
   </div>
   <div class='ocr_carea' id='block_1_27' title="bbox 2313 1119 3861 1190">
    <p class='ocr_par' dir='ltr' id='par_1_27' title="bbox 2313 1119 3861 1190">
     <span class='ocr_line' id='line_1_27' title="bbox 2313 1119 3861 1190; baseline -0.001 -11"><span class='ocrx_word' id='word_1_203' title='bbox 2313 1122 2388 1179; x_wconf 88' lang='lat' dir='ltr'><strong>ris</strong></span> <span class='ocrx_word' id='word_1_204' title='bbox 2421 1130 2444 1168; x_wconf 72' lang='grc' dir='ltr'><strong><em>κ</em></strong></span> <span class='ocrx_word' id='word_1_205' title='bbox 2478 1120 2680 1176; x_wconf 89' lang='lat' dir='ltr'><strong>etenim</strong></span> <span class='ocrx_word' id='word_1_206' title='bbox 2712 1134 2834 1174; x_wconf 91' lang='lat' dir='ltr'><strong>esse</strong></span> <span class='ocrx_word' id='word_1_207' title='bbox 2865 1134 3003 1174; x_wconf 91' lang='lat' dir='ltr'><strong>unus</strong></span> <span class='ocrx_word' id='word_1_208' title='bbox 3044 1136 3108 1173; x_wconf 81' lang='lat' dir='ltr'><strong>ex</strong></span> <span class='ocrx_word' id='word_1_209' title='bbox 3161 1120 3287 1184; x_wconf 81' lang='lat' dir='ltr'><strong>illis,</strong></span> <span class='ocrx_word' id='word_1_210' title='bbox 3312 1119 3378 1174; x_wconf 92' lang='lat' dir='ltr'><strong>ad</strong></span> <span class='ocrx_word' id='word_1_211' title='bbox 3426 1134 3560 1189; x_wconf 76' lang='lat' dir='ltr'><strong>quies</strong></span> <span class='ocrx_word' id='word_1_212' title='bbox 3603 1120 3709 1175; x_wconf 77' lang='lat' dir='ltr'><strong>lucc</strong></span> <span class='ocrx_word' id='word_1_213' title='bbox 3742 1120 3861 1190; x_wconf 88' lang='lat' dir='ltr'><strong>quod</strong></span> 
     </span>
    </p>
   </div>
   <div class='ocr_carea' id='block_1_28' title="bbox 2314 1212 3860 1285">
    <p class='ocr_par' dir='ltr' id='par_1_28' title="bbox 2314 1212 3860 1285">
     <span class='ocr_line' id='line_1_28' title="bbox 2314 1212 3860 1285; baseline 0 -16"><span class='ocrx_word' id='word_1_214' title='bbox 2314 1212 2675 1285; x_wconf 89' lang='lat' dir='ltr'><strong>perpetraturi</strong></span> <span class='ocrx_word' id='word_1_215' title='bbox 2690 1222 2875 1267; x_wconf 86' lang='lat' dir='ltr'><strong>essent</strong></span> <span class='ocrx_word' id='word_1_216' title='bbox 2890 1212 3229 1267; x_wconf 88' lang='lat' dir='ltr'><strong>dicebantur.</strong></span> <span class='ocrx_word' id='word_1_217' title='bbox 3256 1212 3362 1269; x_wconf 81' lang='lat' dir='ltr'><strong>Aut</strong></span> <span class='ocrx_word' id='word_1_218' title='bbox 3384 1212 3430 1273; x_wconf 87' lang='lat' dir='ltr'><strong>si</strong></span> <span class='ocrx_word' id='word_1_219' title='bbox 3452 1226 3611 1283; x_wconf 73' lang='lat' dir='ltr'><strong>negas</strong></span> <span class='ocrx_word' id='word_1_220' title='bbox 3628 1227 3739 1271; x_wconf 85' lang='lat' dir='ltr'><strong>esse</strong></span> <span class='ocrx_word' id='word_1_221' title='bbox 3754 1222 3796 1266; x_wconf 90' lang='lat' dir='ltr'><strong>te</strong></span> <span class='ocrx_word' id='word_1_222' title='bbox 3808 1228 3860 1269; x_wconf 83' lang='lat' dir='ltr'><strong>ex</strong></span> 
     </span>
    </p>
   </div>
   <div class='ocr_carea' id='block_1_29' title="bbox 2312 1302 3862 1374">
    <p class='ocr_par' dir='ltr' id='par_1_29' title="bbox 2312 1302 3862 1374">
     <span class='ocr_line' id='line_1_29' title="bbox 2312 1302 3862 1374; baseline -0.002 -14"><span class='ocrx_word' id='word_1_223' title='bbox 2312 1307 2421 1363; x_wconf 86' lang='lat' dir='ltr'><strong>illis</strong></span> <span class='ocrx_word' id='word_1_224' title='bbox 2447 1306 2539 1374; x_wconf 91' lang='lat' dir='ltr'><strong>qui</strong></span> <span class='ocrx_word' id='word_1_225' title='bbox 2570 1303 2799 1361; x_wconf 87' lang='lat' dir='ltr'><strong>audiunt</strong></span> <span class='ocrx_word' id='word_1_226' title='bbox 2833 1318 2929 1359; x_wconf 89' lang='lat' dir='ltr'><strong>ore</strong></span> <span class='ocrx_word' id='word_1_227' title='bbox 2968 1303 3181 1361; x_wconf 81' lang='lat' dir='ltr'><strong>Domini</strong></span> <span class='ocrx_word' id='word_1_228' title='bbox 3209 1321 3219 1355; x_wconf 91' lang='lat'>:</span> <span class='ocrx_word' id='word_1_229' title='bbox 3254 1302 3550 1373; x_wconf 78' lang='lat' dir='ltr'><strong>Serpentes,</strong></span> <span class='ocrx_word' id='word_1_230' title='bbox 3577 1304 3862 1374; x_wconf 79' lang='lat' dir='ltr'><strong>generantina</strong></span> 
     </span>
    </p>
   </div>
   <div class='ocr_carea' id='block_1_30' title="bbox 2310 1391 3864 1469">
    <p class='ocr_par' dir='ltr' id='par_1_30' title="bbox 2310 1391 3864 1469">
     <span class='ocr_line' id='line_1_30' title="bbox 2310 1391 3864 1469; baseline -0.002 -18"><span class='ocrx_word' id='word_1_231' title='bbox 2310 1398 2599 1469; x_wconf 74' lang='lat' dir='ltr'><strong>viperarum</strong></span> <span class='ocrx_word' id='word_1_232' title='bbox 2624 1394 2853 1467; x_wconf 85' lang='lat' dir='ltr'><strong>(Ibid.);</strong></span> <span class='ocrx_word' id='word_1_233' title='bbox 2886 1395 3052 1465; x_wconf 90' lang='lat' dir='ltr'><strong>proba</strong></span> <span class='ocrx_word' id='word_1_234' title='bbox 3082 1410 3189 1449; x_wconf 92' lang='lat' dir='ltr'><strong>non</strong></span> <span class='ocrx_word' id='word_1_235' title='bbox 3218 1403 3290 1463; x_wconf 83' lang='lat' dir='ltr'><strong>te,</strong></span> <span class='ocrx_word' id='word_1_236' title='bbox 3314 1394 3409 1450; x_wconf 89' lang='lat' dir='ltr'><strong>sed</strong></span> <span class='ocrx_word' id='word_1_237' title='bbox 3432 1394 3645 1453; x_wconf 68' lang='lat' dir='ltr'><strong>Judteos</strong></span> <span class='ocrx_word' id='word_1_238' title='bbox 3673 1391 3697 1428; x_wconf 78' lang='grc'><strong>¹¹</strong></span> <span class='ocrx_word' id='word_1_239' title='bbox 3725 1394 3864 1450; x_wconf 86' lang='lat' dir='ltr'><strong>desti-</strong></span> 
     </span>
    </p>
   </div>
   <div class='ocr_carea' id='block_1_31' title="bbox 2313 1486 3864 1551">
    <p class='ocr_par' dir='ltr' id='par_1_31' title="bbox 2313 1486 3864 1551">
     <span class='ocr_line' id='line_1_31' title="bbox 2313 1486 3864 1551; baseline -0.003 -4"><span class='ocrx_word' id='word_1_240' title='bbox 2313 1506 2473 1547; x_wconf 86' lang='lat' dir='ltr'><strong>nasse</strong></span> <span class='ocrx_word' id='word_1_241' title='bbox 2517 1490 2747 1546; x_wconf 86' lang='lat' dir='ltr'><strong>militem</strong></span> <span class='ocrx_word' id='word_1_242' title='bbox 2784 1489 2850 1543; x_wconf 91' lang='lat' dir='ltr'><strong>ad</strong></span> <span class='ocrx_word' id='word_1_243' title='bbox 2894 1488 3301 1551; x_wconf 77' lang='lat' dir='ltr'><strong>Alexandriam,</strong></span> <span class='ocrx_word' id='word_1_244' title='bbox 3334 1486 3642 1543; x_wconf 83' lang='lat' dir='ltr'><strong>Judaeorum</strong></span> <span class='ocrx_word' id='word_1_245' title='bbox 3670 1486 3864 1543; x_wconf 78' lang='lat' dir='ltr'><strong>militent</strong></span> 
     </span>
    </p>
   </div>
   <div class='ocr_carea' id='block_1_32' title="bbox 2311 1579 3863 1646">
    <p class='ocr_par' dir='ltr' id='par_1_32' title="bbox 2311 1579 3863 1646">
     <span class='ocr_line' id='line_1_32' title="bbox 2311 1579 3863 1646; baseline -0.004 -7"><span class='ocrx_word' id='word_1_246' title='bbox 2311 1584 2593 1641; x_wconf 85' lang='lat' dir='ltr'><strong>obsedisse</strong></span> <span class='ocrx_word' id='word_1_247' title='bbox 2638 1586 2778 1638; x_wconf 82' lang='lat' dir='ltr'><strong>iores</strong></span> <span class='ocrx_word' id='word_1_248' title='bbox 2820 1582 2916 1639; x_wconf 87' lang='lat' dir='ltr'><strong>Dei</strong></span> <span class='ocrx_word' id='word_1_249' title='bbox 2946 1582 3161 1646; x_wconf 86' lang='lat' dir='ltr'><strong>domus.</strong></span> <span class='ocrx_word' id='word_1_250' title='bbox 3196 1580 3509 1639; x_wconf 78' lang='lat' dir='ltr'><strong>Judmorum</strong></span> <span class='ocrx_word' id='word_1_251' title='bbox 3544 1580 3755 1638; x_wconf 87' lang='lat' dir='ltr'><strong>militum</strong></span> <span class='ocrx_word' id='word_1_252' title='bbox 3782 1579 3863 1634; x_wconf 81' lang='lat' dir='ltr'><strong>du-</strong></span> 
     </span>
    </p>
   </div>
   <div class='ocr_carea' id='block_1_33' title="bbox 604 1671 3863 1748">
    <p class='ocr_par' dir='ltr' id='par_1_33' title="bbox 604 1671 3863 1748">
     <span class='ocr_line' id='line_1_33' title="bbox 604 1671 3863 1748; baseline 0.001 -25"><span class='ocrx_word' id='word_1_253' title='bbox 604 1672 783 1740; x_wconf 83' lang='lat' dir='ltr'><strong>ﬁdem,</strong></span> <span class='ocrx_word' id='word_1_254' title='bbox 805 1672 934 1737; x_wconf 71' lang='lat' dir='ltr'><strong>Istuc,</strong></span> <span class='ocrx_word' id='word_1_255' title='bbox 964 1671 1161 1743; x_wconf 87' lang='lat' dir='ltr'><strong>inquit,</strong></span> <span class='ocrx_word' id='word_1_256' title='bbox 1185 1688 1280 1728; x_wconf 86' lang='lat' dir='ltr'><strong>vos</strong></span> <span class='ocrx_word' id='word_1_257' title='bbox 1300 1676 1529 1743; x_wconf 84' lang='lat' dir='ltr'><strong>oportuit</strong></span> <span class='ocrx_word' id='word_1_258' title='bbox 1551 1678 1914 1746; x_wconf 76' lang='lat' dir='ltr'><strong>facere,etilla</strong></span> <span class='ocrx_word' id='word_1_259' title='bbox 1931 1694 2032 1732; x_wconf 78' lang='lat' dir='ltr'><strong>non</strong></span> <span class='ocrx_word' id='word_1_260' title='bbox 2056 1680 2211 1734; x_wconf 74' lang='lat' dir='ltr'><strong>omis-</strong></span> <span class='ocrx_word' id='word_1_261' title='bbox 2240 1672 2287 1733; x_wconf 88' lang='lat' dir='ltr'><strong>B</strong></span> <span class='ocrx_word' id='word_1_262' title='bbox 2314 1693 2431 1734; x_wconf 86' lang='lat' dir='ltr'><strong>cem</strong></span> <span class='ocrx_word' id='word_1_263' title='bbox 2458 1677 2624 1733; x_wconf 78' lang='lat' dir='ltr'><strong>fuisse</strong></span> <span class='ocrx_word' id='word_1_264' title='bbox 2648 1676 2963 1748; x_wconf 82' lang='lat' dir='ltr'><strong>Syrianum.</strong></span> <span class='ocrx_word' id='word_1_265' title='bbox 2994 1676 3168 1730; x_wconf 81' lang='lat' dir='ltr'><strong>Proba</strong></span> <span class='ocrx_word' id='word_1_266' title='bbox 3198 1674 3420 1730; x_wconf 70' lang='lat' dir='ltr'><strong>.ludtcos</strong></span> <span class='ocrx_word' id='word_1_267' title='bbox 3452 1675 3716 1743; x_wconf 80' lang='lat' dir='ltr'><strong>ingressos</strong></span> <span class='ocrx_word' id='word_1_268' title='bbox 3748 1674 3863 1727; x_wconf 81' lang='lat' dir='ltr'><strong>basi-</strong></span> 
     </span>
    </p>
   </div>
   <div class='ocr_carea' id='block_1_34' title="bbox 608 1763 2208 1840">
    <p class='ocr_par' dir='ltr' id='par_1_34' title="bbox 608 1763 2208 1840">
     <span class='ocr_line' id='line_1_34' title="bbox 608 1763 2208 1840; baseline 0.007 -24"><span class='ocrx_word' id='word_1_269' title='bbox 608 1763 941 1836; x_wconf 87' lang='lat' dir='ltr'><strong>tere(Ibid.).</strong></span> <span class='ocrx_word' id='word_1_270' title='bbox 970 1764 1069 1820; x_wconf 89' lang='lat' dir='ltr'><strong>Ubi</strong></span> <span class='ocrx_word' id='word_1_271' title='bbox 1099 1780 1182 1822; x_wconf 80' lang='lat' dir='ltr'><strong>e5t</strong></span> <span class='ocrx_word' id='word_1_272' title='bbox 1208 1768 1340 1822; x_wconf 89' lang='lat' dir='ltr'><strong>tides</strong></span> <span class='ocrx_word' id='word_1_273' title='bbox 1360 1768 1483 1822; x_wconf 82' lang='lat' dir='ltr'><strong>tua?</strong></span> <span class='ocrx_word' id='word_1_274' title='bbox 1507 1771 1599 1837; x_wconf 86' lang='lat' dir='ltr'><strong>qui</strong></span> <span class='ocrx_word' id='word_1_275' title='bbox 1624 1768 1806 1832; x_wconf 81' lang='lat' dir='ltr'><strong>(idem,</strong></span> <span class='ocrx_word' id='word_1_276' title='bbox 1829 1786 1991 1840; x_wconf 89' lang='lat' dir='ltr'><strong>quam</strong></span> <span class='ocrx_word' id='word_1_277' title='bbox 2017 1782 2208 1829; x_wconf 76' lang='lat' dir='ltr'><strong>tenue-</strong></span> 
     </span>
    </p>
   </div>
   <div class='ocr_carea' id='block_1_35' title="bbox 606 1857 2211 1927">
    <p class='ocr_par' dir='ltr' id='par_1_35' title="bbox 606 1857 2211 1927">
     <span class='ocr_line' id='line_1_35' title="bbox 606 1857 2211 1927; baseline 0.005 -14"><span class='ocrx_word' id='word_1_278' title='bbox 606 1868 734 1913; x_wconf 90' lang='lat' dir='ltr'><strong>runt</strong></span> <span class='ocrx_word' id='word_1_279' title='bbox 770 1857 1070 1925; x_wconf 82' lang='lat' dir='ltr'><strong>Abraham,</strong></span> <span class='ocrx_word' id='word_1_280' title='bbox 1104 1858 1272 1925; x_wconf 86' lang='lat' dir='ltr'><strong>Isaac,</strong></span> <span class='ocrx_word' id='word_1_281' title='bbox 1302 1869 1358 1915; x_wconf 89' lang='lat' dir='ltr'><strong>et</strong></span> <span class='ocrx_word' id='word_1_282' title='bbox 1382 1860 1551 1917; x_wconf 82' lang='lat' dir='ltr'><strong>lacob</strong></span> <span class='ocrx_word' id='word_1_283' title='bbox 1590 1861 1917 1927; x_wconf 88' lang='lat' dir='ltr'><strong>beatissimi,</strong></span> <span class='ocrx_word' id='word_1_284' title='bbox 1948 1872 2002 1919; x_wconf 89' lang='lat' dir='ltr'><strong>et</strong></span> <span class='ocrx_word' id='word_1_285' title='bbox 2027 1865 2211 1921; x_wconf 90' lang='lat' dir='ltr'><strong>cuncti</strong></span> 
     </span>
    </p>
   </div>
   <div class='ocr_carea' id='block_1_36' title="bbox 602 1950 2212 2023">
    <p class='ocr_par' dir='ltr' id='par_1_36' title="bbox 602 1950 2212 2023">
     <span class='ocr_line' id='line_1_36' title="bbox 602 1950 2212 2023; baseline 0.006 -19"><span class='ocrx_word' id='word_1_286' title='bbox 602 1950 922 2020; x_wconf 74' lang='lat' dir='ltr'><strong>prophetae,</strong></span> <span class='ocrx_word' id='word_1_287' title='bbox 960 1952 1216 2020; x_wconf 76' lang='lat' dir='ltr'><strong>apostoli,</strong></span> <span class='ocrx_word' id='word_1_288' title='bbox 1254 1967 1317 2005; x_wconf 90' lang='lat' dir='ltr'><strong>ac</strong></span> <span class='ocrx_word' id='word_1_289' title='bbox 1358 1962 1651 2023; x_wconf 84' lang='lat' dir='ltr'><strong>martyres,</strong></span> <span class='ocrx_word' id='word_1_290' title='bbox 1685 1954 2047 2011; x_wconf 75' lang='lat' dir='ltr'><strong>damnaverzts</strong></span> <span class='ocrx_word' id='word_1_291' title='bbox 2074 1954 2124 2021; x_wconf 75' lang='grc' dir='ltr'><strong>ι),</strong></span> <span class='ocrx_word' id='word_1_292' title='bbox 2154 1965 2212 2013; x_wconf 85' lang='lat' dir='ltr'><strong>et</strong></span> 
     </span>
    </p>
   </div>
   <div class='ocr_carea' id='block_1_37' title="bbox 602 2044 2211 2114">
    <p class='ocr_par' dir='ltr' id='par_1_37' title="bbox 602 2044 2211 2114">
     <span class='ocr_line' id='line_1_37' title="bbox 602 2044 2211 2114; baseline 0.004 -16"><span class='ocrx_word' id='word_1_293' title='bbox 602 2044 752 2098; x_wconf 86' lang='lat' dir='ltr'><strong>illam</strong></span> <span class='ocrx_word' id='word_1_294' title='bbox 798 2044 1057 2099; x_wconf 86' lang='lat' dir='ltr'><strong>statueris</strong></span> <span class='ocrx_word' id='word_1_295' title='bbox 1086 2045 1492 2114; x_wconf 86' lang='lat' dir='ltr'><strong>suscipiendam</strong></span> <span class='ocrx_word' id='word_1_296' title='bbox 1534 2062 1562 2099; x_wconf 92' lang='lat' dir='ltr'><strong>a</strong></span> <span class='ocrx_word' id='word_1_297' title='bbox 1603 2049 1813 2103; x_wconf 83' lang='lat' dir='ltr'><strong>cunctis</strong></span> <span class='ocrx_word' id='word_1_298' title='bbox 1850 2049 1947 2105; x_wconf 85' lang='lat' dir='ltr'><strong>Dei</strong></span> <span class='ocrx_word' id='word_1_299' title='bbox 1983 2051 2211 2105; x_wconf 86' lang='lat' dir='ltr'><strong>cultori-</strong></span> 
     </span>
    </p>
   </div>
   <div class='ocr_carea' id='block_1_38' title="bbox 602 2136 2211 2204">
    <p class='ocr_par' dir='ltr' id='par_1_38' title="bbox 602 2136 2211 2204">
     <span class='ocr_line' id='line_1_38' title="bbox 602 2136 2211 2204; baseline 0.005 -13"><span class='ocrx_word' id='word_1_300' title='bbox 602 2136 729 2197; x_wconf 85' lang='lat' dir='ltr'><strong>bus,</strong></span> <span class='ocrx_word' id='word_1_301' title='bbox 762 2151 922 2204; x_wconf 82' lang='lat' dir='ltr'><strong>quam</strong></span> <span class='ocrx_word' id='word_1_302' title='bbox 965 2147 1157 2191; x_wconf 89' lang='lat' dir='ltr'><strong>contra</strong></span> <span class='ocrx_word' id='word_1_303' title='bbox 1205 2136 1343 2191; x_wconf 88' lang='lat' dir='ltr'><strong>hanc</strong></span> <span class='ocrx_word' id='word_1_304' title='bbox 1385 2139 1714 2194; x_wconf 82' lang='lat' dir='ltr'><strong>catholicam</strong></span> <span class='ocrx_word' id='word_1_305' title='bbox 1762 2139 1927 2198; x_wconf 81' lang='lat' dir='ltr'><strong>ﬁdem</strong></span> <span class='ocrx_word' id='word_1_306' title='bbox 1959 2142 2211 2199; x_wconf 86' lang='lat' dir='ltr'><strong>diabolus</strong></span> 
     </span>
    </p>
   </div>
   <div class='ocr_carea' id='block_1_39' title="bbox 604 2230 2210 2301">
    <p class='ocr_par' dir='ltr' id='par_1_39' title="bbox 604 2230 2210 2301">
     <span class='ocr_line' id='line_1_39' title="bbox 604 2230 2210 2301; baseline 0.007 -21"><span class='ocrx_word' id='word_1_307' title='bbox 604 2242 703 2295; x_wconf 91' lang='lat' dir='ltr'><strong>per</strong></span> <span class='ocrx_word' id='word_1_308' title='bbox 737 2230 1053 2297; x_wconf 74' lang='lat' dir='ltr'><strong>magistrum</strong></span> <span class='ocrx_word' id='word_1_309' title='bbox 1084 2240 1327 2283; x_wconf 89' lang='lat' dir='ltr'><strong>vestrum</strong></span> <span class='ocrx_word' id='word_1_310' title='bbox 1352 2230 1544 2286; x_wconf 83' lang='lat' dir='ltr'><strong>Arium</strong></span> <span class='ocrx_word' id='word_1_311' title='bbox 1576 2234 1861 2291; x_wconf 80' lang='lat' dir='ltr'><strong>vomuerit.</strong></span> <span class='ocrx_word' id='word_1_312' title='bbox 1900 2235 2108 2301; x_wconf 85' lang='lat' dir='ltr'><strong>Quibus</strong></span> <span class='ocrx_word' id='word_1_313' title='bbox 2143 2251 2210 2292; x_wconf 79' lang='lat' dir='ltr'><strong>ex</strong></span> 
     </span>
    </p>
   </div>
   <div class='ocr_carea' id='block_1_40' title="bbox 604 2321 2212 2397">
    <p class='ocr_par' dir='ltr' id='par_1_40' title="bbox 604 2321 2212 2397">
     <span class='ocr_line' id='line_1_40' title="bbox 604 2321 2212 2397; baseline 0.006 -22"><span class='ocrx_word' id='word_1_314' title='bbox 604 2321 768 2377; x_wconf 90' lang='lat' dir='ltr'><strong>rebus</strong></span> <span class='ocrx_word' id='word_1_315' title='bbox 804 2337 926 2377; x_wconf 88' lang='lat' dir='ltr'><strong>esse</strong></span> <span class='ocrx_word' id='word_1_316' title='bbox 971 2322 1298 2392; x_wconf 74' lang='lat' dir='ltr'><strong>intelligeris</strong></span> <span class='ocrx_word' id='word_1_317' title='bbox 1329 2340 1468 2378; x_wconf 92' lang='lat' dir='ltr'><strong>unus</strong></span> <span class='ocrx_word' id='word_1_318' title='bbox 1499 2340 1566 2380; x_wconf 86' lang='lat' dir='ltr'><strong>ex</strong></span> <span class='ocrx_word' id='word_1_319' title='bbox 1610 2326 1717 2380; x_wconf 89' lang='lat' dir='ltr'><strong>illis</strong></span> <span class='ocrx_word' id='word_1_320' title='bbox 1753 2326 1845 2396; x_wconf 90' lang='lat' dir='ltr'><strong>qui</strong></span> <span class='ocrx_word' id='word_1_321' title='bbox 1886 2327 2212 2397; x_wconf 75' lang='lat' dir='ltr'><strong>dignoscan-</strong></span> 
     </span>
    </p>
   </div>
   <div class='ocr_carea' id='block_1_41' title="bbox 602 2414 2207 2490">
    <p class='ocr_par' dir='ltr' id='par_1_41' title="bbox 602 2414 2207 2490">
     <span class='ocr_line' id='line_1_41' title="bbox 602 2414 2207 2490; baseline 0.004 -22"><span class='ocrx_word' id='word_1_322' title='bbox 602 2423 693 2468; x_wconf 91' lang='lat' dir='ltr'><strong>tur</strong></span> <span class='ocrx_word' id='word_1_323' title='bbox 723 2414 912 2470; x_wconf 87' lang='lat' dir='ltr'><strong>audire</strong></span> <span class='ocrx_word' id='word_1_324' title='bbox 940 2433 952 2467; x_wconf 87' lang='lat'><strong>:</strong></span> <span class='ocrx_word' id='word_1_325' title='bbox 998 2414 1086 2468; x_wconf 76' lang='lat' dir='ltr'><strong>Va:</strong></span> <span class='ocrx_word' id='word_1_326' title='bbox 1114 2415 1275 2482; x_wconf 86' lang='lat' dir='ltr'><strong>vobis,</strong></span> <span class='ocrx_word' id='word_1_327' title='bbox 1315 2416 1515 2472; x_wconf 71' lang='lat' dir='ltr'><strong>Scribat</strong></span> <span class='ocrx_word' id='word_1_328' title='bbox 1540 2427 1587 2472; x_wconf 92' lang='lat' dir='ltr'><strong>et</strong></span> <span class='ocrx_word' id='word_1_329' title='bbox 1614 2417 1872 2474; x_wconf 70' lang='lat' dir='ltr'><strong>Phariswi</strong></span> <span class='ocrx_word' id='word_1_330' title='bbox 1902 2419 2207 2490; x_wconf 71' lang='lat' dir='ltr'><strong>hgpocritat,</strong></span> 
     </span>
    </p>
   </div>
   <div class='ocr_carea' id='block_1_42' title="bbox 606 2504 2210 2581">
    <p class='ocr_par' dir='ltr' id='par_1_42' title="bbox 606 2504 2210 2581">
     <span class='ocr_line' id='line_1_42' title="bbox 606 2504 2210 2581; baseline 0.007 -24"><span class='ocrx_word' id='word_1_331' title='bbox 606 2507 693 2573; x_wconf 86' lang='lat' dir='ltr'><strong>qui</strong></span> <span class='ocrx_word' id='word_1_332' title='bbox 736 2504 1009 2559; x_wconf 86' lang='lat' dir='ltr'><strong>decimatis</strong></span> <span class='ocrx_word' id='word_1_333' title='bbox 1051 2507 1337 2573; x_wconf 79' lang='lat' dir='ltr'><strong>mentitam,</strong></span> <span class='ocrx_word' id='word_1_334' title='bbox 1366 2517 1414 2563; x_wconf 85' lang='lat' dir='ltr'><strong>et</strong></span> <span class='ocrx_word' id='word_1_335' title='bbox 1454 2510 1718 2576; x_wconf 76' lang='lat' dir='ltr'><strong>anethum,</strong></span> <span class='ocrx_word' id='word_1_336' title='bbox 1762 2520 1808 2564; x_wconf 86' lang='lat' dir='ltr'><strong>et</strong></span> <span class='ocrx_word' id='word_1_337' title='bbox 1845 2512 2131 2581; x_wconf 81' lang='lat' dir='ltr'><strong>cyminum,</strong></span> <span class='ocrx_word' id='word_1_338' title='bbox 2162 2522 2210 2568; x_wconf 83' lang='lat' dir='ltr'><strong>et</strong></span> 
     </span>
    </p>
   </div>
   <div class='ocr_carea' id='block_1_43' title="bbox 607 2596 2214 2673">
    <p class='ocr_par' dir='ltr' id='par_1_43' title="bbox 607 2596 2214 2673">
     <span class='ocr_line' id='line_1_43' title="bbox 607 2596 2214 2673; baseline 0.007 -26"><span class='ocrx_word' id='word_1_339' title='bbox 607 2596 889 2665; x_wconf 79' lang='lat' dir='ltr'><strong>reliquistis</strong></span> <span class='ocrx_word' id='word_1_340' title='bbox 927 2613 1041 2663; x_wconf 74' lang='lat' dir='ltr'><strong>qua:</strong></span> <span class='ocrx_word' id='word_1_341' title='bbox 1065 2600 1307 2668; x_wconf 85' lang='lat' dir='ltr'><strong>graviora</strong></span> <span class='ocrx_word' id='word_1_342' title='bbox 1346 2610 1463 2653; x_wconf 89' lang='lat' dir='ltr'><strong>sunt</strong></span> <span class='ocrx_word' id='word_1_343' title='bbox 1492 2602 1644 2670; x_wconf 80' lang='lat' dir='ltr'><strong>legis,</strong></span> <span class='ocrx_word' id='word_1_344' title='bbox 1667 2602 1953 2673; x_wconf 84' lang='lat' dir='ltr'><strong>judicium,</strong></span> <span class='ocrx_word' id='word_1_345' title='bbox 1982 2613 2030 2656; x_wconf 89' lang='lat' dir='ltr'><strong>et</strong></span> <span class='ocrx_word' id='word_1_346' title='bbox 2060 2604 2214 2660; x_wconf 85' lang='lat' dir='ltr'><strong>mise-</strong></span> 
     </span>
    </p>
   </div>
   <div class='ocr_carea' id='block_1_44' title="bbox 607 2689 2211 2764">
    <p class='ocr_par' dir='ltr' id='par_1_44' title="bbox 607 2689 2211 2764">
     <span class='ocr_line' id='line_1_44' title="bbox 607 2689 2211 2764; baseline 0.008 -26"><span class='ocrx_word' id='word_1_347' title='bbox 607 2689 908 2753; x_wconf 87' lang='lat' dir='ltr'><strong>ricordiam,</strong></span> <span class='ocrx_word' id='word_1_348' title='bbox 941 2700 989 2744; x_wconf 89' lang='lat' dir='ltr'><strong>et</strong></span> <span class='ocrx_word' id='word_1_349' title='bbox 1035 2691 1190 2760; x_wconf 73' lang='lat' dir='ltr'><strong>ﬁdem</strong></span> <span class='ocrx_word' id='word_1_350' title='bbox 1221 2692 1373 2746; x_wconf 76' lang='lat' dir='ltr'><strong>:luec</strong></span> <span class='ocrx_word' id='word_1_351' title='bbox 1413 2694 1643 2764; x_wconf 83' lang='lat' dir='ltr'><strong>oportuit</strong></span> <span class='ocrx_word' id='word_1_352' title='bbox 1672 2693 1867 2763; x_wconf 72' lang='lat' dir='ltr'><strong>facere,</strong></span> <span class='ocrx_word' id='word_1_353' title='bbox 1895 2704 1943 2749; x_wconf 90' lang='lat' dir='ltr'><strong>et</strong></span> <span class='ocrx_word' id='word_1_354' title='bbox 1971 2695 2066 2749; x_wconf 90' lang='lat' dir='ltr'><strong>illa</strong></span> <span class='ocrx_word' id='word_1_355' title='bbox 2108 2711 2211 2751; x_wconf 82' lang='lat' dir='ltr'><strong>non</strong></span> 
     </span>
    </p>
   </div>
   <div class='ocr_carea' id='block_1_45' title="bbox 610 2782 2213 2852">
    <p class='ocr_par' dir='ltr' id='par_1_45' title="bbox 610 2782 2213 2852">
     <span class='ocr_line' id='line_1_45' title="bbox 610 2782 2213 2852; baseline 0.006 -19"><span class='ocrx_word' id='word_1_356' title='bbox 610 2782 843 2834; x_wconf 80' lang='lat' dir='ltr'><strong>omittere</strong></span> <span class='ocrx_word' id='word_1_357' title='bbox 871 2798 890 2835; x_wconf 88' lang='lat'><strong><em>:</em></strong></span> <span class='ocrx_word' id='word_1_358' title='bbox 922 2783 1076 2837; x_wconf 88' lang='lat' dir='ltr'><strong>duces</strong></span> <span class='ocrx_word' id='word_1_359' title='bbox 1116 2785 1257 2849; x_wconf 65' lang='lat' dir='ltr'><strong>casei,</strong></span> <span class='ocrx_word' id='word_1_360' title='bbox 1309 2786 1561 2852; x_wconf 85' lang='lat' dir='ltr'><strong>liquantes</strong></span> <span class='ocrx_word' id='word_1_361' title='bbox 1609 2786 1823 2841; x_wconf 84' lang='lat' dir='ltr'><strong>culicem</strong></span> <span class='ocrx_word' id='word_1_362' title='bbox 1870 2796 1919 2842; x_wconf 85' lang='lat' dir='ltr'><strong>et</strong></span> <span class='ocrx_word' id='word_1_363' title='bbox 1958 2786 2213 2842; x_wconf 84' lang='lat' dir='ltr'><strong>cantelum</strong></span> 
     </span>
    </p>
   </div>
   <div class='ocr_carea' id='block_1_46' title="bbox 611 2873 2211 2947">
    <p class='ocr_par' dir='ltr' id='par_1_46' title="bbox 611 2873 2211 2947">
     <span class='ocr_line' id='line_1_46' title="bbox 611 2873 2211 2947; baseline 0.006 -22"><span class='ocrx_word' id='word_1_364' title='bbox 611 2873 1027 2941; x_wconf 84' lang='lat' dir='ltr'><strong>transglutientes</strong></span> <span class='ocrx_word' id='word_1_365' title='bbox 1086 2873 1318 2943; x_wconf 86' lang='lat' dir='ltr'><strong>(Ibid.).</strong></span> <span class='ocrx_word' id='word_1_366' title='bbox 1374 2879 1478 2929; x_wconf 78' lang='lat' dir='ltr'><strong>Aul</strong></span> <span class='ocrx_word' id='word_1_367' title='bbox 1530 2878 1752 2947; x_wconf 79' lang='lat' dir='ltr'><strong>negabis</strong></span> <span class='ocrx_word' id='word_1_368' title='bbox 1799 2888 1821 2915; x_wconf 74' lang='grc' dir='ltr'><strong>ο</strong></span> <span class='ocrx_word' id='word_1_369' title='bbox 1867 2878 2097 2933; x_wconf 83' lang='lat' dir='ltr'><strong>culicem</strong></span> <span class='ocrx_word' id='word_1_370' title='bbox 2160 2889 2211 2934; x_wconf 86' lang='lat' dir='ltr'><strong>te</strong></span> 
     </span>
    </p>
   </div>
   <div class='ocr_carea' id='block_1_47' title="bbox 613 2964 2210 3038">
    <p class='ocr_par' dir='ltr' id='par_1_47' title="bbox 613 2964 2210 3038">
     <span class='ocr_line' id='line_1_47' title="bbox 613 2964 2210 3038; baseline 0.006 -22"><span class='ocrx_word' id='word_1_371' title='bbox 613 2964 839 3031; x_wconf 90' lang='lat' dir='ltr'><strong>liquare,</strong></span> <span class='ocrx_word' id='word_1_372' title='bbox 887 2974 940 3017; x_wconf 90' lang='lat' dir='ltr'><strong>et</strong></span> <span class='ocrx_word' id='word_1_373' title='bbox 977 2965 1247 3018; x_wconf 86' lang='lat' dir='ltr'><strong>camelum</strong></span> <span class='ocrx_word' id='word_1_374' title='bbox 1286 2974 1667 3030; x_wconf 85' lang='lat' dir='ltr'><strong>transvorare,</strong></span> <span class='ocrx_word' id='word_1_375' title='bbox 1715 2970 1896 3035; x_wconf 88' lang='lat' dir='ltr'><strong>homo,</strong></span> <span class='ocrx_word' id='word_1_376' title='bbox 1938 2972 2053 3038; x_wconf 87' lang='lat' dir='ltr'><strong>qui,</strong></span> <span class='ocrx_word' id='word_1_377' title='bbox 2086 2985 2210 3025; x_wconf 92' lang='lat' dir='ltr'><strong>cum</strong></span> 
     </span>
    </p>
   </div>
   <div class='ocr_carea' id='block_1_48' title="bbox 2312 1762 3863 1838">
    <p class='ocr_par' dir='ltr' id='par_1_48' title="bbox 2312 1762 3863 1838">
     <span class='ocr_line' id='line_1_48' title="bbox 2312 1762 3863 1838; baseline -0.003 -16"><span class='ocrx_word' id='word_1_378' title='bbox 2312 1771 2469 1824; x_wconf 69' lang='lat' dir='ltr'><strong>lic:tm</strong></span> <span class='ocrx_word' id='word_1_379' title='bbox 2501 1784 2624 1823; x_wconf 92' lang='lat' dir='ltr'><strong>cum</strong></span> <span class='ocrx_word' id='word_1_380' title='bbox 2657 1768 2843 1832; x_wconf 88' lang='lat' dir='ltr'><strong>armis,</strong></span> <span class='ocrx_word' id='word_1_381' title='bbox 2890 1777 3054 1838; x_wconf 89' lang='lat' dir='ltr'><strong>atque</strong></span> <span class='ocrx_word' id='word_1_382' title='bbox 3099 1776 3307 1821; x_wconf 87' lang='lat' dir='ltr'><strong>certum</strong></span> <span class='ocrx_word' id='word_1_383' title='bbox 3357 1780 3637 1819; x_wconf 84' lang='lat' dir='ltr'><strong>numerum</strong></span> <span class='ocrx_word' id='word_1_384' title='bbox 3678 1762 3863 1818; x_wconf 81' lang='lat' dir='ltr'><strong>interfe-</strong></span> 
     </span>
    </p>
   </div>
   <div class='ocr_carea' id='block_1_49' title="bbox 2310 1856 3865 1930">
    <p class='ocr_par' dir='ltr' id='par_1_49' title="bbox 2310 1856 3865 1930">
     <span class='ocr_line' id='line_1_49' title="bbox 2310 1856 3865 1930; baseline -0.004 -14"><span class='ocrx_word' id='word_1_385' title='bbox 2310 1862 2474 1919; x_wconf 84' lang='lat' dir='ltr'><strong>cisse.</strong></span> <span class='ocrx_word' id='word_1_386' title='bbox 2505 1861 2561 1916; x_wconf 84' lang='lat' dir='ltr'><strong>Si</strong></span> <span class='ocrx_word' id='word_1_387' title='bbox 2592 1862 2824 1930; x_wconf 87' lang='lat' dir='ltr'><strong>probare</strong></span> <span class='ocrx_word' id='word_1_388' title='bbox 2862 1874 2969 1915; x_wconf 92' lang='lat' dir='ltr'><strong>non</strong></span> <span class='ocrx_word' id='word_1_389' title='bbox 3000 1870 3177 1930; x_wconf 87' lang='lat' dir='ltr'><strong>potes,</strong></span> <span class='ocrx_word' id='word_1_390' title='bbox 3210 1858 3335 1927; x_wconf 87' lang='lat' dir='ltr'><strong>quia</strong></span> <span class='ocrx_word' id='word_1_391' title='bbox 3369 1867 3586 1913; x_wconf 86' lang='lat' dir='ltr'><strong>constet</strong></span> <span class='ocrx_word' id='word_1_392' title='bbox 3616 1864 3664 1911; x_wconf 91' lang='lat' dir='ltr'><strong>te</strong></span> <span class='ocrx_word' id='word_1_393' title='bbox 3688 1856 3865 1910; x_wconf 76' lang='lat' dir='ltr'><strong>misisse</strong></span> 
     </span>
    </p>
   </div>
   <div class='ocr_carea' id='block_1_50' title="bbox 2311 1948 3865 2024">
    <p class='ocr_par' dir='ltr' id='par_1_50' title="bbox 2311 1948 3865 2024">
     <span class='ocr_line' id='line_1_50' title="bbox 2311 1948 3865 2024; baseline -0.004 -15"><span class='ocrx_word' id='word_1_394' title='bbox 2311 1954 2378 2009; x_wconf 86' lang='lat' dir='ltr'><strong>ad</strong></span> <span class='ocrx_word' id='word_1_395' title='bbox 2428 1955 2519 2008; x_wconf 88' lang='lat' dir='ltr'><strong>Dei</strong></span> <span class='ocrx_word' id='word_1_396' title='bbox 2571 1954 2995 2024; x_wconf 85' lang='lat' dir='ltr'><strong>impugnandam</strong></span> <span class='ocrx_word' id='word_1_397' title='bbox 3048 1952 3401 2020; x_wconf 75' lang='lat' dir='ltr'><strong>religionem,</strong></span> <span class='ocrx_word' id='word_1_398' title='bbox 3432 1949 3725 2008; x_wconf 84' lang='lat' dir='ltr'><strong>rectissime</strong></span> <span class='ocrx_word' id='word_1_399' title='bbox 3760 1948 3865 2003; x_wconf 89' lang='lat' dir='ltr'><strong>dici-</strong></span> 
     </span>
    </p>
   </div>
   <div class='ocr_carea' id='block_1_51' title="bbox 2312 2041 3861 2112">
    <p class='ocr_par' dir='ltr' id='par_1_51' title="bbox 2312 2041 3861 2112">
     <span class='ocr_line' id='line_1_51' title="bbox 2312 2041 3861 2112; baseline -0.005 -13"><span class='ocrx_word' id='word_1_400' title='bbox 2312 2060 2433 2100; x_wconf 90' lang='lat' dir='ltr'><strong>mus</strong></span> <span class='ocrx_word' id='word_1_401' title='bbox 2462 2054 2513 2099; x_wconf 91' lang='lat' dir='ltr'><strong>te</strong></span> <span class='ocrx_word' id='word_1_402' title='bbox 2536 2060 2699 2098; x_wconf 91' lang='lat' dir='ltr'><strong>unum</strong></span> <span class='ocrx_word' id='word_1_403' title='bbox 2727 2058 2847 2101; x_wconf 87' lang='lat' dir='ltr'><strong>esse</strong></span> <span class='ocrx_word' id='word_1_404' title='bbox 2880 2060 2950 2098; x_wconf 80' lang='lat' dir='ltr'><strong>ex</strong></span> <span class='ocrx_word' id='word_1_405' title='bbox 2982 2042 3108 2107; x_wconf 84' lang='lat' dir='ltr'><strong>illis,</strong></span> <span class='ocrx_word' id='word_1_406' title='bbox 3136 2043 3202 2097; x_wconf 85' lang='lat' dir='ltr'><strong>ad</strong></span> <span class='ocrx_word' id='word_1_407' title='bbox 3235 2057 3374 2112; x_wconf 92' lang='lat' dir='ltr'><strong>quos</strong></span> <span class='ocrx_word' id='word_1_408' title='bbox 3402 2042 3603 2101; x_wconf 90' lang='lat' dir='ltr'><strong>dictum</strong></span> <span class='ocrx_word' id='word_1_409' title='bbox 3632 2050 3708 2096; x_wconf 79' lang='lat' dir='ltr'><strong>est</strong></span> <span class='ocrx_word' id='word_1_410' title='bbox 3729 2059 3739 2094; x_wconf 93' lang='lat'><strong>:</strong></span> <span class='ocrx_word' id='word_1_411' title='bbox 3764 2041 3861 2095; x_wconf 86' lang='lat' dir='ltr'><strong>Ser-</strong></span> 
     </span>
    </p>
   </div>
   <div class='ocr_carea' id='block_1_52' title="bbox 2313 2132 3865 2206">
    <p class='ocr_par' dir='ltr' id='par_1_52' title="bbox 2313 2132 3865 2206">
     <span class='ocr_line' id='line_1_52' title="bbox 2313 2132 3865 2206; baseline -0.005 -16"><span class='ocrx_word' id='word_1_412' title='bbox 2313 2146 2508 2206; x_wconf 86' lang='lat' dir='ltr'><strong>pentes,</strong></span> <span class='ocrx_word' id='word_1_413' title='bbox 2538 2136 2872 2205; x_wconf 88' lang='lat' dir='ltr'><strong>generamina</strong></span> <span class='ocrx_word' id='word_1_414' title='bbox 2903 2136 3219 2205; x_wconf 83' lang='lat' dir='ltr'><strong>viperarum,</strong></span> <span class='ocrx_word' id='word_1_415' title='bbox 3250 2133 3506 2203; x_wconf 88' lang='lat' dir='ltr'><strong>quomodo</strong></span> <span class='ocrx_word' id='word_1_416' title='bbox 3535 2132 3728 2204; x_wconf 75' lang='lat' dir='ltr'><strong>fugietis</strong></span> <span class='ocrx_word' id='word_1_417' title='bbox 3746 2132 3865 2204; x_wconf 85' lang='lat' dir='ltr'><strong>judi-</strong></span> 
     </span>
    </p>
   </div>
   <div class='ocr_carea' id='block_1_53' title="bbox 2312 2221 3864 2299">
    <p class='ocr_par' dir='ltr' id='par_1_53' title="bbox 2312 2221 3864 2299">
     <span class='ocr_line' id='line_1_53' title="bbox 2312 2221 3864 2299; baseline -0.004 -16"><span class='ocrx_word' id='word_1_418' title='bbox 2312 2231 2447 2285; x_wconf 85' lang='lat' dir='ltr'><strong>cium</strong></span> <span class='ocrx_word' id='word_1_419' title='bbox 2476 2227 2722 2299; x_wconf 76' lang='lat' dir='ltr'><strong>gehennw</strong></span> <span class='ocrx_word' id='word_1_420' title='bbox 2751 2227 2979 2297; x_wconf 77' lang='lat' dir='ltr'><strong>(Ibid.)?</strong></span> <span class='ocrx_word' id='word_1_421' title='bbox 3020 2226 3136 2281; x_wconf 87' lang='lat' dir='ltr'><strong>Non</strong></span> <span class='ocrx_word' id='word_1_422' title='bbox 3184 2227 3303 2279; x_wconf 90' lang='lat' dir='ltr'><strong>sine</strong></span> <span class='ocrx_word' id='word_1_423' title='bbox 3350 2225 3519 2281; x_wconf 90' lang='lat' dir='ltr'><strong>dubio</strong></span> <span class='ocrx_word' id='word_1_424' title='bbox 3559 2223 3719 2297; x_wconf 75' lang='lat' dir='ltr'><strong>fugies</strong></span> <span class='ocrx_word' id='word_1_425' title='bbox 3749 2221 3864 2291; x_wconf 83' lang='lat' dir='ltr'><strong>judi-</strong></span> 
     </span>
    </p>
   </div>
   <div class='ocr_carea' id='block_1_54' title="bbox 2312 2316 3864 2390">
    <p class='ocr_par' dir='ltr' id='par_1_54' title="bbox 2312 2316 3864 2390">
     <span class='ocr_line' id='line_1_54' title="bbox 2312 2316 3864 2390; baseline -0.003 -13"><span class='ocrx_word' id='word_1_426' title='bbox 2312 2323 2454 2377; x_wconf 91' lang='lat' dir='ltr'><strong>cium</strong></span> <span class='ocrx_word' id='word_1_427' title='bbox 2494 2318 2790 2390; x_wconf 76' lang='lat' dir='ltr'><strong>gehennae,</strong></span> <span class='ocrx_word' id='word_1_428' title='bbox 2832 2321 2930 2376; x_wconf 87' lang='lat' dir='ltr'><strong>sed</strong></span> <span class='ocrx_word' id='word_1_429' title='bbox 2979 2321 3090 2376; x_wconf 86' lang='lat' dir='ltr'><strong>eris</strong></span> <span class='ocrx_word' id='word_1_430' title='bbox 3136 2334 3356 2389; x_wconf 87' lang='lat' dir='ltr'><strong>semper</strong></span> <span class='ocrx_word' id='word_1_431' title='bbox 3399 2319 3511 2374; x_wconf 89' lang='lat' dir='ltr'><strong>illic</strong></span> <span class='ocrx_word' id='word_1_432' title='bbox 3550 2316 3731 2371; x_wconf 88' lang='lat' dir='ltr'><strong>ardens</strong></span> <span class='ocrx_word' id='word_1_433' title='bbox 3768 2331 3864 2373; x_wconf 81' lang='lat' dir='ltr'><strong>cunt</strong></span> 
     </span>
    </p>
   </div>
   <div class='ocr_carea' id='block_1_55' title="bbox 2312 2356 4019 2485">
    <p class='ocr_par' dir='ltr' id='par_1_55' title="bbox 2312 2356 4019 2485">
     <span class='ocr_line' id='line_1_55' title="bbox 2312 2356 4019 2447; baseline -0.003 -70"><span class='ocrx_word' id='word_1_434' title='bbox 2312 2356 2454 2377; x_wconf 73' lang='lat' dir='ltr'><strong>uqu</strong></span> <span class='ocrx_word' id='word_1_435' title='bbox 2494 2356 2790 2390; x_wconf 65' lang='grc' dir='ltr'>διηυιιιιυυ.</span> <span class='ocrx_word' id='word_1_436' title='bbox 2832 2356 2930 2376; x_wconf 66' lang='grc' dir='ltr'><strong>ουν</strong></span> <span class='ocrx_word' id='word_1_437' title='bbox 2979 2356 3090 2376; x_wconf 58' lang='lat' dir='ltr'><strong>om</strong></span> <span class='ocrx_word' id='word_1_438' title='bbox 3136 2356 3345 2389; x_wconf 63' lang='grc' dir='ltr'><strong>ενι-,μω</strong></span> <span class='ocrx_word' id='word_1_439' title='bbox 3399 2356 3511 2374; x_wconf 70' lang='grc' dir='ltr'><strong>...ιν</strong></span> <span class='ocrx_word' id='word_1_440' title='bbox 3550 2356 3731 2371; x_wconf 60' lang='grc' dir='ltr'><strong>...υνυς</strong></span> <span class='ocrx_word' id='word_1_441' title='bbox 3769 2356 3864 2373; x_wconf 69' lang='grc' dir='ltr'><strong>νυ...</strong></span> <span class='ocrx_word' id='word_1_442' title='bbox 4018 2356 4019 2447; x_wconf 33' lang='grc' dir='ltr'><strong>ι</strong></span> 
     </span>
     <span class='ocr_line' id='line_1_56' title="bbox 2312 2411 4019 2485; baseline -0.002 -16"><span class='ocrx_word' id='word_1_443' title='bbox 2312 2414 2766 2485; x_wconf 87' lang='lat' dir='ltr'><strong>conserpentibus</strong></span> <span class='ocrx_word' id='word_1_444' title='bbox 2800 2414 2927 2479; x_wconf 87' lang='lat' dir='ltr'><strong>tuis,</strong></span> <span class='ocrx_word' id='word_1_445' title='bbox 2962 2413 3067 2468; x_wconf 89' lang='lat' dir='ltr'><strong>nisi</strong></span> <span class='ocrx_word' id='word_1_446' title='bbox 3094 2414 3189 2468; x_wconf 88' lang='lat' dir='ltr'><strong>tibi</strong></span> <span class='ocrx_word' id='word_1_447' title='bbox 3221 2415 3592 2483; x_wconf 77' lang='lat' dir='ltr'><strong>prospexeris.</strong></span> <span class='ocrx_word' id='word_1_448' title='bbox 3624 2411 3771 2473; x_wconf 80' lang='lat' dir='ltr'><strong>Tunc,</strong></span> <span class='ocrx_word' id='word_1_449' title='bbox 3797 2411 3863 2465; x_wconf 78' lang='grc' dir='ltr'>ιιι·</span> <span class='ocrx_word' id='word_1_450' title='bbox 4018 2470 4019 2473; x_wconf 30' lang='grc' dir='ltr'><strong>η</strong></span> 
     </span>
    </p>
   </div>
   <div class='ocr_carea' id='block_1_56' title="bbox 2314 2506 3865 2579">
    <p class='ocr_par' dir='ltr' id='par_1_56' title="bbox 2314 2506 3865 2579">
     <span class='ocr_line' id='line_1_57' title="bbox 2314 2506 3865 2579; baseline -0.005 -18"><span class='ocrx_word' id='word_1_451' title='bbox 2314 2508 2448 2579; x_wconf 88' lang='lat' dir='ltr'><strong>quit,</strong></span> <span class='ocrx_word' id='word_1_452' title='bbox 2483 2508 2691 2562; x_wconf 86' lang='lat' dir='ltr'><strong>tradent</strong></span> <span class='ocrx_word' id='word_1_453' title='bbox 2726 2523 2811 2561; x_wconf 92' lang='lat' dir='ltr'><strong>vos</strong></span> <span class='ocrx_word' id='word_1_454' title='bbox 2844 2508 2896 2562; x_wconf 91' lang='lat' dir='ltr'><strong>in</strong></span> <span class='ocrx_word' id='word_1_455' title='bbox 2932 2506 3339 2570; x_wconf 83' lang='lat' dir='ltr'><strong>tribulationem,</strong></span> <span class='ocrx_word' id='word_1_456' title='bbox 3364 2518 3417 2561; x_wconf 87' lang='lat' dir='ltr'><strong>et</strong></span> <span class='ocrx_word' id='word_1_457' title='bbox 3449 2506 3671 2563; x_wconf 86' lang='lat' dir='ltr'><strong>occident</strong></span> <span class='ocrx_word' id='word_1_458' title='bbox 3707 2511 3865 2558; x_wconf 80' lang='lat' dir='ltr'><strong>vos:et</strong></span> 
     </span>
    </p>
   </div>
   <div class='ocr_carea' id='block_1_57' title="bbox 2314 2592 3867 2671">
    <p class='ocr_par' dir='ltr' id='par_1_57' title="bbox 2314 2592 3867 2671">
     <span class='ocr_line' id='line_1_58' title="bbox 2314 2592 3867 2671; baseline -0.006 -15"><span class='ocrx_word' id='word_1_459' title='bbox 2314 2603 2460 2656; x_wconf 84' lang='lat' dir='ltr'><strong>eritis</strong></span> <span class='ocrx_word' id='word_1_460' title='bbox 2492 2602 2612 2655; x_wconf 88' lang='lat' dir='ltr'><strong>odio</strong></span> <span class='ocrx_word' id='word_1_461' title='bbox 2642 2602 2878 2655; x_wconf 79' lang='lat' dir='ltr'><strong>omnibus</strong></span> <span class='ocrx_word' id='word_1_462' title='bbox 2914 2600 3149 2671; x_wconf 86' lang='lat' dir='ltr'><strong>gentibus</strong></span> <span class='ocrx_word' id='word_1_463' title='bbox 3178 2612 3395 2671; x_wconf 84' lang='lat' dir='ltr'><strong>prapter</strong></span> <span class='ocrx_word' id='word_1_464' title='bbox 3425 2617 3604 2656; x_wconf 86' lang='lat' dir='ltr'><strong>nomen</strong></span> <span class='ocrx_word' id='word_1_465' title='bbox 3630 2614 3793 2651; x_wconf 86' lang='lat' dir='ltr'><strong>meum.</strong></span> <span class='ocrx_word' id='word_1_466' title='bbox 3820 2592 3867 2648; x_wconf 80' lang='lat' dir='ltr'><strong>Et</strong></span> 
     </span>
    </p>
   </div>
   <div class='ocr_carea' id='block_1_58' title="bbox 2315 2694 3869 2756">
    <p class='ocr_par' dir='ltr' id='par_1_58' title="bbox 2315 2694 3869 2756">
     <span class='ocr_line' id='line_1_59' title="bbox 2315 2694 3869 2756; baseline -0.002 -6"><span class='ocrx_word' id='word_1_467' title='bbox 2315 2709 2437 2751; x_wconf 86' lang='lat' dir='ltr'><strong>tunc</strong></span> <span class='ocrx_word' id='word_1_468' title='bbox 2479 2694 2975 2749; x_wconf 76' lang='lat' dir='ltr'><strong>scandalizabnntur</strong></span> <span class='ocrx_word' id='word_1_469' title='bbox 3022 2695 3212 2747; x_wconf 88' lang='lat' dir='ltr'><strong>multi:</strong></span> <span class='ocrx_word' id='word_1_470' title='bbox 3246 2705 3290 2747; x_wconf 91' lang='lat' dir='ltr'><strong>et</strong></span> <span class='ocrx_word' id='word_1_471' title='bbox 3332 2694 3555 2756; x_wconf 82' lang='lat' dir='ltr'><strong>invicem</strong></span> <span class='ocrx_word' id='word_1_472' title='bbox 3602 2695 3799 2753; x_wconf 85' lang='lat' dir='ltr'><strong>tradent,</strong></span> <span class='ocrx_word' id='word_1_473' title='bbox 3835 2694 3869 2747; x_wconf 69' lang='lat' dir='ltr'><strong>ti</strong></span> 
     </span>
    </p>
   </div>
   <div class='ocr_carea' id='block_1_59' title="bbox 2316 2787 3870 2855">
    <p class='ocr_par' dir='ltr' id='par_1_59' title="bbox 2316 2787 3870 2855">
     <span class='ocr_line' id='line_1_60' title="bbox 2316 2787 3870 2855; baseline -0.009 -10"><span class='ocrx_word' id='word_1_474' title='bbox 2316 2792 2434 2845; x_wconf 88' lang='lat' dir='ltr'><strong>odio</strong></span> <span class='ocrx_word' id='word_1_475' title='bbox 2458 2788 2714 2843; x_wconf 75' lang='lat' dir='ltr'><strong>habebunt</strong></span> <span class='ocrx_word' id='word_1_476' title='bbox 2738 2788 2993 2842; x_wconf 88' lang='lat' dir='ltr'><strong>invicem:</strong></span> <span class='ocrx_word' id='word_1_477' title='bbox 3016 2796 3061 2839; x_wconf 90' lang='lat' dir='ltr'><strong>et</strong></span> <span class='ocrx_word' id='word_1_478' title='bbox 3088 2787 3237 2839; x_wconf 87' lang='lat' dir='ltr'><strong>multi</strong></span> <span class='ocrx_word' id='word_1_479' title='bbox 3257 2803 3379 2854; x_wconf 86' lang='lat' dir='ltr'><strong>pseu</strong></span> <span class='ocrx_word' id='word_1_480' title='bbox 3391 2787 3712 2855; x_wconf 74' lang='lat' dir='ltr'><strong>doprcipltette</strong></span> <span class='ocrx_word' id='word_1_481' title='bbox 3729 2795 3870 2837; x_wconf 71' lang='lat' dir='ltr'><strong>exsut-</strong></span> 
     </span>
    </p>
   </div>
   <div class='ocr_carea' id='block_1_60' title="bbox 2315 2873 3869 2953">
    <p class='ocr_par' dir='ltr' id='par_1_60' title="bbox 2315 2873 3869 2953">
     <span class='ocr_line' id='line_1_61' title="bbox 2315 2873 3869 2953; baseline -0.008 -16"><span class='ocrx_word' id='word_1_482' title='bbox 2315 2892 2435 2953; x_wconf 84' lang='lat' dir='ltr'><strong>gent</strong></span> <span class='ocrx_word' id='word_1_483' title='bbox 2471 2880 2515 2947; x_wconf 72' lang='lat' dir='ltr'><strong>i,</strong></span> <span class='ocrx_word' id='word_1_484' title='bbox 2547 2890 2592 2933; x_wconf 89' lang='lat' dir='ltr'><strong>et</strong></span> <span class='ocrx_word' id='word_1_485' title='bbox 2624 2880 2865 2935; x_wconf 86' lang='lat' dir='ltr'><strong>sedncent</strong></span> <span class='ocrx_word' id='word_1_486' title='bbox 2892 2878 3085 2932; x_wconf 83' lang='lat' dir='ltr'><strong>multos</strong></span> <span class='ocrx_word' id='word_1_487' title='bbox 3113 2895 3130 2931; x_wconf 82' lang='lat'><strong>.&#39;</strong></span> <span class='ocrx_word' id='word_1_488' title='bbox 3164 2888 3209 2931; x_wconf 80' lang='lat' dir='ltr'><strong>et</strong></span> <span class='ocrx_word' id='word_1_489' title='bbox 3237 2880 3491 2947; x_wconf 85' lang='lat' dir='ltr'><strong>quoniam</strong></span> <span class='ocrx_word' id='word_1_490' title='bbox 3516 2876 3771 2933; x_wconf 82' lang='lat' dir='ltr'><strong>abundabit</strong></span> <span class='ocrx_word' id='word_1_491' title='bbox 3796 2873 3869 2925; x_wconf 88' lang='lat' dir='ltr'><strong>iui-</strong></span> 
     </span>
    </p>
   </div>
   <div class='ocr_carea' id='block_1_61' title="bbox 2316 2963 3868 3043">
    <p class='ocr_par' dir='ltr' id='par_1_61' title="bbox 2316 2963 3868 3043">
     <span class='ocr_line' id='line_1_62' title="bbox 2316 2963 3868 3043; baseline -0.007 -15"><span class='ocrx_word' id='word_1_492' title='bbox 2316 2975 2510 3043; x_wconf 81' lang='lat' dir='ltr'><strong>quitas,</strong></span> <span class='ocrx_word' id='word_1_493' title='bbox 2536 2974 2868 3043; x_wconf 76' lang='lat' dir='ltr'><strong>perfrigescet</strong></span> <span class='ocrx_word' id='word_1_494' title='bbox 2896 2969 3121 3027; x_wconf 80' lang='lat' dir='ltr'><strong>charitas</strong></span> <span class='ocrx_word' id='word_1_495' title='bbox 3146 2970 3435 3027; x_wconf 82' lang='lat' dir='ltr'><strong>multorum</strong></span> <span class='ocrx_word' id='word_1_496' title='bbox 3467 2969 3626 3041; x_wconf 89' lang='lat' dir='ltr'><strong>(Ibid.</strong></span> <span class='ocrx_word' id='word_1_497' title='bbox 3660 2982 3785 3030; x_wconf 74' lang='lat' dir='ltr'><strong>sxw,</strong></span> <span class='ocrx_word' id='word_1_498' title='bbox 3811 2963 3868 3032; x_wconf 81' lang='lat'><strong>9).</strong></span> 
     </span>
    </p>
   </div>
   <div class='ocr_carea' id='block_1_62' title="bbox 611 3049 3870 3132">
    <p class='ocr_par' dir='ltr' id='par_1_62' title="bbox 611 3049 3870 3132">
     <span class='ocr_line' id='line_1_63' title="bbox 611 3049 3870 3132; baseline 0.002 -24"><span class='ocrx_word' id='word_1_499' title='bbox 611 3059 808 3123; x_wconf 77' lang='lat' dir='ltr'><strong>stipem</strong></span> <span class='ocrx_word' id='word_1_500' title='bbox 850 3073 954 3109; x_wconf 78' lang='lat' dir='ltr'><strong>non</strong></span> <span class='ocrx_word' id='word_1_501' title='bbox 988 3056 1165 3111; x_wconf 77' lang='lat' dir='ltr'><strong>solum</strong></span> <span class='ocrx_word' id='word_1_502' title='bbox 1196 3068 1440 3127; x_wconf 80' lang='lat' dir='ltr'><strong>rogatus,</strong></span> <span class='ocrx_word' id='word_1_503' title='bbox 1480 3061 1576 3114; x_wconf 89' lang='lat' dir='ltr'><strong>sed</strong></span> <span class='ocrx_word' id='word_1_504' title='bbox 1614 3071 1667 3114; x_wconf 89' lang='lat' dir='ltr'><strong>et</strong></span> <span class='ocrx_word' id='word_1_505' title='bbox 1703 3061 1950 3117; x_wconf 88' lang='lat' dir='ltr'><strong>tribuens</strong></span> <span class='ocrx_word' id='word_1_506' title='bbox 1974 3062 2051 3117; x_wconf 85' lang='lat' dir='ltr'><strong>sis</strong></span> <span class='ocrx_word' id='word_1_507' title='bbox 2079 3079 2216 3120; x_wconf 89' lang='lat' dir='ltr'><strong>non-</strong></span> <span class='ocrx_word' id='word_1_508' title='bbox 2243 3049 2288 3111; x_wconf 83' lang='lat' dir='ltr'>C</span> <span class='ocrx_word' id='word_1_509' title='bbox 2319 3066 2373 3120; x_wconf 88' lang='lat' dir='ltr'><strong>Si</strong></span> <span class='ocrx_word' id='word_1_510' title='bbox 2419 3079 2525 3119; x_wconf 90' lang='lat' dir='ltr'><strong>non</strong></span> <span class='ocrx_word' id='word_1_511' title='bbox 2574 3076 2727 3117; x_wconf 88' lang='lat' dir='ltr'><strong>meus</strong></span> <span class='ocrx_word' id='word_1_512' title='bbox 2768 3074 2855 3117; x_wconf 90' lang='lat' dir='ltr'><strong>tua</strong></span> <span class='ocrx_word' id='word_1_513' title='bbox 2888 3061 3157 3130; x_wconf 78' lang='lat' dir='ltr'><strong>sacrilega</strong></span> <span class='ocrx_word' id='word_1_514' title='bbox 3185 3061 3286 3114; x_wconf 92' lang='lat' dir='ltr'><strong>scit</strong></span> <span class='ocrx_word' id='word_1_515' title='bbox 3316 3076 3410 3121; x_wconf 86' lang='lat' dir='ltr'><strong>me</strong></span> <span class='ocrx_word' id='word_1_516' title='bbox 3443 3070 3658 3132; x_wconf 83' lang='lat' dir='ltr'><strong>propter</strong></span> <span class='ocrx_word' id='word_1_517' title='bbox 3690 3059 3870 3113; x_wconf 69' lang='lat' dir='ltr'><strong>unitum</strong></span> 
     </span>
    </p>
   </div>
   <div class='ocr_carea' id='block_1_63' title="bbox 616 3154 2215 3223">
    <p class='ocr_par' dir='ltr' id='par_1_63' title="bbox 616 3154 2215 3223">
     <span class='ocr_line' id='line_1_64' title="bbox 616 3154 2215 3223; baseline 0.006 -23"><span class='ocrx_word' id='word_1_518' title='bbox 616 3162 908 3216; x_wconf 81' lang='lat' dir='ltr'><strong>numquam</strong></span> <span class='ocrx_word' id='word_1_519' title='bbox 964 3162 1200 3216; x_wconf 86' lang='lat' dir='ltr'><strong>sponte,</strong></span> <span class='ocrx_word' id='word_1_520' title='bbox 1254 3159 1475 3215; x_wconf 86' lang='lat' dir='ltr'><strong>tamen,</strong></span> <span class='ocrx_word' id='word_1_521' title='bbox 1526 3161 1585 3205; x_wconf 92' lang='lat' dir='ltr'><strong>ut</strong></span> <span class='ocrx_word' id='word_1_522' title='bbox 1641 3162 1724 3207; x_wconf 89' lang='lat' dir='ltr'><strong>est</strong></span> <span class='ocrx_word' id='word_1_523' title='bbox 1777 3169 1925 3222; x_wconf 70' lang='lat' dir='ltr'><strong>ssi-pe</strong></span> <span class='ocrx_word' id='word_1_524' title='bbox 1973 3154 2215 3223; x_wconf 89' lang='lat' dir='ltr'><strong>dictutn,</strong></span> 
     </span>
    </p>
   </div>
   <div class='ocr_carea' id='block_1_64' title="bbox 612 3238 2223 3315">
    <p class='ocr_par' dir='ltr' id='par_1_64' title="bbox 612 3238 2223 3315">
     <span class='ocr_line' id='line_1_65' title="bbox 612 3238 2223 3315; baseline 0.007 -22"><span class='ocrx_word' id='word_1_525' title='bbox 612 3242 926 3309; x_wconf 84' lang='lat' dir='ltr'><strong>proscribas</strong></span> <span class='ocrx_word' id='word_1_526' title='bbox 956 3238 1299 3297; x_wconf 85' lang='lat' dir='ltr'><strong>Christianos</strong></span> <span class='ocrx_word' id='word_1_527' title='bbox 1330 3258 1390 3297; x_wconf 91' lang='lat' dir='ltr'><strong>se</strong></span> <span class='ocrx_word' id='word_1_528' title='bbox 1423 3244 1771 3308; x_wconf 85' lang='lat' dir='ltr'><strong>conﬁtentes,</strong></span> <span class='ocrx_word' id='word_1_529' title='bbox 1802 3246 2082 3315; x_wconf 79' lang='lat' dir='ltr'><strong>deponas.</strong></span> <span class='ocrx_word' id='word_1_530' title='bbox 2109 3258 2223 3304; x_wconf 89' lang='lat' dir='ltr'><strong>tor-</strong></span> 
     </span>
    </p>
   </div>
   <div class='ocr_carea' id='block_1_65' title="bbox 610 3336 2219 3404">
    <p class='ocr_par' dir='ltr' id='par_1_65' title="bbox 610 3336 2219 3404">
     <span class='ocr_line' id='line_1_66' title="bbox 610 3336 2219 3404; baseline 0.006 -16"><span class='ocrx_word' id='word_1_531' title='bbox 610 3350 799 3404; x_wconf 86' lang='lat' dir='ltr'><strong>queas,</strong></span> <span class='ocrx_word' id='word_1_532' title='bbox 836 3348 1112 3403; x_wconf 68' lang='lat' dir='ltr'><strong>postretnn</strong></span> <span class='ocrx_word' id='word_1_533' title='bbox 1140 3336 1473 3392; x_wconf 71' lang='lat' dir='ltr'><strong>intui-licius:</strong></span> <span class='ocrx_word' id='word_1_534' title='bbox 1510 3347 1561 3392; x_wconf 84' lang='lat' dir='ltr'><strong>et</strong></span> <span class='ocrx_word' id='word_1_535' title='bbox 1591 3338 1798 3393; x_wconf 85' lang='lat' dir='ltr'><strong>idcirco</strong></span> <span class='ocrx_word' id='word_1_536' title='bbox 1836 3356 1959 3395; x_wconf 87' lang='lat' dir='ltr'><strong>esse</strong></span> <span class='ocrx_word' id='word_1_537' title='bbox 2007 3350 2058 3395; x_wconf 85' lang='lat' dir='ltr'><strong>te</strong></span> <span class='ocrx_word' id='word_1_538' title='bbox 2095 3357 2219 3397; x_wconf 88' lang='lat' dir='ltr'><strong>cum</strong></span> 
     </span>
    </p>
   </div>
   <div class='ocr_carea' id='block_1_66' title="bbox 609 3430 2219 3504">
    <p class='ocr_par' dir='ltr' id='par_1_66' title="bbox 609 3430 2219 3504">
     <span class='ocr_line' id='line_1_67' title="bbox 609 3430 2219 3504; baseline 0.004 -22"><span class='ocrx_word' id='word_1_539' title='bbox 609 3431 717 3482; x_wconf 88' lang='lat' dir='ltr'><strong>illis</strong></span> <span class='ocrx_word' id='word_1_540' title='bbox 748 3430 919 3484; x_wconf 84' lang='lat' dir='ltr'><strong>debes</strong></span> <span class='ocrx_word' id='word_1_541' title='bbox 950 3430 1271 3493; x_wconf 85' lang='lat' dir='ltr'><strong>advertere,</strong></span> <span class='ocrx_word' id='word_1_542' title='bbox 1312 3431 1378 3484; x_wconf 89' lang='lat' dir='ltr'><strong>ad</strong></span> <span class='ocrx_word' id='word_1_543' title='bbox 1422 3447 1563 3500; x_wconf 87' lang='lat' dir='ltr'><strong>quos</strong></span> <span class='ocrx_word' id='word_1_544' title='bbox 1606 3432 1821 3487; x_wconf 89' lang='lat' dir='ltr'><strong>dicatur</strong></span> <span class='ocrx_word' id='word_1_545' title='bbox 1864 3452 1876 3488; x_wconf 83' lang='lat'><strong>:</strong></span> <span class='ocrx_word' id='word_1_546' title='bbox 1930 3434 2019 3489; x_wconf 77' lang='lat' dir='ltr'><strong>Va:</strong></span> <span class='ocrx_word' id='word_1_547' title='bbox 2058 3434 2219 3504; x_wconf 83' lang='lat' dir='ltr'><strong>vobis,</strong></span> 
     </span>
    </p>
   </div>
   <div class='ocr_carea' id='block_1_67' title="bbox 618 3519 2219 3589">
    <p class='ocr_par' dir='ltr' id='par_1_67' title="bbox 618 3519 2219 3589">
     <span class='ocr_line' id='line_1_68' title="bbox 618 3519 2219 3589; baseline 0.005 -18"><span class='ocrx_word' id='word_1_548' title='bbox 618 3520 816 3572; x_wconf 74' lang='lat' dir='ltr'><strong>Scriba:</strong></span> <span class='ocrx_word' id='word_1_549' title='bbox 859 3531 905 3573; x_wconf 87' lang='lat' dir='ltr'><strong>et</strong></span> <span class='ocrx_word' id='word_1_550' title='bbox 956 3519 1212 3573; x_wconf 75' lang='lat' dir='ltr'><strong>Pliariscei</strong></span> <span class='ocrx_word' id='word_1_551' title='bbox 1244 3522 1548 3589; x_wconf 56' lang='lat' dir='ltr'><strong>hypocrita,</strong></span> <span class='ocrx_word' id='word_1_552' title='bbox 1582 3523 1703 3589; x_wconf 88' lang='lat' dir='ltr'><strong>quia</strong></span> <span class='ocrx_word' id='word_1_553' title='bbox 1748 3524 1943 3578; x_wconf 87' lang='lat' dir='ltr'><strong>similes</strong></span> <span class='ocrx_word' id='word_1_554' title='bbox 1979 3524 2101 3578; x_wconf 81' lang='lat' dir='ltr'><strong>estis</strong></span> <span class='ocrx_word' id='word_1_555' title='bbox 2141 3540 2219 3580; x_wconf 88' lang='lat' dir='ltr'><strong>se-</strong></span> 
     </span>
    </p>
   </div>
   <div class='ocr_carea' id='block_1_68' title="bbox 617 3608 2219 3682">
    <p class='ocr_par' dir='ltr' id='par_1_68' title="bbox 617 3608 2219 3682">
     <span class='ocr_line' id='line_1_69' title="bbox 617 3608 2219 3682; baseline 0.006 -22"><span class='ocrx_word' id='word_1_556' title='bbox 617 3609 811 3676; x_wconf 85' lang='lat' dir='ltr'><strong>pulcris</strong></span> <span class='ocrx_word' id='word_1_557' title='bbox 852 3608 1137 3675; x_wconf 78' lang='lat' dir='ltr'><strong>dralbatis,</strong></span> <span class='ocrx_word' id='word_1_558' title='bbox 1180 3626 1294 3679; x_wconf 76' lang='lat' dir='ltr'><strong>qua:</strong></span> <span class='ocrx_word' id='word_1_559' title='bbox 1333 3612 1498 3680; x_wconf 75' lang='lat' dir='ltr'><strong>aforis</strong></span> <span class='ocrx_word' id='word_1_560' title='bbox 1539 3624 1721 3680; x_wconf 86' lang='lat' dir='ltr'><strong>parent</strong></span> <span class='ocrx_word' id='word_1_561' title='bbox 1763 3615 2054 3669; x_wconf 79' lang='lat' dir='ltr'><strong>Itominibus</strong></span> <span class='ocrx_word' id='word_1_562' title='bbox 2099 3632 2219 3682; x_wconf 84' lang='lat' dir='ltr'><strong>spe-</strong></span> 
     </span>
    </p>
   </div>
   <div class='ocr_carea' id='block_1_69' title="bbox 618 3700 2223 3773">
    <p class='ocr_par' dir='ltr' id='par_1_69' title="bbox 618 3700 2223 3773">
     <span class='ocr_line' id='line_1_70' title="bbox 618 3700 2223 3773; baseline 0.007 -23"><span class='ocrx_word' id='word_1_563' title='bbox 618 3700 789 3763; x_wconf 86' lang='lat' dir='ltr'><strong>ciosa,</strong></span> <span class='ocrx_word' id='word_1_564' title='bbox 837 3700 976 3752; x_wconf 83' lang='lat' dir='ltr'><strong>intus</strong></span> <span class='ocrx_word' id='word_1_565' title='bbox 1025 3716 1141 3754; x_wconf 83' lang='lat' dir='ltr'><strong>vero</strong></span> <span class='ocrx_word' id='word_1_566' title='bbox 1190 3700 1345 3770; x_wconf 88' lang='lat' dir='ltr'><strong>plena</strong></span> <span class='ocrx_word' id='word_1_567' title='bbox 1386 3712 1508 3755; x_wconf 88' lang='lat' dir='ltr'><strong>sunt</strong></span> <span class='ocrx_word' id='word_1_568' title='bbox 1552 3704 1752 3758; x_wconf 87' lang='lat' dir='ltr'><strong>ossibus</strong></span> <span class='ocrx_word' id='word_1_569' title='bbox 1793 3715 2139 3773; x_wconf 88' lang='lat' dir='ltr'><strong>mortuorum,</strong></span> <span class='ocrx_word' id='word_1_570' title='bbox 2175 3717 2223 3763; x_wconf 87' lang='lat' dir='ltr'><strong>et</strong></span> 
     </span>
    </p>
   </div>
   <div class='ocr_carea' id='block_1_70' title="bbox 616 3790 2224 3869">
    <p class='ocr_par' dir='ltr' id='par_1_70' title="bbox 616 3790 2224 3869">
     <span class='ocr_line' id='line_1_71' title="bbox 616 3790 2224 3869; baseline 0.007 -26"><span class='ocrx_word' id='word_1_571' title='bbox 616 3791 757 3843; x_wconf 88' lang='lat' dir='ltr'><strong>omni</strong></span> <span class='ocrx_word' id='word_1_572' title='bbox 789 3790 1042 3859; x_wconf 87' lang='lat' dir='ltr'><strong>spurcitia</strong></span> <span class='ocrx_word' id='word_1_573' title='bbox 1068 3806 1086 3844; x_wconf 91' lang='lat'><strong><em>:</em></strong></span> <span class='ocrx_word' id='word_1_574' title='bbox 1116 3792 1189 3844; x_wconf 86' lang='lat' dir='ltr'><strong>sic</strong></span> <span class='ocrx_word' id='word_1_575' title='bbox 1217 3802 1265 3845; x_wconf 89' lang='lat' dir='ltr'><strong>et</strong></span> <span class='ocrx_word' id='word_1_576' title='bbox 1297 3810 1382 3847; x_wconf 88' lang='lat' dir='ltr'><strong>vos</strong></span> <span class='ocrx_word' id='word_1_577' title='bbox 1411 3793 1572 3857; x_wconf 72' lang='lat' dir='ltr'><strong>aforis</strong></span> <span class='ocrx_word' id='word_1_578' title='bbox 1599 3798 1804 3865; x_wconf 85' lang='lat' dir='ltr'><strong>quidem</strong></span> <span class='ocrx_word' id='word_1_579' title='bbox 1830 3800 2028 3869; x_wconf 83' lang='lat' dir='ltr'><strong>paretis</strong></span> <span class='ocrx_word' id='word_1_580' title='bbox 2057 3800 2224 3854; x_wconf 83' lang='lat' dir='ltr'><strong>Itami-</strong></span> 
     </span>
    </p>
   </div>
   <div class='ocr_carea' id='block_1_71' title="bbox 615 3882 2223 3961">
    <p class='ocr_par' dir='ltr' id='par_1_71' title="bbox 615 3882 2223 3961">
     <span class='ocr_line' id='line_1_72' title="bbox 615 3882 2223 3961; baseline 0.006 -27"><span class='ocrx_word' id='word_1_581' title='bbox 615 3882 763 3936; x_wconf 90' lang='lat' dir='ltr'><strong>nibus</strong></span> <span class='ocrx_word' id='word_1_582' title='bbox 793 3883 951 3952; x_wconf 85' lang='lat' dir='ltr'><strong>justi,</strong></span> <span class='ocrx_word' id='word_1_583' title='bbox 995 3884 1134 3937; x_wconf 88' lang='lat' dir='ltr'><strong>intus</strong></span> <span class='ocrx_word' id='word_1_584' title='bbox 1171 3899 1291 3938; x_wconf 81' lang='lat' dir='ltr'><strong>vero</strong></span> <span class='ocrx_word' id='word_1_585' title='bbox 1322 3885 1464 3954; x_wconf 87' lang='lat' dir='ltr'><strong>pleni</strong></span> <span class='ocrx_word' id='word_1_586' title='bbox 1492 3887 1616 3940; x_wconf 82' lang='lat' dir='ltr'><strong>estis</strong></span> <span class='ocrx_word' id='word_1_587' title='bbox 1652 3886 1917 3959; x_wconf 84' lang='lat' dir='ltr'><strong>hypocrisi</strong></span> <span class='ocrx_word' id='word_1_588' title='bbox 1951 3900 1998 3945; x_wconf 89' lang='lat' dir='ltr'><strong>et</strong></span> <span class='ocrx_word' id='word_1_589' title='bbox 2034 3891 2223 3961; x_wconf 88' lang='lat' dir='ltr'><strong>iniqui-</strong></span> 
     </span>
    </p>
   </div>
   <div class='ocr_carea' id='block_1_72' title="bbox 617 3971 2225 4050">
    <p class='ocr_par' dir='ltr' id='par_1_72' title="bbox 617 3971 2225 4050">
     <span class='ocr_line' id='line_1_73' title="bbox 617 3971 2225 4050; baseline 0.007 -27"><span class='ocrx_word' id='word_1_590' title='bbox 617 3982 720 4025; x_wconf 85' lang='lat' dir='ltr'><strong>tate</strong></span> <span class='ocrx_word' id='word_1_591' title='bbox 763 3971 928 4043; x_wconf 87' lang='lat' dir='ltr'><strong>(Ibid.</strong></span> <span class='ocrx_word' id='word_1_592' title='bbox 961 3972 1081 4043; x_wconf 71' lang='lat'><strong>27).</strong></span> <span class='ocrx_word' id='word_1_593' title='bbox 1119 3974 1189 4027; x_wconf 87' lang='lat' dir='ltr'><strong>Es</strong></span> <span class='ocrx_word' id='word_1_594' title='bbox 1215 3990 1284 4029; x_wconf 79' lang='lat' dir='ltr'><strong>ex</strong></span> <span class='ocrx_word' id='word_1_595' title='bbox 1320 3975 1426 4029; x_wconf 90' lang='lat' dir='ltr'><strong>illis</strong></span> <span class='ocrx_word' id='word_1_596' title='bbox 1449 3976 1913 4045; x_wconf 81' lang='lat' dir='ltr'><strong>interfectoribus,</strong></span> <span class='ocrx_word' id='word_1_597' title='bbox 1961 3980 2031 4034; x_wconf 89' lang='lat' dir='ltr'><strong>ad</strong></span> <span class='ocrx_word' id='word_1_598' title='bbox 2086 3995 2225 4050; x_wconf 87' lang='lat' dir='ltr'><strong>quos</strong></span> 
     </span>
    </p>
   </div>
   <div class='ocr_carea' id='block_1_73' title="bbox 618 4064 2224 4147">
    <p class='ocr_par' dir='ltr' id='par_1_73' title="bbox 618 4064 2224 4147">
     <span class='ocr_line' id='line_1_74' title="bbox 618 4064 2224 4147; baseline 0.01 -30"><span class='ocrx_word' id='word_1_599' title='bbox 618 4064 815 4118; x_wconf 90' lang='lat' dir='ltr'><strong>dicitur</strong></span> <span class='ocrx_word' id='word_1_600' title='bbox 842 4084 854 4120; x_wconf 89' lang='lat'>:</span> <span class='ocrx_word' id='word_1_601' title='bbox 884 4067 1185 4135; x_wconf 80' lang='lat' dir='ltr'><strong>Serpentes,</strong></span> <span class='ocrx_word' id='word_1_602' title='bbox 1210 4070 1545 4138; x_wconf 83' lang='lat' dir='ltr'><strong>generamina</strong></span> <span class='ocrx_word' id='word_1_603' title='bbox 1564 4068 1589 4106; x_wconf 76' lang='grc' dir='ltr'>ἀ</span> <span class='ocrx_word' id='word_1_604' title='bbox 1617 4073 1935 4144; x_wconf 87' lang='lat' dir='ltr'><strong>viperarum,</strong></span> <span class='ocrx_word' id='word_1_605' title='bbox 1968 4077 2224 4147; x_wconf 85' lang='lat' dir='ltr'><strong>quomodo</strong></span> 
     </span>
    </p>
   </div>
   <div class='ocr_carea' id='block_1_74' title="bbox 695 4238 1179 4312">
    <p class='ocr_par' dir='ltr' id='par_1_74' title="bbox 695 4238 1179 4312">
     <span class='ocr_line' id='line_1_75' title="bbox 695 4238 1179 4312; baseline 0 -15"><span class='ocrx_word' id='word_1_606' title='bbox 695 4253 721 4312; x_wconf 59' lang='grc' dir='ltr'>ἐι</span> <span class='ocrx_word' id='word_1_607' title='bbox 762 4242 868 4297; x_wconf 83' lang='lat' dir='ltr'><strong>Pro</strong></span> <span class='ocrx_word' id='word_1_608' title='bbox 896 4242 1040 4312; x_wconf 89' lang='lat' dir='ltr'><strong>quia.</strong></span> <span class='ocrx_word' id='word_1_609' title='bbox 1074 4238 1179 4297; x_wconf 82' lang='lat' dir='ltr'><strong>Til.</strong></span> 
     </span>
    </p>
   </div>
   <div class='ocr_carea' id='block_1_75' title="bbox 689 4310 1409 4369">
    <p class='ocr_par' dir='ltr' id='par_1_75' title="bbox 689 4310 1409 4369">
     <span class='ocr_line' id='line_1_76' title="bbox 689 4310 1409 4369; baseline 0.003 -2"><span class='ocrx_word' id='word_1_610' title='bbox 689 4310 718 4351; x_wconf 70' lang='grc' dir='ltr'>δ</span> <span class='ocrx_word' id='word_1_611' title='bbox 759 4310 924 4367; x_wconf 76' lang='lat' dir='ltr'><strong>Forte</strong></span> <span class='ocrx_word' id='word_1_612' title='bbox 953 4314 1299 4368; x_wconf 66' lang='lat' dir='ltr'><strong>dantnatteris.</strong></span> <span class='ocrx_word' id='word_1_613' title='bbox 1326 4310 1409 4369; x_wconf 76' lang='lat' dir='ltr'><strong>Id.</strong></span> 
     </span>
    </p>
   </div>
   <div class='ocr_carea' id='block_1_76' title="bbox 695 4382 2223 4467">
    <p class='ocr_par' dir='ltr' id='par_1_76' title="bbox 695 4382 2223 4467">
     <span class='ocr_line' id='line_1_77' title="bbox 695 4382 2223 4467; baseline 0.01 -30"><span class='ocrx_word' id='word_1_614' title='bbox 695 4396 717 4422; x_wconf 75' lang='grc' dir='ltr'><strong><em>ο</em></strong></span> <span class='ocrx_word' id='word_1_615' title='bbox 761 4382 817 4438; x_wconf 88' lang='lat' dir='ltr'><strong>Id</strong></span> <span class='ocrx_word' id='word_1_616' title='bbox 868 4392 983 4450; x_wconf 84' lang='lat' dir='ltr'><strong>est,</strong></span> <span class='ocrx_word' id='word_1_617' title='bbox 1028 4384 1231 4439; x_wconf 75' lang='lat' dir='ltr'><strong>minora</strong></span> <span class='ocrx_word' id='word_1_618' title='bbox 1278 4396 1536 4459; x_wconf 71' lang='lat' dir='ltr'><strong>pracepta</strong></span> <span class='ocrx_word' id='word_1_619' title='bbox 1586 4405 1809 4460; x_wconf 76' lang='lat' dir='ltr'><strong>servare,</strong></span> <span class='ocrx_word' id='word_1_620' title='bbox 1848 4399 2055 4467; x_wconf 80' lang='lat' dir='ltr'><strong>majora</strong></span> <span class='ocrx_word' id='word_1_621' title='bbox 2099 4414 2223 4451; x_wconf 81' lang='lat' dir='ltr'><strong>eon-</strong></span> 
     </span>
    </p>
   </div>
   <div class='ocr_carea' id='block_1_77' title="bbox 628 4466 870 4511">
    <p class='ocr_par' dir='ltr' id='par_1_77' title="bbox 628 4466 870 4511">
     <span class='ocr_line' id='line_1_78' title="bbox 628 4466 870 4511; baseline -0.008 0"><span class='ocrx_word' id='word_1_622' title='bbox 628 4466 848 4511; x_wconf 83' lang='lat' dir='ltr'><strong>temnere</strong></span> <span class='ocrx_word' id='word_1_623' title='bbox 858 4496 870 4509; x_wconf 93' lang='lat'><strong>.</strong></span> 
     </span>
    </p>
   </div>
   <div class='ocr_carea' id='block_1_78' title="bbox 694 4525 2224 4606">
    <p class='ocr_par' dir='ltr' id='par_1_78' title="bbox 694 4525 2224 4606">
     <span class='ocr_line' id='line_1_79' title="bbox 694 4525 2224 4606; baseline 0.009 -27"><span class='ocrx_word' id='word_1_624' title='bbox 694 4526 721 4563; x_wconf 75' lang='grc' dir='ltr'><em>ά</em></span> <span class='ocrx_word' id='word_1_625' title='bbox 764 4525 919 4581; x_wconf 88' lang='lat' dir='ltr'><strong>Vers.</strong></span> <span class='ocrx_word' id='word_1_626' title='bbox 962 4525 1090 4581; x_wconf 85' lang='lat' dir='ltr'><strong>Ant.</strong></span> <span class='ocrx_word' id='word_1_627' title='bbox 1114 4525 1500 4606; x_wconf 65' lang='lat' dir='ltr'><strong>_Pr9gen_i_es_._.._</strong></span> <span class='ocrx_word' id='word_1_628' title='bbox 1521 4547 1639 4606; x_wconf 81' lang='lat' dir='ltr'><strong>ecce</strong></span> <span class='ocrx_word' id='word_1_629' title='bbox 1667 4550 1855 4606; x_wconf 76' lang='lat' dir='ltr'><strong>cgo....</strong></span> <span class='ocrx_word' id='word_1_630' title='bbox 1886 4548 1937 4592; x_wconf 87' lang='lat' dir='ltr'><strong>et</strong></span> <span class='ocrx_word' id='word_1_631' title='bbox 1965 4540 2224 4603; x_wconf 82' lang='lat' dir='ltr'><strong>sapientes</strong></span> 
     </span>
    </p>
   </div>
   <div class='ocr_carea' id='block_1_79' title="bbox 622 4598 2226 4679">
    <p class='ocr_par' dir='ltr' id='par_1_79' title="bbox 622 4598 2226 4679">
     <span class='ocr_line' id='line_1_80' title="bbox 622 4598 2226 4679; baseline 0.007 -29"><span class='ocrx_word' id='word_1_632' title='bbox 622 4598 846 4651; x_wconf 88' lang='lat' dir='ltr'><strong>viros....</strong></span> <span class='ocrx_word' id='word_1_633' title='bbox 885 4606 942 4678; x_wconf 43' lang='lat' dir='ltr'><strong>et.</strong></span> <span class='ocrx_word' id='word_1_634' title='bbox 974 4613 1040 4677; x_wconf 78' lang='lat' dir='ltr'><strong>ea:</strong></span> <span class='ocrx_word' id='word_1_635' title='bbox 1080 4598 1153 4679; x_wconf 68' lang='lat' dir='ltr'><strong>eis</strong></span> <span class='ocrx_word' id='word_1_636' title='bbox 1192 4599 1525 4679; x_wconf 81' lang='lat' dir='ltr'><strong>ﬂagellabitis</strong></span> <span class='ocrx_word' id='word_1_637' title='bbox 1552 4603 1603 4655; x_wconf 88' lang='lat' dir='ltr'><strong>in</strong></span> <span class='ocrx_word' id='word_1_638' title='bbox 1632 4598 1909 4679; x_wconf 72' lang='lat' dir='ltr'><strong>synagogis</strong></span> <span class='ocrx_word' id='word_1_639' title='bbox 1951 4598 2149 4676; x_wconf 77' lang='lat' dir='ltr'><strong>vestris,</strong></span> <span class='ocrx_word' id='word_1_640' title='bbox 2179 4621 2226 4664; x_wconf 91' lang='lat' dir='ltr'><strong>et</strong></span> 
     </span>
    </p>
   </div>
   <div class='ocr_carea' id='block_1_80' title="bbox 624 4667 2220 4749">
    <p class='ocr_par' dir='ltr' id='par_1_80' title="bbox 624 4667 2220 4749">
     <span class='ocr_line' id='line_1_81' title="bbox 624 4667 2220 4749; baseline 0.012 -31"><span class='ocrx_word' id='word_1_641' title='bbox 624 4667 1076 4749; x_wconf 48' lang='lat' dir='ltr'><strong>persequamini...-</strong></span> <span class='ocrx_word' id='word_1_642' title='bbox 1103 4667 1459 4749; x_wconf 40' lang='lat' dir='ltr'><strong>donec&#39;veniat</strong></span> <span class='ocrx_word' id='word_1_643' title='bbox 1487 4689 1643 4740; x_wconf 81' lang='lat' dir='ltr'><strong>super</strong></span> <span class='ocrx_word' id='word_1_644' title='bbox 1657 4667 1852 4749; x_wconf 44' lang='lat'><strong>303:”:</strong></span> <span class='ocrx_word' id='word_1_645' title='bbox 1880 4684 2079 4749; x_wconf 84' lang='lat' dir='ltr'><strong>justus,</strong></span> <span class='ocrx_word' id='word_1_646' title='bbox 2114 4667 2220 4737; x_wconf 72' lang='lat' dir='ltr'><strong>etc.</strong></span> 
     </span>
    </p>
   </div>
   <div class='ocr_carea' id='block_1_81' title="bbox 701 4736 2227 4820">
    <p class='ocr_par' dir='ltr' id='par_1_81' title="bbox 701 4736 2227 4820">
     <span class='ocr_line' id='line_1_82' title="bbox 701 4736 2227 4820; baseline 0.022 -49"><span class='ocrx_word' id='word_1_647' title='bbox 701 4746 724 4771; x_wconf 76' lang='grc' dir='ltr'><em>ρ</em></span> <span class='ocrx_word' id='word_1_648' title='bbox 762 4736 1029 4820; x_wconf 73' lang='lat' dir='ltr'><strong>Judicium</strong></span> <span class='ocrx_word' id='word_1_649' title='bbox 1057 4738 1274 4818; x_wconf 76' lang='lat' dir='ltr'><strong>Lucifer</strong></span> <span class='ocrx_word' id='word_1_650' title='bbox 1294 4740 1460 4805; x_wconf 82' lang='lat' dir='ltr'><strong>infra,</strong></span> <span class='ocrx_word' id='word_1_651' title='bbox 1494 4736 1561 4796; x_wconf 79' lang='lat' dir='ltr'><strong>et</strong></span> <span class='ocrx_word' id='word_1_652' title='bbox 1589 4748 1851 4811; x_wconf 69' lang='lat' dir='ltr'><strong>geaimina</strong></span> <span class='ocrx_word' id='word_1_653' title='bbox 1880 4736 1979 4817; x_wconf 60' lang='lat' dir='ltr'><strong>pro</strong></span> <span class='ocrx_word' id='word_1_654' title='bbox 2006 4736 2227 4820; x_wconf 54' lang='lat' dir='ltr'><strong>genere?</strong></span> 
     </span>
    </p>
   </div>
   <div class='ocr_carea' id='block_1_82' title="bbox 631 4807 1333 4876">
    <p class='ocr_par' dir='ltr' id='par_1_82' title="bbox 631 4807 1333 4876">
     <span class='ocr_line' id='line_1_83' title="bbox 631 4807 1333 4876; baseline 0.004 -17"><span class='ocrx_word' id='word_1_655' title='bbox 631 4807 804 4876; x_wconf 84' lang='lat' dir='ltr'><strong>mina,</strong></span> <span class='ocrx_word' id='word_1_656' title='bbox 826 4816 879 4858; x_wconf 92' lang='lat' dir='ltr'><strong>et</strong></span> <span class='ocrx_word' id='word_1_657' title='bbox 909 4822 1023 4858; x_wconf 89' lang='lat' dir='ltr'><strong>ecce</strong></span> <span class='ocrx_word' id='word_1_658' title='bbox 1049 4823 1142 4876; x_wconf 84' lang='lat' dir='ltr'><strong>ego</strong></span> <span class='ocrx_word' id='word_1_659' title='bbox 1167 4811 1333 4862; x_wconf 88' lang='lat' dir='ltr'><strong>mitto.</strong></span> 
     </span>
    </p>
   </div>
   <div class='ocr_carea' id='block_1_83' title="bbox 706 4875 2229 4959">
    <p class='ocr_par' dir='ltr' id='par_1_83' title="bbox 706 4875 2229 4959">
     <span class='ocr_line' id='line_1_84' title="bbox 706 4875 2229 4959; baseline 0.016 -35"><span class='ocrx_word' id='word_1_660' title='bbox 706 4878 723 4914; x_wconf 74' lang='grc' dir='ltr'><strong>ι</strong></span> <span class='ocrx_word' id='word_1_661' title='bbox 768 4875 932 4957; x_wconf 70' lang='lat' dir='ltr'><strong>Forte</strong></span> <span class='ocrx_word' id='word_1_662' title='bbox 959 4875 1113 4945; x_wconf 80' lang='lat' dir='ltr'><strong>quam</strong></span> <span class='ocrx_word' id='word_1_663' title='bbox 1140 4880 1361 4948; x_wconf 87' lang='lat' dir='ltr'><strong>vipereo.</strong></span> <span class='ocrx_word' id='word_1_664' title='bbox 1392 4880 1645 4938; x_wconf 86' lang='lat' dir='ltr'><strong>Galland.</strong></span> <span class='ocrx_word' id='word_1_665' title='bbox 1674 4890 1773 4942; x_wconf 86' lang='lat' dir='ltr'><strong>sed</strong></span> <span class='ocrx_word' id='word_1_666' title='bbox 1798 4892 2021 4959; x_wconf 69' lang='lat' dir='ltr'><strong>laetius,</strong></span> <span class='ocrx_word' id='word_1_667' title='bbox 2048 4892 2229 4949; x_wconf 68' lang='lat' dir='ltr'><strong>exillo</strong></span> 
     </span>
    </p>
   </div>
   <div class='ocr_carea' id='block_1_84' title="bbox 631 4962 1063 5020">
    <p class='ocr_par' dir='ltr' id='par_1_84' title="bbox 631 4962 1063 5020">
     <span class='ocr_line' id='line_1_85' title="bbox 631 4962 1063 5020; baseline -0.014 -17"><span class='ocrx_word' id='word_1_668' title='bbox 631 4964 815 5020; x_wconf 70' lang='lat' dir='ltr'><strong>genere</strong></span> <span class='ocrx_word' id='word_1_669' title='bbox 840 4962 1063 5020; x_wconf 63' lang='lat' dir='ltr'><strong>vipereo.</strong></span> 
     </span>
    </p>
   </div>
   <div class='ocr_carea' id='block_1_85' title="bbox 707 5016 1621 5079">
    <p class='ocr_par' dir='ltr' id='par_1_85' title="bbox 707 5016 1621 5079">
     <span class='ocr_line' id='line_1_86' title="bbox 707 5016 1621 5079; baseline 0.014 -13"><span class='ocrx_word' id='word_1_670' title='bbox 707 5029 731 5066; x_wconf 80' lang='grc' dir='ltr'>ις</span> <span class='ocrx_word' id='word_1_671' title='bbox 772 5018 908 5073; x_wconf 86' lang='lat' dir='ltr'><strong>Cum</strong></span> <span class='ocrx_word' id='word_1_672' title='bbox 944 5016 1117 5072; x_wconf 83' lang='lat' dir='ltr'><strong>Vntic.</strong></span> <span class='ocrx_word' id='word_1_673' title='bbox 1144 5020 1319 5075; x_wconf 78' lang='lat' dir='ltr'><strong>Antea</strong></span> <span class='ocrx_word' id='word_1_674' title='bbox 1348 5021 1621 5079; x_wconf 78' lang='lat' dir='ltr'><strong>inveneris.</strong></span> 
     </span>
    </p>
   </div>
   <div class='ocr_carea' id='block_1_86' title="bbox 700 5084 2227 5173">
    <p class='ocr_par' dir='ltr' id='par_1_86' title="bbox 700 5084 2227 5173">
     <span class='ocr_line' id='line_1_87' title="bbox 700 5084 2227 5173; baseline 0.014 -33"><span class='ocrx_word' id='word_1_675' title='bbox 700 5084 736 5173; x_wconf 49' lang='lat' dir='ltr'><strong>lt</strong></span> <span class='ocrx_word' id='word_1_676' title='bbox 770 5084 847 5141; x_wconf 80' lang='lat' dir='ltr'><strong>Ea</strong></span> <span class='ocrx_word' id='word_1_677' title='bbox 888 5088 974 5173; x_wconf 81' lang='lat' dir='ltr'><strong>hic</strong></span> <span class='ocrx_word' id='word_1_678' title='bbox 1007 5090 1219 5173; x_wconf 56' lang='lat' dir='ltr'><strong>innuit,</strong></span> <span class='ocrx_word' id='word_1_679' title='bbox 1250 5106 1367 5173; x_wconf 70' lang='lat' dir='ltr'><strong>qua:</strong></span> <span class='ocrx_word' id='word_1_680' title='bbox 1396 5090 1565 5173; x_wconf 79' lang='lat' dir='ltr'><strong>impie</strong></span> <span class='ocrx_word' id='word_1_681' title='bbox 1594 5099 2001 5173; x_wconf 71' lang='lat' dir='ltr'><strong>crudeliterque</strong></span> <span class='ocrx_word' id='word_1_682' title='bbox 2031 5120 2227 5173; x_wconf 78' lang='lat' dir='ltr'><strong>perpe-</strong></span> 
     </span>
    </p>
   </div>
   <div class='ocr_carea' id='block_1_87' title="bbox 636 5120 2230 5239">
    <p class='ocr_par' dir='ltr' id='par_1_87' title="bbox 636 5120 2230 5239">
     <span class='ocr_line' id='line_1_88' title="bbox 705 5120 2227 5173; baseline 0.016 -38"><span class='ocrx_word' id='word_1_683' title='bbox 705 5120 730 5124; x_wconf 90' lang='lat'><strong>—</strong></span> <span class='ocrx_word' id='word_1_684' title='bbox 774 5120 847 5141; x_wconf 68' lang='grc' dir='ltr'><strong>υα</strong></span> <span class='ocrx_word' id='word_1_685' title='bbox 888 5120 974 5141; x_wconf 72' lang='lat' dir='ltr'><strong>nu.</strong></span> <span class='ocrx_word' id='word_1_686' title='bbox 1017 5120 1219 5153; x_wconf 81' lang='grc' dir='ltr'>ιιιιιυιι,</span> <span class='ocrx_word' id='word_1_687' title='bbox 1250 5120 1367 5160; x_wconf 60' lang='lat' dir='ltr'><strong>qua:</strong></span> <span class='ocrx_word' id='word_1_688' title='bbox 1401 5120 1565 5157; x_wconf 80' lang='lat' dir='ltr'><strong>uuth</strong></span> <span class='ocrx_word' id='word_1_689' title='bbox 1594 5120 2001 5173; x_wconf 76' lang='lat' dir='ltr'><strong>crudeliterque</strong></span> <span class='ocrx_word' id='word_1_690' title='bbox 2031 5121 2125 5173; x_wconf 88' lang='lat' dir='ltr'><strong>per</strong></span> <span class='ocrx_word' id='word_1_691' title='bbox 2207 5132 2227 5145; x_wconf 85' lang='grc'><strong>·</strong></span> 
     </span>
     <span class='ocr_line' id='line_1_89' title="bbox 636 5120 2230 5239; baseline 0.012 -26"><span class='ocrx_word' id='word_1_692' title='bbox 636 5169 772 5239; x_wconf 75' lang='lat' dir='ltr'><strong>trata</strong></span> <span class='ocrx_word' id='word_1_693' title='bbox 802 5170 929 5211; x_wconf 86' lang='lat' dir='ltr'><strong>sunt</strong></span> <span class='ocrx_word' id='word_1_694' title='bbox 951 5172 983 5239; x_wconf 78' lang='lat' dir='ltr'><strong>a</strong></span> <span class='ocrx_word' id='word_1_695' title='bbox 1007 5158 1250 5239; x_wconf 76' lang='lat' dir='ltr'><strong>Syriano</strong></span> <span class='ocrx_word' id='word_1_696' title='bbox 1270 5163 1407 5216; x_wconf 88' lang='lat' dir='ltr'><strong>duce</strong></span> <span class='ocrx_word' id='word_1_697' title='bbox 1426 5165 1583 5231; x_wconf 77' lang='lat' dir='ltr'><strong>jussu</strong></span> <span class='ocrx_word' id='word_1_698' title='bbox 1610 5166 1943 5239; x_wconf 61' lang='lat' dir='ltr'><strong>genstantii,</strong></span> <span class='ocrx_word' id='word_1_699' title='bbox 1974 5185 2029 5227; x_wconf 82' lang='lat' dir='ltr'><strong>ut</strong></span> <span class='ocrx_word' id='word_1_700' title='bbox 2055 5120 2230 5231; x_wconf 60' lang='lat' dir='ltr'><strong>Alﬁ-</strong></span> 
     </span>
    </p>
   </div>
   <div class='ocr_carea' id='block_1_88' title="bbox 631 5230 2229 5311">
    <p class='ocr_par' dir='ltr' id='par_1_88' title="bbox 631 5230 2229 5311">
     <span class='ocr_line' id='line_1_90' title="bbox 631 5230 2229 5311; baseline 0.004 -28"><span class='ocrx_word' id='word_1_701' title='bbox 631 5230 785 5311; x_wconf 63' lang='lat' dir='ltr'><strong>nasit)</strong></span> <span class='ocrx_word' id='word_1_702' title='bbox 824 5234 1077 5311; x_wconf 52' lang='lat' dir='ltr'><strong>espulso,</strong></span> <span class='ocrx_word' id='word_1_703' title='bbox 1100 5233 1197 5311; x_wconf 43' lang='lat' dir='ltr'><strong>.vel</strong></span> <span class='ocrx_word' id='word_1_704' title='bbox 1237 5230 1590 5311; x_wconf 82' lang='lat' dir='ltr'><strong>interempto.</strong></span> <span class='ocrx_word' id='word_1_705' title='bbox 1626 5234 1904 5311; x_wconf 63' lang='lat' dir='ltr'><strong>Ccorgius</strong></span> <span class='ocrx_word' id='word_1_706' title='bbox 1928 5230 2229 5311; x_wconf 65' lang='lat' dir='ltr'><strong>Cappadox</strong></span> 
     </span>
    </p>
   </div>
   <div class='ocr_carea' id='block_1_89' title="bbox 632 5299 2229 5385">
    <p class='ocr_par' dir='ltr' id='par_1_89' title="bbox 632 5299 2229 5385">
     <span class='ocr_line' id='line_1_91' title="bbox 632 5299 2229 5385; baseline 0.012 -35"><span class='ocrx_word' id='word_1_707' title='bbox 632 5300 687 5381; x_wconf 75' lang='lat' dir='ltr'><strong>in</strong></span> <span class='ocrx_word' id='word_1_708' title='bbox 718 5299 1830 5385; x_wconf 24' lang='lat' dir='ltr'><strong>ejuslocuuli.intrutlereturanaohl’siili;</strong></span> <span class='ocrx_word' id='word_1_709' title='bbox 1878 5299 2115 5385; x_wconf 57' lang='lat' dir='ltr'><strong>quasque</strong></span> <span class='ocrx_word' id='word_1_710' title='bbox 2161 5299 2229 5372; x_wconf 76' lang='lat' dir='ltr'><strong>ab</strong></span> 
     </span>
    </p>
   </div>
   <div class='ocr_carea' id='block_1_90' title="bbox 634 5330 2231 5442">
    <p class='ocr_par' dir='ltr' id='par_1_90' title="bbox 634 5330 2231 5442">
     <span class='ocr_line' id='line_1_92' title="bbox 634 5330 2229 5385; baseline 0.011 -36"><span class='ocrx_word' id='word_1_711' title='bbox 634 5330 687 5381; x_wconf 49' lang='lat' dir='ltr'><strong>Eu</strong></span> <span class='ocrx_word' id='word_1_712' title='bbox 718 5330 838 5377; x_wconf 57' lang='lat' dir='ltr'><strong>qua</strong></span> <span class='ocrx_word' id='word_1_713' title='bbox 877 5330 1052 5352; x_wconf 66' lang='lat' dir='ltr'><strong>sULqu</strong></span> <span class='ocrx_word' id='word_1_714' title='bbox 1077 5330 1469 5381; x_wconf 42' lang='lat' dir='ltr'><strong>.uiuuucrcuu&#39;</strong></span> <span class='ocrx_word' id='word_1_715' title='bbox 1509 5330 1656 5360; x_wconf 71' lang='lat' dir='ltr'><strong>isth</strong></span> <span class='ocrx_word' id='word_1_716' title='bbox 1695 5330 1830 5377; x_wconf 72' lang='lat'><strong>000;</strong></span> <span class='ocrx_word' id='word_1_717' title='bbox 1916 5330 2115 5385; x_wconf 59' lang='lat' dir='ltr'><strong>neque</strong></span> <span class='ocrx_word' id='word_1_718' title='bbox 2161 5330 2229 5372; x_wconf 82' lang='lat' dir='ltr'><strong>an</strong></span> 
     </span>
     <span class='ocr_line' id='line_1_93' title="bbox 634 5330 2231 5442; baseline 0.013 -20"><span class='ocrx_word' id='word_1_719' title='bbox 634 5386 767 5442; x_wconf 63' lang='lat' dir='ltr'><strong>ipSis</strong></span> <span class='ocrx_word' id='word_1_720' title='bbox 797 5368 1179 5425; x_wconf 80' lang='lat' dir='ltr'><strong>Alexandrinis</strong></span> <span class='ocrx_word' id='word_1_721' title='bbox 1211 5383 1506 5429; x_wconf 84' lang='lat' dir='ltr'><strong>narrantur</strong></span> <span class='ocrx_word' id='word_1_722' title='bbox 1542 5376 1594 5429; x_wconf 81' lang='lat' dir='ltr'><strong>in</strong></span> <span class='ocrx_word' id='word_1_723' title='bbox 1632 5379 1820 5435; x_wconf 87' lang='lat' dir='ltr'><strong>libello</strong></span> <span class='ocrx_word' id='word_1_724' title='bbox 1845 5330 1914 5439; x_wconf 59' lang='lat' dir='ltr'><strong>ad</strong></span> <span class='ocrx_word' id='word_1_725' title='bbox 1961 5385 2231 5442; x_wconf 78' lang='lat' dir='ltr'><strong>Constan-</strong></span> 
     </span>
    </p>
   </div>
   <div class='ocr_carea' id='block_1_91' title="bbox 680 5443 2231 5525">
    <p class='ocr_par' dir='ltr' id='par_1_91' title="bbox 680 5443 2231 5525">
     <span class='ocr_line' id='line_1_94' title="bbox 680 5443 2231 5525; baseline 0.012 -33"><span class='ocrx_word' id='word_1_726' title='bbox 680 5456 766 5494; x_wconf 88' lang='lat' dir='ltr'><strong>um</strong></span> <span class='ocrx_word' id='word_1_727' title='bbox 802 5443 1251 5525; x_wconf 61' lang='lat' dir='ltr'><strong>tn&#39;tssograviter</strong></span> <span class='ocrx_word' id='word_1_728' title='bbox 1300 5443 1687 5525; x_wconf 77' lang='lat' dir='ltr'><strong>de_Sy_r_iano,_</strong></span> <span class='ocrx_word' id='word_1_729' title='bbox 1717 5468 1942 5525; x_wconf 67' lang='lat' dir='ltr'><strong>ejusque</strong></span> <span class='ocrx_word' id='word_1_730' title='bbox 1986 5456 2231 5515; x_wconf 76' lang='lat' dir='ltr'><strong>facinore</strong></span> 
     </span>
    </p>
   </div>
   <div class='ocr_carea' id='block_1_92' title="bbox 635 5515 2232 5590">
    <p class='ocr_par' dir='ltr' id='par_1_92' title="bbox 635 5515 2232 5590">
     <span class='ocr_line' id='line_1_95' title="bbox 635 5515 2232 5590; baseline 0.013 -27"><span class='ocrx_word' id='word_1_731' title='bbox 635 5518 1068 5590; x_wconf 46' lang='lat' dir='ltr'><strong>clinqnerentes;</strong></span> <span class='ocrx_word' id='word_1_732' title='bbox 1103 5528 1223 5590; x_wconf 77' lang='lat' dir='ltr'><strong>nam</strong></span> <span class='ocrx_word' id='word_1_733' title='bbox 1272 5515 1621 5590; x_wconf 84' lang='lat' dir='ltr'><strong>vigilantibus,</strong></span> <span class='ocrx_word' id='word_1_734' title='bbox 1670 5515 1944 5590; x_wconf 65' lang='lat' dir='ltr'><strong>inquiunt,</strong></span> <span class='ocrx_word' id='word_1_735' title='bbox 1987 5528 2131 5581; x_wconf 88' lang='lat' dir='ltr'><strong>nobis</strong></span> <span class='ocrx_word' id='word_1_736' title='bbox 2175 5529 2232 5584; x_wconf 77' lang='lat' dir='ltr'><strong>in</strong></span> 
     </span>
    </p>
   </div>
   <div class='ocr_carea' id='block_1_93' title="bbox 643 5579 2232 5668">
    <p class='ocr_par' dir='ltr' id='par_1_93' title="bbox 643 5579 2232 5668">
     <span class='ocr_line' id='line_1_96' title="bbox 643 5579 2232 5668; baseline 0.014 -39"><span class='ocrx_word' id='word_1_737' title='bbox 643 5579 930 5668; x_wconf 51' lang='lat' dir='ltr'><strong>DoniinicJo,</strong></span> <span class='ocrx_word' id='word_1_738' title='bbox 955 5589 1002 5633; x_wconf 86' lang='lat' dir='ltr'><strong>et</strong></span> <span class='ocrx_word' id='word_1_739' title='bbox 1035 5580 1271 5668; x_wconf 67' lang='lat' dir='ltr'><strong>precibus</strong></span> <span class='ocrx_word' id='word_1_740' title='bbox 1296 5579 1617 5668; x_wconf 54' lang='lat' dir='ltr'><strong>vacantibus,</strong></span> <span class='ocrx_word' id='word_1_741' title='bbox 1649 5607 1705 5645; x_wconf 92' lang='lat' dir='ltr'><strong>eo</strong></span> <span class='ocrx_word' id='word_1_742' title='bbox 1736 5579 1873 5663; x_wconf 73' lang='lat' dir='ltr'><strong>quod</strong></span> <span class='ocrx_word' id='word_1_743' title='bbox 1897 5579 2232 5668; x_wconf 37' lang='lat' dir='ltr'><strong>Quaeris—pa;</strong></span> 
     </span>
    </p>
   </div>
   <div class='ocr_carea' id='block_1_94' title="bbox 627 5648 2223 5738">
    <p class='ocr_par' dir='ltr' id='par_1_94' title="bbox 627 5648 2223 5738">
     <span class='ocr_line' id='line_1_97' title="bbox 627 5648 2223 5738; baseline 0.007 -37"><span class='ocrx_word' id='word_1_744' title='bbox 627 5666 823 5704; x_wconf 86' lang='lat' dir='ltr'><strong>usceves</strong></span> <span class='ocrx_word' id='word_1_745' title='bbox 854 5648 938 5701; x_wconf 90' lang='lat' dir='ltr'><strong>die</strong></span> <span class='ocrx_word' id='word_1_746' title='bbox 976 5648 1283 5709; x_wconf 88' lang='lat' dir='ltr'><strong>celebranda</strong></span> <span class='ocrx_word' id='word_1_747' title='bbox 1330 5667 1458 5708; x_wconf 56' lang='lat' dir='ltr'><strong>essrt</strong></span> <span class='ocrx_word' id='word_1_748' title='bbox 1481 5701 1493 5725; x_wconf 90' lang='lat'><strong>,</strong></span> <span class='ocrx_word' id='word_1_749' title='bbox 1528 5648 1839 5731; x_wconf 43' lang='lat' dir='ltr'><strong>de&#39;repe&#39;nte</strong></span> <span class='ocrx_word' id='word_1_750' title='bbox 1860 5648 1865 5649; x_wconf 14' lang='grc' dir='ltr'>ί</span> 
     </span>
    </p>
   </div>
   <div class='ocr_carea' id='block_1_95' title="bbox 2323 3153 3873 3225">
    <p class='ocr_par' dir='ltr' id='par_1_95' title="bbox 2323 3153 3873 3225">
     <span class='ocr_line' id='line_1_98' title="bbox 2323 3153 3873 3225; baseline -0.006 -14"><span class='ocrx_word' id='word_1_751' title='bbox 2323 3156 2416 3213; x_wconf 88' lang='lat' dir='ltr'><strong>Dei</strong></span> <span class='ocrx_word' id='word_1_752' title='bbox 2448 3155 2641 3210; x_wconf 87' lang='lat' dir='ltr'><strong>Filium</strong></span> <span class='ocrx_word' id='word_1_753' title='bbox 2666 3156 2774 3223; x_wconf 87' lang='lat' dir='ltr'><strong>pati</strong></span> <span class='ocrx_word' id='word_1_754' title='bbox 2804 3154 3238 3223; x_wconf 84' lang='lat' dir='ltr'><strong>persecutionem</strong></span> <span class='ocrx_word' id='word_1_755' title='bbox 3269 3169 3300 3209; x_wconf 89' lang='lat' dir='ltr'><strong>a</strong></span> <span class='ocrx_word' id='word_1_756' title='bbox 3331 3162 3407 3219; x_wconf 91' lang='lat' dir='ltr'><strong>te,</strong></span> <span class='ocrx_word' id='word_1_757' title='bbox 3437 3153 3635 3225; x_wconf 85' lang='lat' dir='ltr'><strong>poteris</strong></span> <span class='ocrx_word' id='word_1_758' title='bbox 3661 3166 3752 3207; x_wconf 90' lang='lat' dir='ltr'><strong>non</strong></span> <span class='ocrx_word' id='word_1_759' title='bbox 3780 3160 3873 3202; x_wconf 80' lang='lat' dir='ltr'><strong>esse</strong></span> 
     </span>
    </p>
   </div>
   <div class='ocr_carea' id='block_1_96' title="bbox 2323 3237 3870 3317">
    <p class='ocr_par' dir='ltr' id='par_1_96' title="bbox 2323 3237 3870 3317">
     <span class='ocr_line' id='line_1_99' title="bbox 2323 3237 3870 3317; baseline -0.008 -12"><span class='ocrx_word' id='word_1_760' title='bbox 2323 3250 2391 3305; x_wconf 87' lang='lat' dir='ltr'><strong>de</strong></span> <span class='ocrx_word' id='word_1_761' title='bbox 2442 3248 2538 3305; x_wconf 90' lang='lat' dir='ltr'><strong>illo</strong></span> <span class='ocrx_word' id='word_1_762' title='bbox 2581 3262 2803 3317; x_wconf 79' lang='lat' dir='ltr'><strong>genere,</strong></span> <span class='ocrx_word' id='word_1_763' title='bbox 2856 3261 2961 3300; x_wconf 91' lang='lat' dir='ltr'><strong>non</strong></span> <span class='ocrx_word' id='word_1_764' title='bbox 3000 3262 3124 3302; x_wconf 90' lang='lat' dir='ltr'><strong>esse</strong></span> <span class='ocrx_word' id='word_1_765' title='bbox 3169 3248 3220 3301; x_wconf 92' lang='lat' dir='ltr'><strong>in</strong></span> <span class='ocrx_word' id='word_1_766' title='bbox 3263 3247 3485 3303; x_wconf 89' lang='lat' dir='ltr'><strong>illorum</strong></span> <span class='ocrx_word' id='word_1_767' title='bbox 3533 3244 3793 3302; x_wconf 85' lang='lat' dir='ltr'><strong>sententia,</strong></span> <span class='ocrx_word' id='word_1_768' title='bbox 3818 3237 3870 3293; x_wconf 86' lang='lat' dir='ltr'><strong>ad</strong></span> 
     </span>
    </p>
   </div>
   <div class='ocr_carea' id='block_1_97' title="bbox 2323 3339 3869 3411">
    <p class='ocr_par' dir='ltr' id='par_1_97' title="bbox 2323 3339 3869 3411">
     <span class='ocr_line' id='line_1_100' title="bbox 2323 3339 3869 3411; baseline -0.006 -15"><span class='ocrx_word' id='word_1_769' title='bbox 2323 3357 2459 3411; x_wconf 91' lang='lat' dir='ltr'><strong>quos</strong></span> <span class='ocrx_word' id='word_1_770' title='bbox 2488 3340 2725 3397; x_wconf 89' lang='lat' dir='ltr'><strong>dicitur:</strong></span> <span class='ocrx_word' id='word_1_771' title='bbox 2758 3339 3057 3405; x_wconf 82' lang='lat' dir='ltr'><strong>Serpentes,</strong></span> <span class='ocrx_word' id='word_1_772' title='bbox 3088 3340 3423 3409; x_wconf 62' lang='lat' dir='ltr'><strong>generantia:</strong></span> <span class='ocrx_word' id='word_1_773' title='bbox 3448 3339 3746 3408; x_wconf 80' lang='lat' dir='ltr'><strong>viperarum,</strong></span> <span class='ocrx_word' id='word_1_774' title='bbox 3767 3347 3869 3405; x_wconf 77' lang='lat' dir='ltr'><strong>gno-</strong></span> 
     </span>
    </p>
   </div>
   <div class='ocr_carea' id='block_1_98' title="bbox 2327 3422 3874 3504">
    <p class='ocr_par' dir='ltr' id='par_1_98' title="bbox 2327 3422 3874 3504">
     <span class='ocr_line' id='line_1_101' title="bbox 2327 3422 3874 3504; baseline -0.003 -18"><span class='ocrx_word' id='word_1_775' title='bbox 2327 3432 2479 3488; x_wconf 89' lang='lat' dir='ltr'><strong>modo</strong></span> <span class='ocrx_word' id='word_1_776' title='bbox 2507 3433 2719 3502; x_wconf 82' lang='lat' dir='ltr'><strong>fugietis</strong></span> <span class='ocrx_word' id='word_1_777' title='bbox 2762 3449 2793 3484; x_wconf 81' lang='grc' dir='ltr'><em>α</em></span> <span class='ocrx_word' id='word_1_778' title='bbox 2820 3432 3026 3504; x_wconf 88' lang='lat' dir='ltr'><strong>judicio</strong></span> <span class='ocrx_word' id='word_1_779' title='bbox 3069 3430 3349 3503; x_wconf 78' lang='lat' dir='ltr'><strong>geltenme?</strong></span> <span class='ocrx_word' id='word_1_780' title='bbox 3378 3430 3409 3484; x_wconf 83' lang='grc'><em>1</em></span> <span class='ocrx_word' id='word_1_781' title='bbox 3419 3431 3515 3487; x_wconf 85' lang='lat' dir='ltr'><strong>deo</strong></span> <span class='ocrx_word' id='word_1_782' title='bbox 3545 3446 3652 3485; x_wconf 86' lang='lat' dir='ltr'><strong>ecce</strong></span> <span class='ocrx_word' id='word_1_783' title='bbox 3676 3429 3799 3483; x_wconf 84' lang='lat' dir='ltr'><strong>mitto</strong></span> <span class='ocrx_word' id='word_1_784' title='bbox 3823 3422 3874 3481; x_wconf 73' lang='lat' dir='ltr'><strong>ad</strong></span> 
     </span>
    </p>
   </div>
   <div class='ocr_carea' id='block_1_99' title="bbox 2326 3514 3878 3595">
    <p class='ocr_par' dir='ltr' id='par_1_99' title="bbox 2326 3514 3878 3595">
     <span class='ocr_line' id='line_1_102' title="bbox 2326 3514 3878 3595; baseline -0.005 -17"><span class='ocrx_word' id='word_1_785' title='bbox 2326 3542 2414 3581; x_wconf 86' lang='lat' dir='ltr'><strong>vos</strong></span> <span class='ocrx_word' id='word_1_786' title='bbox 2447 3527 2745 3595; x_wconf 82' lang='lat' dir='ltr'><strong>pmphetas,</strong></span> <span class='ocrx_word' id='word_1_787' title='bbox 2771 3534 2819 3577; x_wconf 92' lang='lat' dir='ltr'><strong>et</strong></span> <span class='ocrx_word' id='word_1_788' title='bbox 2849 3524 3137 3593; x_wconf 86' lang='lat' dir='ltr'><strong>sapientes,</strong></span> <span class='ocrx_word' id='word_1_789' title='bbox 3165 3532 3212 3576; x_wconf 89' lang='lat' dir='ltr'><strong>et</strong></span> <span class='ocrx_word' id='word_1_790' title='bbox 3235 3522 3462 3588; x_wconf 86' lang='lat' dir='ltr'><strong>scribas,</strong></span> <span class='ocrx_word' id='word_1_791' title='bbox 3492 3534 3541 3580; x_wconf 84' lang='lat' dir='ltr'><strong>et</strong></span> <span class='ocrx_word' id='word_1_792' title='bbox 3571 3538 3629 3576; x_wconf 78' lang='lat' dir='ltr'><strong>ex</strong></span> <span class='ocrx_word' id='word_1_793' title='bbox 3658 3521 3751 3579; x_wconf 80' lang='lat' dir='ltr'><strong>illis</strong></span> <span class='ocrx_word' id='word_1_794' title='bbox 3771 3514 3878 3571; x_wconf 75' lang='lat' dir='ltr'><strong>occi-</strong></span> 
     </span>
    </p>
   </div>
   <div class='ocr_carea' id='block_1_100' title="bbox 2325 3606 3876 3686">
    <p class='ocr_par' dir='ltr' id='par_1_100' title="bbox 2325 3606 3876 3686">
     <span class='ocr_line' id='line_1_103' title="bbox 2325 3606 3876 3686; baseline -0.006 -15"><span class='ocrx_word' id='word_1_795' title='bbox 2325 3619 2477 3681; x_wconf 83' lang='lat' dir='ltr'><strong>detis,</strong></span> <span class='ocrx_word' id='word_1_796' title='bbox 2505 3628 2553 3672; x_wconf 92' lang='lat' dir='ltr'><strong>et</strong></span> <span class='ocrx_word' id='word_1_797' title='bbox 2578 3616 2913 3686; x_wconf 84' lang='lat' dir='ltr'><strong>cruci/igetis,</strong></span> <span class='ocrx_word' id='word_1_798' title='bbox 2941 3624 2989 3669; x_wconf 91' lang='lat' dir='ltr'><strong>et</strong></span> <span class='ocrx_word' id='word_1_799' title='bbox 3012 3614 3375 3685; x_wconf 86' lang='lat' dir='ltr'><strong>persequimini</strong></span> <span class='ocrx_word' id='word_1_800' title='bbox 3402 3615 3469 3669; x_wconf 88' lang='lat' dir='ltr'><strong>de</strong></span> <span class='ocrx_word' id='word_1_801' title='bbox 3494 3615 3687 3669; x_wconf 82' lang='lat' dir='ltr'><strong>civitate</strong></span> <span class='ocrx_word' id='word_1_802' title='bbox 3711 3611 3757 3664; x_wconf 86' lang='lat' dir='ltr'><strong>in</strong></span> <span class='ocrx_word' id='word_1_803' title='bbox 3782 3606 3876 3663; x_wconf 78' lang='lat' dir='ltr'><strong>ciri-</strong></span> 
     </span>
    </p>
   </div>
   <div class='ocr_carea' id='block_1_101' title="bbox 2327 3702 3877 3777">
    <p class='ocr_par' dir='ltr' id='par_1_101' title="bbox 2327 3702 3877 3777">
     <span class='ocr_line' id='line_1_104' title="bbox 2327 3702 3877 3777; baseline -0.006 -15"><span class='ocrx_word' id='word_1_804' title='bbox 2327 3720 2484 3763; x_wconf 86' lang='lat' dir='ltr'><strong>tatem</strong></span> <span class='ocrx_word' id='word_1_805' title='bbox 2514 3707 2683 3777; x_wconf 87' lang='lat' dir='ltr'><strong>(Ibid.</strong></span> <span class='ocrx_word' id='word_1_806' title='bbox 2715 3723 2904 3773; x_wconf 75' lang='lat' dir='ltr'><strong>sunt,</strong></span> <span class='ocrx_word' id='word_1_807' title='bbox 2935 3707 3050 3777; x_wconf 77' lang='lat'><strong>55).</strong></span> <span class='ocrx_word' id='word_1_808' title='bbox 3089 3706 3221 3775; x_wconf 68' lang='lat' dir='ltr'><strong>Quae</strong></span> <span class='ocrx_word' id='word_1_809' title='bbox 3262 3721 3384 3767; x_wconf 88' lang='lat' dir='ltr'><strong>cum</strong></span> <span class='ocrx_word' id='word_1_810' title='bbox 3431 3718 3488 3765; x_wconf 91' lang='lat' dir='ltr'><strong>tu</strong></span> <span class='ocrx_word' id='word_1_811' title='bbox 3528 3707 3602 3762; x_wconf 86' lang='lat' dir='ltr'><strong>sis</strong></span> <span class='ocrx_word' id='word_1_812' title='bbox 3633 3702 3775 3759; x_wconf 88' lang='lat' dir='ltr'><strong>hodie</strong></span> <span class='ocrx_word' id='word_1_813' title='bbox 3806 3713 3877 3773; x_wconf 71' lang='lat' dir='ltr'><strong>ge-</strong></span> 
     </span>
    </p>
   </div>
   <div class='ocr_carea' id='block_1_102' title="bbox 2326 3799 3877 3871">
    <p class='ocr_par' dir='ltr' id='par_1_102' title="bbox 2326 3799 3877 3871">
     <span class='ocr_line' id='line_1_105' title="bbox 2326 3799 3877 3871; baseline -0.005 -16"><span class='ocrx_word' id='word_1_814' title='bbox 2326 3817 2475 3866; x_wconf 84' lang='lat' dir='ltr'><strong>rens,</strong></span> <span class='ocrx_word' id='word_1_815' title='bbox 2518 3816 2717 3871; x_wconf 79' lang='lat' dir='ltr'><strong>negare</strong></span> <span class='ocrx_word' id='word_1_816' title='bbox 2764 3816 2867 3855; x_wconf 92' lang='lat' dir='ltr'><strong>non</strong></span> <span class='ocrx_word' id='word_1_817' title='bbox 2908 3799 3137 3855; x_wconf 88' lang='lat' dir='ltr'><strong>audebis</strong></span> <span class='ocrx_word' id='word_1_818' title='bbox 3166 3806 3220 3854; x_wconf 88' lang='lat' dir='ltr'><strong>te</strong></span> <span class='ocrx_word' id='word_1_819' title='bbox 3248 3799 3318 3855; x_wconf 90' lang='lat' dir='ltr'><strong>de</strong></span> <span class='ocrx_word' id='word_1_820' title='bbox 3350 3801 3540 3870; x_wconf 86' lang='lat' dir='ltr'><strong>vipera</strong></span> <span class='ocrx_word' id='word_1_821' title='bbox 3572 3812 3685 3852; x_wconf 89' lang='lat' dir='ltr'><strong>esse</strong></span> <span class='ocrx_word' id='word_1_822' title='bbox 3723 3804 3877 3865; x_wconf 65' lang='lat' dir='ltr'><strong>proge-</strong></span> 
     </span>
    </p>
   </div>
   <div class='ocr_carea' id='block_1_103' title="bbox 2327 3885 3877 3959">
    <p class='ocr_par' dir='ltr' id='par_1_103' title="bbox 2327 3885 3877 3959">
     <span class='ocr_line' id='line_1_106' title="bbox 2327 3885 3877 3959; baseline -0.006 -12"><span class='ocrx_word' id='word_1_823' title='bbox 2327 3894 2495 3948; x_wconf 90' lang='lat' dir='ltr'><strong>niem.</strong></span> <span class='ocrx_word' id='word_1_824' title='bbox 2556 3891 2887 3947; x_wconf 87' lang='lat' dir='ltr'><strong>Interemisti</strong></span> <span class='ocrx_word' id='word_1_825' title='bbox 2941 3891 3083 3946; x_wconf 90' lang='lat' dir='ltr'><strong>enim</strong></span> <span class='ocrx_word' id='word_1_826' title='bbox 3129 3891 3316 3946; x_wconf 90' lang='lat' dir='ltr'><strong>multis</strong></span> <span class='ocrx_word' id='word_1_827' title='bbox 3363 3892 3420 3945; x_wconf 91' lang='lat' dir='ltr'><strong>in</strong></span> <span class='ocrx_word' id='word_1_828' title='bbox 3473 3891 3607 3947; x_wconf 90' lang='lat' dir='ltr'><strong>locis</strong></span> <span class='ocrx_word' id='word_1_829' title='bbox 3656 3885 3877 3959; x_wconf 76' lang='lat' dir='ltr'><strong>plurimos</strong></span> 
     </span>
    </p>
   </div>
   <div class='ocr_carea' id='block_1_104' title="bbox 2326 3977 3873 4047">
    <p class='ocr_par' dir='ltr' id='par_1_104' title="bbox 2326 3977 3873 4047">
     <span class='ocr_line' id='line_1_107' title="bbox 2326 3977 3873 4047; baseline -0.009 -6"><span class='ocrx_word' id='word_1_830' title='bbox 2326 3982 2783 4047; x_wconf 87' lang='lat' dir='ltr'><strong>Christianorum,</strong></span> <span class='ocrx_word' id='word_1_831' title='bbox 2817 3982 2950 4037; x_wconf 88' lang='lat' dir='ltr'><strong>alios</strong></span> <span class='ocrx_word' id='word_1_832' title='bbox 2987 3982 3203 4037; x_wconf 89' lang='lat' dir='ltr'><strong>detines</strong></span> <span class='ocrx_word' id='word_1_833' title='bbox 3234 3982 3449 4037; x_wconf 90' lang='lat' dir='ltr'><strong>vinctos</strong></span> <span class='ocrx_word' id='word_1_834' title='bbox 3485 3983 3537 4037; x_wconf 91' lang='lat' dir='ltr'><strong>in</strong></span> <span class='ocrx_word' id='word_1_835' title='bbox 3583 3977 3873 4037; x_wconf 75' lang='lat' dir='ltr'><strong>carceribus,</strong></span> 
     </span>
    </p>
   </div>
   <div class='ocr_carea' id='block_1_105' title="bbox 2329 4074 3877 4145">
    <p class='ocr_par' dir='ltr' id='par_1_105' title="bbox 2329 4074 3877 4145">
     <span class='ocr_line' id='line_1_108' title="bbox 2329 4074 3877 4145; baseline -0.008 -16"><span class='ocrx_word' id='word_1_836' title='bbox 2329 4077 2382 4132; x_wconf 89' lang='lat' dir='ltr'><strong>in</strong></span> <span class='ocrx_word' id='word_1_837' title='bbox 2410 4075 2734 4145; x_wconf 77' lang='lat' dir='ltr'><strong>ergastulis;</strong></span> <span class='ocrx_word' id='word_1_838' title='bbox 2781 4074 2948 4128; x_wconf 86' lang='lat' dir='ltr'><strong>etiam</strong></span> <span class='ocrx_word' id='word_1_839' title='bbox 2993 4074 3120 4129; x_wconf 90' lang='lat' dir='ltr'><strong>hinc</strong></span> <span class='ocrx_word' id='word_1_840' title='bbox 3169 4075 3377 4144; x_wconf 88' lang='lat' dir='ltr'><strong>poteris</strong></span> <span class='ocrx_word' id='word_1_841' title='bbox 3426 4075 3610 4131; x_wconf 89' lang='lat' dir='ltr'><strong>videre</strong></span> <span class='ocrx_word' id='word_1_842' title='bbox 3656 4082 3703 4126; x_wconf 88' lang='lat' dir='ltr'><strong>te</strong></span> <span class='ocrx_word' id='word_1_843' title='bbox 3744 4078 3877 4123; x_wconf 85' lang='lat' dir='ltr'><strong>unum</strong></span> 
     </span>
    </p>
   </div>
   <div class='ocr_carea' id='block_1_106' title="bbox 2331 4257 3881 4327">
    <p class='ocr_par' dir='ltr' id='par_1_106' title="bbox 2331 4257 3881 4327">
     <span class='ocr_line' id='line_1_109' title="bbox 2331 4257 3881 4327; baseline -0.002 -17"><span class='ocrx_word' id='word_1_844' title='bbox 2331 4265 2527 4325; x_wconf 81' lang='lat' dir='ltr'><strong>pestam</strong></span> <span class='ocrx_word' id='word_1_845' title='bbox 2582 4264 2873 4311; x_wconf 70' lang='lat' dir='ltr'><strong>noctem...</strong></span> <span class='ocrx_word' id='word_1_846' title='bbox 2930 4258 2982 4309; x_wconf 89' lang='lat' dir='ltr'><strong>in</strong></span> <span class='ocrx_word' id='word_1_847' title='bbox 3038 4257 3165 4327; x_wconf 85' lang='lat' dir='ltr'><strong>ipsis</strong></span> <span class='ocrx_word' id='word_1_848' title='bbox 3220 4258 3607 4313; x_wconf 88' lang='lat' dir='ltr'><strong>recitationibus</strong></span> <span class='ocrx_word' id='word_1_849' title='bbox 3655 4268 3881 4327; x_wconf 70' lang='lat' dir='ltr'><strong>sacrarunt</strong></span> 
     </span>
    </p>
   </div>
   <div class='ocr_carea' id='block_1_107' title="bbox 2248 4323 3882 4399">
    <p class='ocr_par' dir='ltr' id='par_1_107' title="bbox 2248 4323 3882 4399">
     <span class='ocr_line' id='line_1_110' title="bbox 2248 4323 3882 4399; baseline -0.004 -18"><span class='ocrx_word' id='word_1_850' title='bbox 2248 4331 2302 4389; x_wconf 89' lang='lat' dir='ltr'><strong>D</strong></span> <span class='ocrx_word' id='word_1_851' title='bbox 2330 4323 2603 4381; x_wconf 87' lang='lat' dir='ltr'><strong>lectionum</strong></span> <span class='ocrx_word' id='word_1_852' title='bbox 2621 4329 2815 4399; x_wconf 87' lang='lat' dir='ltr'><strong>januas</strong></span> <span class='ocrx_word' id='word_1_853' title='bbox 2843 4323 3088 4398; x_wconf 68' lang='lat' dir='ltr'><strong>fregit....</strong></span> <span class='ocrx_word' id='word_1_854' title='bbox 3124 4329 3294 4382; x_wconf 90' lang='lat' dir='ltr'><strong>statim</strong></span> <span class='ocrx_word' id='word_1_855' title='bbox 3337 4346 3399 4382; x_wconf 83' lang='lat' dir='ltr'><strong>ea:</strong></span> <span class='ocrx_word' id='word_1_856' title='bbox 3438 4331 3581 4382; x_wconf 86' lang='lat' dir='ltr'><strong>illius</strong></span> <span class='ocrx_word' id='word_1_857' title='bbox 3624 4328 3775 4382; x_wconf 89' lang='lat' dir='ltr'><strong>edicto</strong></span> <span class='ocrx_word' id='word_1_858' title='bbox 3810 4323 3882 4399; x_wconf 79' lang='lat' dir='ltr'><strong>alii</strong></span> 
     </span>
    </p>
   </div>
   <div class='ocr_carea' id='block_1_108' title="bbox 2328 4395 3880 4468">
    <p class='ocr_par' dir='ltr' id='par_1_108' title="bbox 2328 4395 3880 4468">
     <span class='ocr_line' id='line_1_111' title="bbox 2328 4395 3880 4468; baseline -0.005 -17"><span class='ocrx_word' id='word_1_859' title='bbox 2328 4400 2544 4468; x_wconf 88' lang='lat' dir='ltr'><strong>sagittas</strong></span> <span class='ocrx_word' id='word_1_860' title='bbox 2570 4395 2863 4451; x_wconf 55' lang='lat' dir='ltr'><strong>mittere...)</strong></span> <span class='ocrx_word' id='word_1_861' title='bbox 2898 4395 3143 4465; x_wconf 78' lang='lat' dir='ltr'><strong>ensesque</strong></span> <span class='ocrx_word' id='word_1_862' title='bbox 3170 4400 3237 4450; x_wconf 89' lang='lat' dir='ltr'><strong>ad</strong></span> <span class='ocrx_word' id='word_1_863' title='bbox 3268 4401 3437 4452; x_wconf 88' lang='lat' dir='ltr'><strong>lucem</strong></span> <span class='ocrx_word' id='word_1_864' title='bbox 3467 4400 3779 4453; x_wconf 84' lang='lat' dir='ltr'><strong>candelnrum</strong></span> <span class='ocrx_word' id='word_1_865' title='bbox 3803 4395 3880 4446; x_wconf 88' lang='lat' dir='ltr'><strong>mi-</strong></span> 
     </span>
    </p>
   </div>
   <div class='ocr_carea' id='block_1_109' title="bbox 2328 4469 3882 4539">
    <p class='ocr_par' dir='ltr' id='par_1_109' title="bbox 2328 4469 3882 4539">
     <span class='ocr_line' id='line_1_112' title="bbox 2328 4469 3882 4539; baseline -0.001 -18"><span class='ocrx_word' id='word_1_866' title='bbox 2328 4485 2467 4535; x_wconf 86' lang='lat' dir='ltr'><strong>care,</strong></span> <span class='ocrx_word' id='word_1_867' title='bbox 2492 4470 2717 4539; x_wconf 81' lang='lat' dir='ltr'><strong>virgines</strong></span> <span class='ocrx_word' id='word_1_868' title='bbox 2748 4471 2921 4521; x_wconf 74' lang='lat' dir='ltr'><strong>multa:</strong></span> <span class='ocrx_word' id='word_1_869' title='bbox 2950 4469 3177 4522; x_wconf 86' lang='lat' dir='ltr'><strong>calcibus</strong></span> <span class='ocrx_word' id='word_1_870' title='bbox 3206 4471 3428 4524; x_wconf 83' lang='lat' dir='ltr'><strong>elidi....</strong></span> <span class='ocrx_word' id='word_1_871' title='bbox 3461 4473 3547 4525; x_wconf 85' lang='lat' dir='ltr'><strong>icti</strong></span> <span class='ocrx_word' id='word_1_872' title='bbox 3574 4470 3761 4539; x_wconf 85' lang='lat' dir='ltr'><strong>sagittis</strong></span> <span class='ocrx_word' id='word_1_873' title='bbox 3788 4481 3882 4539; x_wconf 78' lang='lat' dir='ltr'><strong>per-</strong></span> 
     </span>
    </p>
   </div>
   <div class='ocr_carea' id='block_1_110' title="bbox 2331 4537 3882 4611">
    <p class='ocr_par' dir='ltr' id='par_1_110' title="bbox 2331 4537 3882 4611">
     <span class='ocr_line' id='line_1_113' title="bbox 2331 4537 3882 4611; baseline -0.005 -17"><span class='ocrx_word' id='word_1_874' title='bbox 2331 4543 2456 4611; x_wconf 77' lang='lat' dir='ltr'><strong>fossi</strong></span> <span class='ocrx_word' id='word_1_875' title='bbox 2482 4537 2771 4606; x_wconf 82' lang='lat' dir='ltr'><strong>concidere,</strong></span> <span class='ocrx_word' id='word_1_876' title='bbox 2802 4540 2961 4611; x_wconf 76' lang='lat' dir='ltr'><strong>aliqui</strong></span> <span class='ocrx_word' id='word_1_877' title='bbox 2992 4538 3212 4592; x_wconf 86' lang='lat' dir='ltr'><strong>militum</strong></span> <span class='ocrx_word' id='word_1_878' title='bbox 3251 4539 3318 4611; x_wconf 88' lang='lat' dir='ltr'><strong>ad</strong></span> <span class='ocrx_word' id='word_1_879' title='bbox 3351 4542 3579 4609; x_wconf 76' lang='lat' dir='ltr'><strong>prtedam</strong></span> <span class='ocrx_word' id='word_1_880' title='bbox 3608 4537 3882 4611; x_wconf 61' lang='lat' dir='ltr'><strong>versirirgio</strong></span> 
     </span>
    </p>
   </div>
   <div class='ocr_carea' id='block_1_111' title="bbox 2331 4608 3881 4678">
    <p class='ocr_par' dir='ltr' id='par_1_111' title="bbox 2331 4608 3881 4678">
     <span class='ocr_line' id='line_1_114' title="bbox 2331 4608 3881 4678; baseline -0.004 -15"><span class='ocrx_word' id='word_1_881' title='bbox 2331 4608 2417 4664; x_wconf 82' lang='lat' dir='ltr'><strong>nes</strong></span> <span class='ocrx_word' id='word_1_882' title='bbox 2454 4612 2807 4664; x_wconf 77' lang='lat' dir='ltr'><strong>denudare...</strong></span> <span class='ocrx_word' id='word_1_883' title='bbox 2844 4609 3157 4678; x_wconf 84' lang='lat' dir='ltr'><strong>Episcopus,</strong></span> <span class='ocrx_word' id='word_1_884' title='bbox 3189 4610 3536 4675; x_wconf 80' lang='lat' dir='ltr'><strong>Athanasius,</strong></span> <span class='ocrx_word' id='word_1_885' title='bbox 3572 4627 3656 4678; x_wconf 89' lang='lat' dir='ltr'><strong>per</strong></span> <span class='ocrx_word' id='word_1_886' title='bbox 3692 4608 3740 4661; x_wconf 89' lang='lat' dir='ltr'><strong>id</strong></span> <span class='ocrx_word' id='word_1_887' title='bbox 3777 4618 3881 4660; x_wconf 87' lang='lat' dir='ltr'><strong>tem-</strong></span> 
     </span>
    </p>
   </div>
   <div class='ocr_carea' id='block_1_112' title="bbox 2330 4681 3879 4752">
    <p class='ocr_par' dir='ltr' id='par_1_112' title="bbox 2330 4681 3879 4752">
     <span class='ocr_line' id='line_1_115' title="bbox 2330 4681 3879 4752; baseline -0.004 -19"><span class='ocrx_word' id='word_1_888' title='bbox 2330 4697 2425 4751; x_wconf 89' lang='lat' dir='ltr'><strong>pus</strong></span> <span class='ocrx_word' id='word_1_889' title='bbox 2450 4681 2652 4734; x_wconf 80' lang='lat' dir='ltr'><strong>scdebat</strong></span> <span class='ocrx_word' id='word_1_890' title='bbox 2693 4683 2745 4733; x_wconf 88' lang='lat' dir='ltr'><strong>in</strong></span> <span class='ocrx_word' id='word_1_891' title='bbox 2792 4681 2996 4743; x_wconf 83' lang='lat' dir='ltr'><strong>throno,</strong></span> <span class='ocrx_word' id='word_1_892' title='bbox 3040 4697 3212 4733; x_wconf 78' lang='lat' dir='ltr'><strong>omnes</strong></span> <span class='ocrx_word' id='word_1_893' title='bbox 3252 4682 3320 4733; x_wconf 91' lang='lat' dir='ltr'><strong>ad</strong></span> <span class='ocrx_word' id='word_1_894' title='bbox 3353 4699 3525 4752; x_wconf 85' lang='lat' dir='ltr'><strong>preces</strong></span> <span class='ocrx_word' id='word_1_895' title='bbox 3554 4682 3879 4735; x_wconf 63' lang='lat' dir='ltr'><strong>cohortaris...</strong></span> 
     </span>
    </p>
   </div>
   <div class='ocr_carea' id='block_1_113' title="bbox 2330 4752 3883 4820">
    <p class='ocr_par' dir='ltr' id='par_1_113' title="bbox 2330 4752 3883 4820">
     <span class='ocr_line' id='line_1_116' title="bbox 2330 4752 3883 4820; baseline -0.004 -15"><span class='ocrx_word' id='word_1_896' title='bbox 2330 4768 2447 4805; x_wconf 67' lang='lat' dir='ltr'><strong>cum</strong></span> <span class='ocrx_word' id='word_1_897' title='bbox 2489 4753 2609 4805; x_wconf 84' lang='lat' dir='ltr'><strong>hinc</strong></span> <span class='ocrx_word' id='word_1_898' title='bbox 2642 4752 2787 4805; x_wconf 86' lang='lat' dir='ltr'><strong>illinc</strong></span> <span class='ocrx_word' id='word_1_899' title='bbox 2825 4760 3138 4820; x_wconf 86' lang='lat' dir='ltr'><strong>raptaretur,</strong></span> <span class='ocrx_word' id='word_1_900' title='bbox 3184 4753 3391 4806; x_wconf 85' lang='lat' dir='ltr'><strong>minime</strong></span> <span class='ocrx_word' id='word_1_901' title='bbox 3432 4755 3597 4806; x_wconf 80' lang='lat' dir='ltr'><strong>minus</strong></span> <span class='ocrx_word' id='word_1_902' title='bbox 3634 4753 3883 4820; x_wconf 62' lang='lat' dir='ltr'><strong>discerptus</strong></span> 
     </span>
    </p>
   </div>
   <div class='ocr_carea' id='block_1_114' title="bbox 2333 4816 3883 4896">
    <p class='ocr_par' dir='ltr' id='par_1_114' title="bbox 2333 4816 3883 4896">
     <span class='ocr_line' id='line_1_117' title="bbox 2333 4816 3883 4896; baseline -0.005 -21"><span class='ocrx_word' id='word_1_903' title='bbox 2333 4824 2523 4892; x_wconf 58' lang='lat' dir='ltr'><strong>fuit...</strong></span> <span class='ocrx_word' id='word_1_904' title='bbox 2558 4832 2604 4875; x_wconf 88' lang='lat' dir='ltr'><strong>et</strong></span> <span class='ocrx_word' id='word_1_905' title='bbox 2647 4816 2899 4896; x_wconf 78' lang='lat' dir='ltr'><strong>nescimus</strong></span> <span class='ocrx_word' id='word_1_906' title='bbox 2936 4821 3057 4890; x_wconf 89' lang='lat' dir='ltr'><strong>quid</strong></span> <span class='ocrx_word' id='word_1_907' title='bbox 3095 4824 3157 4875; x_wconf 88' lang='lat' dir='ltr'><strong>de</strong></span> <span class='ocrx_word' id='word_1_908' title='bbox 3190 4823 3281 4876; x_wconf 88' lang='lat' dir='ltr'><strong>illo</strong></span> <span class='ocrx_word' id='word_1_909' title='bbox 3319 4827 3509 4893; x_wconf 80' lang='lat' dir='ltr'><strong>factum</strong></span> <span class='ocrx_word' id='word_1_910' title='bbox 3552 4826 3699 4896; x_wconf 71' lang='lat' dir='ltr'><strong>sit._._..</strong></span> <span class='ocrx_word' id='word_1_911' title='bbox 3732 4816 3883 4896; x_wconf 79' lang='lat' dir='ltr'><strong>deinde</strong></span> 
     </span>
    </p>
   </div>
   <div class='ocr_carea' id='block_1_115' title="bbox 2332 4893 3882 4965">
    <p class='ocr_par' dir='ltr' id='par_1_115' title="bbox 2332 4893 3882 4965">
     <span class='ocr_line' id='line_1_118' title="bbox 2332 4893 3882 4965; baseline -0.006 -20"><span class='ocrx_word' id='word_1_912' title='bbox 2332 4903 2403 4945; x_wconf 91' lang='lat' dir='ltr'><strong>tot</strong></span> <span class='ocrx_word' id='word_1_913' title='bbox 2435 4898 2723 4946; x_wconf 84' lang='lat' dir='ltr'><strong>occisorum</strong></span> <span class='ocrx_word' id='word_1_914' title='bbox 2751 4895 3013 4965; x_wconf 81' lang='lat' dir='ltr'><strong>hominum</strong></span> <span class='ocrx_word' id='word_1_915' title='bbox 3037 4909 3255 4965; x_wconf 86' lang='lat' dir='ltr'><strong>corpora</strong></span> <span class='ocrx_word' id='word_1_916' title='bbox 3276 4898 3545 4965; x_wconf 77' lang='lat' dir='ltr'><strong>jusserunt</strong></span> <span class='ocrx_word' id='word_1_917' title='bbox 3576 4893 3819 4965; x_wconf 64' lang='lat' dir='ltr'><strong>militesita</strong></span> <span class='ocrx_word' id='word_1_918' title='bbox 3840 4893 3882 4938; x_wconf 85' lang='lat' dir='ltr'><strong>in</strong></span> 
     </span>
    </p>
   </div>
   <div class='ocr_carea' id='block_1_116' title="bbox 2332 4961 3883 5040">
    <p class='ocr_par' dir='ltr' id='par_1_116' title="bbox 2332 4961 3883 5040">
     <span class='ocr_line' id='line_1_119' title="bbox 2332 4961 3883 5040; baseline -0.005 -24"><span class='ocrx_word' id='word_1_919' title='bbox 2332 4965 2547 5040; x_wconf 75' lang='lat' dir='ltr'><strong>occultis</strong></span> <span class='ocrx_word' id='word_1_920' title='bbox 2566 4967 2770 5018; x_wconf 85' lang='lat' dir='ltr'><strong>abdere.</strong></span> <span class='ocrx_word' id='word_1_921' title='bbox 2790 4961 3158 5040; x_wconf 57' lang='lat' dir='ltr'><strong>.Sanctissimas</strong></span> <span class='ocrx_word' id='word_1_922' title='bbox 3178 4961 3346 5017; x_wconf 79' lang='lat' dir='ltr'><strong>autem</strong></span> <span class='ocrx_word' id='word_1_923' title='bbox 3368 4966 3584 5040; x_wconf 79' lang='lat' dir='ltr'><strong>virgines</strong></span> <span class='ocrx_word' id='word_1_924' title='bbox 3604 4961 3883 5040; x_wconf 60' lang='lat' dir='ltr'><strong>interfectus,</strong></span> 
     </span>
    </p>
   </div>
   <div class='ocr_carea' id='block_1_117' title="bbox 2331 5030 3882 5107">
    <p class='ocr_par' dir='ltr' id='par_1_117' title="bbox 2331 5030 3882 5107">
     <span class='ocr_line' id='line_1_120' title="bbox 2331 5030 3882 5107; baseline -0.005 -20"><span class='ocrx_word' id='word_1_925' title='bbox 2331 5034 2501 5105; x_wconf 81' lang='lat' dir='ltr'><strong>ibique</strong></span> <span class='ocrx_word' id='word_1_926' title='bbox 2539 5036 2742 5107; x_wconf 77' lang='lat' dir='ltr'><strong>relictas</strong></span> <span class='ocrx_word' id='word_1_927' title='bbox 2763 5035 2839 5107; x_wconf 85' lang='lat' dir='ltr'><strong>_in</strong></span> <span class='ocrx_word' id='word_1_928' title='bbox 2880 5038 3216 5107; x_wconf 70' lang='lat' dir='ltr'><strong>incitamentis</strong></span> <span class='ocrx_word' id='word_1_929' title='bbox 3257 5030 3650 5107; x_wconf 61' lang='lat' dir='ltr'><strong>sepelierunt...</strong></span> <span class='ocrx_word' id='word_1_930' title='bbox 3700 5030 3882 5107; x_wconf 71' lang='lat' dir='ltr'><strong>Diacoai</strong></span> 
     </span>
    </p>
   </div>
   <div class='ocr_carea' id='block_1_118' title="bbox 2335 5097 3879 5180">
    <p class='ocr_par' dir='ltr' id='par_1_118' title="bbox 2335 5097 3879 5180">
     <span class='ocr_line' id='line_1_121' title="bbox 2335 5097 3879 5180; baseline 0.019 -26"><span class='ocrx_word' id='word_1_931' title='bbox 2335 5097 2570 5180; x_wconf 34' lang='lat' dir='ltr'><strong>porro-in</strong></span> <span class='ocrx_word' id='word_1_932' title='bbox 2610 5106 2720 5175; x_wconf 80' lang='lat' dir='ltr'><strong>ipso</strong></span> <span class='ocrx_word' id='word_1_933' title='bbox 2748 5102 3021 5180; x_wconf 63' lang='grc' dir='ltr'><strong>οοηιξηίσο</strong></span> <span class='ocrx_word' id='word_1_934' title='bbox 3064 5105 3156 5159; x_wconf 66' lang='lat' dir='ltr'><strong>am</strong></span> <span class='ocrx_word' id='word_1_935' title='bbox 3181 5097 3349 5180; x_wconf 58' lang='lat' dir='ltr'><strong>Plagis</strong></span> <span class='ocrx_word' id='word_1_936' title='bbox 3379 5105 3783 5180; x_wconf 61' lang='lat' dir='ltr'><strong>concideban‘tfv.</strong></span> <span class='ocrx_word' id='word_1_937' title='bbox 3806 5097 3879 5180; x_wconf 51' lang='grc' dir='ltr'><strong>ΕΜ</strong></span> 
     </span>
    </p>
   </div>
   <div class='ocr_carea' id='block_1_119' title="bbox 2334 5170 3881 5247">
    <p class='ocr_par' dir='ltr' id='par_1_119' title="bbox 2334 5170 3881 5247">
     <span class='ocr_line' id='line_1_122' title="bbox 2334 5170 3881 5247; baseline -0.006 -18"><span class='ocrx_word' id='word_1_938' title='bbox 2334 5170 2552 5247; x_wconf 76' lang='lat' dir='ltr'><strong>vinculis</strong></span> <span class='ocrx_word' id='word_1_939' title='bbox 2595 5170 3420 5246; x_wconf 34' lang='lat' dir='ltr'><strong>constringebantur....‘quisque</strong></span> <span class='ocrx_word' id='word_1_940' title='bbox 3456 5192 3546 5246; x_wconf 87' lang='lat' dir='ltr'><strong>pro</strong></span> <span class='ocrx_word' id='word_1_941' title='bbox 3578 5190 3667 5229; x_wconf 83' lang='lat' dir='ltr'><strong>sua</strong></span> <span class='ocrx_word' id='word_1_942' title='bbox 3704 5170 3881 5247; x_wconf 74' lang='lat' dir='ltr'><strong>libidine</strong></span> 
     </span>
    </p>
   </div>
   <div class='ocr_carea' id='block_1_120' title="bbox 2334 5242 3880 5317">
    <p class='ocr_par' dir='ltr' id='par_1_120' title="bbox 2334 5242 3880 5317">
     <span class='ocr_line' id='line_1_123' title="bbox 2334 5242 3880 5317; baseline 0.001 -18"><span class='ocrx_word' id='word_1_943' title='bbox 2334 5245 2514 5315; x_wconf 79' lang='lat' dir='ltr'><strong>fractis</strong></span> <span class='ocrx_word' id='word_1_944' title='bbox 2552 5248 2695 5300; x_wconf 85' lang='lat' dir='ltr'><strong>ostiis</strong></span> <span class='ocrx_word' id='word_1_945' title='bbox 2735 5242 3165 5317; x_wconf 71' lang='lat' dir='ltr'><strong>introrumpebat,</strong></span> <span class='ocrx_word' id='word_1_946' title='bbox 3202 5242 3617 5317; x_wconf 47' lang='lat' dir='ltr'><strong>scrut&#39;abat&#39;urgue</strong></span> <span class='ocrx_word' id='word_1_947' title='bbox 3644 5242 3880 5317; x_wconf 41' lang='lat' dir='ltr'><strong>amatori“</strong></span> 
     </span>
    </p>
   </div>
   <div class='ocr_carea' id='block_1_121' title="bbox 2334 5312 3880 5389">
    <p class='ocr_par' dir='ltr' id='par_1_121' title="bbox 2334 5312 3880 5389">
     <span class='ocr_line' id='line_1_124' title="bbox 2334 5312 3880 5389; baseline 0.003 -21"><span class='ocrx_word' id='word_1_948' title='bbox 2334 5312 2392 5369; x_wconf 80' lang='lat' dir='ltr'><strong>ea</strong></span> <span class='ocrx_word' id='word_1_949' title='bbox 2419 5317 2529 5369; x_wconf 92' lang='lat' dir='ltr'><strong>loca</strong></span> <span class='ocrx_word' id='word_1_950' title='bbox 2558 5329 2851 5389; x_wconf 77' lang='lat' dir='ltr'><strong>penetrans,</strong></span> <span class='ocrx_word' id='word_1_951' title='bbox 2880 5312 3076 5389; x_wconf 66' lang='lat' dir='ltr'><strong>inquit:</strong></span> <span class='ocrx_word' id='word_1_952' title='bbox 3106 5312 3207 5369; x_wconf 80' lang='lat' dir='ltr'><strong>non</strong></span> <span class='ocrx_word' id='word_1_953' title='bbox 3236 5318 3463 5389; x_wconf 83' lang='lat' dir='ltr'><strong>omnibus</strong></span> <span class='ocrx_word' id='word_1_954' title='bbox 3508 5312 3789 5389; x_wconf 64' lang='lat' dir='ltr'><strong>Citristiattft</strong></span> <span class='ocrx_word' id='word_1_955' title='bbox 3817 5312 3880 5389; x_wconf 71' lang='grc' dir='ltr'><strong>Ῐιξδ</strong></span> 
     </span>
    </p>
   </div>
   <div class='ocr_carea' id='block_1_122' title="bbox 2334 5380 3879 5449">
    <p class='ocr_par' dir='ltr' id='par_1_122' title="bbox 2334 5380 3879 5449">
     <span class='ocr_line' id='line_1_125' title="bbox 2334 5380 3879 5449; baseline -0.006 -11"><span class='ocrx_word' id='word_1_956' title='bbox 2334 5398 2407 5440; x_wconf 79' lang='lat' dir='ltr'><strong>est</strong></span> <span class='ocrx_word' id='word_1_957' title='bbox 2439 5380 2668 5439; x_wconf 82' lang='lat' dir='ltr'><strong>introire.</strong></span> <span class='ocrx_word' id='word_1_958' title='bbox 2712 5380 2845 5441; x_wconf 77' lang='lat' dir='ltr'><strong>Haec</strong></span> <span class='ocrx_word' id='word_1_959' title='bbox 2883 5380 2984 5440; x_wconf 69' lang='lat' dir='ltr'><strong>illi.</strong></span> <span class='ocrx_word' id='word_1_960' title='bbox 3023 5388 3194 5449; x_wconf 83' lang='lat' dir='ltr'><strong>Porro</strong></span> <span class='ocrx_word' id='word_1_961' title='bbox 3232 5388 3492 5442; x_wconf 85' lang='lat' dir='ltr'><strong>discimus</strong></span> <span class='ocrx_word' id='word_1_962' title='bbox 3522 5402 3585 5445; x_wconf 77' lang='lat' dir='ltr'><strong>ex</strong></span> <span class='ocrx_word' id='word_1_963' title='bbox 3620 5384 3713 5438; x_wconf 83' lang='lat' dir='ltr'><strong>hoc</strong></span> <span class='ocrx_word' id='word_1_964' title='bbox 3750 5380 3879 5435; x_wconf 84' lang='lat' dir='ltr'><strong>Luci-</strong></span> 
     </span>
    </p>
   </div>
   <div class='ocr_carea' id='block_1_123' title="bbox 2336 5453 3876 5529">
    <p class='ocr_par' dir='ltr' id='par_1_123' title="bbox 2336 5453 3876 5529">
     <span class='ocr_line' id='line_1_126' title="bbox 2336 5453 3876 5529; baseline -0.005 -20"><span class='ocrx_word' id='word_1_965' title='bbox 2336 5459 2433 5513; x_wconf 82' lang='lat' dir='ltr'><strong>feri</strong></span> <span class='ocrx_word' id='word_1_966' title='bbox 2482 5459 2790 5513; x_wconf 86' lang='lat' dir='ltr'><strong>testimonio</strong></span> <span class='ocrx_word' id='word_1_967' title='bbox 2831 5458 3061 5513; x_wconf 76' lang='lat' dir='ltr'><strong>ﬁiisisse</strong></span> <span class='ocrx_word' id='word_1_968' title='bbox 3098 5458 3355 5529; x_wconf 78' lang='lat' dir='ltr'><strong>Arianos,</strong></span> <span class='ocrx_word' id='word_1_969' title='bbox 3392 5474 3454 5513; x_wconf 82' lang='lat' dir='ltr'><strong>ea</strong></span> <span class='ocrx_word' id='word_1_970' title='bbox 3495 5473 3559 5513; x_wconf 78' lang='lat' dir='ltr'><strong>ex</strong></span> <span class='ocrx_word' id='word_1_971' title='bbox 3602 5453 3876 5515; x_wconf 57' lang='lat' dir='ltr'><strong>Iudaeorum</strong></span> 
     </span>
    </p>
   </div>
   <div class='ocr_carea' id='block_1_124' title="bbox 2334 5529 3717 5604">
    <p class='ocr_par' dir='ltr' id='par_1_124' title="bbox 2334 5529 3717 5604">
     <span class='ocr_line' id='line_1_127' title="bbox 2334 5529 3717 5604; baseline 0.001 -21"><span class='ocrx_word' id='word_1_972' title='bbox 2334 5530 2570 5604; x_wconf 67' lang='lat' dir='ltr'><strong>tumultu</strong></span> <span class='ocrx_word' id='word_1_973' title='bbox 2601 5536 2807 5604; x_wconf 80' lang='lat' dir='ltr'><strong>patrata</strong></span> <span class='ocrx_word' id='word_1_974' title='bbox 2827 5529 3035 5604; x_wconf 61' lang='lat' dir='ltr'><strong>fuisse.</strong></span> <span class='ocrx_word' id='word_1_975' title='bbox 3255 5600 3265 5604; x_wconf 29' lang='grc' dir='ltr'><strong><em>Δ</em></strong></span> <span class='ocrx_word' id='word_1_976' title='bbox 3379 5602 3386 5604; x_wconf 19' lang='grc' dir='ltr'><em>Α</em></span> <span class='ocrx_word' id='word_1_977' title='bbox 3458 5600 3467 5604; x_wconf 90' lang='lat'>_</span> <span class='ocrx_word' id='word_1_978' title='bbox 3665 5596 3683 5604; x_wconf 88' lang='lat'>_</span> <span class='ocrx_word' id='word_1_979' title='bbox 3706 5594 3717 5604; x_wconf 42' lang='lat'><em>.</em></span> 
     </span>
    </p>
   </div>
   <div class='ocr_carea' id='block_1_125' title="bbox 2416 5594 3877 5673">
    <p class='ocr_par' dir='ltr' id='par_1_125' title="bbox 2416 5594 3877 5673">
     <span class='ocr_line' id='line_1_128' title="bbox 2416 5594 3877 5673; baseline -0.007 -17"><span class='ocrx_word' id='word_1_980' title='bbox 2416 5599 2430 5635; x_wconf 79' lang='grc' dir='ltr'><strong>ί</strong></span> <span class='ocrx_word' id='word_1_981' title='bbox 2476 5594 2634 5655; x_wconf 81' lang='lat' dir='ltr'><strong>Vers.</strong></span> <span class='ocrx_word' id='word_1_982' title='bbox 2664 5600 2791 5656; x_wconf 82' lang='lat' dir='ltr'><strong>Aut.</strong></span> <span class='ocrx_word' id='word_1_983' title='bbox 2816 5598 3188 5673; x_wconf 86' lang='lat' dir='ltr'><strong>Insurgent....</strong></span> <span class='ocrx_word' id='word_1_984' title='bbox 3210 5600 3577 5657; x_wconf 84' lang='lat' dir='ltr'><strong>abundavit....</strong></span> <span class='ocrx_word' id='word_1_985' title='bbox 3601 5594 3877 5670; x_wconf 57' lang='lat' dir='ltr'><strong>refrigescet.</strong></span> 
     </span>
    </p>
   </div>
  </div>
