4148 6186
353 211 455 268 917

1413 214 1548 272 PRO
1585 213 1856 280 SANGTO
1893 215 2292 282 ATHANASIO
2332 217 2460 282 UB.
2502 218 2568 280 ll.

3535 221 3643 279 918

353 346 473 386 esse
509 345 574 387 ex
621 331 759 396 illis,
800 331 868 386 ad
910 345 1047 401 quos
1083 330 1321 388 dicitur:
1357 332 1652 400 Serpentes,
1683 333 1942 404 genimina
1969 335 2020 400 Α
2045 334 2190 403 quod
2235 348 2408 394 omnes
2435 337 2525 406 qui
2553 335 2784 410 gladium
2823 337 3101 409 accipiunt,
3134 337 3309 408 gladio
3338 347 3459 394 sunt
3496 338 3640 404 pario.

351 425 645 490 viperarum
685 423 917 495 (Ibid);
950 435 1004 480 et
1046 424 1189 480 infra
1215 442 1229 482 :
1260 424 1395 480 Ecce
1430 439 1524 496 ego
1567 428 1711 480 mitto
1749 427 1818 480 ad
1864 443 1949 482 vos

351 518 652 590 prophetas,
680 525 729 573 et
759 518 1034 590 sapientes,
1063 527 1110 574 et
1137 519 1354 584 scribas,
1377 527 1426 574 et
1463 535 1528 576 ea:
1563 519 1670 574 illis
1707 520 1948 578 occidetis

355 608 524 681 (Ibid.
577 609 672 677 54)
699 627 710 662 :
742 610 871 664 dum
927 627 1036 666 non
1092 627 1188 671 eos
1225 612 1464 682 dignaris
1489 615 1788 681 exsecrari,
1813 630 1951 684 quos

354 701 546 756 videas
574 716 668 772 per
698 702 1068 758 abundantem
1101 704 1440 774 iniquitatem
1475 716 1616 760 tuam
1653 708 1951 762 recessisse

355 794 424 850 ab
448 794 752 865 apostolica
783 793 908 859 fide,
937 795 1078 863 illos,
1105 812 1334 867 quorum
1357 797 1668 869 perlrixerit
1686 798 1950 866 charitas,

354 883 455 944 sed
482 899 577 943 eos
610 899 748 954 quos
785 886 967 940 rideas
994 901 1323 955 permanere
1354 889 1408 942 in
1447 903 1514 944 eo
1543 895 1688 944 statu
1718 888 1865 955 ﬁdei,
1895 889 1948 943 in

356 991 463 1045 quo
494 986 780 1041 tuanentcs
811 978 957 1032 beati
992 978 1296 1047 prophetas,
1327 980 1582 1048 apostoli,
1614 989 1778 1049 atque
1810 995 1950 1038 mar-

357 1077 505 1136 tyres
553 1079 872 1130 meruerunt
917 1078 1154 1124 aeternas
1201 1071 1299 1128 Dei
1345 1073 1606 1142 consequi
1656 1071 1949 1128 amicitias.

354 1157 468 1214 Non
495 1158 639 1214 enim
685 1161 827 1230 apud
874 1161 1261 1218 Alexandriam
1309 1162 1614 1218 Machetam
1647 1171 1673 1200 α
1704 1173 1757 1218 et
1788 1163 1952 1234 Dydi-

353 1267 498 1318 mam
539 1266 607 1306 ex
658 1253 995 1322 presbyteris
1039 1257 1370 1319 exsecraris,
1413 1255 1504 1326 qui
1551 1264 1844 1312 noscantur
1884 1270 1952 1316 ex

352 1340 680 1398 Christianis
710 1343 836 1408 facti
881 1344 1092 1410 Ariani,
1143 1346 1239 1399 sed
1282 1359 1400 1410 eos,
1447 1361 1587 1417 quos
1633 1346 1812 1410 adhuc
1859 1360 1952 1402 co-

351 1436 576 1506 gnoscis
607 1445 754 1491 stare
783 1437 1088 1500 nobiscum.
1116 1439 1222 1494 Aut
1243 1439 1286 1493 si
1316 1453 1421 1498 non
1451 1440 1523 1494 ita
1547 1449 1650 1506 est,
1683 1455 1782 1495 cur
1807 1455 1952 1496 nunc

355 1545 462 1584 non
501 1528 810 1592 exsecraris
840 1528 1123 1600 Dydimam
1161 1540 1217 1586 et
1260 1531 1583 1599 Machetam,
1622 1546 1756 1602 quos
1792 1542 1950 1594 antea

355 1621 770 1680 exsecraharis?
800 1622 902 1676 nisi
935 1623 1059 1692 quia
1096 1629 1223 1678 tunc
1261 1639 1290 1678 a
1327 1636 1377 1678 te
1417 1623 1652 1680 fuissent
1693 1639 1949 1680 exsecra-

2051 427 2155 482 turi
2197 437 2219 464 ο
2249 425 2463 498 (ιδιά).
2505 427 2644 496 Quid
2695 437 3015 495 accepturus
3039 425 3106 480 d?
3145 429 3234 496 qui
3281 428 3384 488 nisi
3427 427 3640 494 veniant

2048 517 2350 580 facinorum
2398 529 2634 585 tuorum,
2679 521 2908 578 Credatis
2954 520 3008 574 in
3051 536 3172 574 cum
3223 534 3387 588 quem
3435 533 3644 589 negans

2053 610 2254 674 fueris,
2299 622 2627 668 consecutus
2678 613 2837 670 toties
2884 613 3146 672 It‘tet‘caris
3190 619 3244 665 et
3282 610 3500 680 quidem
3547 609 3645 666 Dei

2053 703 2257 772 percuti
2286 702 2488 772 gladio,
2514 703 2728 772 quaties
2755 713 2807 758 tu
2837 704 3171 772 percusseris
3197 703 3314 771 ejus
3336 702 3643 758 clementia

2051 799 2276 852 dicatos.
2308 799 2440 864 Quis
2465 808 2488 836 ε
2515 799 2676 853 honto
2709 798 2803 854 Dei
2845 798 3220 858 sacerdotibus
3259 797 3642 866 imponendam

2051 889 2235 946 dixisti
2282 892 2658 944 necessitatem
2693 891 2758 944 ad
2793 891 3074 944 absentem
3107 890 3539 958 percutiendum,
3573 889 3642 943 ad

2053 980 2353 1035 inauditum
2411 980 2774 1050 puniendum,
2829 980 2898 1035 ad
2953 982 3259 1035 innocentis
3315 980 3646 1035 fundendum

2050 1072 2406 1141 sanguinem?
2438 1071 2551 1126 Cur
2583 1072 2800 1126 noluisti
2837 1071 3010 1126 audiri
3049 1071 3403 1127 Athanasium
3447 1086 3642 1126 consa-

2051 1163 2329 1219 cerdotem
2364 1173 2605 1220 nostrum
2635 1178 2664 1217 a
2702 1162 2890 1218 nobis?
2933 1162 3042 1218 Cur
3073 1164 3152 1218 sic
3192 1177 3343 1218 more
3374 1165 3646 1222 latronum

2053 1257 2262 1314 occulte
2310 1271 2408 1316 nos
2450 1256 2702 1326 jugulare
2747 1255 2839 1311 Dei
2882 1255 3154 1310 hominem
3196 1255 3492 1310 volueras?
3543 1257 3648 1313 nisi

2049 1349 2176 1418 quia
2207 1349 2280 1402 sis
2317 1363 2382 1404 ex
2412 1348 2539 1414 illis,
2567 1348 2618 1402 in
2647 1363 2878 1418 quorum
2908 1347 3393 1417 exprobrationem
3435 1349 3649 1418 prolata

2051 1441 2159 1495 sint
2185 1439 2298 1498 tunc
2328 1456 2342 1493 :
2375 1437 2544 1498 Nemo
2576 1439 2807 1498 ascendit
2834 1440 2890 1492 in
2925 1439 3130 1505 cretum,
3159 1439 3258 1493 nisi
3283 1440 3371 1508 qui
3417 1438 3483 1494 de
3523 1443 3649 1496 caelo

2053 1533 2348 1599 descendit,
2397 1531 2570 1586 Filius
2618 1532 2839 1588 hominis
2889 1532 2976 1601 qui
3026 1539 3098 1584 est
3152 1531 3204 1584 in
3250 1531 3389 1585 cretis
3420 1531 3464 1585 ί.
3499 1532 3652 1589 Sicut

2050 1623 2184 1678 enim
2209 1621 2414 1693 Moyses
2445 1622 2687 1678 exultauit
2707 1631 2992 1691 serpentem
3019 1620 3071 1674 in
3098 1621 3318 1687 deserto,
3347 1623 3422 1675 sic
3449 1631 3649 1691 oportet

356 1714 493 1770 biles
532 1712 727 1781 habiti,
768 1715 892 1784 quia
932 1726 1120 1769 essent
1163 1715 1341 1770 adhuc
1379 1716 1590 1777 scilicet
1627 1717 1943 1784 Christiani,
1977 1713 2024 1780 B
2051 1716 2268 1772 exaltari
2296 1717 2491 1774 [filium
2518 1715 2768 1781 hominis,
2811 1724 2868 1770 ut
2911 1716 3073 1770 omnis
3118 1718 3207 1784 qui
3237 1716 3396 1772 credit
3425 1717 3478 1771 in
3507 1732 3646 1783 εαηι,

358 1820 502 1861 nunc
535 1821 668 1861 vero
691 1807 800 1864 siut
841 1807 936 1861 tibi
967 1807 1310 1875 charissitni,
1356 1809 1481 1878 quia
1525 1809 1782 1866 videlicet
1828 1825 1952 1866 esse

356 1905 661 1966 coeperunt,
697 1906 758 1952 ut
804 1907 856 1952 tu
905 1912 965 1953 es
1007 1908 1275 1972 apostata,
1310 1899 1636 1971 blasphemi.
1687 1902 1792 1958 Sed
1835 1903 1948 1972 jam

356 1989 651 2051 credimus,
679 1998 729 2042 te
758 1997 880 2059 post
903 1998 1078 2054 tantas
1109 1991 1456 2062 probationes
1479 1993 1572 2049 tibi
1597 1993 1878 2052 exhibitas
1901 2002 1954 2052 te

359 2093 522 2131 unum
555 2093 676 2137 esse
707 2093 774 2134 ex
819 2081 946 2150 illis,
976 2083 1040 2134 ad
1071 2098 1207 2153 quos
1233 2083 1454 2150 dicitur,
1485 2084 1783 2157 Serpentes,
1811 2087 1954 2156 geni-

357 2174 497 2228 mina
535 2174 852 2244 viperarum.
884 2177 1141 2250 quomodo
1181 2177 1393 2248 fugietis
1423 2193 1453 2230 a
1473 2178 1678 2250 judicio
1706 2180 1956 2250 gehenute

361 2263 523 2336 (Ibid.
566 2266 701 2342 55)?
731 2267 983 2332 daturum
1029 2279 1079 2324 te
1120 2284 1344 2339 operam
1393 2285 1502 2340 quo
1549 2273 1724 2341 possis
1763 2287 1957 2330 curare

357 2359 583 2412 vulnera
610 2359 706 2414 tibi
737 2375 832 2428 per
858 2361 1130 2418 diabolum
1157 2361 1359 2422 inflicta
1388 2371 1494 2422 tam
1518 2365 1724 2433 gravia,
1753 2365 1878 2432 quia
1904 2373 1958 2428 et

356 2451 631 2516 homicida
672 2438 749 2516 Sis
789 2463 844 2508 et
887 2455 1229 2526 sacrilegus:
1262 2469 1292 2508 a
1324 2455 1520 2526 quibus
1559 2457 1885 2516 criminibus
1909 2459 1956 2513 si

358 2554 410 2598 te
454 2545 704 2601 nolueris
739 2546 985 2612 liberari,
1029 2549 1251 2618 sanguis
1300 2559 1425 2604 tuus
1469 2550 1779 2620 requiratur
1813 2565 1842 2605 a
1879 2559 1955 2617 te,

355 2651 458 2696 nos
487 2653 670 2696 coram
694 2639 805 2694 Deo
835 2639 1018 2696 mundi
1047 2640 1212 2696 futuri
1238 2655 1268 2694 a
1299 2641 1567 2712 sanguine
1601 2652 1716 2706 tuo,
1743 2643 1834 2711 qui
1863 2641 1957 2698 tibi

356 2729 613 2792 omnibus
643 2731 929 2790 veritatem
969 2732 1392 2804 patefecerimus
1424 2733 1636 2796 modis;
1685 2747 1713 2786 a
1757 2741 1808 2787 te
1849 2749 1957 2798 non

356 2824 534 2878 solum
570 2832 713 2894 tuus,
743 2824 934 2890 sedet
978 2841 1168 2882 eorum
1205 2828 1517 2895 requiratur
1546 2827 1790 2897 sanguis,
1819 2841 1958 2897 quos

357 2925 452 2976 aut
473 2917 542 2972 ad
567 2917 829 2978 hzeresem
858 2917 1160 2988 perduxisti
1192 2919 1621 2990 suscipiendam,
1653 2931 1747 2975 ant
1775 2921 1840 2975 ad
1869 2921 1958 2975 in-

359 3021 642 3070 nocentem
674 3011 895 3068 illexisti
921 3012 1304 3082 iugulandum.
1336 3012 1443 3068 Sed
1465 3013 1509 3068 si
1532 3012 1773 3068 dixeris:
1805 3013 1957 3068 Arbi-

2054 1807 2234 1864 habeat
2258 1818 2282 1855 8
2306 1809 2459 1863 vitam
2500 1818 2765 1864 «sternam.
2803 1806 2895 1863 Sic
2931 1807 3065 1861 enim
3094 1802 3235 1859 Deus
3276 1808 3526 1867 mundum
3562 1809 3650 1863 div-

2057 1903 2200 1969 texit,
2237 1911 2291 1958 ut
2334 1901 2531 1956 Filium
2572 1919 2723 1958 suum
2761 1906 2968 1956 unicum
2996 1899 3022 1936 ιι
3051 1902 3214 1967 daret,
3255 1910 3311 1956 ut
3354 1904 3522 1958 omnis
3561 1905 3652 1974 qui

2053 1994 2215 2048 credit
2245 1995 2298 2048 in
2326 2010 2465 2057 eum,
2500 2010 2601 2048 non
2630 2003 2821 2062 pereat,
2853 1991 2941 2048 sed
2968 1993 3122 2046 vitam
3161 2001 3408 2049 retentam
3433 1992 3646 2048 habeat.

2060 2084 2184 2142 Non
2204 2086 2338 2144 enim
2360 2086 2496 2150 misit
2519 2083 2656 2146 Deus
2685 2083 2883 2139 Filium
2903 2100 3053 2138 suum
3074 2084 3127 2138 in
3147 2083 3305 2142 mund
3313 2100 3397 2140 um
3424 2094 3478 2144 ιιι
3495 2086 3652 2157 judi-

2058 2187 2132 2233 cet
2177 2179 2447 2246 mundum,
2475 2179 2565 2238 sed
2592 2187 2644 2234 ut
2671 2178 2892 2238 salvetur
2920 2177 3142 2238 mundus
3176 2192 3267 2247 per
3293 2176 3484 2245 ipsum.
3517 2175 3650 2233 Ideo

2057 2271 2146 2341 qui
2173 2270 2333 2324 credit
2361 2272 2414 2326 in
2441 2287 2579 2338 eum,
2613 2287 2716 2324 non
2735 2271 3005 2340 judicatur
3028 2285 3046 2324 :
3073 2271 3162 2339 qui
3191 2280 3362 2324 autem
3398 2286 3500 2328 non
3543 2286 3654 2326 rre-

2060 2363 2135 2416 dit
2175 2362 2231 2430 in
2273 2378 2418 2427 cum,
2453 2365 2570 2433 jam
2602 2361 2874 2433 judicatus
2909 2371 3015 2424 est,
3047 2361 3171 2430 quia
3210 2376 3313 2421 non
3347 2361 3570 2417 credidit
3597 2363 3654 2421 in

2060 2455 2263 2509 nomine
2303 2455 2444 2510 unici
2489 2451 2619 2510 Filii
2663 2451 2782 2508 Dei.
2827 2452 2942 2508 Hoc
2991 2452 3004 2490 ί
3053 2462 3126 2508 est
3162 2462 3333 2519 autem
3363 2453 3647 2525 judicium,

2060 2547 2181 2610 quia
2213 2545 2304 2600 lua:
2335 2546 2471 2600 venit
2505 2545 2558 2600 in
2583 2545 2857 2610 mundum,
2885 2552 2931 2600 et
2961 2543 3251 2600 dilexerunt
3283 2545 3510 2601 homines
3555 2561 3652 2613 po-

2061 2637 2161 2692 tius
2201 2638 2430 2694 tenebras
2467 2653 2621 2704 quam
2656 2638 2822 2692 lucem
2847 2652 2864 2690 :
2889 2645 3035 2694 erant
3070 2637 3206 2696 enim
3243 2653 3401 2708 opera
3445 2637 3657 2692 illorum

2060 2730 2217 2786 mala.
2260 2729 2436 2784 Omnis
2465 2730 2553 2798 qui
2593 2745 2753 2798 prava
2778 2729 2901 2798 agit,
2937 2727 3045 2790 odit
3074 2728 3238 2786 lucem
3271 2727 3321 2794 l;
3349 2738 3405 2782 ut
3436 2745 3539 2786 non
3569 2744 3656 2784 ar-

2059 2830 2285 2891 gaantur
2313 2836 2468 2892 opera
2493 2824 2625 2892 ejus.
2661 2818 2799 2882 Nam
2842 2820 2930 2889 qui
2961 2819 3087 2889 facit
3117 2822 3400 2886 veritatem,
3434 2820 3571 2874 venit
3597 2820 3654 2878 in

2061 2917 2252 2980 lucem,
2281 2923 2336 2968 ut
2378 2915 2769 2985 manifesteutur
2793 2929 2952 2981 opera
2980 2913 3114 2982 ejus,
3153 2912 3398 2983 quoniam
3444 2912 3498 2968 in
3545 2911 3655 2970 Deo

2063 3018 2136 3062 est
2169 3006 2189 3045 ιι
2225 3008 2418 3076 factum
2456 3006 2636 3074 (Joan.
2683 3023 2766 3076 ut,
2814 3007 2926 3078 15).
2968 3006 3026 3066 Si
3056 3021 3269 3066 servum
3304 3016 3356 3061 te
3391 3005 3532 3072 unici
3564 3020 3660 3060 cn-

361 3103 541 3161 trabar
577 3105 790 3162 illorum
827 3106 1131 3160 catholicam
1181 3106 1339 3176 fuisse
1385 3106 1572 3174 ﬁdem,
1613 3123 1739 3177 quos
1791 3107 1960 3162 dicitis
1987 3095 2030 3162 Ω
2063 3113 2354 3170 gnoseeres
2375 3099 2470 3154 Dei
2497 3099 2639 3166 Filii,
2665 3113 2955 3169 numquam
2986 3096 3228 3167 profecto
3254 3097 3371 3164 ejus
3399 3095 3658 3165 majesta-

358 3195 616 3261 Arianos;
655 3196 700 3252 si
745 3197 796 3250 in
848 3195 973 3250 fidei
1022 3197 1224 3260 nutaSti
1283 3211 1467 3260 causa,
1515 3197 1558 3252 si
1591 3197 1736 3268 quod
1781 3197 1822 3252 ii
1867 3199 1960 3267 qui

356 3286 583 3344 credere
621 3301 681 3342 se
723 3287 908 3346 dicant
953 3287 1004 3342 in
1052 3299 1358 3344 creaturam
1391 3289 1650 3358 ignoraui
1679 3289 1821 3358 quod
1853 3289 1964 3346 sint

362 3381 628 3450 hteretici,
662 3379 717 3436 hi
747 3381 840 3452 qui
871 3381 1058 3435 dicant
1086 3380 1257 3436 Deum
1288 3396 1394 3444 non
1426 3380 1627 3436 habere
1659 3396 1844 3440 verum
1873 3380 1962 3444 Fi-

362 3475 520 3542 lium,
572 3475 832 3545 numquid
872 3476 1036 3536 etiam
1085 3475 1190 3528 hoc
1239 3474 1521 3544 ignorasti,
1569 3474 1694 3543 quia
1739 3489 1846 3530 non
1894 3471 1969 3533 sit

359 3568 569 3640 justum
610 3566 791 3636 gladio
823 3569 1074 3640 persequi
1108 3568 1494 3632 innocentem?
1525 3567 1784 3636 numquid
1813 3566 1967 3637 fuge-

367 3667 450 3722 rat
494 3669 546 3726 te
584 3658 789 3716 dixisse
824 3659 1110 3720 Dominum
1152 3660 1314 3715 beato
1349 3659 1545 3724 Petro;
1572 3658 1820 3719 Converte
1853 3661 1968 3731 gla-

369 3753 516 3820 dium
555 3762 701 3816 tuum
745 3753 799 3808 in
837 3753 948 3807 loco
992 3750 1158 3807 ενοι).
1197 3749 1384 3808 Omnes
1407 3753 1542 3806 enim
1577 3752 1666 3822 qui
1707 3753 1967 3820 accipiunt

367 3845 623 3916 gladium,
647 3845 824 3916 gladio
854 3845 1091 3915 peribunt
1153 3843 1318 3915 (Ibid.
1356 3858 1512 3908 χχιιι,
1547 3842 1678 3911 52γῖ
1709 3843 1846 3912 Quid
1885 3844 1967 3910 itt-

373 3947 542 4000 terea,
583 3937 901 4003 Constanti,
938 3946 1190 4004 acturus,
1233 3936 1323 4006 qui
1375 3944 1576 3989 tantam
1625 3935 1827 3990 Christi
1875 3935 1968 3990 Dei

373 4029 513 4083 unici
548 4027 664 4084 Filii
707 4044 986 4088 servorum
1034 4027 1371 4094 interetneris
1401 4025 1843 4084 multitudinem?
1875 4025 1968 4086 Vi-

373 4120 500 4178 deas
537 4120 735 4176 etenim
763 4134 911 4184 eum,
949 4133 1111 4189 quem
1141 4117 1194 4174 in
1231 4131 1330 4171 nos
1367 4117 1730 4187 persequeris,
1761 4117 1970 4181 dicere,

450 4292 476 4319 ⁸
518 4285 558 4336 Α
586 4282 813 4336 Socrate
843 4281 939 4333 lib.
971 4296 1030 4342 ιι,
1061 4295 1179 4345 cap.
1217 4276 1310 4340 25,
1343 4287 1394 4329 et
1422 4274 1731 4341 Nicephoro
1761 4274 1856 4329 lib.
1891 4289 1966 4338 ιι,

2071 3201 2177 3250 tem
2226 3207 2474 3263 negares,
2506 3207 2798 3263 numquam
2841 3191 2959 3261 ejus
2999 3204 3186 3260 servos
3232 3204 3379 3248 nunc
3425 3189 3660 3254 occulte,

2069 3299 2210 3340 nunc
2237 3285 2448 3354 publice
2471 3283 2708 3355 iugulari
2731 3282 3047 3347 mandares;
3080 3280 3176 3336 sed
3201 3279 3328 3350 quia
3351 3279 3428 3334 sis
3449 3287 3664 3346 agitator

2072 3377 2440 3443 tenebrarum,
2488 3376 2686 3450 quippe
2733 3373 2978 3438 tenebra,
3029 3373 3154 3442 quia
3203 3372 3315 3426 sint
3358 3386 3520 3440 opera
3571 3379 3663 3432 tua

2073 3470 2236 3538 mala,
2273 3469 2496 3524 noluisti
2542 3484 2656 3526 rem
2686 3483 2848 3538 quam
2881 3466 3156 3522 detuleras
3185 3463 3504 3534 plenissime
3528 3478 3666 3528 exa-

2075 3564 2267 3620 minari
2302 3578 2397 3630 per
2447 3563 2538 3616 Dei
2588 3561 2918 3624 sacerdotes.
2961 3558 3071 3615 Cur
3115 3556 3374 3614 uoluisti?
3404 3555 3509 3616 nisi
3537 3556 3666 3625 quia

2075 3653 2321 3712 timueris
2344 3668 2480 3724 opus
2510 3662 2658 3708 tuum
2690 3651 2955 3722 publicari
2986 3651 3383 3720 serpentinum.
3415 3645 3555 3708 Dum
3582 3663 3672 3711 su-

2075 3762 2184 3800 mus
2214 3747 2268 3799 in
2293 3761 2524 3816 corpore.
2552 3743 2730 3814 inquit
2753 3743 3053 3814 apostolus,
3085 3742 3476 3814 peregrinantur
3502 3757 3534 3805 ιι
3563 3737 3672 3804 Do-

2073 3838 2211 3892 mino
2244 3835 2261 3872 ι
2291 3853 2303 3888 :
2328 3852 2390 3890 ea;
2439 3836 2542 3904 ﬁde
2582 3836 2718 3890 enim
2762 3823 3086 3892 limbulamus
3133 3849 3237 3892 non
3277 3848 3369 3902 per
3408 3831 3670 3901 speciem:

2075 3930 2321 3982 audemus
2346 3929 2501 3982 etiam
2522 3928 2702 3982 bonam
2723 3927 3031 3980 voluntatem
3063 3923 3300 3978 habentes
3327 3922 3494 3994 magis
3530 3936 3673 3991 pere-

2074 4020 2271 4093 grinari
2296 4037 2327 4072 a
2347 4035 2561 4093 corpore
2581 4028 2626 4076 et
2651 4029 2920 4088 praesentes
2943 4032 3050 4078 esse
3069 4015 3136 4070 ad
3157 4013 3458 4082 Dominum,
3480 4024 3530 4068 et
3551 4030 3675 4081 eaq.

2080 4115 2332 4168 tendimus
2358 4115 2462 4168 sive
2492 4113 2719 4167 absentes
2739 4112 2842 4165 sive
2865 4119 3143 4183 praesentes
3173 4109 3373 4179 placere
3401 4108 3501 4161 illi.
3537 4105 3677 4159 Nam

2150 4269 2179 4308 δ
2221 4271 2374 4326 Vers.
2406 4273 2531 4341 Ant.
2569 4269 2997 4341 Unigenitum....
3026 4264 3484 4341 credidit‘._...‘Qui
3521 4262 3683 4341 credit

379 4333 620 4418 canail‘,
655 4333 875 4406 Achelos
904 4333 1140 4415 diciiur;
1169 4358 1226 4402 ut
1262 4333 1432 4418 nliatn
1455 4333 1710 4418 Latinius
1739 4333 1974 4418 notavit.
2002 4342 2052 4400 D
2085 4343 2326 4418 (omisso
2372 4340 2619 4418 ideo)...
2666 4333 2754 4418 qui
2799 4347 2970 4391 autem
2999 4352 3102 4389 non
3134 4336 3296 4389 credit
3343 4333 3582 4405 (omisso
3625 4333 3683 4385 in

380 4423 430 4478 ls
455 4413 574 4477 erat
602 4413 887 4487 diaconus,
922 4438 1044 4475 cum
1086 4413 1230 4473 anno
1259 4417 1386 4482 548,
1421 4417 1634 4493 litteras
1670 4413 1977 4493 Constantii

380 4495 579 4548 detulit
604 4494 670 4548 ad
707 4493 1060 4547 Athanasium
1091 4497 1520 4545 comtnorantem
1546 4487 1829 4554 Aquileiae.
1861 4487 1980 4553 qui-~

385 4565 486 4620 bus
533 4564 601 4619 ad
648 4563 1081 4618 Alexandrinam
1132 4561 1319 4614 sedem
1371 4557 1757 4614 revocabatur.
1793 4555 1849 4609 ln
1896 4568 1984 4608 sa-

383 4636 683 4690 cerdotium
734 4643 1023 4701 COtlplalUS
1061 4633 1171 4702 jam
1221 4633 1421 4691 fuerat,
1453 4643 1575 4702 cum
1610 4627 1824 4702 Lucifer
1868 4626 1984 4679 lucc

382 4705 709 4774 Constantio
733 4697 1125 4774 exprobrabat,
1149 4710 1204 4755 et
1225 4717 1353 4774 cum
1385 4697 1984 4774 D‘icly‘mapresbytero,

385 4779 474 4846 qui
505 4779 640 4831 forte
663 4769 920 4846 Didymus
945 4773 1328 4846 appellandus,
1347 4787 1382 4846 Διι
1407 4769 1714 4846 Catholicis
1744 4769 1989 4846 partibus

387 4839 454 4902 ad
493 4849 726 4901 Arianas
773 4839 1077 4899 ili-fecerat.
1129 4842 1451 4898 Gallandius
1502 4839 1786 4909 legendum
1839 4843 1992 4904 putat

391 4919 632 4972 Achetam
683 4933 751 4972 ea:
792 4917 1056 4982 diaconis;
1105 4914 1198 4970 sed
1233 4913 1383 4966 nullo
1424 4911 1593 4964 fretus
1639 4916 1988 4982 argumento,

389 5005 510 5042 cum
569 4989 789 5042 Lucifer
837 4977 1133 5057 utrumque
1179 5001 1246 5040 ex
1301 4981 1644 5054 presbyteris
1695 4978 1864 5033 fuisse
1915 4977 1993 5046 af-

395 5059 597 5114 firmet.

467 5129 490 5168 δ
532 5129 692 5184 Vet‘s.
724 5130 854 5185 Ant.
897 5129 965 5181 In
1007 5129 1177 5180 locum
1219 5142 1394 5191 suum,
1428 5131 1484 5179 ut
1513 5123 1658 5178 idem
1689 5120 1908 5175 Lucifer
1940 5119 1992 5174 in

393 5201 493 5255 lib.
526 5199 592 5252 de
619 5217 721 5253 non
751 5215 893 5268 paro.
928 5200 983 5251 in
1011 5196 1178 5250 Deum
1204 5197 1397 5268 detinq.

471 5283 490 5309 ε
535 5272 713 5338 Supra
746 5267 960 5324 Lucifer
990 5270 1131 5334 ipse,
1166 5267 1427 5335 peribunt.

466 5339 492 5378 δ
539 5337 877 5412 Acceptnros.
911 5337 1085 5393 Vatic.

471 5421 493 5448 θ
537 5411 638 5477 Qui
661 5412 839 5465 Latin.

476 5481 493 5519 ί
541 5476 696 5536 Vers.
727 5481 858 5536 Ant.
895 5479 960 5533 In
986 5479 1134 5533 ctelo.
1168 5477 1233 5531 Et
1262 5477 1462 5530 sicut...
1492 5476 1588 5537 ita,
1619 5485 1730 5531 etc.

2081 4411 2197 4466 eum
2365 4411 2614 4480 unigeniti
2641 4415 2748 4463 etc.

2163 4481 2179 4519 ί
2270 4496 2379 4535 ers.
2414 4481 2544 4533 Ant.
2571 4478 2689 4532 Hoc
2717 4494 2748 4531 et

2163 4481 2179 4519 ί
2220 4470 2379 4535 Vers.
2414 4470 2544 4533 Ant.
2571 4478 2689 4532 Hoc
2717 4485 2787 4531 est
2810 4485 2978 4530 autem
3006 4491 3024 4528 :
3045 4477 3167 4543 quia
3189 4481 3300 4528 etc.
3325 4470 3508 4528 δίδως.
3537 4471 3687 4532 favet

2087 4568 2233 4606 vers.
2269 4549 2447 4605 Lucii.

2161 4622 2174 4672 i
2229 4620 2293 4674 Et
2329 4637 2431 4674 non
2463 4619 2596 4673 venit
2627 4618 2695 4671 ad
2738 4618 2922 4680 lucem,
2954 4615 3164 4669 addunt
3201 4611 3376 4668 Vatlc.
3408 4624 3462 4667 et
3500 4613 3684 4674 Latin.

2088 4705 2140 4748 et
2167 4692 2380 4755 Graec;
2409 4691 2500 4743 sed
2528 4690 2641 4744 lure
2665 4688 2859 4742 absunt
2884 4688 3044 4740 etiam
3069 4702 3097 4738 a
3121 4684 3284 4741 Vers.
3315 4684 3447 4739 Ant.
3479 4684 3532 4742 in
3557 4697 3687 4756 qua,

2094 4763 2275 4818 Omnis
2301 4765 2435 4816 enim
2458 4761 2547 4831 qui
2573 4760 2708 4812 male
2730 4759 2930 4828 agit....
2962 4765 3250 4830 arguuntur
3275 4765 3385 4831 etc.

2167 4835 2191 4870 ιε
2234 4826 2556 4896 Dicendum,
2587 4839 2708 4884 sunt
2747 4826 2886 4897 facta
2913 4845 2929 4882 :
2956 4826 3096 4882 et'in
3130 4827 3309 4881 veteri
3337 4827 3526 4881 codice
3553 4826 3695 4897 scri-

2097 4916 2244 4974 ptum
2277 4915 2394 4958 erat
2421 4903 2474 4956 in
2503 4893 2787 4974 singulari,
2819 4901 3082 4971 Arguatur
3103 4914 3259 4968 opera
3282 4899 3416 4963 ejus,
3446 4908 3492 4949 et
3523 4893 3695 4974 mani:

2097 4967 2306 5048 festetur
2333 4989 2488 5041 opera
2511 4967 2644 5044 ejus.
2673 4967 2976 5048 Genera'et
3007 4967 3264 5048 numeros
3301 4983 3454 5048 more
3484 4967 3698 5048 vulgari

2100 5038 2207 5099 non
2238 5038 2454 5110 semper
2483 5038 2759 5096 observat.
2793 5041 2898 5094 Til.
2930 5050 2976 5094 et
3003 5044 3051 5094 la
3084 5038 3275 5110 Cerdo,
3307 5039 3396 5106 qui
3430 5038 3692 5110 sttbjicil:

2101 5116 2229 5170 Tale
2248 5108 2307 5168 in.
2325 5108 2443 5167 aliis
2461 5113 2673 5167 eruditis
2689 5113 3177 5184 frequentissimum.
3193 5108 3370 5184 Graii}.
3385 5109 3696 5184 _¢avepw6ﬁ,

2105 5191 2152 5242 ἐν
2176 5189 2277 5262 θεῷ
2296 5188 2431 5243 ἐστιν
2452 5177 2740 5262 ἐργασμέὐα
2763 5177 2787 5262 ’τ’
2813 5183 3023 5262 scilicet
3049 5181 3217 5262 nigris
3243 5177 3498 5262 religipse
3531 5177 3702 5262 i'erba

2102 5247 2281 5314 Graeci
2327 5247 2501 5311 textus
2520 5247 2802 5324 expressit
2831 5253 3066 5308 Lucifer.
3093 5247 3534 5324 (ἰαιιαιιιιζνετε.
3553 5249 3698 5324 ᾼΛιιι.

2109 5329 2209 5398 Qui
2241 5339 2415 5382 autem
2448 5317 2641 5398 facit.l.
2677 5326 3006 5398 ad_lucem...
3031 5319 3233 5398 qtti‘anin
3259 5317 3366 5370 Deo
3389 5327 3509 5398 sunt
3538 5322 3700 5388 facta.

2182 5397 2201 5437 1
2248 5399 2402 5454 νει-ε.
2448 5389 2591 5452 Ἀιιι.
2645 5397 2686 5449 Α
2737 5394 2843 5447 Deo
2888 5413 2906 5449 :
2952 5389 3051 5461 per
3092 5389 3706 5461 ﬁdem....4poluntatem

2107 5470 2337 5540 (omisso
2383 5468 2918 5540 bornant)_.r.7.._omnes_
2955 5459 3045 5518 eos
3090 5469 3197 5514 etc.
3248 5459 3462 5540 Lucifer
3506 5459 3559 5512 in
3603 5459 3706 5514 lib.

474 5561 498 5598 Β
727 5531 1234 5616 -Ᾰιιιίριιῖένεάὶι
1262 5550 1314 5600 in
1355 5549 1492 5616 ipso,
1539 5531 1640 5616 non
1687 5553 1884 5616 pereat,
1915 5542 2005 5598 sed
2111 5531 2271 5616 [iam
2299 5557 2395 5606 pro
2437 5539 2531 5592 Dei
2570 5531 2670 5589 Fit.
2706 5534 2872 5616 fositi
2901 5537 3231 5616 in_corpore,
3259 5531 3710 5616 peregrinemura

405 5623 609 5687 habeat,
665 5633 775 5679 etc.
833 5620 1054 5678 Lucifer
1106 5615 1381 5674 convenit
1412 5631 1540 5672 cum
1593 5615 1757 5694 Cypr.
1808 5615 1909 5671 lib.
1971 5629 2005 5670 tt

405 5694 633 5754 Testim.

2117 5601 2364 5676 Domino,
2385 5621 2604 5665 sensum
2630 5607 2812 5675 potius
2833 5606 3167 5676 exprimens,
3190 5601 3354 5673 quam
3381 5605 3494 5672 ipsa
3521 5601 3712 5676 verba.
