4094 6190
532 195 637 251 919

530 329 705 368 omnes
734 331 825 368 nos
856 324 1055 384 Oportet
1084 314 1406 376 manifestari
1430 322 1548 367 ante
1572 312 1799 366 tribunal
1831 308 2041 374 Christi,
2076 321 2131 364 ut

532 406 668 474 ferat
716 405 1058 473 unusquisque
1101 406 1314 472 propria
1353 405 1615 472 corporis,
1663 404 1946 458 secundum
1995 401 2131 471 quod

531 497 686 566 gessit
709 497 812 548 sive
836 495 1023 548 bonum
1051 497 1155 549 sive
1190 495 1384 548 malum
1426 495 1495 563 (ll
1535 493 1655 548 Cor.
1691 511 1742 558 ν,
1781 495 1856 563 6).
1899 495 1964 548 Ει
1992 493 2135 548 Con—

532 589 763 642 stantim
795 587 1084 643 haereticus
1116 589 1291 643 dicis:
1318 589 1588 652 Damuate,
1631 587 1931 652 Christiani,
1975 584 2131 640 Chri-

530 684 778 736 stianum.
804 681 912 737 Cur
945 682 1045 737 hoc
1074 683 1245 737 dicis?
1274 683 1378 737 nisi
1407 683 1529 752 quia
1559 681 1784 735 fundere
1813 681 2130 750 sanguinem

525 772 824 842 iustorum,
850 774 1232 844 derelinquere
1255 774 1420 829 etiam
1448 774 1615 829 Deum
1640 782 1696 827 et
1723 770 2001 841 suscipere
2020 773 2136 825 ido-

532 866 806 920 lolatriam
841 866 942 920 hnc
973 883 1094 922 esse
1127 869 1393 935 Optimum
1423 866 1738 921 censueris?
1779 865 1883 920 Sed
1935 865 2131 920 iterum

531 967 587 1012 te
617 959 849 1013 ObSt‘Cl‘O
883 959 1128 1028 piissime
1159 973 1458 1028 cognoscas
1491 961 1804 1028 imperator,
1838 974 1958 1012 cum
1981 959 2057 1012 sis
2081 968 2133 1012 et

535 1053 680 1106 unici
711 1051 831 1105 Filii
869 1052 958 1106 Dei
990 1062 1235 1122 negator,
1263 1053 1391 1105 etin
1425 1067 1548 1106 eum
1576 1050 1913 1105 credentium
1951 1066 2134 1119 perse-

535 1153 712 1208 cutor,
758 1144 803 1197 si
863 1160 967 1197 non
1012 1159 1235 1213 compar
1284 1145 1391 1198 iliis
1439 1144 1755 1206 invenieris,
1803 1159 2031 1212 quorum
2080 1144 2132 1197 in

537 1237 762 1291 Actibus
793 1238 1168 1306 apostolorum
1203 1236 1530 1294 describitur
1554 1236 1795 1305 nequitia
1822 1252 1834 1287 :
1867 1234 1995 1288 Cum
2021 1250 2136 1287 ma-

536 1346 639 1400 gna
667 1338 693 1365 α
725 1330 980 1382 dissensio
1031 1339 1159 1383 esset
1201 1331 1334 1382 inter
1378 1328 1519 1394 illos,
1567 1331 1748 1381 timens
1794 1327 2029 1381 tribunus
2074 1344 2136 1381 nc

535 1431 719 1488 raptus
747 1422 931 1489 fuisset
956 1420 1156 1476 Paulus
1186 1424 1250 1475 ab
1273 1421 1401 1484 illis,
1423 1421 1584 1490 jussit
1614 1421 1890 1474 exercitum
1917 1420 2132 1473 descen-

536 1513 678 1577 dere,
709 1524 756 1566 et
786 1531 968 1582 rapere
997 1531 1110 1567 eum
1151 1516 1201 1566 in
1248 1516 1451 1572 castris.
1489 1514 1730 1581 Sequenti
1774 1524 1944 1567 autem
1993 1523 2137 1566 nocte

532 1605 779 1659 assistens
812 1607 859 1658 ei
889 1605 1146 1660 Dominus
1176 1608 1246 1660 ait
1275 1624 1292 1660 :
1317 1607 1569 1661 Constans
1595 1607 1623 1646 ι)
1652 1618 1758 1661 esto
1783 1623 1802 1661 :
1827 1609 1960 1660 sicut
2003 1609 2136 1660 enim

538 1696 844 1763 testiﬁcatus
873 1714 927 1750 es
963 1698 1126 1750 deme
1152 1699 1205 1750 in
1241 1696 1549 1762 Jerusalem,
1581 1700 1656 1750 sic
1682 1707 1879 1768 oportet
1911 1707 1958 1758 te
1986 1699 2137 1750 etiam

541 1786 726 1841 Romm
752 1791 1042 1858 testiﬁcari.
1071 1789 1239 1845 Facta
1268 1802 1437 1845 autem
1469 1792 1572 1856 die,
1599 1792 1917 1862 collegerunt
1947 1809 1999 1843 se
2023 1791 2134 1860 qui-

538 1882 658 1936 dam
690 1899 755 1935 ea:
781 1881 1004 1941 Iudaeis.
1037 1895 1084 1936 et
1113 1885 1420 1938 devoverant
1449 1902 1502 1938 se
1530 1886 1780 1949 dicentes,
1807 1901 1966 1950 neque
1990 1900 2138 1937 man-

537 1973 753 2039 ducare,
782 1992 942 2044 neque
964 1975 1154 2042 bibere,
1180 1977 1340 2031 donec
1371 1977 1660 2030 occiderent
1698 1975 1943 2030 Paulum.
1973 1976 2137 2030 Erant

537 2076 708 2116 autem
741 2068 850 2134 fere
881 2077 902 2104 ο
936 2068 1303 2136 quadraginta,
1331 2070 1419 2137 qui
1445 2069 1580 2122 hanc
1619 2070 2028 2141 conjurationent
2057 2073 2137 2140 fe-

535 2168 731 2222 cerant,
762 2161 851 2228 qui
891 2170 938 2212 et
967 2171 1292 2214 accesserunt
1322 2162 1394 2212 ad
1417 2159 1443 2197 ίι
1477 2163 1740 2230 principes
1782 2162 2133 2227 sacerdotum,

536 2259 586 2304 et
610 2252 968 2305 indicaverunt
991 2252 1218 2306 dicentes
1240 2270 1258 2306 :
1279 2251 1615 2308 Devotionem
1643 2255 1867 2308 vovimus
1888 2272 1982 2309 nos
2005 2255 2137 2328 nihil

534 2353 745 2412 gustare
784 2343 842 2396 in
887 2353 1083 2410 totum,
1134 2346 1295 2398 donec
1342 2345 1640 2399 occidamus
1687 2345 1914 2400 Paulum
1956 2363 2136 2401 :nunc

536 2447 658 2503 ergo
689 2448 776 2485 ros
808 2442 832 2469 θ
859 2435 1094 2506 colligite
1117 2436 1418 2500 concilium,
1449 2446 1495 2488 et
1525 2448 1701 2490 notum
1730 2441 1885 2506 facite
1907 2439 2132 2506 tribuno,

537 2531 592 2575 ut
634 2525 854 2578 deducat
883 2541 1002 2577 eum
1032 2526 1100 2577 ad
1130 2542 1239 2590 vos,
1270 2529 1415 2595 quasi
1444 2527 1508 2580 de
1535 2544 1594 2580 eo
1620 2529 1916 2600 diligentius
1943 2533 2134 2598 quaesi-

536 2624 678 2670 turos
700 2634 719 2671 :
749 2635 841 2672 nos
866 2635 983 2672 vero
1015 2621 1313 2690 priusquam
1343 2621 1638 2690 appropiet,
1663 2623 1831 2692 parati
1858 2639 2037 2677 sumus
2056 2623 2138 2676 in-

538 2712 771 2780 ter/icere
801 2729 916 2766 eum
943 2713 1082 2782 (Act.
1117 2730 1271 2780 χχιιι,
1305 2716 1416 2785 i0).
1452 2715 1506 2770 Si
1535 2730 1640 2769 non
1676 2717 1769 2769 Dei
1793 2716 2135 2770 sacerdotem

535 2801 644 2857 isto
703 2805 905 2871 petiisti
958 2822 1166 2875 genere
1219 2808 1617 2874 Athanasium,
1672 2809 1774 2863 nisi
1831 2826 1936 2863 non
1993 2810 2135 2865 aliud

537 2894 748 2948 tinxisti
772 2908 823 2950 te
847 2911 1029 2965 agere,
1055 2905 1110 2951 et
1132 2898 1277 2952 aliud
1302 2899 1564 2968 perﬁcere
1586 2901 1957 2970 disposueras,
1984 2915 2139 2971 potes

539 3004 610 3044 ne
635 3004 840 3058 negare
870 3005 975 3043 non
1005 2991 1197 3045 eodem
1223 2993 1453 3047 adverso
1479 2994 1674 3062 spiritu
1704 3007 1755 3049 te
1782 3010 1998 3065 quoque
2026 2997 2135 3066 agi,

540 3097 649 3153 quo
679 3091 809 3137 sunt
838 3084 942 3136 acti
975 3091 1139 3153 atque
1170 3095 1400 3153 agantur
1427 3086 1634 3140 Judaei?
1664 3087 1779 3141 Nisi
1809 3091 2010 3142 etenim
2044 3091 2136 3144 illo

537 3173 738 3228 fuisses
784 3177 1056 3240 excitatus
1084 3175 1281 3244 spiritu
1317 3186 1507 3231 eontra
1542 3193 1638 3231 nos
1669 3179 1778 3232 Deo
1809 3180 2138 3247 servientes,

541 3281 838 3337 numquam
870 3269 990 3322 sine
1019 3268 1186 3322 dubio
1213 3271 1496 3324 absentem
1531 3272 1800 3337 damnari,
1831 3281 1887 3326 et
1917 3273 2137 3342 quidem

539 3361 888 3416 innocentem
914 3361 1223 3416 mandarcs.
1252 3363 1359 3419 Sed
1387 3366 1501 3418 lucc
1523 3365 1602 3419 sic
1625 3380 1726 3434 ego
1751 3379 1896 3434 smpe
1925 3377 2135 3435 repeto,

542 3465 816 3523 tamquam
848 3455 1009 3508 etiam
1043 3455 1179 3524 ipse,
1213 3471 1336 3510 cum
1379 3458 1650 3512 interdum
1681 3473 1844 3513 vacas
1874 3475 1902 3512 a
1939 3459 2138 3514 furoris

539 3546 801 3613 stimulis,
854 3563 962 3600 nnn
1009 3547 1325 3603 consideres
1373 3551 1625 3604 omnibus
1677 3561 1730 3606 te
1777 3552 1952 3606 modis
1997 3556 2068 3606 ita
2109 3569 2138 3607 a

534 3637 764 3706 iustitiae
819 3637 1009 3706 regula
1066 3640 1404 3695 exorbitasse
1439 3644 1484 3708 ί,
1541 3652 1598 3696 ιιι
1652 3659 1752 3696 nec
1805 3643 1855 3696 in
1912 3643 2140 3698 Actibus

538 3731 917 3798 apostolorum
962 3733 1151 3787 videre
1193 3735 1460 3802 potueris,
1497 3737 1804 3802 petentibus
1835 3735 2039 3790 Juda-is
2071 3737 2139 3792 ad

533 3821 766 3879 Paulum
793 3829 1101 3880 necandum
1130 3825 1374 3891 beatum,
1398 3827 1674 3881 hominem
1708 3827 1971 3897 gentilem
2003 3844 2141 3897 prae-

609 3945 636 3973 ε
674 3937 829 3992 Vers.
883 3941 1007 3993 Ant.
1055 3939 1251 4005 Magna
1291 3950 1462 3992 autem
1507 3941 1648 4008 facta
1687 3942 2031 3994 seditione....
2075 3957 2138 3993 ne

538 4006 1007 4079 discerperetur....
1042 4011 1105 4062 ab
1132 4012 1352 4079 ipsis....
1383 4006 1702 4063 descendens
1725 4027 1904 4076 rapere
1929 4026 2045 4062 eum
2074 4013 2138 4063 de

539 4078 709 4128 medio
736 4093 934 4136 eorum.
971 4091 1018 4131 et
1047 4078 1294 4132 reducere
1321 4080 1373 4130 in
1403 4091 1596 4133 castra.

610 4143 638 4182 ι)
674 4144 809 4200 Cum
859 4150 1070 4212 Grtcco,
1104 4150 1306 4217 θάρσει.
1351 4147 1508 4202 Vcrs.
1552 4151 1676 4202 Ant.
1724 4149 2030 4217 Conﬁde....
2081 4154 2135 4205 in

540 4215 994 4288 Hierosolyma....
1039 4229 1087 4271 et
1133 4215 1402 4273 Nomm...
1447 4223 1584 4288 facta
1623 4215 1925 4274 collectione
1959 4220 2136 4276 Judaei

536 4287 843 4342 devoverant
871 4293 1191 4356 semetipsos.

1606 194 1930 251 LUCIFERI
1975 192 2280 250 EPISCOPI
2321 188 2744 246 CALABITANI

3759 189 3848 243 9ὶύ

2161 307 2409 370 Asidem
2460 305 2682 359 Festum
2734 304 2958 358 minime
3005 304 3166 358 coetui
3225 301 3576 357 Judicorutn
3625 315 3849 356 commn-

2234 400 2395 454 dasse
2417 408 2440 445 ε
2465 413 2774 462 assensum,
2799 396 2895 450 sed
2923 407 3029 450 tam
3057 397 3234 466 ipsos,
3274 410 3386 448 nec
3419 408 3535 448 non
3563 402 3617 448 et
3646 393 3851 453 Paulum

2232 510 2293 548 se
2327 495 2376 548 in
2424 510 2586 547 ιιιιιιιιι
2629 492 2949 545 auditurum
2981 506 3141 558 posse
3170 489 3198 527 h
3238 489 3579 561 pollicitum
3611 506 3623 540 :
3660 491 3854 557 gentilis

2233 587 2473 643 servavit
2526 585 2798 654 :equitatis
2842 585 2955 653 jus,
3013 593 3068 638 tu
3125 598 3272 638 vero
3337 583 3681 636 destruxisti
3725 600 3737 636 :
3779 594 3859 639 aut

2234 682 2461 751 aequitas
2505 689 2589 734 est
2626 678 2887 732 damnare
2920 677 3252 740 inauditum,
3298 677 3646 730 interficere
3678 678 3858 731 absen-

2237 784 2365 836 tem,
2397 771 2731 825 audientiam
2783 784 2912 824 vero
2961 784 3160 838 negare
3197 769 3373 839 justo
3425 769 3475 822 ei
3529 768 3758 832 immitti,
3787 771 3858 825 cui

2234 866 2416 918 omnis
2476 862 2629 917 testis
2687 862 2758 914 sit
2791 861 2887 914 Dei
2947 861 3217 929 ponulus,
3296 860 3459 929 quod
3529 861 3678 913 enim
3741 860 3860 916 false

2234 956 2393 1011 fuerit
2424 956 2622 1024 petitus
2643 969 2672 1006 a
2706 961 2757 1006 te
2788 966 2852 1006 ac
2880 953 3021 1015 tuis,
3052 950 3424 1006 Christianus
3461 967 3490 1002 a
3527 950 3686 1004 vobis
3717 952 3856 1005 Aria-

2236 1050 2339 1103 nis.
2372 1047 2539 1116 Ergo,
2570 1057 2626 1099 ut
2657 1046 2839 1100 dicere
2869 1061 3170 1115 cmperam,
3200 1059 3344 1114 qua:
3372 1044 3592 1099 fuerint
3617 1046 3756 1099 inter
3776 1045 3860 1101 Ju-

2235 1141 2382 1195 dteos
2445 1148 2499 1195 ct
2552 1139 2774 1194 Paulum
2832 1143 3045 1192 beatum
3098 1145 3255 1208 gesta
3312 1153 3344 1189 a
3399 1135 3612 1199 Festo,
3668 1137 3853 1204 accipe.

2237 1232 2425 1287 Festus
2462 1231 2675 1284 iautem
2721 1246 2832 1282 cum
2884 1231 3099 1283 venisset
3147 1232 3198 1282 in
3258 1228 3610 1295 provinciam
3663 1244 3852 1296 passes,

2238 1326 2463 1379 ascendit
2478 1324 2911 1392 Hierosolymam,
2938 1323 3156 1376 insidias
3174 1324 3489 1387 tendentes,
3510 1332 3570 1374 ut
3586 1339 3700 1374 eum
3717 1323 3856 1376 inter-

2237 1421 2444 1488 ﬁcerent
2466 1421 2520 1472 in
2538 1425 2638 1472 via.
2662 1417 2846 1472 Festus
2869 1433 2990 1488 ergo
3015 1417 3028 1467 i
3049 1459 3062 1482 ,
3089 1419 3373 1487 respondit
3403 1413 3644 1469 Paulum
3670 1417 3852 1485 quidem

2237 1514 2423 1565 servari
2450 1512 2503 1565 in
2525 1510 2777 1576 Cazsarea,
2800 1526 2854 1564 se
2874 1521 3042 1562 autem
3070 1511 3340 1563 maturius
3369 1510 3670 1577 proﬁcisci.
3694 1506 3854 1579 Itaque

2238 1605 2325 1673 qui
2355 1601 2377 1639 ¹ί
2410 1606 2540 1658 inter
2569 1618 2656 1656 vos
2682 1611 2820 1663 sunt,
2852 1600 3192 1666 descendant,
3221 1611 3297 1664 et,
3333 1605 3383 1654 si
3407 1601 3556 1670 quod
3582 1610 3658 1654 est
3688 1601 3736 1651 in
3760 1601 3849 1652 viro

2167 1689 2214 1748 B
2241 1700 2450 1759 crimen,
2481 1707 2720 1750 accusent
2752 1712 2884 1748 eum.
2919 1694 3227 1749 Demaratus
3266 1693 3285 1731 ι
3324 1712 3458 1766 ergo
3493 1696 3630 1748 inter
3656 1710 3739 1746 eos
3765 1711 3848 1746 non

2241 1791 2357 1859 plus
2383 1806 2536 1861 quam
2567 1799 2679 1842 acto
2701 1800 2791 1842 aut
2823 1789 2995 1842 decem
3027 1788 3156 1850 dies,
3180 1788 3472 1842 descendit
3493 1787 3845 1851 Ctvsaream,et

2239 1883 2401 1936 altero
2435 1883 2518 1937 die
2538 1883 2669 1937 sedit
2697 1899 2790 1953 pro
2819 1883 3099 1948 tribunali,
3130 1893 3178 1936 et
3195 1885 3375 1955 jussit
3406 1885 3569 1937 citari
3602 1883 3843 1936 Paulum:

2239 1977 2325 2047 qui
2350 1993 2464 2029 cum
2490 1976 2746 2030 adductus
2769 1987 2920 2041 esset,
2937 1986 3403 2030 circumsteterunt
3422 1993 3543 2030 eum
3568 1975 3755 2040 Judaei,
3772 1976 3843 2043 qui

2238 2086 2270 2123 a
2291 2079 2328 2105 ἠ
2358 2068 2727 2140 Hierosolymis
2749 2068 3139 2132 descenderant,
3165 2069 3340 2123 multa
3363 2080 3415 2124 et
3443 2073 3629 2140 gravia
3650 2069 3842 2122 crimina

2239 2161 2564 2234 objicientes,
2593 2178 2707 2229 qua:
2737 2161 2952 2228 probare
2988 2179 3089 2215 non
3118 2172 3370 2233 poterant
3402 2179 3422 2214 :
3467 2160 3646 2215 Paulo
3689 2171 3836 2215 autent

2237 2254 2485 2306 rationem
2512 2253 2784 2320 reddente,
2815 2255 2954 2323 quod
2995 2271 3154 2324 neque
3200 2255 3255 2307 in
3303 2253 3480 2325 legem
3524 2251 3834 2317 Judamrum,

2241 2361 2399 2413 neque
2425 2347 2479 2399 in
2507 2347 2752 2416 templum
2779 2387 2790 2410 ,
2821 2363 2982 2416 neque
3008 2348 3064 2400 in
3091 2345 3361 2400 Caesarem
3393 2348 3601 2416 aliquid
3635 2347 3830 2412 delique-

2239 2437 2306 2490 rit
2339 2435 2444 2507 (Ib.
2476 2453 2600 2502 xxv,
2643 2437 2720 2507 1).
2755 2438 3016 2492 Ethnicus
3055 2440 3343 2508 aequitatis
3374 2441 3524 2493 viam
3561 2442 3702 2493 inter
3731 2439 3833 2492 bea-

2241 2536 2350 2582 tum
2383 2528 2607 2582 Paulum
2637 2537 2692 2583 et
2731 2529 3104 2584 cohomicidas
3133 2541 3257 2585 tuos
3287 2531 3526 2586 Judmos
3569 2530 3759 2593 tenuit,
3785 2539 3828 2583 et

2241 2627 2297 2671 ιιι
2329 2618 2614 2672 desideriis
2648 2620 2910 2673 malarum
2945 2621 3370 2675 tnetlitationum
3408 2631 3626 2675 tuarum
3666 2633 3828 2689 parere

2239 2711 2465 2780 cupiens
2501 2714 2809 2780 aequitatem
2847 2713 3225 2780 justitiamque
3258 2711 3565 2767 tollendam
3593 2727 3656 2766 ex
3681 2709 3826 2764 sensi-

2238 2802 2338 2856 bus
2366 2817 2660 2858 censueras
2690 2805 2908 2858 nostris.
2937 2803 3044 2859 Sed
3074 2806 3358 2873 quomodo
3385 2806 3531 2860 istud
3563 2804 3730 2858 facere
3750 2817 3830 2871 po-

2241 2901 2519 2947 tueramus
2546 2894 2687 2963 quod
2721 2903 2772 2947 tu
2805 2895 2916 2948 ﬁeri
2948 2895 3182 2962 cogebas
3209 2909 3414 2950 contra
3439 2896 3728 2965 justitiam?
3748 2891 3822 2962 qui

2241 2987 2674 3041 meminissemus
2706 2988 2964 3056 scriptum
2999 3006 3010 3039 :
3063 2987 3242 3044 Nolite
3275 2989 3532 3062 judicare
3567 2991 3814 3043 secundum

2164 3069 2208 3131 C
2244 3098 2512 3150 personam
2543 3091 2593 3148 ιι,
2625 3081 2714 3135 sed
2746 3085 2957 3154 justum
2983 3083 3248 3152 judicium
3285 3085 3552 3155 judicate.
3602 3082 3820 3134 Damnata

2241 3174 2534 3228 inauditum
2566 3173 2687 3242 (Io.
2733 3189 2832 3238 vn,
2877 3172 3021 3242 24),
3067 3191 3174 3244 quo
3206 3175 3402 3230 dixisti
3444 3184 3818 3244 tempore,cur

2243 3283 2351 3321 non
2395 3275 2724 3321 memoratus
2762 3281 2820 3320 cs
2864 3265 3072 3321 dixisse
3118 3267 3533 3322 Nicodemum:
3583 3261 3816 3332 Numquid

2243 3361 2327 3414 lem
2352 3370 2528 3414 nostra
2550 3360 2757 3433 judicat
2802 3369 2826 3394 ο
2865 3360 2928 3412 de
2955 3362 3188 3425 homine,
3220 3364 3327 3416 nisi
3357 3361 3542 3415 audiat
3571 3359 3630 3412 ab
3655 3361 3752 3427 ipso
3776 3365 3813 3407 ct

2239 3461 2517 3524 coynoscat
2545 3451 2670 3521 quid
2697 3451 2871 3521 fecerit
2899 3450 3062 3523 (Ibid.
3093 3449 3222 3522 51)?
3250 3455 3366 3507 Cur
3409 3452 3629 3508 noluisti
3661 3443 3811 3502 audiri

2241 3561 2401 3616 quem
2432 3560 2580 3600 reum
2615 3545 2804 3599 utortis
2829 3545 3036 3611 dixisti,
3073 3544 3172 3599 nisi
3205 3549 3338 3616 quia
3374 3548 3505 3600 falsa
3533 3538 3810 3598 detulisses?

2243 3639 2386 3693 Dicit
2411 3639 2668 3692 Dominus
2690 3637 2755 3690 ad
2782 3637 3000 3692 Iud-.1105
3023 3655 3042 3692 :
3077 3639 3178 3704 Qui
3218 3642 3456 3711 loquitur
3493 3636 3803 3692 mendacium,

2243 3735 2307 3788 de
2335 3733 2730 3800 suOPloquitur,
2748 3733 2991 3801 quoniam
3018 3733 3242 3787 mendax
3270 3745 3346 3788 est
3364 3745 3414 3788 et
3439 3741 3578 3801 pater
3597 3733 3696 3802 ejus
3716 3723 3801 3794 (Ib.

2243 3842 2356 3891 vm,
2388 3823 2507 3896 44).
2539 3824 2607 3878 Ει
2636 3836 2713 3888 ιιι,
2743 3839 2866 3877 cum
2901 3833 2928 3873 ίι
2960 3823 3193 3878 mendax
3220 3839 3349 3880 esse
3385 3821 3656 3884 clarueris,
3687 3812 3804 3868 aesti-

2241 3940 2567 3993 intermedia
2601 3939 2854 4004 equidem
2888 3938 3250 3992 existimarim
3300 3939 3370 3993 ab
3415 3927 3800 4004 incttriOSOSi"e

2241 4012 2468 4063 librario
2512 4009 2626 4062 sive
2658 4003 3029 4078 typograpitu,
3060 4012 3146 4076 qtti
3193 4014 3394 4065 oculos
3437 4027 3462 4060 a
3499 4003 3800 4078 pra-cedente

2240 4095 2372 4134 voce
2423 4068 2903 4150 Hierosolgiitauad'
2941 4068 3260 4150 sequentem
3312 4068 3797 4150 converterit..(;ttl-

2239 4151 2382 4204 land.
2410 4151 2515 4205 Sed
2546 4143 2694 4204 care't
2717 4152 2878 4222 culpa
2913 4143 3308 4222 typtigrapbus,
3341 4169 3466 4206 cum
3499 4165 3557 4203 ca
3586 4143 3727 4199 verba
3751 4143 3794 4193 ιιι

2235 4223 2356 4291 ipso
2382 4223 2571 4277 codice
2597 4224 2797 4276 omissa
2822 4221 2989 4275 fuis~e
3015 4222 3192 4276 Tilius
3221 4224 3481 4278 affirmet.
3573 4287 3584 4291 _
3759 4280 3768 4289 ο

2312 4294 2324 4342 i
2367 4293 2524 4348 Vers.
2564 4298 2689 4347 Ant.
2734 4291 2922 4346 Festus
2960 4293 3186 4363 igitur...
3219 4295 3421 4349 servari
3452 4287 3672 4362 (omisso
3696 4287 3790 4352 qui.

611 4367 634 4439 ξ
676 4357 831 4413 Vers.
860 4365 985 4415 Ant.
1016 4361 1299 4432 Plusqumn
1322 4362 1760 4434 quadraginta....
1797 4365 2129 4432 fecissent....
2161 4385 2213 4444 D
2240 4363 2450 4444 dein);..
2491 4367 2864 4444 profecturum.

533 4427 630 4499 qui
650 4446 766 4483 cum
793 4447 989 4486 access.

607 4497 633 4535 ά
674 4499 830 4556 Vers.
863 4507 989 4573 ᾼιιι.
1021 4504 1101 4557 Ad
1146 4504 1404 4572 principes
1430 4506 1776 4564 sacerdotum.
1808 4515 1857 4558 et
1884 4507 2130 4573 seniores,

534 4569 776 4648 dixerunt
793 4589 819 4648 _:
848 4569 1449 4648 Devotione'devovimus
1477 4592 1570 4630 nos
1600 4577 1739 4648 ipsos
1767 4575 1897 4630 nihil
1922 4569 2132 4648 gustare

533 4639 762 4710 (omisso
786 4643 840 4696 in
868 4645 1074 4710 totum).

610 4718 633 4745 θ
678 4710 831 4765 Vcrs.
861 4717 986 4768 Ant.
1020 4710 1216 4768 Notum
1249 4717 1402 4782 facite
1435 4716 1639 4770 tribuno
1668 4733 1784 4769 cum
1816 4720 2125 4774 concilio....

531 4789 794 4850 tamquam
842 4782 1040 4853 aliquid
1085 4786 1381 4854 cognituros
1424 4788 1610 4840 certius
1658 4788 1722 4839 de
1761 4803 1818 4840 eo
1850 4804 1869 4841 :
1895 4806 1987 4843 nos
2036 4808 2130 4844 au-

527 4859 631 4904 tem
657 4862 763 4906 etc.

609 4921 626 4960 τ
669 4925 966 5000 Aberrasse,
1015 4926 1324 4994 declinasse,
1371 4945 1404 4981 a
1441 4929 1666 5000 justitia:
1708 4930 1887 4999 regula
1929 4930 2124 4985 disces-

525 4993 673 5047 sisse.
707 4994 808 5048 Til.

599 5073 626 5139 ti
668 5063 982 5139 consensum
1012 5067 1314 5139 praebuisse,
1339 5069 1422 5123 vel
1447 5072 1766 5125 consensisse
1789 5071 2014 5126 Judceis.
2047 5072 2122 5127 Id.

599 5136 628 5212 ξι
656 5136 815 5212 _l'.‘sse.
852 5137 936 5212 Id.
964 5136 1020 5192 et
1046 5139 1226 5192 Latin.
1257 5149 1312 5194 et
1340 5140 1587 5196 Galland.

599 5206 614 5242 ί
655 5206 860 5278 Desint
889 5210 974 5262 hic
1007 5215 1184 5278 plura,
1211 5228 1332 5278 qum
1354 5213 1582 5264 omnino
1605 5227 1670 5265 ex
1696 5212 1855 5265 Vers.
1882 5213 2009 5266 Ant.
2042 5211 2128 5266 in-

517 5277 772 5338 serenda,
798 5289 853 5332 ut
880 5277 1073 5334 sensus
1100 5277 1349 5345 constet;
1375 5281 1520 5346 ιμιοᾱ
1544 5281 1718 5335 'l‘ilius
1739 5284 1903 5336 etiam
1934 5293 1986 5335 et
2017 5281 2120 5336 La-

521 5348 686 5400 tinius
717 5349 1219 5406 animadverterunt
1247 5370 1259 5406 :
1297 5353 1480 5405 Festus
1512 5368 1631 5420 ergo
1675 5369 1792 5405 cum
1823 5357 2042 5406 venisset
2070 5355 2122 5408 in

517 5421 808 5494 provincia,
837 5433 951 5494 post
977 5423 1208 5475 triduum
1234 5425 1463 5477 ascendit
1491 5426 1542 5474 in
1569 5422 1934 5494 Hierosolyma
1961 5443 1992 5478 a
2010 5423 2122 5478 Cte-

517 5503 686 5563 sarea.
718 5491 1179 5563 Manifestaverunt
1205 5506 1376 5546 autem
1400 5495 1447 5546 ei
1471 5495 1725 5563 principes
1750 5491 2117 5555 sacerdotum.

515 5569 566 5627 ct
605 5560 800 5627 priores
829 5562 1138 5637 admoram
1156 5606 1174 5637 ._
1202 5566 1446 5627 adversus
1472 5560 1704 5617 Paulum
1733 5582 1750 5618 :
1782 5577 1828 5617 et
1872 5569 2120 5637 rogabant

515 5640 669 5703 cum,
691 5635 1004 5703 postulantes
1042 5635 1262 5703 gratiam
1291 5638 1540 5688 adversus
1570 5652 1706 5699 cuin,
1741 5645 1793 5689 ut
1835 5635 2120 5692 accerseret

510 5709 628 5750 eum
651 5700 704 5751 in
738 5699 1084 5769 Hierusalem,
1119 5704 1338 5758 insidias
1366 5709 1632 5774 facientes,
1661 5716 1738 5771 ut,
1771 5715 1876 5762 etc.
1902 5704 2118 5762 UtniSSa

2311 4425 2615 4489 li'Poténtes
2661 4435 2809 4489 addit
2854 4433 3029 4487 Latin.
3077 4443 3134 4488 et
3179 4434 3433 4490 Galland.
3469 4447 3530 4483 ex
3575 4425 3784 4493 Vulgata.

2238 4505 2396 4560 Vers.
2433 4509 2560 4558 Ant.
2595 4506 2696 4571 Qui
2723 4521 2845 4574 ergo
2871 4506 2922 4557 in
2954 4505 3117 4570 vobis,
3146 4506 3241 4573 ait,
3299 4514 3526 4575 potentes
3549 4509 3683 4560 sunt,
3707 4493 3783 4544 ἀοι

2235 4579 2556 4640 scendentes,
2584 4578 2696 4629 si...
2724 4576 3100 4630 illicitunvctc.

2311 4652 2329 4689 ι
2365 4647 2522 4702 Vers.
2553 4651 2680 4702 Ant.
2707 4645 3012 4700 Demaratus
3042 4657 3115 4700 est
3141 4658 3428 4703 autem.....
3456 4644 3560 4698 dies
3581 4654 3670 4693 non
3691 4647 3782 4687 am—

2237 4718 2372 4783 plius
2403 4728 2630 4772 orto.....
2665 4718 2975 4771 descendens
3004 4719 3178 4771 in.....
3209 4721 3261 4771 in
3305 4718 3576 4772 crastinum
3601 4711 3781 4786 sedem:

2223 4771 2385 4856 jussit
2427 4771 2653 4842 Paulum
2690 4789 2901 4842 adduci.
2935 4789 3247 4842 Adveniente
3270 4771 3439 4843 autem
3467 4802 3610 4840 eo....
3633 4779 3708 4847 (Ιω
3732 4771 3782 4823 ab

2234 4857 2600 4928 Hierosolyma
2625 4861 2852 4923 (nituisse
2881 4857 3177 4928 Judwi)....
3210 4862 3400 4913 multas
3431 4869 3476 4910 et
3496 4865 3656 4928 graves
3680 4858 3780 4898 cau-

2231 4944 2314 5001 s_as
2335 4924 2630 5001 objicientes
2661 4929 2846 4993 Paulo,
2877 4946 3005 4998 quas
3037 4924 3139 4983 non
3171 4932 3432 4985 vincebant
3455 4924 3772 5000 probam..."

2235 4997 2488 5062 Quoniam
2527 5018 2800 5071 neque.....
2829 4997 3110 5070 quidquam
3151 5003 3374 5070 peccavi.

2301 5072 2440 5124 ιιι.Αὸ
2475 5074 2597 5141 legit
2639 5072 2824 5126 Sabat.

2263 5211 2274 5221 .
2301 5149 2328 5176 τι
2359 5142 2492 5195 Cum
2527 5126 2630 5197 ius.
2657 5142 2969 5213 Cantrabig.
3004 5143 3146 5212 apud
3176 5143 3359 5198 Sabat.
3393 5141 3540 5196 Vers.
3573 5135 3683 5188 Ant.
3710 5126 3774 5194 ἴα·

2227 5227 2373 5266 crent.

2301 5290 2324 5316 ο
2359 5281 2508 5337 Vcrs.
2555 5283 2682 5338 Ant.
2719 5283 2933 5337 Iudicat
2978 5285 3260 5353 hominem,
3308 5285 3405 5338 nisi
3445 5272 3646 5353 audity'il
3677 5279 3766 5336 W‘

2226 5369 2373 5426 mum
2383 5354 2460 5426 _ab
2491 5357 2622 5421 ipso,
2654 5363 2702 5409 et
2722 5357 3019 5426 cognoverit
3048 5345 3273 5426 primum
3299 5357 3416 5423 quid
3444 5345 3592 5421 fecit?
3623 5415 3633 5426 _

2300 5433 2324 5472 ρ
2358 5408 2522 5478 νει-μί
2548 5408 2692 5481 Ant.
2711 5408 2940 5480 Exasuis
2964 5408 3323 5497 pro'priis.....'
3347 5408 3566 5496 quia"...
3593 5414 3704 5466 sicut
3725 5408 3762 5456 tt

2225 5508 2388 5568 pater:
2400 5499 2534 5568 ejus.

2228 5544 2251 5626 _r
2298 5576 2324 5614 τι
2350 5544 2480 5620 Cain
2525 5567 2636 5621 luce
2683 5569 2872 5621 clarius
2914 5570 2980 5621 sit
3019 5579 3064 5622 te
3109 5571 3539 5626 mendacemessci
3570 5564 3612 5608 εί
3645 5544 3758 5621 [am

2224 5647 2402 5691 contra
2432 5641 2767 5693 Athanasium
2793 5639 3005 5695 dixisse.
3041 5640 3146 5695 Til.
