4094 6190
291 207 388 262 921

1365 208 1501 264 PRO
1540 207 1812 265 SANC’IO
1850 205 2244 264 ATHANASIO
2282 208 2413 263 LIB.
2457 208 2522 264 II.

3479 209 3586 266 992

289 339 404 381 mas
449 339 555 382 non
601 337 653 382 te
678 342 799 383 esse
848 328 1015 383 filium
1062 329 1339 383 mendacis
1359 368 1375 391 ,
1424 337 1481 381 et
1525 326 1694 382 audes
1740 324 1882 381 filius
1909 329 1958 388 A
1989 338 2114 381 suos
2146 324 2290 379 Deus
2315 340 2503 382 servos
2535 335 2780 397 pastores
2805 342 2927 383 esse
2959 327 3131 382 voluit
3156 341 3319 397 supra
3344 342 3587 399 gregem,

286 419 566 475 mendacis
596 425 852 477 resistere
885 421 1169 478 veracibus
1200 422 1355 477 fallax
1385 421 1597 475 Domini
1630 419 1883 474 sacerdo-

287 511 465 566 tibus?
491 514 787 583 sacrilegus
820 523 873 567 tu
914 514 1106 575 audes,
1156 528 1315 583 quem
1360 514 1706 567 advertamns
1757 524 1882 564 esse

285 603 555 658 latronem
581 618 742 675 atque
765 604 936 659 furem
963 606 1136 669 illum,
1157 620 1316 674 quem
1343 603 1746 673 prmostenderit
1772 603 1879 657 Do-

285 697 467 750 minus
494 696 682 751 dicens
711 714 723 749 :
757 697 936 757 Amen,
968 715 1116 751 auten
1130 698 1244 750 dico
1260 697 1396 751 vobis
1420 705 1467 761 ³,
1492 697 1578 765 qui
1601 712 1701 748 non
1723 696 1880 749 intrat

285 805 378 860 per
401 789 617 858 ianuam
650 790 703 842 in
732 789 861 842 ovile
900 790 1091 855 ovium,
1123 791 1213 842 sed
1240 790 1325 858 qui
1347 788 1578 842 ascendit
1603 804 1693 857 per
1721 787 1880 839 aliam

284 892 507 951 partem,
532 882 620 935 ille
647 882 735 950 fur
756 893 828 935 est
849 894 895 935 et
918 880 1407 953 latro(.loan.s,1).
1437 880 1736 935 Porrexisti
1760 880 1880 949 qui-

283 972 405 1029 dem
431 990 622 1027 manus
656 973 721 1026 ad
745 972 944 1027 Christi
982 989 1113 1028 oves
1139 973 1461 1027 antichrislo
1488 972 1876 1038 vindicandas;

282 1068 376 1122 sed
411 1077 465 1119 ut
494 1082 554 1121 es
581 1067 797 1137 agnitus
822 1067 907 1121 fur
933 1078 1096 1136 atque
1120 1070 1278 1134 latro,
1302 1083 1361 1123 es
1383 1070 1580 1121 vitatus
1608 1079 1770 1138 atque
1796 1083 1880 1122 re-

275 1158 473 1230 jectus.
493 1158 600 1213 (Iur
618 1168 670 1215 te
693 1161 774 1214 vel
790 1162 1221 1230 consacrilegum
1241 1171 1390 1215 tuum
1408 1162 1701 1231 Georgium
1721 1160 1747 1199 ι)
1772 1176 1878 1216 non

278 1261 406 1307 sunt
432 1260 634 1307 secuta:
661 1268 790 1306 oves
810 1253 943 1307 Dei?
970 1252 1077 1307 Cur
1110 1253 1284 1320 illum,
1304 1271 1464 1322 quem
1495 1270 1615 1309 esse
1637 1254 1880 1309 Alexan-

276 1341 563 1397 drinorum
586 1343 883 1398 fortissime
906 1358 965 1399 es
985 1344 1176 1399 dolens
1201 1348 1537 1416 episcopum,
1553 1346 1880 1416 sequuntur?

279 1440 382 1494 nisi
428 1442 555 1510 quia
600 1442 750 1495 illum
797 1442 1013 1510 quidem
1067 1442 1367 1497 instituerit
1412 1443 1519 1497 illis
1565 1446 1879 1511 episcOpum

279 1532 424 1588 Deus
446 1574 463 1597 ,
494 1543 549 1588 te
575 1548 705 1587 vero
731 1543 893 1603 atque
922 1534 1214 1604 Georgium
1260 1535 1324 1589 ad
1375 1536 1684 1590 mactandas
1718 1545 1771 1589 ut
1805 1537 1881 1589 la-

282 1634 468 1681 trones
505 1634 557 1680 et
604 1626 753 1681 fures
802 1619 1091 1681 immiserit
1139 1628 1407 1681 diabolus.
1447 1628 1549 1693 Qui
1593 1632 1751 1682 intrat
1792 1646 1881 1698 per

1985 424 2041 470 ut
2073 426 2123 472 te
2149 432 2214 471 ac
2237 429 2356 473 tuos
2376 429 2776 489 cognoscentes
2807 420 3047 475 latrones
3072 435 3194 475 esse
3221 435 3283 475 ac
3306 420 3455 476 fures
3479 420 3595 489 pel-

1982 509 2175 564 lerent.
2201 510 2308 565 Sed
2334 522 2389 565 tu
2416 511 2618 567 idcirco
2645 522 2697 568 te
2726 528 2790 568 ac
2819 522 2961 578 tuos,
2993 512 3164 583 pulsis
3187 511 3346 566 nobis
3378 511 3471 567 Dei
3504 528 3594 567 or-

1983 602 2428 673 diuatisjndicio,
2474 620 2710 674 przeesse
2756 606 2907 674 gregi
2955 604 3236 660 dominico
3286 604 3587 670 censuisti,

1981 710 2088 764 quo
2113 697 2289 763 possis
2312 695 2481 751 libere
2511 696 2563 751 in
2594 697 2684 751 Dei
2710 697 2944 765 grassari
2974 712 3213 766 gregem.
3247 697 3376 750 Cum
3400 697 3475 750 sis
3508 705 3591 749 ta-

1980 789 2069 854 lis,
2102 788 2288 842 mirari
2332 806 2440 843 non
2488 789 2793 859 poterimus
2833 791 2961 859 quia
3004 789 3211 844 dixeris
3251 789 3585 859 puniendum

1981 882 2267 934 absentem
2292 880 2387 934 Dei
2419 883 2707 935 cultorem.
2741 880 2929 951 Neque
2961 882 3105 935 enim
3140 880 3378 936 retinere
3401 893 3589 949 potue-

1982 986 2071 1025 ras
2096 971 2296 1026 dixisse
2329 971 2618 1026 Dominum
2651 989 2664 1025 :
2700 972 2761 1026 Si
2799 972 3016 1043 diligitis
3056 989 3170 1035 me,
3194 972 3439 1026 mandata
3471 988 3584 1027 mea

1981 1076 2174 1120 servate
2197 1064 2222 1103 λι
2247 1084 2265 1120 :
2296 1076 2343 1119 et
2367 1083 2460 1137 ego
2499 1065 2692 1138 rogabo
2735 1064 2970 1131 Patrem,
3010 1076 3056 1120 et
3096 1067 3253 1120 alium
3279 1066 3584 1122 advocatum

1984 1158 2125 1212 dabit
2153 1158 2314 1223 vobis,
2346 1169 2401 1212 ut
2431 1159 2689 1212 vobiscum
2721 1159 2787 1211 sit
2814 1160 2867 1211 in
2891 1169 3140 1212 teternum
3163 1159 3375 1230 spiritus
3400 1159 3589 1212 verita-

1982 1253 2067 1315 tis,
2100 1268 2249 1320 quem
2292 1253 2514 1306 mundus
2540 1267 2642 1304 non
2672 1260 2838 1321 potest
2881 1251 3149 1319 accipere,
3195 1251 3437 1321 quoniam
3484 1268 3585 1304 non

1983 1344 2118 1399 videt
2145 1345 2293 1398 illum
2320 1362 2410 1398 nec
2439 1346 2694 1415 agnoscit;
2726 1360 2813 1398 vos
2839 1346 3125 1415 agnoscitis
3150 1362 3263 1400 eum
3282 1386 3298 1411 ,
3341 1346 3585 1415 quoniant

1984 1438 2237 1492 vobiscum
2290 1447 2460 1491 manet
2501 1447 2548 1490 et
2598 1439 2649 1491 in
2688 1437 2829 1491 vobis
2860 1446 2934 1490 est
2964 1437 3138 1503 (Ibid.
3172 1452 3286 1504 XIV,
3320 1435 3444 1507 15).
3476 1436 3585 1491 Sed

1984 1531 2089 1597 dic,
2124 1546 2220 1585 oro
2253 1541 2325 1596 te,
2351 1531 2624 1602 quomodo
2656 1530 2827 1599 possit
2857 1530 2909 1584 in
2944 1529 3101 1583 nobis
3134 1529 3382 1585 habitare
3411 1529 3584 1599 Spiri-

1986 1631 2070 1676 tus
2094 1631 2308 1675 sanctus
2342 1621 2653 1690 paruelitus,
2682 1620 2724 1675 si
2761 1629 2907 1673 tuam
2937 1620 3022 1676 vel
3054 1620 3220 1689 patris
3247 1620 3326 1674 tui
3357 1620 3583 1676 fecisse-

271 1722 514 1791 januum,
549 1719 745 1789 inquit,
789 1732 967 1791 pastor
990 1728 1063 1773 est
1094 1722 1265 1774 ovium
1291 1738 1308 1774 :
1336 1722 1457 1775 huic
1486 1723 1725 1775 ostiarius
1752 1740 1875 1791 ape-
1907 1719 1952 1778 Β
1982 1729 2100 1768 IIIUS
2130 1713 2499 1767 VOIUMMCIII?
2524 1711 2664 1767 Ιηῗνίὶ
2691 1712 2876 1777 “iam,
2905 1712 3007 1779 Qlli
3030 1713 3198 1778 αυάῖτ,
3228 1713 3423 1783 imiimi
3451 1729 3587 1785 Ῥητ-

278 1810 369 1871 rit,
401 1820 448 1863 et
491 1826 606 1863 oves
646 1810 866 1863 audiunt
892 1826 1065 1863 vocem
1088 1814 1200 1882 ejus
1219 1853 1233 1876 ,
1266 1820 1311 1865 et
1341 1828 1460 1865 suas
1486 1830 1598 1867 oves
1624 1822 1771 1867 vocat
1793 1830 1884 1867 no-

282 1903 611 1965 minatim,.et
626 1903 793 1957 educit
817 1904 960 1965 illas;
982 1913 1029 1956 et
1057 1920 1173 1956 cum
1194 1922 1313 1958 suas
1332 1922 1504 1959 omnes
1529 1907 1754 1977 ejecerit,
1770 1907 1837 1959 ad
1858 1917 1877 1943 ε

278 1994 402 2048 illas
424 1995 584 2058 vadit,
610 2004 659 2048 et
704 2010 819 2049 oves
862 2011 977 2048 eum
998 2007 1301 2064 sequuntur,
1332 1999 1455 2066 quia
1477 2008 1729 2051 noverunt
1756 1995 1779 2034 ἀ
1805 2014 1883 2051 vo-

281 2103 389 2141 cem
418 2090 559 2160 ejus;
590 2089 807 2141 alterum
849 2104 948 2141 non
979 2100 1286 2157 sequuntur,
1314 2096 1403 2143 sed
1442 2090 1647 2163 fugiunt
1675 2090 1736 2169 ab
1767 2090 1879 2155 illo,

281 2180 404 2248 quia
432 2181 665 2232 nesciunt
689 2182 802 2251 ejus
828 2194 1000 2232 vocem
1029 2179 1191 2251 (Ibid.
1226 2180 1308 2251 ‘2).
1340 2181 1472 2249 Quia
1509 2182 1667 2251 igitur
1694 2191 1747 2234 tu
1776 2198 1882 2235 non

284 2270 580 2326 intraveris
607 2287 705 2342 per
730 2274 950 2339 jannam
986 2274 1036 2325 iu
1090 2274 1402 2334 ecclesiam.
1436 2276 1570 2329 latro
1605 2290 1727 2329 esse
1753 2291 1885 2329 con-

283 2363 512 2433 spiceris
546 2373 710 2434 atque
743 2364 825 2417 fur
855 2382 869 2419 :
897 2380 999 2419 non
1032 2367 1176 2419 enim
1198 2366 1341 2420 nosti
1370 2366 1463 2421 Dei
1492 2367 1686 2421 Filium
1719 2377 1777 2421 ut
1806 2368 1886 2422 di-

282 2463 447 2509 caste
473 2455 705 2509 intrasse
734 2470 831 2525 per
850 2455 1065 2525 ianuam
1100 2474 1113 2510 :
1144 2458 1411 2526 siquidem
1446 2459 1536 2515 ille
1557 2474 1653 2515 eos
1678 2459 1887 2515 diceret

284 2554 340 2599 et
363 2547 513 2599 fures
541 2556 595 2602 et
619 2548 1023 2618 latrones,quia
1054 2558 1109 2603 et
1140 2558 1270 2604 tunc
1297 2565 1400 2603 nou
1432 2553 1654 2606 fuerunt
1685 2553 1735 2605 in
1767 2552 1885 2621 ejus

284 2638 630 2694 clementiam
666 2642 904 2695 divinam
937 2642 1259 2706 credentes,
1293 2659 1392 2697 nec
1418 2644 1676 2714 deinceps
1698 2655 1886 2700 essent

284 2732 573 2800 credituri,
607 2744 663 2789 et
696 2736 854 2790 aliter
887 2736 1119 2792 fuissent
1157 2738 1379 2793 erudire
1411 2755 1543 2794 oves
1585 2740 1735 2794 illius
1768 2750 1885 2795 ten-

285 2827 476 2881 taturi.
504 2826 670 2897 Igitur
691 2842 813 2882 cum
843 2842 895 2882 ιιι
930 2828 1054 2883 hinc
1080 2840 1102 2866 θ
1126 2830 1426 2885 doctrinam
1456 2847 1718 2902 spargens
1745 2834 1886 2887 insa-

284 2933 409 2972 nam
437 2919 544 2983 sis,
573 2920 717 2988 quod
747 2922 890 2974 enim
921 2937 1026 2975 non
1073 2924 1124 2976 in
1166 2939 1290 2977 eum
1334 2924 1668 2989 credideris,
1701 2927 1885 2995 utique

281 3027 405 3067 esse
432 3013 571 3067 latro
596 3015 688 3069 ille
714 3025 876 3086 atque
899 3016 1006 3081 fur,
1038 3017 1129 3086 qui
1153 3018 1263 3085 jam
1290 3028 1415 3073 tunc
1448 3020 1886 3087 prmostendeba-

1987 1821 2133 1881 cepta
2161 1808 2176 1847 ι
2214 1827 2351 1874 utea,
2389 1818 2435 1863 et
2457 1810 2674 1862 custodit
2702 1818 2740 1844 ιη
2765 1808 2888 1872 illa,
2921 1808 3009 1861 ille
3040 1817 3114 1861 est
3149 1808 3240 1877 qui
3281 1824 3359 1862 nte
3391 1808 3582 1879 diligit.

1991 1903 2092 1969 Qui
2121 1913 2289 1957 autem
2318 1918 2397 1955 me
2423 1902 2613 1973 diligit,
2644 1901 2887 1971 diligetur
2917 1917 2947 1953 a
2968 1898 3127 1953 Patre
3157 1916 3289 1965 meo,
3318 1909 3364 1952 et
3388 1916 3478 1969 ego
3506 1901 3587 1952 di-

1988 1996 2141 2066 ligam
2162 1996 2331 2061 illum,
2372 2006 2420 2048 et
2448 1994 2711 2049 ostendam
2740 1993 2820 2047 illi
2859 1992 3133 2061 meipsum.
3166 1992 3249 2044 Ait
3289 1990 3367 2044 illi
3411 1987 3582 2045 Judas

1988 2105 2089 2143 non
2120 2087 2358 2144 Scarioth
2382 2096 2408 2123 η
2442 2103 2460 2141 :
2491 2087 2709 2141 Domine
2734 2085 2859 2155 quid
2887 2087 3082 2156 factum
3110 2094 3216 2147 est,
3244 2084 3383 2153 quod
3412 2084 3581 2137 maui-

1988 2184 2144 2253 festas
2170 2193 2217 2234 te
2244 2181 2406 2245 nobis,
2437 2189 2609 2233 etnon
2638 2178 2759 2231 huic
2788 2177 3018 2231 mundo?
3046 2175 3330 2248 Respondit
3359 2174 3514 2230 Iesus
3536 2186 3586 2229 et

1987 2274 2117 2328 dixit
2144 2275 2221 2328 illi
2251 2291 2270 2328 :
2298 2275 2357 2329 Si
2394 2274 2508 2343 quis
2537 2288 2617 2325 me
2657 2270 2861 2341 diligit,
2896 2285 3179 2323 sermonem
3218 2283 3385 2322 meum
3411 2279 3581 2347 custo-

1988 2370 2112 2435 diet,
2138 2379 2185 2422 et
2215 2367 2375 2421 Pater
2396 2384 2534 2421 meus
2559 2366 2733 2436 diliget
2759 2366 2929 2429 illum,
2953 2373 3001 2417 et
3031 2362 3099 2415 ad
3128 2362 3277 2415 illum
3304 2362 3583 2426 veniemus,

1988 2476 2033 2519 et
2065 2465 2205 2535 apud
2234 2482 2344 2518 eum
2372 2464 2709 2517 manebimus.
2738 2462 2839 2527 Qui
2869 2478 2969 2516 non
2998 2478 3075 2515 me
3105 2459 3296 2531 diligit.
3326 2475 3584 2514 sermones

1990 2573 2123 2610 meos
2175 2574 2276 2610 non
2315 2554 2537 2609 custodit
2580 2554 2772 2622 (lbid.,
2811 2552 2927 2623 21).
2963 2552 3037 2605 Ex
3087 2551 3170 2605 his
3209 2550 3420 2605 Domini
3457 2568 3583 2620 pro-

1990 2650 2447 2713 nuntiationibus,
2478 2662 2637 2719 quam
2671 2646 2919 2699 inimicus
2949 2653 3129 2698 noster
3153 2644 3460 2709 exstiteris,
3496 2659 3591 2713 po-

1991 2753 2095 2800 test
2123 2744 2318 2812 conjici
2346 2761 2358 2795 :
2391 2742 2493 2807 Qui
2518 2741 2665 2795 audit
2707 2741 2953 2793 mandata
2992 2755 3101 2792 mea
3128 2748 3173 2791 et
3204 2738 3427 2793 custodit
3456 2740 3550 2792 illa
3569 2780 3585 2804 ,

1988 2837 2078 2891 ille
2101 2845 2176 2888 est
2204 2835 2291 2904 qui
2320 2850 2399 2887 me
2424 2833 2594 2905 diligit
2626 2830 2847 2903 (Ibid.).
2879 2830 3163 2897 Quomodo
3197 2829 3454 2884 dilexisse
3487 2845 3586 2885 nos

1989 2943 2111 2983 eum
2144 2926 2600 2989 monstrabantus,
2631 2926 2697 2990 si,
2730 2932 2789 2978 ut
2820 2934 2896 2990 tu,
2924 2922 3173 2978 mandata
3203 2923 3322 2992 ejus
3347 2923 3589 2978 calcare-

1991 3022 2134 3077 mus‘?
2161 3022 2377 3077 calcans
2405 3036 2463 3076 es
2491 3020 2691 3075 etenim
2721 3017 2991 3073 dominica
3034 3018 3314 3083 mandata;
3357 3032 3588 3086 cmnqne

282 3107 381 3169 ris,
403 3122 467 3160 ex
493 3106 824 3176 blasphemis
851 3106 869 3145 ί
900 3109 1002 3162 tuis
1023 3108 1467 3167 manifestissime
1488 3112 1879 3182 comprobaris.
1913 3107 1957 3168 C.
1989 3115 2079 3171 ille
2099 3115 2305 3170 servari
2328 3113 2600 3177 sanxerit,
2618 3122 2670 3165 tu
2695 3128 2798 3166 non
2825 3118 3029 3165 tantum
3055 3126 3161 3163 non
3184 3124 3303 3164 esse
3322 3107 3590 3162 servanda

282 3197 437 3263 Quod
469 3197 541 3251 ita
572 3213 697 3253 esse
744 3199 939 3269 probat
978 3202 1261 3270 sequentia
1306 3213 1330 3250 κ
1374 3204 1832 3273 pronuntiationis
1866 3222 1880 3259 :

282 3291 358 3345 ait
387 3290 453 3344 ad
480 3291 603 3345 illos
629 3292 791 3346 Iesus
818 3310 830 3343 :
862 3292 1041 3357 Amen,
1072 3310 1220 3347 amen
1245 3295 1387 3348 dicos
1415 3296 1574 3361 vobis,
1603 3313 1693 3366 ego
1715 3294 1744 3332 ιι
1771 3312 1884 3350 sum

272 3382 443 3452 janua
475 3384 660 3437 ovium.
692 3381 883 3437 Omnes
912 3385 1216 3453 quicumque
1242 3397 1484 3441 venerunt
1510 3399 1629 3441 ante
1660 3386 1673 3424 ί
1707 3404 1803 3454 me,
1835 3396 1882 3442 et

282 3478 424 3545 fures
446 3485 563 3529 sunt
588 3486 635 3530 et
662 3476 909 3540 latrones,
928 3476 1020 3530 sed
1043 3494 1142 3530 non
1168 3479 1443 3534 audierunt
1467 3481 1583 3534 illos
1606 3496 1739 3533 oves.
1769 3479 1880 3551 Ego

281 3583 395 3621 sum
411 3571 583 3639 janua
612 3569 627 3618 i
652 3585 666 3633 ;
696 3570 741 3621 si
779 3570 891 3638 quis
922 3587 1014 3639 per
1044 3588 1123 3623 me
1146 3571 1445 3637 intraverit,
1476 3573 1646 3627 salvus
1674 3575 1800 3639 erit,
1831 3582 1879 3628 et

281 3658 507 3722 intrabit,
529 3668 576 3714 et
594 3677 785 3732 pascua
812 3662 1057 3728 inveniet;
1087 3667 1172 3731 fur
1199 3681 1299 3717 non
1328 3666 1481 3729 venit,
1512 3666 1610 3718 nisi
1651 3675 1707 3718 ut
1737 3668 1877 3737 {ure-

281 3760 365 3805 tur
394 3747 557 3816 (Ibid.
611 3752 690 3822 7).
722 3750 767 3806 Ο
819 3764 873 3806 ιιι
919 3754 1102 3822 itaque
1147 3752 1251 3820 fur,
1286 3755 1374 3823 qui
1414 3755 1481 3809 ad
1514 3755 1616 3809 hoc
1647 3757 1879 3812 intrasse

266 3842 379 3897 (Dei
405 3845 697 3899 inveniaris
718 3846 879 3911 ovile,
906 3856 963 3901 ut
988 3846 1239 3901 videlicet
1268 3848 1463 3903 fuisses
1490 3851 1692 3904 furatus
1721 3860 1775 3905 et
1804 3852 1884 3905 in-

283 3937 579 4004 terficeres,
604 3956 708 4010 qua
737 3941 916 3996 adhuc
944 3957 1076 3996 voce
1106 3944 1308 4011 poteris
1338 3943 1520 3999 dicere
1546 3962 1558 3997 :
1592 3943 1755 3999 Debet
1778 3963 1878 3999 non

278 4045 389 4083 esse
413 4032 675 4103 episcopus
699 4035 1012 4089 Athanasius
1056 4037 1553 4105 Alexandrinorum,
1594 4040 1685 4093 sed
1716 4039 1879 4095 Geor-

277 4123 416 4193 gius,
439 4126 656 4193 quando
683 4126 864 4180 videas
889 4137 940 4181 te
969 4128 1284 4197 Georgium,
1319 4133 1399 4185 vel
1433 4143 1658 4186 cunctos
1689 4148 1879 4187 consa-

279 4216 511 4287 crilegos
530 4229 743 4274 vestros
766 4234 870 4274 non
905 4234 1025 4274 esse
1048 4220 1193 4276 aliud
1225 4223 1326 4275 nisi
1359 4222 1503 4276 fures
1532 4223 1879 4291 aelatrones?

1994 3210 2237 3271 mandes,
2262 3209 2355 3264 sed
2379 3216 2435 3263 et
2457 3208 2628 3277 ipsum
2653 3206 2836 3275 negari
2864 3205 3177 3273 praecipias:
3201 3210 3292 3255 aut
3314 3200 3587 3271 quomodo

1991 3320 2079 3359 me
2109 3303 2269 3358 Pater
2290 3303 2478 3373 ipsius,
2509 3310 2791 3372 pr0pterea
2814 3299 2954 3370 quod
2982 3297 3309 3352 servaverim
3335 3295 3589 3350 mandata

1940 3450 1947 3456 _
1990 3396 2109 3451 Filii
2154 3397 2299 3463 ejus,
2330 3410 2513 3448 amare
2558 3392 2784 3461 poterit,
2819 3392 2863 3447 si
2906 3391 3158 3445 damnent
3205 3390 3587 3445 innocentem?

1992 3489 2128 3543 Dicit
2159 3488 2327 3542 Filius
2357 3487 2450 3543 Dei
2481 3503 2493 3539 :
2523 3486 2585 3540 Si
2624 3486 2738 3554 quis
2773 3502 2851 3539 me
2880 3484 3079 3556 diligit,
3108 3498 3388 3538 sermonem
3418 3498 3584 3536 meum

1987 3581 2265 3645 custodiet,
2297 3588 2345 3634 et
2378 3578 2534 3633 Pater
2560 3594 2702 3631 meus
2740 3577 2915 3647 diliget
2945 3576 3123 3639 illum,
3163 3585 3209 3627 et
3239 3574 3307 3626 ad
3328 3574 3477 3627 illum
3505 3589 3588 3627 ve-

1988 3674 2213 3739 niemus,
2245 3682 2291 3725 et
2332 3670 2471 3742 apud
2513 3670 2661 3724 illum
2706 3668 3019 3722 manebimus
3054 3665 3219 3738 (Ibid.
3252 3664 3387 3737 25):
3431 3674 3487 3721 et
3531 3674 3586 3720 tu

1986 3764 2145 3830 dicis,
2175 3778 2296 3819 esea
2342 3761 2482 3833 ignis
2512 3771 2753 3830 apostata
2776 3803 2790 3825 ,
2820 3759 3076 3813 Damnate
3102 3763 3439 3812 innocentem.
3470 3756 3589 3825 Quo

1984 3870 2183 3926 genere
2208 3855 2303 3910 Dei
2334 3854 2562 3923 diligere
2585 3852 2786 3907 inventi
2817 3850 3108 3904 fuissemus
3139 3848 3362 3912 Filium,
3390 3850 3433 3901 si
3459 3862 3591 3901 coo-

1986 3956 2066 4001 tra
2097 3946 2347 4001 mandata
2377 3947 2546 4017 ipsius
2573 3945 2947 4015 jugularemus
2975 3944 3151 3996 virum
3179 3942 3421 4011 justum?
3446 3941 3589 4007 Quo-

1986 4039 2148 4093 modo
2175 4039 2288 4095 fieri
2318 4047 2528 4108 poterat
2553 4048 2609 4092 ut
2638 4037 2887 4107 diligeret
2913 4050 3011 4090 nos
3035 4034 3222 4098 Pater,
3254 4046 3307 4088 et
3337 4033 3590 4091 venirent

1987 4134 2146 4188 Pater
2166 4145 2221 4189 et
2243 4133 2432 4199 Filius,
2452 4142 2507 4189 et
2531 4132 2822 4187 mansitare
2844 4130 3047 4200 dignati
3075 4130 3301 4184 fuissent
3327 4129 3378 4182 in
3408 4130 3584 4193 nobis,

1984 4227 2031 4281 si
2064 4228 2431 4283 rescindentes
2458 4227 2673 4281 Domini
2716 4223 2967 4279 mandata
2990 4264 3005 4286 ,
3042 4233 3126 4276 tua
3161 4223 3413 4293 sacrilegi
3444 4238 3588 4293 prte-

354 4392 381 4419 ι
412 4383 570 4457 Yers.
606 4384 735 4439 Ant.
769 4384 931 4438 Amen
959 4383 1253 4453 dico....'\in
1274 4394 1556 4436 cortem....
1592 4383 1681 4436 sed
1708 4400 1883 4438 ascen-
1909 4388 1963 4448 D
1988 4384 2113 4439 Cum
2144 4398 2310 4442 autem
2341 4404 2550 4442 oves....
2575 4385 2900 4457 produxerit,
2931 4392 3049 4435 ante
3078 4382 3196 4435 illas
3218 4380 3384 4434 vadet.
3410 4380 3585 4435 Gra‘c.

280 4456 360 4526 dit
388 4454 495 4508 alia
530 4466 696 4526 parte.

351 4525 379 4564 δ
412 4530 761 4594 Quantopere
801 4542 829 4579 a
856 4525 1075 4594 Georgii
1106 4526 1491 4580 communione
1520 4525 1884 4580 abhorrerent

278 4596 662 4662 Alexandrini,
686 4598 787 4666 ipsi
816 4608 1085 4652 testantur
1116 4597 1167 4649 in
1204 4597 1384 4650 libello
1413 4596 1572 4663 paulo
1602 4606 1729 4649 ante
1770 4612 1881 4651 me-

280 4677 498 4723 morato
530 4685 541 4718 :
576 4667 635 4723 Si
665 4670 883 4721 edictum
914 4668 1162 4735 principis
1188 4678 1284 4729 est,
1308 4679 1363 4721 ut
1393 4669 1444 4721 in
1475 4684 1568 4720 nos
1598 4670 1881 4739 persecutio

279 4739 445 4809 ﬁeret,
480 4741 647 4803 parati
673 4756 847 4793 sumus
869 4756 1043 4793 omnes
1070 4741 1138 4791 ad
1162 4741 1463 4808 martyrium
1487 4738 1878 4795 subeundum...

279 4810 737 4875 obsecramusque,
772 4822 824 4863 ut
864 4812 1213 4870 obtineamus,
1248 4826 1309 4862 ne
1348 4811 1455 4864 illis
1498 4811 1712 4864 liberum
1756 4812 1877 4875 ﬁat,

279 4882 440 4934 alium
464 4879 781 4952 Episcopum
798 4884 1143 4945 introducere,-
1161 4881 1301 4951 quod
1322 4898 1384 4935 ne
1405 4882 1549 4951 ﬁeret
1576 4882 1879 4952 restitimus,

278 4952 622 5005 Athanasium
661 4950 1135 5006 reterendissimum
1168 4950 1537 5017 desiderantes,
1567 4969 1714 5019 quem
1746 4950 1883 5006 Deus

277 5030 342 5076 ab
372 5023 520 5076 initio
570 5025 713 5076 nobis
758 5026 900 5078 dedit
939 5026 1221 5093 secundum
1268 5026 1637 5077 successionem
1678 5034 1883 5093 patrum

278 5105 592 5156 nostrorum,
626 5111 771 5162 quem
816 5098 925 5164 ipse
962 5092 1291 5149 Constantius
1323 5095 1745 5163 res'igiOsissimus
1774 5093 1885 5147 Au-

276 5177 461 5236 gustus
488 5182 603 5218 cum
631 5167 816 5218 litteris
836 5167 1247 5236 juramentisque
1274 5167 1373 5217 Ituc
1402 5168 1560 5219 misit.
1591 5168 1722 5231 Qua:
1754 5180 1884 5218 να·ιο

277 5247 571 5291 consecuta
603 5246 758 5299 sunt,
791 5239 969 5291 caedes
990 5278 1003 5299 ,
1031 5237 1254 5299 cssdia,
1287 5236 1683 5304 publicationcs
1716 5236 1885 5288 hono-

276 5324 421 5371 rum,
459 5308 893 5374 proscriptiones
941 5310 991 5360 in
1021 5316 1133 5361 tota
1177 5307 1347 5361 ferme
1373 5306 1725 5361 Alexandrini
1761 5308 1886 5373 Epi—

279 5389 540 5447 SCtip.tlIts
585 5379 811 5434 (IlCBt'CSi
861 5381 1069 5447 integro
1100 5379 1269 5432 ferme
1309 5382 1574 5433 sexennio
1602 5393 1775 5445 usque
1818 5379 1885 5432 ad

280 5451 518 5506 reditum
550 5450 829 5504 Athanasii
854 5450 991 5503 satis
1014 5450 1318 5512 declarant,
1345 5457 1565 5516 paratos
1594 5448 1759 5502 fuisse
1781 5448 1884 5501 (1a-

280 5523 520 5577 ιΙιοΙιεσιε
570 5521 693 5574 illos
738 5534 984 5575 exn-emo
1023 5537 1251 5589 qna-que
1300 5521 1566 5573 malorum
1600 5526 1879 5585 oppetere,

279 5609 440 5666 quam
466 5608 587 5645 cum
611 5593 846 5661 Georgio
865 5591 1028 5645 ullam
1052 5592 1192 5646 inite
1218 5590 1502 5660 religionis
1525 5604 1590 5644 ac
1605 5603 1882 5644 sacrarunt

281 5666 627 5733 Societatent.
849 5715 852 5718 .
886 5724 891 5729 ,
1098 5732 1103 5733 ί
1322 5730 1358 5733 __
1560 5732 1563 5733 ,
1648 5726 1649 5733 η

363 5746 385 5773 ε
419 5728 568 5791 Ante.
598 5731 774 5792 Latin.
807 5728 1130 5790 etGalland.
1158 5736 1215 5788 ut
1239 5733 1292 5789 in
1315 5730 1472 5789 Vers.
1504 5728 1656 5797 Ant;
1679 5728 1730 5786 in
1756 5728 1879 5799 qua,

1988 4459 2173 4517 ἐκϐάλῃ
2188 4500 2196 4509 .

2056 4527 2083 4564 ἀ
2111 4518 2264 4583 νἰθιιδ.
2292 4531 2418 4584 Αηῑ.
2452 4526 2751 4583 Sciunt.....
2781 4525 3002 4578 alienant
3027 4530 3263 4576 autem...
3289 4522 3351 4575 ab
3373 4536 3455 4589 eo,
3482 4530 3588 4577 etc.

2062 4608 2084 4635 θ
2116 4598 2288 4653 Hanc.
2339 4599 2443 4653 Til.

2063 4667 2081 4706 τ
2117 4669 2485 4736 Blasphemiis.
2517 4668 2597 4725 Id.

2058 4751 2083 4787 ὅ
2118 4740 2348 4814 Ιξτοὸαηι
2392 4742 2678 4814 sequentia,
2727 4738 2815 4794 vel
2860 4736 3119 4808 sequentia
3145 4735 3464 4792 femininum
3510 4736 3593 4791 fa-

1987 4812 2077 4866 cit.
2128 4811 2214 4864 Id.

2061 4879 2085 4955 ξι
2118 4883 2273 4955 AVers.
2306 4884 2433 4937 Ant.
2470 4883 2604 4950 Quia
2632 4898 2727 4955 ego
2758 4897 2871 4934 sum
2902 4881 3204 4955 ostium..."
3224 4888 3497 4955 quotquot.

2066 4951 2080 5032 ξ
2118 4953 2195 5032 ita
2226 4954 2602 5032 GrieCtts,_gt-po
2630 4951 2775 5032 suos“.
2808 4951 2949 5021 quod
2980 4953 3133 5032 abest
3162 4967 3190 5032 a
3223 4951 3541 5032 VCES.LAIIL

2063 5026 2077 5073 l
2118 5024 2276 5079 Vers.
2310 5030 2436 5078 Ant.
2456 5018 2696 5079 Ostium.
2732 5018 2841 5075 Pet:
2861 5040 2939 5077 me
2962 5023 3007 5075 si
3030 5026 3141 5087 quis
3171 5019 3450 5084 introierit,
3482 5018 3588 5073 sal-

1987 5095 2185 5149 vabttur
2209 5112 2227 5149 :
2253 5107 2298 5148 et
2330 5095 2582 5155 introibit,
2614 5107 2661 5149 et
2690 5096 2841 5156 exiet,
2871 5104 2917 5147 et
2948 5111 3089 5154 pasc.

2060 5164 2083 5203 ῑί
2121 5166 2274 5221 V’ers.
2300 5166 2427 5221 Ant.
2457 5166 2724 5237 Prwcepta
2750 5183 2860 5219 mea
2874 5164 3221 5219 .custodite....
3249 5161 3585 5237 spiritum...

1988 5237 2071 5290 ltic
2099 5238 2439 5292 mundus.....
2474 5235 2712 5307 quia..."
2743 5254 2879 5303 eum,
2912 5253 3001 5289 nec
3027 5235 3284 5307 cognoscit
3307 5248 3421 5287 eum
3451 5247 3468 5286 :
3499 5247 3587 5286 vos

1988 5318 2154 5379 autem
2182 5312 2342 5365 nostis
2369 5310 2543 5376 illum,
2571 5311 2690 5379 quia
2713 5351 2727 5373 ,
2759 5320 2864 5362 etc.

2066 5376 2083 5415 ι
2121 5380 2331 5435 Lusifer
2360 5381 2492 5435 infra
2522 5374 2797 5443 mandata,
2830 5388 2875 5431 et
2902 5381 3041 5447 apud
3067 5374 3216 5428 illum
3246 5374 3581 5429 manebimus.

2060 5459 2100 5485 ιη
2136 5451 2285 5505 Vers.
2321 5455 2447 5505 Ant.
2480 5451 2663 5505 Servat
2689 5458 2902 5503 ea....et
2942 5448 3279 5516 manifestabo
3309 5447 3449 5499 ei....
3481 5462 3583 5499 non

1988 5519 2078 5573 ille
2107 5522 2401 5587 Scariotha,
2428 5524 2516 5575 sed
2546 5520 2773 5574 alius....
2807 5520 2926 5588 quia
2950 5517 3091 5571 nobis
3121 5518 3304 5587 incipis
3329 5517 3584 5588 manifes-

1990 5602 2098 5645 tare
2139 5595 2472 5661 teipsum.....
2521 5593 2645 5645 dicit
2681 5587 2825 5643 ei....
2868 5590 3202 5644 servavit.....
3233 5603 3385 5656 eum,
3426 5587 3480 5642 et
3514 5587 3583 5640 ad

1988 5679 2190 5718 eum....
2216 5680 2596 5717 manemus.....
2626 5678 2727 5715 non
2748 5671 2933 5717 897W".

2060 5738 2086 5768 π
2116 5733 2372 5788 Iscariotlt
2402 5731 2532 5801 legit
2562 5727 2746 5787 διώξει.
