4094 6190
533 166 640 224 927

1622 166 1946 224 LUCIFERI
1988 167 2295 225 EPISCUPI
2334 169 2755 227 CALARITANI
3788 168 3871 225 938

532 286 705 342 tuisse
733 294 809 353 te,
836 285 979 358 quod
1006 286 1151 342 Deus
1171 285 1481 354 aedificavit,
1508 287 1813 342 destruere.
1849 285 2140 355 Unicuique
2167 290 2221 352 Α
2245 303 2500 355 veneras,
2535 289 2755 358 inquam
2777 329 2790 353 ,
2823 286 2987 341 homo
3010 286 3254 357 sapiens
3293 284 3565 339 colorem
3597 291 3774 351 aptum
3797 284 3877 338 ial-

535 387 707 434 autem
737 390 987 435 nostrum.
1021 379 1099 431 ait
1126 378 1376 446 Ephesiis
1404 380 1675 442 scribens,
1712 379 1838 432 data
1867 387 1942 432 est
1971 379 2146 451 gratia

534 471 818 526 secundum
838 486 1131 524 mensuram
1155 470 1470 543 dignationis
1485 481 1510 508 σι
1540 471 1759 532 Christi,
1780 480 1988 541 propter
2010 471 2148 540 quod

446 586 451 591 ·
539 563 664 617 dicit
691 579 709 616 .'
738 562 1027 617 Ascendens
1054 564 1108 617 in
1134 564 1299 617 altum
1320 566 1581 634 captivam
1602 564 1751 618 duxit
1778 566 2145 631 captivitatem,

541 655 680 711 dedit
729 656 869 710 dona
927 656 1246 712 hominibus.
1284 658 1437 727 Quod
1484 669 1659 713 autem
1700 658 1972 723 ascendit,
2025 658 2149 728 quid

542 758 652 814 est,
710 748 812 802 nisi
863 748 986 820 quia
1037 759 1085 804 et
1137 750 1398 805 descendit
1451 750 1506 805 in
1561 750 1815 821 inferiora
1867 750 2058 804 teme?
2106 759 2152 803 et

543 838 633 910 qui
661 841 950 903 descendit,
984 843 1097 912 ipse
1156 853 1232 898 est
1291 852 1339 897 et
1374 845 1460 912 qui
1490 845 1721 898 ascendit
1769 860 1928 911 super
1984 860 2151 897 omnes

552 933 705 988 melos
738 976 753 999 ,
798 944 855 988 ut
911 936 1221 1003 adimpleret
1273 939 1446 991 omnia
1500 948 1592 993 :et
1653 940 1762 1009 ipse
1808 936 1951 993 dedit
2003 952 2157 1007 quos-

548 1025 670 1079 dam
720 1026 928 1093 quidem
973 1030 1268 1097 apostolos,
1310 1032 1561 1099 quosdam
1610 1040 1781 1085 autem
1830 1029 2151 1101 prOphetas,

548 1117 803 1189 quosdam
830 1134 947 1173 vero
976 1122 1314 1191 evangelistas
1340 1164 1355 1187 ,
1396 1122 1649 1191 quosdam
1686 1130 1858 1175 autem
1887 1129 2150 1188 pastores,

550 1220 599 1267 et
624 1212 862 1265 doctores
890 1209 959 1262 ad
985 1214 1478 1268 consummationem
1508 1223 1805 1267 sanctorum
1828 1214 1881 1267 in
1909 1228 2039 1283 opus
2063 1211 2158 1264 nti-

552 1304 753 1359 nisterii
773 1343 789 1371 ,
832 1308 885 1358 in
914 1305 1313 1374 aediﬁcationem
1342 1310 1570 1378 corporis
1602 1306 1795 1361 Christi
1820 1349 1835 1373 ,
1878 1307 2043 1361 donec
2075 1323 2161 1361 oc-

552 1412 823 1452 curramus
867 1413 1042 1451 omnes
1079 1399 1133 1451 in
1163 1398 1361 1453 unitate
1398 1399 1523 1469 ﬁdei
1548 1408 1597 1452 et
1627 1400 1889 1471 agnitione
1921 1397 2015 1453 Dei
2045 1396 2072 1435 b
2104 1398 2161 1451 in

557 1490 723 1543 virum
785 1493 1106 1559 perfectum,
1154 1491 1209 1543 in
1259 1506 1557 1544 mensuram
1609 1491 1775 1545 mtatis
1824 1488 2162 1562 plenitudinis

555 1579 748 1636 Christi
779 1597 797 1635 :
829 1590 884 1635 ut
901 1585 1019 1654 jam
1045 1598 1149 1635 non
1189 1583 1347 1636 simus
1379 1582 1583 1651 parvuli
1609 1584 1945 1651 ﬂuctuantes,
1975 1590 2025 1635 et
2056 1585 2160 1633 cir-

2252 381 2403 435 lacize
2434 392 2576 445 tute;
2606 394 2711 449 quo
2744 394 2865 433 nam
2898 379 3059 433 modo
3083 392 3311 447 posses
3357 375 3712 430 dominicum
3738 376 3879 446 depo-

2253 478 2665 544 pularegregem
2694 474 2879 528 dicens
2905 492 2917 526 :
2948 473 3201 527 Peccavit
3227 471 3625 533 Athanasius,
3656 480 3701 523 et
3725 472 3880 526 iccirco

2250 566 2334 635 qui
2359 565 2504 618 illum
2535 582 2730 619 mecum
2761 565 3092 630 interemerit,
3134 564 3252 618 erit
3284 565 3617 633 cpiscopus;
3652 565 3737 631 qui
3762 564 3875 617 iniu.

2252 674 2342 728 per
2370 656 2659 710 habendum
2700 658 2970 719 censuerit,
3020 674 3119 709 non
3154 656 3271 709 erit
3303 671 3325 707 :
3362 663 3424 709 ct
3449 654 3548 721 qui
3578 654 3885 708 damnabant

2255 750 2608 804 Athanasium
2648 749 3014 818 jnngebautur
3060 746 3607 818 pseudoepiscopis
3639 745 3883 814 dogmatis

2256 852 2358 896 tua:
2388 841 2624 896 Arianrc.
2668 842 2723 896 Si
2772 841 2858 910 qui
2890 851 3035 894 tuam
3068 846 3422 893 metuentes
3457 838 3603 890 iram
3638 837 3740 890 hoc
3768 839 3886 907 egis-

2256 944 2407 998 sent,
2455 935 2646 1000 triplcx
2691 949 2787 1001 per
2833 942 2885 987 te
2932 932 3287 987 homicidam
3346 939 3528 999 atque
3586 928 3883 999 sacrilegum

2256 1026 2610 1083 incurrebant
2641 1028 2878 1087 crimen,
2922 1026 3035 1080 sive
3062 1026 3218 1095 quod
3273 1024 3664 1079 innocentem
3692 1023 3887 1076 damna-

2259 1130 2417 1186 rent,
2453 1119 2565 1173 sive
2586 1118 2728 1188 quod
2761 1117 3017 1171 catholici
3048 1116 3359 1171 lucreticis
3393 1116 3881 1182 communicarent,

2259 1222 2313 1267 et
2341 1214 2391 1266 in
2414 1226 2632 1282 gregem
2668 1210 2761 1264 Dei
2792 1225 2887 1263 vos
2911 1210 3065 1279 lupos
3085 1210 3319 1263 intrare
3356 1207 3660 1273 sinerent,
3687 1222 3799 1261 cum
3823 1206 3883 1261 dio

2261 1315 2348 1361 cat
2377 1306 2684 1374 apostolus,
2715 1304 2910 1359 iccirco
2953 1304 3112 1357 datos
3135 1313 3423 1373 pastores
3448 1342 3462 1365 ,
3505 1312 3565 1355 ut
3609 1302 3778 1355 omnis
3796 1301 3882 1355 dar.

2263 1388 2495 1455 tnonum'
2515 1398 2761 1453 doctrina
2784 1440 2797 1463 ,
2832 1412 2951 1467 qua:
2995 1413 3094 1468 per
3126 1412 3233 1450 vos
3288 1396 3614 1451 haereticos
3645 1403 3699 1448 et
3722 1408 3882 1448 omnes

2262 1494 2603 1550 adversarios
2653 1492 2901 1548 ecclesia:
2972 1491 3303 1562 profertur,
3364 1490 3577 1543 fuisset
3648 1489 3876 1551 exclusa,

2264 1597 2424 1658 atque
2448 1587 2499 1641 in
2531 1586 2760 1641 veritate
2788 1594 3074 1641 currentes
3109 1585 3208 1638 Dei
3246 1583 3411 1638 servi
3448 1597 3521 1637 co
3556 1596 3727 1648 usque
3753 1596 3877 1634 man-

557 1675 909 1743 cumferamur
929 1672 1065 1725 omni
1089 1681 1236 1725 vento
1258 1670 1523 1736 doctrinae,
1544 1674 1596 1726 in
1620 1673 1847 1742 nequitia
1869 1669 2156 1734 hominum,
2190 1653 2238 1712 Β
2266 1683 2467 1738 sissent
2490 1679 2792 1735 immobnes
2819 1720 2833 1745 ,
2865 1678 3039 1733 donec
3070 1678 3136 1731 ad
3169 1690 3477 1731 summa.“
3516 1674 3761 1730 venirem
3783 1689 3876 1743 ρετ.

556 1764 613 1818 in
630 1763 823 1817 astutia
852 1763 921 1816 ad
947 1763 1229 1816 remedium
1260 1774 1281 1801 ε
1316 1764 1525 1818 erroris.
1574 1763 1852 1817 Veritatem
1883 1771 2053 1816 autem
2082 1765 2165 1831 fa-

558 1857 745 1912 cientes
773 1857 827 1911 in
849 1855 1099 1911 charitate
1129 1872 1419 1912 crescamus
1441 1859 1494 1911 in
1520 1857 1614 1912 illo
1631 1874 1719 1927 per
1738 1856 1765 1894 ά
1788 1858 1957 1911 omnia
1977 1857 2065 1927 qui
2093 1866 2169 1911 est

559 1962 716 2023 caput
762 1948 1028 2017 Christus,
1071 1968 1136 2005 ea:
1169 1968 1273 2022 quo
1320 1961 1481 2006 totum
1529 1969 1720 2020 corpus
1761 1961 2085 2019 compactum
2114 1963 2165 2004 et

560 2060 850 2100 connexum
880 2059 970 2114 per
988 2044 1292 2113 juncturam
1320 2045 1814 2099 subministrationis
1858 2045 1912 2097 in
1952 2059 2166 2097 mensu-

558 2140 674 2193 rdm
702 2139 1111 2208 uniuscujusque
1153 2138 1315 2208 partis
1356 2139 1728 2191 incrementum
1768 2138 1999 2204 corporis
2043 2136 2170 2207 facit

560 2233 617 2287 in
642 2231 1036 2301 ludiﬁcationem
1060 2232 1140 2285 sui
1153 2233 1207 2285 in
1224 2232 1474 2286 charitate
1500 2231 1664 2304 (Eph.
1688 2248 1761 2294 tv,
1788 2232 1867 2294 7).
1892 2228 2028 2285 Cum
2057 2229 2173 2284 hazc

568 2325 643 2382 ita
674 2339 799 2381 ease
830 2325 987 2395 legis,
1018 2339 1116 2378 cur
1146 2322 1293 2377 fuisti
1320 2338 1485 2378 ausus
1510 2324 1710 2377 tollere
1737 2334 2006 2391 pastores,
2035 2336 2170 2391 quos

562 2418 716 2490 gregi
746 2431 847 2473 suo
890 2417 1031 2471 Deus
1076 2416 1315 2470 voluerit
1365 2415 1638 2485 praeesse?
1668 2414 1799 2469 cur?
1836 2413 1941 2467 nisi
1976 2423 1998 2450 ο
2032 2423 2088 2466 ut
2118 2424 2170 2468 te

566 2523 690 2565 cum
723 2508 871 2563 omni
902 2518 1068 2563 vento
1100 2507 1363 2561 doctrinae
1409 2515 1630 2577 possent
1675 2505 1773 2561 Dei
1815 2505 2169 2560 circumferre

567 2617 734 2673 supra
764 2601 1094 2658 dominicum
1126 2616 1346 2671 gregem
1374 2610 1646 2671 pastores,
1674 2614 1740 2654 ne
1765 2599 1995 2654 fuissent
2019 2598 2168 2652 ducti

569 2703 846 2764 tamquam
878 2694 1091 2764 parvuli
1121 2694 1268 2748 omni
1300 2704 1462 2748 vento
1494 2692 1800 2748 doctrinm?
1826 2689 2170 2746 Accedentes

567 2789 637 2844 ad
669 2787 856 2853 ﬁdem,
886 2802 956 2843 ne
987 2796 1169 2841 vestra
1212 2788 1668 2857 ncquissimorum
1705 2786 1988 2840 hominum
2018 2796 2169 2839 astu-

568 2878 643 2933 tia
675 2878 743 2932 ad
772 2876 974 2932 diaboli
1020 2878 1282 2947 principis
1325 2879 1491 2932 vestri
1521 2878 1762 2932 remedia
1796 2875 1815 2915 ῐ
1848 2876 2172 2933 recederent

569 2970 640 3025 ab
671 2970 971 3040 apostolica
1002 2970 1429 3040 evangelicaque
1468 2970 1596 3036 fide,
1628 2971 1797 3025 tulisti
1832 2981 1856 3017 ες
1885 2972 2174 3039 episcOpos

570 3079 601 3121 e
655 3036 932 3134 plebibus,
984 3036 1181 3135 quibus
1238 3036 1539 3133 praesumus
1593 3063 1775 3118 divina
1823 3036 2169 3132 dignatione,
2200 3036 2244 3097 C

571 3157 641 3213 ad
689 3158 793 3213 hoc
834 3157 1016 3228 utique
1062 3166 1121 3211 ut
1165 3157 1397 3213 duceres
1437 3157 1741 3213 doctrinam
1799 3174 1904 3212 non
1951 3167 2175 3227 aposto—

570 3251 735 3308 licam
785 3252 881 3307 sed
932 3253 1265 3308 litereticam.
1313 3253 1404 3308 Vae
1452 3255 1546 3309 tibi
1598 3254 1820 3318 misero,
1866 3268 1964 3323 per
2011 3269 2174 3323 quem

572 3343 691 3399 huic
733 3343 875 3414 gerit
922 3353 1159 3399 satanas.
1208 3346 1499 3402 luveneras
1549 3346 1712 3401 homo
1758 3348 1980 3416 sapiens
2027 3348 2178 3401 colo-

574 3450 692 3491 rem
733 3446 919 3506 aptum
976 3437 1203 3493 fallacia:
1251 3445 1394 3503 tute,
1446 3453 1555 3508 quo
1604 3453 1726 3493 nam
1778 3438 1936 3493 modo
1990 3452 2179 3508 posses

578 3525 675 3582 Dei
704 3541 836 3582 oves
881 3528 1018 3598 patri
1068 3535 1160 3582 tuo
1209 3528 1502 3584 defendere
1529 3526 1580 3595 ιι,
1626 3531 1717 3601 qui
1751 3530 1843 3585 tibi
1890 3539 1947 3585 ut
1996 3529 2048 3584 in
2096 3531 2181 3583 his

581 3620 891 3675 demoreris
919 3620 1117 3687 malis,
1146 3620 1258 3690 jam
1304 3621 1415 3677 illis
1448 3622 1681 3691 jaculis,
1731 3623 1926 3693 quibus
1975 3624 2101 3678 Evm
2131 3633 2187 3679 et

581 3710 715 3767 Adae
738 3722 949 3766 mentes
978 3713 1242 3767 sauciavit
1264 3756 1278 3779 ,
1308 3729 1403 3769 cor
1440 3713 1455 3749 ί
1487 3724 1635 3769 tuum
1661 3714 1921 3786 jaculavit
1943 3756 1957 3781 ,
1990 3716 2057 3769 ad
2084 3715 2186 3770 hoc

582 3804 878 3874 videlicet,
907 3815 963 3860 ut
996 3806 1047 3861 in
1073 3806 1174 3862 hac
1198 3816 1367 3862 temet
1391 3808 1657 3878 pravitate
1686 3809 2065 3864 consumeret.
2095 3807 2186 3862 ln-

655 3993 683 4022 ι
710 3985 1042 4040 Donationis.
1074 3987 1128 4040 ld
1161 3988 1336 4041 Latin.
1380 4002 1501 4040 cum
1548 3988 1762 4041 iisdem.
1806 3986 1947 4041 Nihil
1995 3994 2165 4039 muto.

581 4053 701 4126 Vt};
728 4057 875 4109 enim
904 4057 1135 4126 dignatio
1169 4074 1264 4122 pro
1303 4056 1516 4109 donatio
1547 4056 1859 4123 frequenter
1887 4064 2175 4124 usurpatur

581 4140 622 4196 ξ
642 4124 1002 4196 Tertulliani},
1034 4125 1325 4196 Cypriane,
1360 4126 1587 4196 aliisque
1617 4127 1891 4182 Patribus.
1920 4126 2057 4182 Vide
2102 4127 2177 4181 sis

583 4192 777 4265 Cangii
804 4192 1138 4251 Glossarium
1168 4212 1222 4252 v.
1255 4192 1521 4265 Dignatio'.
1554 4197 1804 4253 Gallaud.

654 4264 682 4305 δ
712 4264 893 4337 ίνηις.
936 4265 1003 4322 Et
1049 4264 1333 4337 agnitionis
1362 4265 1486 4320 Filii
1532 4269 1662 4331 Dei,
1693 4276 1751 4321 ut
1797 4267 1963 4321 habet
2001 4273 2183 4321 textus

585 4336 807 4394 Graecus
838 4336 859 4393 εί
884 4342 975 4394 Καὶ
1005 4336 1097 4400 τῆξ
1124 4341 1444 4400 ἐπιγνώσεως
1473 4348 1561 4396 τοῦ
1590 4341 1705 4396 υἱοῦ
1734 4348 1825 4395 τοῦ
1853 4341 1989 4394 θεοῦ.
2024 4339 2186 4394 Deest

2269 1775 2597 1836 lectionem;
2647 1785 2698 1827 et
2733 1783 2787 1825 tu
2840 1770 3064 1827 teuebra
3105 1769 3342 1824 auferre
3378 1768 3651 1837 dignatus
3681 1781 3737 1819 es
3778 1780 3875 1834 pas-

2272 1878 2417 1922 tores
2455 1864 2660 1935 judicio
2698 1864 3023 1918 constitutos
3074 1862 3205 1928 Dei,
3251 1876 3381 1931 quo
3422 1860 3611 1930 possis
3652 1867 3704 1912 tu
3749 1857 3873 1926 lupus

2271 1972 2594 2014 convertere
2623 1966 2848 2011 cunctos
2880 1956 2931 2010 in
2965 1955 3168 2010 diaboli
3205 1955 3507 2007 amatoris
3542 1952 3619 2007 tui
3650 1951 3868 2021 prtedam.

2277 2052 2344 2107 Ut
2364 2056 2502 2125 jam,
2534 2050 2725 2120 inquit,
2759 2065 2861 2103 non
2889 2050 3048 2102 simus
3079 2047 3299 2118 paruuli
3330 2048 3663 2116 ﬂuctuantes
3685 2085 3697 2108 ,
3730 2052 3775 2096 et
3794 2044 3871 2094 cir-

2272 2149 2619 2213 cumferamur
2638 2141 2776 2194 omni
2794 2150 2940 2193 vento
2964 2140 3238 2201 doctrinae,
3262 2140 3324 2192 in
3359 2137 3601 2206 nequitia
3624 2135 3865 2191 hominum.

2273 2239 2327 2291 in
2352 2236 2540 2289 astutia
2560 2236 2627 2287 ad
2648 2233 2932 2288 remedium
2953 2234 3161 2286 erroris.
3182 2231 3499 2285 Veritatem
3517 2240 3687 2282 autem
3706 2226 3865 2297 facien-

2274 2341 2346 2384 tes
2370 2331 2423 2382 in
2448 2326 2698 2381 charitate
2722 2342 3011 2378 crescamus
3033 2326 3085 2377 in
3116 2325 3209 2377 illo
3236 2341 3339 2395 per
3367 2324 3551 2376 omnia
3568 2364 3583 2388 ,
3608 2320 3690 2385 qui
3712 2325 3774 2371 est
3794 2333 3862 2369 ca-

2277 2431 2369 2491 put
2387 2415 2958 2487 Christus(lbid.,14).
2993 2414 3289 2483 Quomodo
3326 2426 3632 2484 possemus
3660 2422 3861 2462 crescere

2275 2517 2328 2572 iu
2361 2518 2481 2581 illo,
2533 2517 2577 2570 si
2622 2524 2672 2570 te
2709 2515 2881 2569 secuti
2927 2511 3205 2566 tenebram
3253 2510 3565 2564 fuissemus
3592 2546 3605 2568 ,
3654 2519 3761 2559 cum
3796 2502 3850 2553 sis

2278 2627 2483 2682 negans
2514 2610 2663 2664 ἱιιιιιη
2685 2622 2869 2662 verum
2906 2606 3069 2659 Deum
3086 2618 3233 2664 esse,
3262 2617 3400 2656 cum
3436 2601 3591 2654 dicas
3612 2598 3751 2651 illum
3775 2607 3854 2645 non

2279 2715 2463 2760 natum
2494 2702 2560 2756 de
2590 2699 2891 2755 substantia
2924 2697 3133 2759 Patris,
3168 2693 3273 2749 sed
3323 2702 3551 2748 astruas
3594 2689 3771 2743 factum
3803 2698 3851 2737 ex

2279 2796 2487 2853 nihilo?
2516 2790 2801 2861 Quomodo
2828 2801 3179 2860 pomeramus
3216 2784 3232 2835 i
3281 2798 3552 2840 crescere
3581 2781 3634 2834 in
3664 2778 3763 2841 illo,
3785 2774 3851 2843 qui

2280 2908 2387 2947 non
2416 2889 2740 2944 ambulaturi
2786 2899 3004 2940 eramus
3034 2884 3086 2936 in
3121 2882 3369 2936 veritate
3391 2921 3404 2941 ,
3448 2894 3515 2932 ex
3541 2890 3645 2945 quo
3674 2882 3718 2926 te
3752 2868 3849 2922 fuisv

2279 2999 2461 3039 scmus
2489 2991 2791 3050 apostatam
2821 2977 3031 3032 secoti?
3064 2974 3275 3030 Deinde
3308 2988 3440 3028 cum
3482 2971 3663 3023 dicat:
3699 2962 3852 3015 ferita-

2280 3087 2379 3131 tent
2421 3076 2663 3147 facientes
2707 3086 2992 3125 crescamus
3014 3069 3065 3122 in
3094 3067 3362 3121 charitate
3399 3063 3569 3136 (Ibid.
3602 3056 3701 3126 l5).
3731 3053 3845 3147 etsit

2284 3145 2634 3223 nmoifestum
2674 3163 2996 3219 criminibus
3031 3159 3183 3215 falsis
3231 3159 3480 3230 petitum
3514 3153 3607 3207 Dei
3636 3145 3846 3203 sacerdoo

2283 3273 2391 3319 tem
2425 3276 2519 3330 per
2547 3269 2597 3314 te
2626 3274 2687 3311 ac
2720 3267 2842 3311 tuos
2871 3253 3226 3309 Athanasium
3259 3295 3274 3318 ,
3303 3252 3348 3305 si
3374 3266 3438 3305 ea
3458 3291 3471 3314 ,
3494 3264 3611 3316 qum
3635 3244 3839 3308 imperas,

2284 3356 2622 3415 fecissemus,
2657 3349 2929 3421 quomodo
2950 3355 3043 3400 aut
3073 3346 3124 3399 iu
3150 3346 3427 3406 veritate,
3448 3339 3610 3394 autin
3630 3332 3844 3389 charitate

2283 3462 2505 3505 currere
2529 3442 2805 3514 conspecti
2831 3440 3143 3507 fuissemus,
3159 3440 3249 3505 qui
3277 3447 3334 3493 et
3350 3435 3662 3490 charitatem
3683 3422 3841 3479 exstin-

2291 3543 2564 3597 xissemus
2592 3578 2607 3598 ,
2653 3550 2813 3605 quam
2862 3542 3108 3587 tenemus
3155 3545 3282 3584 cum
3332 3527 3652 3596 coepiscopo
3694 3521 3841 3605 nostro

2288 3634 2590 3692 Athanasio
2612 3674 2626 3695 ,
2655 3638 2710 3684 et
2738 3628 2860 3696 quia
2884 3625 2907 3662 ιί
2930 3624 3066 3679 falso
3095 3633 3572 3692 temperasseutus
3601 3612 3613 3650 ί
3644 3604 3834 3665 crimini»

2290 3739 2343 3784 et
2376 3727 2475 3796 ipsi
2507 3726 2601 3779 tibi
2633 3720 2812 3776 fallaci
2851 3721 2901 3773 in
2948 3716 3257 3771 innocentis
3295 3728 3489 3769 necem
3515 3704 3671 3777 juncti
3699 3708 3835 3752 tecum

2294 3834 2631 3881 mcreremur
2662 3816 2843 3869 divina
2886 3810 3257 3881 indignatione
3294 3802 3544 3880 percuti?
3592 3798 3670 3853 Sic
3710 3800 3829 3859 ergo,

2348 3980 2373 4018 εἴ
2406 3979 2713 4034 Crescamus
2744 3976 2798 4028 in
2828 3975 2922 4028 illo
2951 3973 3144 4026 omnia.
3176 3971 3342 4026 Vers.
3381 3970 3509 4024 Ant.
3671 4027 3680 4037 O

2353 4063 2375 4089 θ
2408 4024 2582 4105 Locus
2628 4061 2882 4111 mancus,
2912 4054 3007 4098 aut
3042 4043 3265 4097 omnino
3316 4043 3603 4111 corruptus
3631 4024 3826 4110 ridetur-

2283 4124 2385 4180 Tit.
2419 4132 2473 4177 et
2504 4122 2575 4175 ita
2605 4117 2849 4190 quidem,
2870 4108 2942 4169 ἰιι
2972 4126 3204 4184 nequeat
3232 4123 3362 4182 apte
3391 4108 3669 4190 explicari:
3697 4160 3798 4190 mm

2360 4164 2385 4178 ..
2419 4161 2473 4177 ...,
2606 4161 2748 4190 φη...
2776 4161 2849 4182 ...,
2972 4161 3204 4184 ..ν.,-,--
3232 4161 3360 4182 Ἴ.--
3395 4161 3478 4177 -.7,
3742 4162 3750 4171 ,
3791 4161 3798 4169 _

2360 4194 2378 4233 ί
2415 4192 2644 4247 Insidias
2673 4189 2881 4243 scilicet
2906 4203 2973 4241 eo
3002 4202 3162 4241 sensu
3186 4228 3201 4251 ,
3234 4200 3403 4255 quem
3437 4175 3590 4235 modo
3612 4185 3669 4225 cx
3692 4161 3825 4219 ΜιΗιο

2286 4267 2681 4324 enarravimus.
2717 4258 2967 4314 Galland.

2361 4309 2405 4384 ξ’
2769 4309 3074 4398 "deponito
3128 4327 3450 4398 ΕρὶειτοροεΔ
3465 4309 3824 4398 ϐιζιιιοιξςίξξ-ἒηεξ

586 4418 872 4488 tomentut
897 4412 1035 4488 apud
1054 4383 1393 4488 inciderunt,
1420 4383 1699 4488 Ῐθριιυῖςοῆ
1721 4413 1830 4488 ὑιοῆ
1855 4416 2017 4488 etiam
2043 4410 2184 4488 apud
2214 4430 2263 4488 ι)
2292 4410 2510 4464 Arianos
2535 4383 2826 4488 instituisti.
2860 4383 3053 4488 ‘l‘i‘l:'et
3084 4383 3821 4488 [π”ίέθιςιίω,ἰῖξιρρξῖεὲτξξὶηξιξ

584 4478 757 4551 Clem.
789 4478 946 4536 Alex.
985 4484 1196 4551 l‘tcdag.
1230 4482 1322 4536 lib.
1362 4483 1411 4543 Ι,
1442 4498 1490 4534 c.
1524 4485 1577 4538 5.
1601 4482 1849 4538 Gul/and.
1874 4482 2030 4536 Vers.
2051 4482 2179 4537 Aut.

590 4549 661 4604 In
699 4562 948 4622 unitatem
981 4554 1103 4622 ﬁdei
1134 4549 1182 4606 et
1209 4553 1492 4622 agnitionis
1524 4553 1654 4608 Filii
1686 4553 1807 4608 Dei.

664 4631 685 4658 °
719 4620 895 4695 (inec.
917 4620 1044 4695 πρὸς
1062 4631 1153 4683 τήν
1180 4620 1434 4695 μεθοδείαν
1457 4641 1550 4687 τῆς
1569 4627 1781 4687 πλάνης.
1804 4623 1961 4694 Vulg.
1986 4623 2055 4676 ad
2082 4623 2188 4676 cir-

589 4692 1003 4746 cumventioncm
1038 4692 1252 4748 erroris.
1279 4700 1447 4759 Quem
1484 4698 1533 4747 in
1563 4698 1738 4750 lorum
1770 4692 1965 4749 Millius
1997 4695 2188 4749 obser-

591 4771 703 4836 vat,
737 4773 976 4836 veterem
1016 4767 1365 4836 interpretem
1398 4764 1656 4836 μεθοδείαν
1695 4765 1997 4820 reddidisse
2028 4781 2189 4817 reme-

592 4832 737 4905 dium
778 4841 888 4905 tnm
922 4833 1040 4897 hic,
1076 4832 1187 4887 tum
1220 4834 1357 4901 Eph.
1393 4832 1441 4889 vt
1462 4877 1476 4900 ,
1510 4837 1597 4899 11.
1626 4851 1854 4905 eamque
1884 4838 2187 4890 versionem

592 4904 646 4975 in
675 4904 1035 4975 complurium
1066 4913 1306 4958 veterum
1343 4908 1652 4961 Latinorum
1685 4911 1885 4975 scripta
1918 4922 2186 4962 manasse.

594 4972 762 5043 Cujus
808 4972 1053 5045 quidem
1120 4975 1578 5043 interpretationis
1648 4972 1866 5032 causam
1923 4977 2187 5045 ejusmodi

592 5045 761 5100 fuisse
802 5055 952 5118 putat
993 5046 1132 5118 idem
1181 5048 1263 5118 vir
1301 5048 1543 5102 eruditus
1586 5050 1636 5102 in
1670 5050 1880 5118 Proleg.
1917 5050 1981 5101 ad
2028 5047 2093 5106 N.
2124 5047 2186 5100 Τ.

596 5133 806 5172 nunnn.
835 5117 961 5181 568,
1007 5117 1134 5172 866.
1167 5116 1453 5183 Nimirum,
1486 5121 1689 5188 inquit,
1718 5116 2003 5174 remedium
2033 5127 2191 5172 aetate

596 5188 699 5243 ista
742 5189 1078 5261 significasse
1108 5189 1322 5244 videtur
1360 5191 1675 5261 deceptionis
1715 5206 1886 5260 genus
1931 5188 2147 5261 aliquod
2172 5229 2185 5253 ,

597 5274 707 5329 quo
740 5274 833 5330 per
863 5260 1107 5314 adhibita
1150 5263 1440 5329 pharmaca
1480 5259 1532 5314 et
1577 5259 1823 5328 potiones
1863 5259 2187 5327 simplicium

600 5334 815 5389 loculos
837 5333 1201 5402 emungebant
1225 5333 1449 5389 venefici
1473 5332 1635 5386 aliive
1656 5330 2070 5402 circumforauei
2104 5347 2199 5384 ne-

602 5404 857 5460 bulones.
907 5401 1041 5459 Cum
1126 5414 1305 5458 autem
1353 5404 1669 5473 jamdudum
1723 5401 2050 5458 exsoleverit
2100 5403 2200 5457 iste

603 5478 755 5531 vocis
780 5490 993 5540 sensus,
1020 5484 1075 5529 et
1098 5472 1382 5527 remedium
1418 5476 1527 5544 jam
1556 5475 1700 5529 aliud
1738 5475 1963 5529 omnino
1996 5472 2202 5543 signiti-

605 5557 716 5610 cet,
740 5549 798 5602 ὃ.
826 5546 1188 5617 Hieronymus
1204 5548 1256 5618 in
1275 5549 1393 5613 ejus
1419 5548 1593 5601 locum
1616 5544 2197 5618 circumuentionem‘re-

611 5619 812 5687 posuit:
832 5628 889 5671 et
905 5613 1101 5687 Ephes.
1126 5632 1202 5680 vr,
1229 5617 1288 5671 11
1303 5657 1317 5681 ,
1342 5634 1440 5687 pro
1463 5618 1693 5671 remedia
1707 5614 1921 5681 diaboli,
1941 5613 2084 5687 quod
2099 5613 2196 5687 ha-

603 5682 1122 5759 buitVetusltalica,
1154 5682 1371 5741 insidias
1403 5686 1590 5743 diaboli
1623 5682 2189 5759 l‘05Ct‘ip8iLCallattd.

2290 4454 2855 4548 satiasseteum
2884 4470 3236 4548 Αιιιεηιιιδῖυε
3259 4469 3361 4548 -iu.
3390 4454 3819 4548 Ap°l"gfli.z.i§..-L"

2290 4519 2727 4635 2333733591“?
2756 4553 2814 4635 et
2832 4542 2901 4635 "2'.
2925 4541 3221 4635 ενίεοοροξ
3246 4519 3463 4635 2"“?-
3482 4519 3605 4635 9ξεί
3620 4519 3816 4635 ‘ffil’il.’

2292 4597 2559 4676 Eé'inin'aii
2585 4597 2747 4681 'Anol.
2771 4597 2852 4667 de
2878 4597 2989 4681 fug:
3022 4597 3216 4664 sua'ad
3246 4597 3624 4681 Constantium,
3647 4603 3731 4681 non

2806 4682 2912 4766 illis
2922 4666 3009 4765 :A
3020 4684 3095 4766 ria
3103 4701 3138 4766 tt
3142 4683 3187 4735 i5
3204 4724 3217 4744 ς
3251 4684 3303 4766 ξιξ
3325 4666 3815 4766 ,Ερίδεθρξξξξίελέ

2294 4734 2488 4817 :idius?
2511 4774 2677 4812 nonne
2707 4734 2976 4837 Antiochia
3007 4756 3068 4806 ob
3094 4734 3485 4837 palatinum...
3511 4739 3759 4837 αάεθίςξξςξλέξ

2535 4830 2644 4883 est?
2670 4825 3021 4912 ,ειηθαιαηεαε
3057 4824 3116 4878 οδ
3156 4800 3812 4912 ξ,ῖίνιιτςιιίοηειῖῥέἲῒέἑῖἒὲἒ

2296 4875 3125 4979 manusarcanae}:1e:
3158 4875 3473 4979 cauet-um:
3511 4875 3808 4979 Αίίῑίαέιεξβὲἱῗ

2299 4939 2590 4958 nmmumw
2631 4939 2689 4953 vv
2745 4939 3036 4965 μνη-μυκη-
3080 4939 3124 4949 ν,
3161 4939 3470 4950 mnuum".

2299 4978 2361 5029 ob
2394 4972 2723 5039 Eutropium,
2751 4966 2936 5039 deinde
2961 4965 3306 5039 olt_l.ucium,'
3338 4965 3528 5039 Ancyra
3549 4939 3778 5039 alt-nlla"?

2298 5027 2429 5107 lum,
2465 5027 2642 5097 Ber'am
2673 5027 2735 5093 ali
2755 5037 2969 5108 Cyrum.
3001 5036 3142 5090 Gaza
3173 5037 3235 5088 ob
3267 5027 3540 5101 Asclepum.
3569 5027 3661 5073 ciC-

2369 5114 2391 5129 ι
2421 5116 2441 5129 .
2585 5111 2763 5129 ιιγιᾼιν
2811 5124 3007 5129 ---_-___-
3047 5106 3361 5129 I‘..II,....I:_..
3390 5100 3549 5129 ...ηιιοι
3578 5073 3806 5129 legendum

2369 5088 2551 5170 iii";
2798 5088 3028 5164 :ervare.
3046 5088 3365 5163 Callandius
3389 5088 3555 5156 mallet
3578 5088 3766 5154 ιεεεηαυ

2297 5202 2419 5243 esse
2446 5186 2664 5248 deferre.

2378 5225 2419 5293 iu
2437 5225 2714 5309 Ja'culatus
2744 5262 2819 5307 est
2848 5268 2935 5305 cor
2971 5250 3301 5346 tuun;,feriit
3329 5260 3411 5300 cor
3438 5225 3739 5346 “altilia-"ng

2379 5344 2425 5346 ην
2462 5340 2528 5346 ,4.
2564 5328 2676 5346 Ιρμ-
2715 5324 2942 5346 _--..2-.2-
2980 5337 3080 5346 ...ηιι
3167 5322 3431 5346 ..ιῖυ..ι.ιηη
3463 5326 3507 5346 ll
3639 5336 3650 5346 ι

2308 5305 2683 5393 usurpatione
2715 5305 2945 5394 passivi;
2976 5305 3434 5392 quod'l'atinenon
3463 5306 3650 5365 dicitur.
3671 5305 3750 5346 1N-

2383 5402 2397 5450 i
2454 5398 2774 5452 Patet-anius.
2809 5395 2987 5450 Latin.

2382 5470 2409 5550 ξ
2452 5471 2575 5550 ραίι
2610 5471 2685 5550 ιμ-
3287 5535 3299 5547 .
3516 5517 3622 5550 at...
3652 5487 3803 5550 ίήηιίπί

2388 5542 2422 5628 1.
2436 5517 2559 5628 Pro
2589 5542 3076 5628 οᾲιινηιξεξσδδθῃᾷᾳξ
3096 5577 3133 5628 ἰ
3143 5517 3622 5628 ρατκίδδῗηξίιζεζῖῗο
3639 5517 3796 5628 οἳῃὲιέὶῖ

2305 5616 2362 5668 in
2393 5583 3295 5668 exinanianturiii.una:
3305 5583 3390 5661 ’ἓὶ
3411 5600 3455 5656 Ia
3476 5583 3615 5648 C'erd.
3639 5594 3663 5633 e

2295 5685 2439 5741 laud.

3681 5219 3803 5298 tirttm

4002 1878 4003 1969 ψ

4002 2016 4003 2103 l

4001 2120 4003 2217 l
