4094 6190
277 269 391 325 9:29

272 484 565 552 sanguinis
594 489 968 552 innocentium
995 502 1261 562 l'usiOnem
1282 549 1297 574 ,
1323 526 1418 578 per
1438 516 1879 583 prtedicationem

270 569 702 645 blasphcmam?
728 583 815 639 Va:
840 589 933 643 tibi
964 592 1055 660 qui
1084 595 1149 648 ad
1181 595 1284 653 hoc
1318 602 1392 657 sis
1420 569 1606 659 vlivens
1626 650 1640 673 ,
1679 618 1741 663 ut
1767 610 1882 668 haec

270 676 477 723 cuncta
509 673 648 727 mala
703 691 798 744 per
829 688 879 732 te
906 692 1065 751 gerat
1090 686 1359 746 diabolus.
1391 694 1469 749 Tu
1512 698 1645 752 mihi
1689 700 1825 757 dicis
1864 720 1878 759 :

272 752 427 811 Puni
450 761 768 820 innocentem
794 810 809 834 ,
840 771 1136 841 derelinque
1164 781 1319 849 ﬁdem
1347 785 1657 843 catholicam
1683 833 1697 857 ,
1730 804 1881 864 atque

273 852 485 924 suscipe
506 872 698 911 venena
721 860 930 919 hwresis
972 884 1096 923 mea:
1113 912 1126 934 ,
1158 885 1211 927 et
1240 888 1323 929 est
1349 882 1629 945 apostolus
1655 884 1877 943 dicens:

278 943 405 1000 Hoc
448 949 621 1020 itaque
656 954 772 1009 dico
810 968 859 1010 et
897 963 1144 1031 testiﬁcor
1174 967 1227 1021 in
1267 969 1491 1027 Domino
1515 1017 1530 1041 ,
1561 985 1615 1029 ut
1645 994 1748 1032 non
1771 997 1881 1035 am-

279 1040 420 1108 plius
444 1053 471 1080 δ
502 1045 772 1103 ambuletis
790 1091 805 1116 ,
834 1052 966 1106 sicut
993 1065 1040 1109 et
1064 1069 1238 1130 gentes
1286 1040 1552 1121 ambulant
1581 1069 1635 1123 in
1658 1074 1881 1129 vanitate

278 1133 468 1187 mentis
494 1151 633 1204 suae,
666 1140 923 1198 obscurati
947 1147 1241 1219 intellectu,
1269 1156 1485 1212 alienati
1516 1178 1548 1214 a
1573 1164 1678 1216 vita
1702 1162 1730 1202 δ
1756 1163 1876 1234 Dei,

278 1239 376 1293 per
414 1226 761 1296 ignorantiam
802 1253 916 1306 qua:
955 1250 1028 1293 est
1077 1247 1133 1297 in
1160 1246 1267 1301 illis
1291 1289 1307 1314 ,
1349 1262 1559 1324 propter
1602 1258 1877 1313 ctecitatem

278 1316 455 1370 cordis
480 1318 709 1390 ipsorum
742 1325 905 1395 (Eph.
928 1346 999 1396 tv,
1032 1334 1146 1404 17).
1174 1335 1270 1392 Cui
1303 1316 1554 1398 obed'iam
1588 1351 1878 1405 vestrum?

275 1406 452 1462 tibine
475 1426 542 1464 an
572 1418 867 1482 apostolo?
890 1423 1059 1480 tibine
1086 1437 1350 1497 apostatrc
1374 1437 1674 1507 sacrilego,
1708 1457 1773 1495 an
1798 1443 1877 1497 illi

275 1501 370 1569 qui
408 1503 517 1570 jam
551 1507 757 1566 fudisse
803 1519 1120 1586 sanguinem
1156 1538 1381 1595 propter
1425 1532 1639 1587 unicum
1669 1535 1761 1590 Dei
1791 1538 1875 1591 in-

277 1595 531 1651 veniatur
560 1599 796 1660 Filium?
825 1608 996 1676 Quem
1030 1625 1272 1674 vestrum
1306 1628 1541 1694 sequar?
1581 1638 1703 1684 tene
1737 1640 1875 1686 tem-

276 1684 429 1754 plum
462 1690 767 1750 d:cmouum
792 1740 808 1764 ,
840 1716 907 1755 an
930 1704 1081 1760 illum
1113 1710 1202 1765 Dei
1235 1717 1533 1783 templum?
1561 1729 1611 1774 te
1630 1724 1719 1789 qui
1748 1738 1877 1792 opev

278 1776 437 1831 ribus
470 1782 574 1836 tuis
595 1797 687 1840 aut
716 1788 963 1848 Judaeum
982 1837 998 1862 ,
1031 1809 1123 1854 aut
1152 1803 1427 1861 ethnicum
1463 1823 1585 1865 esse
1612 1813 1854 1870 declaras

279 1885 348 1925 an
379 1872 531 1929 illum
556 1881 641 1947 qui
668 1880 781 1950 jam
805 1900 1131 1945 consecutus
1160 1896 1230 1948 sit
1252 1912 1348 1966 per
1375 1900 1513 1957 hanc
1536 1919 1698 1972 quam
1725 1922 1882 1961 exse-

276 1968 451 2019 craris
479 1966 637 2024 ﬁdem
664 1989 825 2045 regna
848 1982 1128 2037 caelestia?
1155 1986 1210 2041 Si
1235 1995 1380 2046 enim
1411 2009 1518 2049 non
1547 2007 1599 2051 tu
1623 2000 1881 2067 operibus

279 2058 389 2111 tuis
421 2062 677 2128 gentilem
709 2074 760 2120 te
791 2084 916 2124 esse
941 2076 1259 2134 manifestas
1281 2122 1294 2147 ,
1319 2088 1521 2153 poteris
1551 2089 1875 2160 defendere,

278 2151 421 2218 quod
477 2154 620 2208 enim
669 2174 777 2213 non
828 2163 989 2231 digne
1035 2166 1151 2223 hare
1193 2181 1243 2227 te
1273 2186 1462 2232 contra
1511 2182 1875 2249 proferantur.

280 2240 463 2299 Primo
495 2248 620 2315 quia
653 2251 729 2306 sis
763 2269 968 2323 negans
1001 2260 1092 2315 Dei
1125 2262 1322 2320 Filium
1350 2309 1365 2334 ,
1410 2273 1628 2339 gentilis
1668 2286 1761 2330 aut
1787 2278 1881 2333 Ju-

281 2332 429 2389 dacus
462 2341 628 2393 nobis
659 2358 718 2397 es
760 2364 772 2399 :
815 2347 1009 2405 deinde
1052 2369 1174 2409 cum
1222 2364 1553 2428 proscribis,
1587 2367 1876 2439 deportas,

279 2433 500 2499 torques
522 2474 537 2499 ,
569 2435 719 2492 falsis
746 2442 1069 2501 criminibus
1099 2449 1424 2511 innocentes
1451 2474 1677 2527 oneras,
1714 2464 1881 2521 inter-

278 2519 435 2588 ﬁcis,
469 2542 574 2582 non
599 2531 826 2588 inveniri
854 2540 1057 2605 poteris
1082 2541 1427 2604 Christianus
1453 2595 1467 2617 ,
1499 2554 1591 2622 qui
1619 2570 1715 2625 per
1736 2558 1877 2613 viam

280 2629 434 2671 suam
472 2619 565 2675 Dei
596 2638 717 2681 esse
746 2627 910 2684 homo
954 2648 1349 2711 cognoscatur,
1397 2646 1491 2700 sed
1524 2652 1712 2717 utique
1743 2669 1879 2709 unus

279 2708 346 2764 de
374 2711 513 2778 illis,
537 2716 606 2771 dc
637 2721 832 2790 quibus
864 2740 964 2794 per
988 2734 1295 2798 apostolum
1326 2708 1457 2793 dicit
1484 2740 1580 2796 Dei
1614 2708 1875 2813 Spiritus,

281 2806 422 2872 quod
438 2808 580 2864 enim
594 2812 702 2867 sint
726 2816 781 2868 in
799 2820 1025 2875 vanitate
1042 2827 1224 2880 mentis
1236 2845 1345 2883 sua:
1367 2872 1381 2895 ,
1402 2832 1651 2889 insensati
1680 2847 1701 2874 ο
1722 2879 1737 2905 ,
1753 2840 1879 2895 alie-

283 2897 390 2950 nati
417 2915 446 2951 (ι
466 2901 567 2956 vita
588 2903 680 2957 Dei
700 2924 814 2975 ,per
828 2912 1109 2968 cwcitatem
1123 2919 1292 2974 cordis
1306 2921 1536 2987 ipsorum
1568 2925 1735 2994 (Ibid.
1765 2930 1876 3000 18).

284 2987 509 3054 Quando
536 3011 665 3065 ergo
693 2998 808 3055 hinc
836 3007 1023 3061 caecati
1053 3024 1245 3079 gerere
1277 3016 1442 3070 corde
1471 3034 1601 3074 voce
1648 3025 1877 3091 apostoli

284 3084 699 3143 manifestentur
719 3134 734 3157 ,
765 3109 885 3163 qua:
904 3104 959 3150 tu
989 3100 1166 3168 geris,
1197 3121 1298 3171 qua
1333 3109 1509 3164 fronte
1539 3112 1707 3168 audes
1730 3117 1878 3171 sanis

282 3175 445 3231 corde
460 3193 522 3233 ac
536 3195 715 3237 mente
732 3186 935 3253 dicere,
954 3190 1205 3260 Errastis;
1224 3197 1384 3254 fallax
1410 3207 1719 3271 veracibus,
1738 3209 1882 3264 Men-

283 3263 432 3319 daces
452 3271 906 3343 estis?Apostolus
920 3279 1082 3349 (Ibid.
1098 3285 1212 3357 2]).
1236 3288 1384 3344 Sicut
1406 3305 1478 3346 est
1496 3297 1699 3359 veritas.
1725 3299 1878 3368 dicit,

287 3357 339 3410 in
361 3356 514 3428 Iesu,
545 3364 856 3437 deponentes
882 3370 907 3408 ά
936 3379 1219 3433 secundum
1241 3384 1514 3452 pristinam
1537 3395 1880 3449 conversatio-

286 3467 398 3506 nem
420 3465 635 3511 veterem
664 3462 920 3519 hominem
943 3484 1056 3522 eum
1074 3513 1088 3538 ,
1116 3475 1204 3543 qui
1232 3482 1578 3546 corrumpitur
1596 3487 1878 3543 secundum

286 3549 745 3615 concupiscentiam
786 3561 975 3614 erroris
1006 3572 1049 3616 εδ.
1108 3565 1448 3625 Renovamini
1491 3588 1664 3630 autem
1689 3581 1878 3648 spiritu

287 3652 462 3693 sensus
493 3645 680 3709 vestri,
716 3656 763 3701 et
790 3649 989 3707 induite
1034 3672 1218 3711 novum
1247 3661 1497 3719 hominem
1527 3709 1542 3734 ,
1575 3671 1661 3737 qui
1700 3689 1879 3727 secun—

288 3728 408 3782 dum
460 3730 630 3787 Deum
670 3752 869 3794 creatus
895 3755 968 3797 est
994 3748 1047 3799 in
1068 3750 1327 3817 justitiam
1360 3756 1380 3792 τ
1410 3768 1457 3811 et
1479 3764 1802 3820 sanctitatem
1831 3779 1879 3822 et

287 3822 566 3880 veritatem.
593 3827 914 3901 Deponentes
934 3839 1566 3918 menducium,loquimini
1593 3858 1877 3927 veritatem,

289 3917 633 3987 unusquisque
680 3922 748 3975 ad
785 3929 1077 3996 proximum
1134 3952 1300 3991 suum.
1335 3939 1434 3995 Ubi
1492 3943 1608 4002 hunc
1656 3964 1879 4019 practer-

287 4005 483 4062 misisti
513 4020 539 4056 ε
569 4016 769 4071 monita
801 4021 1082 4091 salutaria,
1113 4044 1234 4096 quas
1268 4049 1365 4088 nos
1394 4039 1670 4097 custodire
1695 4042 1879 4100 horta-

287 4103 372 4151 tur
397 4104 707 4169 apostolus?
737 4108 1020 4175 Quomodo
1048 4122 1248 4175 etenim
1275 4124 1592 4195 deposuisse
1630 4144 1873 4192 veterem

287 4185 560 4248 hominem
580 4238 595 4261 ,
626 4206 680 4251 et
708 4216 902 4257 novum
936 4205 1213 4266 hominem
1251 4230 1377 4270 eum
1405 4259 1420 4284 ,
1451 4222 1544 4289 qui
1576 4228 1874 4283 secundum

287 4278 457 4338 Deum
485 4287 590 4355 sit,
625 4290 864 4352 induisse
896 4302 1119 4370 reperiri
1154 4315 1550 4376 potueramus?
1589 4317 1878 4383 Quomodo

358 4452 383 4528 ς
426 4446 581 4528 ﬂere.
616 4451 755 4528 Ant.
781 4454 903 4509 Jam
924 4476 1026 4515 non
1048 4466 1223 4519 vossic
1250 4468 1533 4528 ambulare.

354 4512 384 4552 ιν
431 4517 529 4591 Via
555 4520 681 4591 legit
707 4524 793 4581 hic
821 4512 1008 4587 Sabat.

359 4597 381 4625 ε
422 4590 594 4674 Supra
614 4590 762 4650 idem
787 4597 1060 4694 Lucifer“:_
1084 4605 1357 4666 Obscurati
1394 4616 1753 4694 intellectu....
1783 4640 1874 4694 per

288 4657 635 4751 ignaocqntiant
658 4683 878 4751 quwﬁest
902 4674 955 4725 in
981 4657 1363 4751 illisv,—proi,ter

360 4728 387 4767 ἀ
417 4731 572 4832 \(i‘ers.
607 4728 733 4793 Aut.
764 4740 1034 4832 Depqpere
1063 4728 1469 4810 vdsrsecundum
1484 4762 1727 4832 priorem,
1761 4774 1867 4822 etc.

363 4812 385 4832 ι
477 4820 581 4832 nona
640 4810 654 4832 9
720 4811 730 4827 '
1090 4820 1103 4832 ‘
1311 4828 1319 4832 ‘

363 4812 385 4886 ς
426 4803 600 4886 (inec.
629 4803 854 4886 ᾁπάτηςξ
885 4814 1041 4872 Vers.
1076 4820 1201 4875 Aut.
1232 4803 1559 4886 seduction'is.

362 4870 381 4909 ί
430 4873 577 4964 Yers.
614 4881 741 4964 A‘nt.
788 4870 858 4940 In
893 4870 1177 4959 justitidet
1225 4870 1497 4956 sanctitdte
1514 4870 1586 4958 ".3:
1635 4908 1869 4964 veritate.

291 4940 512 5029 Propter
534 4951 765 5029 quod...
794 4940 915 5029 cuni
939 4965 1175 5029 proximo
1199 4986 1312 5022 suo.

364 5025 388 5061 ε
428 5015 741 5099 Legendum
777 5015 991 5118 videtur
1024 5042 1523 5118 prsetermisissemus
1548 5087 1561 5106 .
1596 5060 1757 5118 atque
1801 5051 1873 5105 ita

289 5084 439 5169 locus
486 5084 952 5177 interpungendus

1090 5158 1106 5160 _
1135 5158 1176 5162 --
1219 5158 1326 5166 .-.η
1416 5158 1873 5177 ............,....,........

291 5158 869 5256 lliOttildJsaltllis,:l]ttw
884 5189 978 5227 nos
1007 5181 1265 5256 custodire
1291 5158 1529 5242 hor'tatur
1551 5190 1826 5256 Apostolus
1855 5211 1873 5248 :

290 5233 577 5331 quomodloh
595 5233 896 5331 etc‘.A'tquc
943 5250 1378 5331 emendationem
1431 5233 1693 5325 suadent.
1751 5283 1872 5331 quae

290 5314 410 5354 mox
441 5305 747 5364 subduntur
774 5305 957 5393 verba,
986 5325 1244 5389 conspecti
1270 5326 1565 5393 fuissemus.
1597 5305 1873 5390 exstinxis-

290 5385 452 5469 scmus
477 5416 491 5437 ,
536 5390 742 5464 portare
785 5385 1130 5469 caapissemus'.
1172 5385 1421 5453 Gal-land.
1461 5385 1565 5457 Sed
1607 5385 1873 5469 particula

292 5445 473 5495 etenim
502 5445 697 5513 prioris
719 5445 1162 5543 interrogationis
1184 5480 1304 5519 cmu
1336 5469 1505 5524 altera
1537 5445 1876 5543 conjunmio-

292 5528 413 5593 nem
448 5529 634 5607 velut;
667 5532 723 5578 et
754 5528 900 5594 prior
934 5530 1031 5607 illa
1052 5535 1136 5586 ubi
1165 5545 1262 5589 etc.
1293 5544 1471 5607 aptius
1501 5544 1567 5596 ad
1600 5528 1870 5601 cissis].-

1012 5582 1019 5584 .
1166 5582 1262 5589 ν-.
1293 5582 1319 5588 ..
1369 5582 1471 5596 ...ω
1501 5582 1567 5596 ..υ
1601 5582 1870 5601 νημαι-ιιι-

295 5582 419 5680 tiutn
450 5582 714 5671 refertm',
739 5582 843 5680 qua
873 5582 1644 5680 euminterrogatiquomodo
1675 5618 1874 5673 oblitus

884 5653 894 5654 ,
930 5653 937 5654 ,
1675 5653 1874 5673 ...ιιιιηδ

293 5653 361 5754 sit
388 5660 588 5715 monita
620 5653 898 5754 apostglix
929 5653 1399 5754 quimenddciu’ni'
1414 5685 1667 5754 prohibet
1701 5691 1875 5744 omni-

295 5723 393 5813 bus
420 5723 1087 5813 ,"prltrcipueﬁpisciipis.

292 5840 331 5872 δ’
364 5794 389 5835 1’
433 5794 542 5856 sed
562 5844 578 5872 ,
606 5794 727 5863 cum
755 5794 965 5870 iniiiiio
986 5794 1187 5880 {antea
1218 5822 1321 5895 leg.
1356 5828 1417 5880 si.

1359 295 1493 352 PRO
1534 298 1805 357 SANCTO
1845 303 2240 367 ATIIANASIO
2281 312 2409 368 LIB.
2454 315 2517 371 ll.‘

271 386 597 461 Constanti,
632 396 935 459 aediﬁcatur
964 405 1162 467 domus
1190 411 1286 470 Dei
1328 431 1424 487 per
1456 420 1724 478 fallaciam
1751 468 1767 492 ,
1798 444 1891 497 per
1918 430 1969 489 A
1997 447 2281 491 manentes
2309 438 2363 493 in
2408 441 2625 507 justitia
2653 449 2708 497 et
2756 445 3052 500 sanetitate
3089 455 3143 501 ct

1903 4492 1957 4552 D

3483 335 3592 395 950

3187 448 3411 505 veritate
3453 467 3587 508 cou-

1986 528 2157 594 specti
2210 527 2536 600 fuissemus,
2563 535 2657 606 qui
2697 536 2897 607 injusta
2955 548 3133 594 tecum
3168 552 3423 610 gerentes
3463 559 3588 601 eum

1985 632 2183 673 novum
2217 620 2490 680 hominem
2511 665 2526 689 ,
2561 628 2651 696 qui
2680 629 2750 682 sit
2780 639 2998 686 creatus
3028 631 3325 688 secundum
3375 635 3544 691 Deum
3566 678 3583 703 ,

1985 713 2439 770 esstinxissemus
2468 759 2482 783 ,
2512 726 2567 773 et
2595 719 2747 774 illum
2777 731 3020 778 veterem
3040 765 3054 791 ,
3091 724 3182 795 qui
3218 729 3586 796 corrumpitur

1984 804 2286 859 secundum
2312 810 2517 864 erroris
2542 815 3039 884 concupiscentiam
3059 860 3073 877 .
3101 827 3161 873 ut
3181 830 3307 875 ante
3335 837 3584 879 corrum-

1983 895 2251 964 pebatur,
2282 914 2444 968 quam
2492 903 2657 958 Deum
2688 921 2850 962 nosse
2889 910 3147 979 coepisset
3174 952 3189 976 ,
3220 912 3412 969 iterum
3448 932 3576 985 por-

1984 994 2098 1041 tare
2124 989 2523 1057 ccepissemus?
2552 993 2659 1049 Ista
2688 999 2891 1053 etenim
2934 1012 3129 1056 cuncta
3174 1002 3379 1058 faciunt
3406 1047 3421 1072 ,
3453 1023 3578 1078 quas

1984 1087 2039 1131 tu
2078 1077 2246 1146 facis,
2297 1098 2403 1137 non
2456 1084 2553 1140 Dei
2603 1087 2923 1156 domestici,
2977 1092 3073 1148 sed
3129 1096 3394 1151 satellites
3440 1100 3584 1154 anti-

1980 1170 2171 1227 christi
2207 1191 2220 1229 :
2254 1173 2578 1247 Deponentes
2609 1181 2964 1249 mendacium,
3004 1186 3271 1255 loquimini
3297 1190 3580 1258 veritatem,

1978 1269 2326 1337 unusquisque
2372 1272 2441 1324 ad
2470 1275 2765 1344 proximum
2795 1292 2967 1344 suum,
2998 1280 3122 1347 quia
3161 1297 3339 1336 sumus
3368 1284 3584 1341 invicem

1980 1364 2205 1414 membra
2236 1361 2399 1433 (Ibid.
2429 1364 2540 1433 9.5).
2597 1366 2652 1421 Si
2682 1366 2879 1423 fuisses
2912 1371 2979 1425 de
3005 1372 3255 1429 ecclesiae
3286 1375 3378 1431 Dei
3411 1392 3585 1433 mem-

1980 1449 2123 1514 bris,
2154 1452 2283 1505 mihi
2317 1454 2481 1509 crede
2514 1456 2658 1524 quod
2692 1473 2987 1527 numquam
3026 1463 3367 1519 mendacium
3400 1476 3585 1535 pertu-

1978 1542 2134 1600 lisses
2161 1546 2229 1599 ad
2258 1548 2579 1614 ecclesiam;
2616 1550 2711 1605 sed
2753 1549 2781 1586 h
2818 1553 2945 1622 quia
2982 1555 3058 1608 sis
3085 1556 3232 1611 illius
3266 1558 3462 1625 homo,
3491 1560 3584 1630 qui

1977 1635 2254 1706 deceperit
2280 1639 2453 1694 Adam
2480 1657 2577 1711 per
2600 1643 2871 1699 fallaciam
2903 1656 2961 1701 ct
2989 1648 3161 1704 Evam
3191 1691 3207 1718 ,
3235 1652 3438 1709 iccirco
3460 1669 3586 1723 per-

1979 1730 2152 1784 tulisti
2178 1733 2519 1788 mendacium
2541 1776 2554 1797 ,
2584 1745 2641 1790 ut
2671 1752 2770 1791 nos
2792 1738 2873 1793 sic
2895 1741 3382 1802 circumscriberes
3400 1789 3416 1815 ,
3446 1763 3586 1817 quo-

1862 1857 1876 1882 ,
1912 1819 1960 1879 B
1987 1822 2147 1876 modo
2175 1824 2666 1896 circumscripserit
2697 1829 2948 1886 diabolus
2980 1834 3368 1906 primoplastos
3410 1839 3587 1896 homi-

1986 1930 2101 1969 nes.
2138 1915 2216 1969 Tu
2240 1918 2424 1973 dixisti
2455 1935 2468 1972 :
2502 1919 2763 1978 Danmate
2792 1925 3169 1995 Athanasium,
3200 1933 3323 2001 quia
3363 1934 3589 2004 graviter

1983 2007 2203 2078 deliquit
2229 2050 2244 2074 ,
2279 2011 2513 2081 alioquin
2540 2014 2594 2066 in
2625 2026 2772 2070 reatu
2801 2019 2945 2073 eritis
2972 2023 3199 2077 maximo
3231 2026 3372 2093 apud
3392 2023 3583 2081 Deum.

1983 2099 2249 2168 Suscipite
2278 2102 2389 2157 Arii
2414 2104 2571 2173 [idem
2596 2148 2611 2170 ,
2645 2117 2694 2160 et
2732 2109 2908 2163 vivetis
2933 2113 2987 2164 in
3017 2122 3290 2171 aeternum.
3324 2117 3524 2188 Accipe
3560 2118 3579 2156 ί

1980 2206 2105 2261 qua:
2134 2193 2299 2247 etiam
2346 2196 2756 2253 amantissimus
2790 2202 2885 2255 tibi
2932 2204 3074 2259 circa
3122 2206 3293 2261 Adam
3324 2219 3379 2263 et
3413 2208 3579 2265 Evam

1982 2284 2187 2351 egerit,
2220 2293 2275 2339 et
2312 2286 2559 2343 invenies
2602 2290 2719 2345 haec
2749 2301 2800 2346 te
2847 2309 2993 2351 nunc
3030 2311 3224 2366 gerere
3272 2300 3415 2355 circa
3448 2316 3581 2367 nos,

1982 2389 2101 2442 quae
2129 2385 2184 2429 et
2212 2376 2302 2431 ille
2344 2386 2472 2433 tunc
2521 2383 2759 2448 gesserit
2800 2385 2947 2440 circa
2981 2386 3104 2442 illos
3160 2389 3312 2461 (Gen.
3362 2391 3434 2458 ti,
3462 2391 3585 2464 25).

1982 2465 2054 2520 Et
2083 2480 2228 2523 erant
2248 2511 2263 2537 ,
2298 2472 2477 2543 inquit
2506 2472 2561 2529 in
2607 2475 2807 2533 Genesi
2834 2479 3048 2552 Moyses
3071 2526 3089 2549 ,
3120 2486 3271 2540 ambo
3309 2488 3435 2541 nudi
3464 2498 3588 2544 tunc

1987 2558 2000 2608 i
2034 2562 2204 2615 Adam
2238 2573 2287 2617 et
2330 2564 2516 2621 mulier
2541 2570 2655 2637 ejus
2684 2612 2698 2636 ,
2734 2581 2783 2625 et
2809 2590 2913 2628 non
2953 2578 3428 2647 confundebantur.
3474 2582 3583 2655 (Ib.

1982 2667 2063 2718 nt,
2083 2654 2160 2725 l).
2189 2655 2416 2726 Serpens
2446 2671 2618 2714 autem
2640 2675 2750 2717 erat
2767 2668 3052 2736 sapientior
3084 2668 3109 2708 ¹ι
3138 2672 3372 2728 omnibus
3399 2674 3590 2732 bestia-

1980 2761 2097 2799 rum
2135 2744 2152 2785 Ι
2187 2765 2302 2818 qua:
2345 2763 2512 2807 eram.
2554 2753 2623 2808 Et
2655 2757 2794 2811 infra
2825 2775 2839 2812 :
2874 2757 3154 2832 (Ibid.)Et
3200 2763 3330 2819 dixit
3370 2783 3587 2837 serpens

1980 2841 2186 2894 mulieri
2218 2860 2236 2897 :
2278 2842 2419 2908 Quid
2440 2854 2481 2881 ιιι
2506 2848 2631 2915 quia
2655 2850 2788 2903 dixit
2814 2850 3075 2909 Dominus
3101 2854 3245 2911 Deus
3274 2867 3303 2895 ιι
3330 2876 3396 2914 ne
3419 2860 3586 2918 edatis

1983 2948 2045 2986 ex
2074 2937 2214 2989 omni
2255 2938 2396 3008 ligno
2426 2941 2565 3008 quod
2605 2952 2679 2997 est
2717 2944 2771 2997 in
2816 2947 3107 3017 paradiso?
3138 2950 3204 3005 Et
3240 2951 3374 3007 dixit
3400 2954 3587 3010 mulier

1983 3029 2207 3095 serpenti
2234 3047 2252 3084 :
2291 3031 2372 3084 Ex
2403 3041 2427 3067 ο
2455 3036 2594 3088 omni
2626 3036 2767 3108 ligno
2798 3042 2937 3108 quod
2979 3052 3052 3096 est
3087 3044 3141 3097 in
3185 3046 3431 3114 paradiso
3457 3049 3581 3104 ede-

1981 3138 2123 3185 mus,
2155 3126 2218 3177 de
2247 3124 2423 3194 fructu
2451 3138 2621 3183 autent
2661 3130 2790 3201 ligni
2821 3134 2960 3201 quod
2985 3145 3059 3189 est
3088 3136 3139 3189 in
3160 3138 3328 3193 medio
3350 3141 3585 3209 paradisi

1908 3195 1952 3257 (ἶ
1985 3215 2115 3267 dixit
2145 3215 2288 3271 Deus
2317 3234 2337 3272 :
2370 3218 2492 3273 Non
2520 3195 2905 3279 manducnbitis
2933 3242 3000 3281 ex
3026 3244 3083 3282 eo
3110 3271 3123 3292 .
3157 3229 3250 3282 sed
3277 3247 3369 3284 nec
3399 3241 3583 3304 tange-

1985 3309 2049 3362 tis
2075 3325 2187 3363 eum
2212 3353 2224 3375 ,
2271 3329 2333 3365 ne
2372 3316 2686 3370 moriamini.
2739 3317 2980 3374 Dicimus
3018 3322 3114 3376 tibi
3165 3322 3288 3379 loco
3314 3328 3587 3397 serpentis

1982 3404 2331 3471 persuadenti
2378 3408 2539 3462 nobis
2568 3418 2627 3463 ut
2669 3410 2971 3467 inauditum
3022 3413 3382 3485 damnemus,
3417 3428 3475 3475 ut
3505 3420 3586 3477 in-

1981 3506 2263 3550 nocentem
2306 3497 2645 3568 jugulcmus;
2693 3505 2951 3573 praecepit
2998 3504 3258 3563 Dominus
3313 3509 3575 3568 innocen-

1981 3592 2087 3639 tem
2121 3588 2403 3657 ctjustum
2438 3604 2544 3645 non
2598 3592 3057 3651 interficiendum.
3090 3598 3159 3651 Et
3202 3600 3333 3656 dixit
3376 3619 3587 3675 serpens

1984 3679 2191 3733 mulieri
2236 3696 2254 3733 :
2303 3680 2428 3736 Non
2478 3686 2769 3741 moriemini
2816 3697 2841 3737 Ρ
2882 3687 3047 3758 (Ibid.
3080 3690 3160 3761 4).
3195 3692 3404 3749 Sciebat
3451 3698 3587 3753 enim

1983 3769 2125 3826 Deus
2168 3774 2288 3843 quia
2313 3792 2629 3849 quaeautque
2658 3780 2740 3834 die
2784 3782 3220 3839 manducaveritis
3248 3803 3313 3841 ex
3333 3805 3395 3842 eo
3416 3830 3431 3853 ,
3456 3806 3585 3859 ape-

1983 3865 2179 3919 rientur
2217 3870 2354 3923 oculi
2401 3873 2552 3925 vestri
2577 3913 2590 3933 .
2625 3882 2669 3927 et
2695 3874 2836 3929 eritis
2866 3876 2999 3931 sicut
3030 3879 3104 3932 dii
3145 3881 3359 3937 scientes
3397 3883 3586 3940 bonum

1985 3967 2030 4011 et
2062 3958 2276 4013 malum.
2312 3961 2590 4018 Dicentem
2611 3975 2637 4014 (ι
2669 3965 2853 4036 itaque
2884 3967 3046 4024 istum
3074 3983 3385 4041 serpentem
3415 3990 3511 4045 per
3534 3986 3587 4031 te

1984 4048 2051 4102 ad
2083 4066 2209 4115 nos,
2245 4051 2410 4123 Magis
2433 4055 2589 4111 eritis
2614 4056 2745 4126 justi
2772 4059 2815 4113 si
2849 4058 3101 4117 fuderitis
3123 4065 3444 4135 sanguinem
3468 4068 3586 4137 jusc

1990 4153 2099 4197 tum
2127 4186 2142 4211 ,
2176 4147 2347 4216 magis
2377 4149 2530 4204 eritis
2555 4150 2698 4206 beati
2726 4153 2770 4207 si
2803 4155 3157 4225 apostolicam
3188 4162 3585 4233 evangelicam-

1987 4248 2094 4303 que
2143 4239 2670 4299 anathematizautes
2719 4244 2878 4301 ﬁdem
2926 4249 3179 4306 Arianam
3233 4257 3586 4324 susceperitis

1988 4327 2272 4396 perﬁdiam
2293 4371 2309 4397 ,
2340 4332 2583 4389 calcatur
2616 4338 2853 4407 propitio
2877 4339 2989 4395 Deo
3010 4342 3062 4396 iu
3096 4352 3146 4397 te
3173 4344 3388 4413 quidem
3412 4346 3522 4417 jam
3552 4362 3585 4405 a

2062 4486 2075 4522 ί
2123 4490 2297 4574 Antea
2325 4493 2546 4574 accipite
2570 4536 2586 4563 ,
2617 4494 2759 4552 forte
2789 4497 2995 4556 librarii
3019 4517 3208 4561 errore
3232 4522 3247 4574 ;
3274 4517 3329 4563 et
3357 4508 3429 4565 ita
3458 4525 3581 4568 sen-

1983 4557 2043 4611 tit
2064 4558 2228 4613 etizitn
2258 4562 2505 4618 Galland.

2055 4630 2068 4677 i
2124 4630 2266 4685 Tunc
2286 4633 2490 4723 omittit
2519 4635 2671 4723 vers.
2702 4639 2833 4723 Ant.
2863 4650 2921 4697 et
2950 4642 3118 4701 habet
3141 4665 3243 4704 non
3264 4652 3488 4723 pudebat
3516 4653 3582 4710 ξι-

1980 4698 2061 4777 los
2092 4718 2189 4777 p_r_o
2222 4721 2323 4758 non
2352 4707 2820 4777 confundebantur.

2051 4769 2276 4868 kVer's'.
2307 4769 3023 4868 Autfprudentissimus,_et
3046 4831 3060 4855 ,
3099 4807 3219 4868 quae
3268 4806 3388 4850 sunt
3419 4814 3575 4868 super

1978 4851 2189 4924 terram.
2216 4846 2577 4974 Hiltlzron‘ymus
2608 4854 2660 4907 in
2692 4867 2882 4925 quwst.
2918 4846 3573 4942 Hebraic._legitnsapieIn‘

1978 4922 2080 4967 ttor
2109 4931 2249 4971 cum.
2319 4936 2400 4974 uct
2436 4964 2446 4974 .

1978 4922 2080 4967 tior
2109 4931 2249 4971 cum.
2272 4922 2446 4975 Lucil".

2055 4983 2070 5022 ¹
2117 4987 2324 5043 Bestiis.
2354 4990 2461 5045 Til.

2049 5066 2087 5093 m
2120 5059 2270 5131 Quid
2300 5064 2423 5131 quia
2457 5081 2553 5131 pro
2583 5084 2696 5124 cur.
2717 5070 2794 5126 Id.

2048 5137 2074 5164 ιι
2110 5129 2273 5253 ἔθεε.
2300 5129 2425 5188 Aut.
2459 5129 2605 5192 Dixit
2636 5140 2771 5196 Deus
2798 5160 2817 5199 :
2845 5143 2968 5200 Non
2990 5147 3147 5204 edetis
3175 5151 3237 5205 ab
3265 5151 3405 5207 omni
3432 5153 3574 5227 ligno

2048 5216 2105 5253 ra
2148 5219 2207 5253 IS!
2234 5243 2245 5253 .

1978 5215 2207 5269 paradisi
2234 5215 2245 5256 λ

2052 5280 2075 5306 ο
2118 5272 2424 5371 ξ’ἐνξι.,ΑΔηῑ.
2452 5280 2494 5334 Α
2524 5282 2699 5352 {ructu
2726 5286 2949 5360 ligni....
2984 5290 3106 5347 Non
3131 5293 3383 5350 edetis....
3411 5312 3576 5371 neque

1977 5348 2194 5413 tangetis
2224 5348 2377 5401 illud.

2051 5424 2077 5462 ρ
2119 5414 2271 5513 Vess.
2298 5422 2421 5477 Ant.
2457 5422 2580 5513 Nqn
2610 5438 2769 5511 morte
2793 5431 3083 5487 moriemini
3205 5439 3449 5513 quoniam
3471 5458 3574 5513 qua

1979 5484 2153 5540 die....
2187 5488 2250 5541 de
2272 5496 2589 5570 φηγ-νορἰ
2617 5501 2845 5556 oculi....
2880 5512 3142 5570 tamquam
3190 5484 3283 5563 dii.

2050 5567 2075 5605 τι
2119 5562 2330 5629 Aliquid
2366 5564 2471 5641 __hic
2513 5568 2669 5623 deost
2696 5611 2713 5641 ,
2742 5586 2849 5641 qua
2888 5562 3085 5631 sensus
3111 5579 3255 5637 illius
3272 5562 3575 5639 accusativi

1977 5627 2243 5721 dicentem;
2260 5635 2602 5721 perﬁciatur;
2637 5627 3096 5721 vel,-'so|(ecismo
3137 5653 3412 5721 admisso,
3440 5671 3577 5711 con-

1972 5699 2121 5769 jungi
2148 5703 2306 5825 thbet
2332 5721 2455 5761 cum
2489 5699 2654 5766 verbo
2675 5699 2912 5769 calcatur
2931 5699 3127 5776 :ﬂniliil
3166 5733 3346 5781 tamen
3380 5699 3583 5786 i’mmu~

1980 5779 2093 5824 tare
2126 5789 2192 5825 Vo
2224 5791 2419 5825 ulmus.

1980 5779 2093 5824 tare
2126 5779 2419 5830 Voluimus.
