4094 6190
304 260 407 318 957

881 259 969 317 DE
1005 257 1145 317 NON
1184 256 1558 316 PARCENDO
1597 257 1661 313 IN
1706 256 1897 314 DliUM
1938 256 2544 325 DELINQUENTIBUS
2586 256 2787 313 LIBER
2830 256 3035 316 UNUS.

3500 260 3605 316 958

212 394 217 399 '
300 379 458 435 nobis
492 386 685 433 contra
723 379 931 434 monita
952 396 1231 437 sacrarum
1269 379 1660 446 scripturarum
1699 388 1893 432 contu-
1924 389 1973 447 Α
2001 380 2268 433 exarserit
2296 379 2413 433 zelo
2441 379 2749 435 devotionis
2778 381 3029 434 incensus
3064 377 3296 433 Phinces
3326 377 3605 444 sacerdos,

299 474 519 527 meliam
548 490 559 526 :
581 472 719 527 dicis
738 490 834 528 nos
857 475 1160 529 insolentes
1183 473 1457 529 exstitisse
1476 472 1623 526 circa
1648 480 1719 534 te,
1741 486 1899 538 quem

298 565 556 620 honorari
589 565 854 621 decuerit.
888 567 943 623 Si
967 569 1250 638 quisquam
1290 567 1384 621 Dei
1414 567 1685 620 cultorum
1710 580 1902 633 peper-

297 658 372 713 cit
404 667 429 695 α
462 660 743 729 apostatis,
788 660 899 713 sint
927 675 1054 714 vera
1086 676 1205 729 qua:
1252 660 1388 714 dicis
1430 659 1498 713 de
1529 657 1704 712 nobis.
1745 656 1900 711 Unde

297 752 603 817 ordiamur,
628 765 681 806 ut
711 762 765 806 tu
794 768 938 807 nunc
967 770 997 807 a
1020 755 1177 809 nobis
1205 754 1524 822 corriperis,
1551 753 1623 805 ita
1642 766 1765 805 esse
1782 766 1902 805 cor-

298 853 485 915 reptos
514 859 703 899 omnes
720 845 985 900 erraticas
1014 861 1108 915 per
1133 846 1226 900 Dei
1252 845 1512 908 cultores,
1536 860 1644 913 quo
1671 844 1902 912 probare

296 939 604 1010 possimus?
632 939 810 993 unde?
838 940 942 994 nisi
975 954 1005 993 a
1040 938 1203 993 Mosis
1239 940 1335 993 Dei
1360 938 1505 993 servi
1531 936 1763 991 actibus.
1800 936 1901 991 Le-

294 1035 474 1105 gimus
527 1034 578 1086 in
627 1032 841 1099 Exodo,
890 1034 1203 1088 ascendisse
1251 1042 1488 1087 montem
1544 1032 1727 1087 Mosen
1778 1039 1901 1101 post

296 1134 677 1180 testamentum
712 1127 813 1180 sibi
847 1127 1124 1191 traditum,
1171 1136 1226 1181 et
1259 1128 1525 1195 plurimos
1558 1126 1899 1180 interfecisse

292 1234 482 1274 eorum
530 1227 753 1290 propter
806 1219 1127 1274 idololatria:
1176 1231 1407 1275 reatum.
1471 1220 1647 1284 Stetit,
1702 1221 1895 1287 inquit,

292 1310 467 1367 Moses
488 1312 516 1351 ι)
545 1313 611 1365 ad
633 1325 807 1384 portas
848 1322 1157 1379 castrorum,
1185 1325 1231 1367 et
1257 1315 1388 1368 dixit
1418 1333 1429 1367 :
1462 1314 1588 1380 Quis
1620 1316 1687 1366 ad
1712 1314 1896 1367 Domi-

291 1420 416 1457 num
442 1413 655 1472 paratas
678 1406 845 1458 veniat
874 1406 943 1458 ad
966 1406 1072 1459 me?
1101 1405 1165 1459 Et
1184 1418 1529 1460 convenerunt
1546 1408 1613 1458 ad
1639 1423 1752 1459 eum
1785 1423 1897 1459 ont-

289 1514 375 1551 nes
407 1498 505 1566 ﬁlii
535 1496 677 1561 Levi,
721 1508 766 1551 et
808 1498 938 1551 dixit
971 1500 1043 1553 eis
1073 1516 1090 1553 :
1129 1498 1256 1551 lliec
1283 1499 1410 1552 dicit
1454 1498 1709 1553 Dominus
1754 1499 1898 1553 Deus

289 1592 459 1646 Israel
498 1609 516 1646 :
564 1591 752 1646 Ponite
785 1594 1135 1663 unusquisque
1174 1594 1405 1663 gladium
1434 1610 1584 1648 suum
1624 1595 1674 1647 in
1704 1598 1899 1663 femore

288 1705 403 1753 suo,
455 1699 505 1742 et
553 1690 884 1757 pertransite,
926 1698 974 1742 et
1014 1690 1383 1743 revertiminia
1424 1700 1575 1761 porta
1618 1706 1779 1758 usque
1829 1689 1897 1742 ad

2005 484 2289 544 propterea
2316 475 2401 529 vel
2426 474 2657 528 maxime
2681 474 2823 544 quod
2848 473 3032 543 gladio
3055 468 3608 527 idololatresdmedia

2004 565 2055 620 in
2103 582 2376 639 synagoga
2428 568 2788 631 interemerit,
2833 566 2972 620 adeo
3014 565 3216 633 placuit
3258 565 3392 629 Deo,
3440 573 3499 618 ut
3543 564 3617 617 sit
3660 620 3679 645 ι

2002 664 2267 731 scriptum
2306 663 2371 717 ad
2420 664 2521 716 hoc
2570 663 2777 717 factum
2819 662 3034 715 Domini
3083 660 3412 731 indignantis
3450 658 3607 728 quie-

2002 755 2145 809 visse
2174 756 2332 821 iram,
2363 767 2415 808 et
2446 755 2621 823 ipsum
2660 756 2830 809 nimio
2870 756 3200 823 praecipuum
3244 753 3383 821 apud
3427 751 3611 805 Domi-

2006 865 2135 903 num
2153 849 2404 902 elleclum
2427 866 2439 900 :
2466 846 2529 899 Et
2546 849 2747 901 locutus
2768 858 2840 900 est
2861 847 3115 900 Dominus
3132 846 3199 898 ad
3218 844 3400 898 Mosen
3415 846 3614 897 dicens:

2005 939 2226 994 P/tinees
2241 940 2384 1009 ﬁlius
2410 938 2631 992 Eleazar
2659 940 2756 1007 ﬁlii
2786 938 2962 992 Aaron
2988 939 3271 991 sacerdotis
3296 938 3608 1009 compescuit

2007 1043 2029 1070 θ
2052 1035 2183 1086 iram
2200 1049 2367 1086 meam
2390 1050 2420 1085 a
2438 1032 2564 1099 ﬁliis
2588 1031 2779 1091 Israel.
2811 1034 2865 1085 in
2895 1030 2913 1068 ί
2946 1050 3004 1086 eo
3035 1032 3168 1098 quod
3192 1031 3384 1083 zelatus
3408 1042 3481 1082 est
3499 1030 3609 1082 zelo

1998 1130 2055 1182 in
2073 1130 2163 1188 eis.
2183 1139 2233 1181 ut
2256 1138 2278 1173 ε
2313 1145 2415 1180 non
2450 1127 2734 1180 occiderem
2762 1128 2899 1193 ﬁlios
2927 1125 3097 1178 Israel
3123 1126 3171 1177 in
3188 1125 3295 1177 zelo
3319 1140 3427 1176 meo
3458 1142 3475 1177 :
3508 1133 3552 1176 et
3586 1118 3613 1159 ιι

2002 1240 2113 1277 ecce
2129 1222 2259 1274 dabo
2278 1222 2323 1274 ei
2345 1231 2699 1275 testamentum
2721 1237 2913 1284 meum,
2939 1230 3301 1272 testamentum
3326 1219 3466 1282 pacis
3489 1219 3537 1269 ei
3558 1227 3604 1270 et

2000 1316 2182 1368 semini
2204 1318 2317 1381 ejus
2334 1331 2449 1366 cum
2468 1315 2579 1378 ipso
2593 1314 2645 1366 in
2665 1322 3025 1366 testamentum
3039 1310 3317 1364 sacerdotii
3331 1321 3602 1371 (sternam,

2001 1406 2294 1479 quoniami
2343 1408 2537 1459 zelatus
2573 1416 2648 1458 est
2693 1404 2802 1458 Deo
2835 1422 2947 1470 suo,
2996 1416 3043 1457 et
3086 1404 3314 1457 exoravit
3352 1419 3443 1471 pro
3487 1402 3611 1469 ﬁliis

2005 1498 2174 1552 Israel
2210 1497 2399 1570 (Num.
2450 1513 2577 1560 xxv,
2618 1496 2729 1565 10).
2766 1497 2834 1549 Et
2868 1506 2919 1548 tu
2953 1510 3053 1548 nos
3092 1495 3382 1548 arbitraris
3421 1503 3613 1545 contu-

2004 1606 2186 1645 maces
2209 1592 2329 1659 quia
2357 1589 2451 1643 tibi
2482 1589 2686 1644 erranti
2720 1603 2845 1641 vera
2874 1586 3156 1640 dicamus?
3182 1586 3459 1639 existimas
3485 1599 3608 1638 cum

2004 1684 2098 1737 tibi
2129 1683 2481 1752 displicemus
2516 1698 2619 1735 non
2653 1695 2752 1734 nos
2786 1690 2914 1734 tunc
2948 1680 3057 1732 Deo
3093 1676 3343 1745 placeie?
3374 1676 3479 1731 Sed
3512 1691 3610 1730 oro

287 1791 491 1852 portam
540 1797 629 1850 per
672 1791 866 1847 castra,
918 1792 966 1835 et
1015 1784 1232 1837 occidite
1278 1784 1635 1854 unusquisque
1680 1778 1893 1853 fratrem
1928 1771 1971 1829 Β
2002 1784 2055 1829 te
2086 1777 2255 1841 dicas,
2288 1774 2603 1837 Constanti,
2646 1789 2750 1842 qua
2793 1772 3119 1825 auctoritate
3162 1771 3299 1823 viam
3335 1770 3609 1838 juslorum

288 1892 460 1939 suum,
490 1886 537 1928 et
578 1875 928 1944 unusquisque
955 1878 1301 1943 propinquum
1341 1892 1513 1936 suum.
1546 1886 1589 1929 et
1620 1876 1896 1945 unusquis-

286 1985 385 2038 que
412 1968 710 2036 proximum
735 1984 906 2021 suum.
938 1967 1006 2020 Et
1034 1974 1261 2037 fecerunt
1298 1970 1397 2038 ﬁlii
1431 1967 1573 2031 Levi,
1606 1970 1734 2021 sicut
1765 1970 1913 2022 dixit.

288 2062 360 2114 eis
385 2060 572 2113 Moses.
600 2060 668 2113 Et
696 2060 991 2113 ceciderunt
1012 2061 1075 2113 de
1105 2062 1299 2131 populo
1322 2063 1373 2113 in
1402 2060 1499 2114 illa
1521 2062 1603 2114 die
1630 2062 1776 2130 quasi
1798 2062 1897 2114 tria

288 2143 765 2207 millia‘hominum.
798 2153 863 2206 Et
892 2154 1023 2207 dixit
1042 2156 1114 2207 eis
1140 2154 1353 2209 Moses:
1384 2153 1647 2224 Implestis
1683 2167 1703 2193 ε
1745 2156 1897 2210 ltodie

288 2262 469 2299 manus
493 2244 715 2300 Domino
747 2248 1096 2317 unusquisque
1117 2248 1168 2300 in
1189 2249 1299 2307 ﬁlio
1325 2258 1415 2299 aut
1440 2248 1491 2300 in
1520 2248 1811 2311 fratredari
1840 2248 1895 2300 in

286 2338 424 2392 vobis
444 2338 843 2393 benedictionem
859 2337 987 2410 (Ex.
1013 2356 1194 2403 xxxvi,
1219 2340 1335 2408 ‘26).
1364 2340 1565 2394 Sumus
1583 2341 1679 2393 tibi
1705 2349 1893 2395 contu-

286 2432 493 2486 meliosi
515 2445 569 2486 ιιι
586 2430 684 2486 fuit
706 2432 881 2486 Moses
902 2433 1098 2500 populo
1114 2431 1319 2487 insulso
1335 2434 1410 2485 illi
1432 2451 1443 2485 :
1464 2448 1638 2500 neque
1660 2434 1764 2487 illis
1779 2433 1895 2503 pla-

287 2527 485 2581 cebant
512 2528 599 2582 illa
618 2543 735 2596 qua:
750 2526 1090 2592 dicebantur,
1110 2526 1414 2581 autﬁebant
1430 2542 1459 2580 a
1480 2527 1647 2592 Mose,
1676 2526 1893 2593 quando

282 2618 395 2690 jam
425 2620 754 2690 delegissent
786 2637 893 2676 non
932 2622 1137 2676 servire
1178 2622 1307 2687 Deo,
1346 2622 1435 2691 qui
1467 2638 1563 2676 eos
1604 2624 1896 2689 eripuisset

288 2716 357 2771 de
399 2723 669 2785 potestate
700 2716 1021 2779 Pharaonis,
1052 2716 1146 2770 sed
1174 2716 1248 2769 illi
1288 2716 1458 2771 vitulo
1487 2731 1647 2785 quem
1679 2716 1783 2769 illis
1811 2717 1894 2768 lu-

290 2806 441 2862 derat
472 2807 607 2877 ignis
634 2826 647 2860 :
676 2810 748 2861 ita
792 2817 844 2862 ct
879 2818 932 2860 tu
956 2807 1069 2876 jam
1110 2823 1215 2862 non
1256 2809 1369 2861 Deo
1406 2808 1765 2876 mancipatus,
1797 2808 1893 2862 sed

290 2902 402 2955 Arii
452 2901 793 2965 idololatriae,
834 2903 923 2972 qui
954 2916 1167 2958 errasse
1196 2904 1461 2973 arguaris,
1502 2902 1722 2972 indigne
1758 2902 1886 2967 fers,

288 3003 641 3049 contumaces
685 3008 785 3049 nos
826 2995 1097 3059 clamitas,
1136 2996 1272 3049 dicis
1304 2996 1582 3063 indignum
1618 3009 1716 3049 nos
1745 2997 1891 3050 circa

290 3073 341 3135 ιε
369 3082 580 3137 lacinus
619 3092 978 3155 perpetratos,
1024 3094 1081 3139 ut
1120 3085 1433 3154 imperatori
1460 3087 1689 3142 Romani
1732 3088 1885 3157 regni

2007 1869 2460 1939 patriarcharum,
2495 1869 2905 1939 prophetarum,
2951 1868 3320 1935 apostolorum
3352 1883 3414 1919 ac
3462 1882 3607 1919 mar-

2003 1973 2177 2033 tyrum
2196 1978 2297 2016 nos
2322 1963 2557 2015 volueris
2580 1960 2854 2026 deserere,
2873 1970 2925 2013 et
2943 1958 3411 2028 Comprehendere
3442 1959 3601 2013 istam

2004 2066 2149 2109 tuan:
2187 2073 2406 2122 novam,
2438 2072 2597 2124 quam
2644 2070 2741 2125 per
2772 2054 2957 2108 Arium
2997 2054 3308 2107 instituerat
3333 2052 3607 2107 diabolus.

1998 2148 2401 2218 Numquidnam
2435 2149 2645 2202 somnio
2675 2162 2733 2201 es
2762 2149 3076 2199 admonitus
3104 2154 3159 2200 et
3185 2146 3385 2198 dictum
3420 2155 3503 2197 est
3540 2142 3607 2197 ad

1999 2250 2071 2306 te,
2097 2258 2164 2296 ne
2202 2242 2425 2308 patiaris
2453 2240 2654 2293 Christi
2689 2254 2786 2293 nos
2814 2248 3001 2292 tenere
3026 2237 3189 2303 viam,
3220 2253 3379 2309 quam
3414 2247 3609 2290 tenue-

2000 2344 2126 2389 runt
2175 2333 2335 2397 Abel,
2406 2333 2577 2395 Enoc.
2632 2333 2766 2396 Noe,
2825 2331 3247 2396 Melchisedech,
3306 2332 3602 2395 Abraham,

1997 2427 2172 2493 Isaac,
2206 2439 2254 2483 et
2284 2427 2475 2493 Iacob,
2506 2426 2733 2496 Ioseph,
2773 2425 2970 2486 Moses,
2999 2425 3205 2485 Aaron,
3239 2422 3402 2477 Jesos
3432 2421 3600 2487 Nave,

1996 2522 2119 2582 Job.
2148 2520 2392 2585 Iudices,
2419 2529 2474 2575 et
2507 2520 2693 2575 cmteri
2728 2534 2906 2587 rcges,
2941 2520 3041 2571 hoc
3078 2525 3181 2579 est,
3213 2514 3405 2579 David,
3444 2513 3606 2568 ,108³-

2000 2616 2149 2686 phat,
2184 2616 2472 2680 Ezechias,
2500 2614 2701 2678 Josias,
2743 2629 2905 2683 quam
2954 2620 3243 2666 tenuerunt
3264 2610 3444 2663 cuncti
3480 2624 3604 2678 pro-

1996 2712 2199 2781 pheta},
2240 2710 2495 2779 apostoli,
2530 2724 2593 2763 ac
2638 2718 2931 2778 martyres,
2959 2722 3119 2776 quam
3155 2715 3449 2760 tenuerunt
3480 2720 3601 2759 om-

1995 2820 2094 2859 nes
2136 2805 2227 2871 qui
2275 2804 2387 2857 Deo
2435 2802 2787 2857 inveniuntur
2816 2800 3133 2870 placuisse?
3171 2800 3225 2855 Si
3280 2800 3381 2851 hoc
3434 2798 3529 2851 tibi
3571 2812 3600 2848 a

1994 2897 2305 2952 daemonum
2334 2897 2537 2949 dictum
2563 2904 2645 2949 est
2674 2894 2939 2963 principe,
2983 2893 3108 2945 audi
3140 2890 3269 2960 quid
3302 2890 3418 2943 ﬁeri
3456 2890 3600 2942 Deus

1994 2991 2245 3048 statuerit
2272 2990 2339 3044 de
2371 3001 2424 3045 te
2457 3006 2550 3055 per
2589 2990 2885 3059 gloriosum
2920 2987 3240 3056 prophetam
3271 2985 3457 3039 Mosen
3494 3002 3505 3036 :
3540 2984 3602 3039 Si

1995 3095 2166 3139 autem
2204 3085 2485 3137 surrexerit
2517 3087 2529 3131 l
2582 3083 2635 3135 in
2666 3093 2710 3134 te
2739 3082 3007 3152 prOpIteta,
3050 3089 3139 3132 aut
3167 3079 3425 3133 somnium
3468 3094 3605 3130 som-

287 3173 469 3229 dicere
492 3176 819 3232 auderemus
845 3196 856 3228 :
885 3178 1049 3242 Male,
1073 3178 1357 3239 Constanti.
1386 3182 1514 3248 lacis
1538 3182 1887 3235 idololatriam
1914 3159 1959 3221 C
1992 3179 2162 3241 nians,
2209 3187 2255 3231 et
2287 3176 2483 3229 dederit
2533 3177 2737 3247 signum
2766 3185 2855 3227 aut
2899 3172 3217 3242 prodigium,
3258 3180 3305 3222 et
3356 3171 3549 3223 venerit
3573 3166 3597 3205 ιί

287 3266 613 3321 introducere
641 3270 695 3322 in
726 3271 1020 3324 ecclesiam.
1057 3270 1233 3325 Moses
1259 3272 1464 3341 primus
1497 3271 1882 3341 prophetarum

286 3357 378 3414 ille
400 3360 511 3415 Deo
532 3363 941 3418 amantissimus
965 3363 1145 3433 gladio
1173 3373 1256 3419 est
1276 3373 1588 3434 persecutus
1608 3381 1725 3431 eos,
1751 3381 1887 3436 quo-

286 3467 406 3507 rum
442 3465 493 3508 te
517 3456 796 3510 instituisti
836 3456 1191 3523 imitatorem,
1229 3469 1285 3513 et
1308 3475 1407 3529 ego
1435 3470 1729 3514 contumax
1761 3476 1884 3515 esae

287 3553 447 3599 notor
475 3562 504 3599 a
553 3556 628 3612 te,
675 3549 800 3617 quia
841 3550 1073 3603 diXPrim
1105 3550 1275 3605 Deum
1309 3562 1358 3604 te
1406 3551 1786 3621 dereliquisse,
1830 3563 1885 3607 et

288 3637 612 3695 idololatria:
658 3651 828 3699 temet
871 3645 1246 3715 mancipasset
1293 3645 1484 3701 Adhuc
1539 3645 1679 3699 ﬁlios
1718 3646 1885 3701 Israel

286 3730 581 3788 tornieatos
594 3735 958 3790 clamatsacra
981 3738 1247 3805 scriptura
1264 3738 1314 3790 in
1336 3739 1474 3792 ﬁlias
1498 3738 1879 3807 Moabitarum,

288 3828 505 3895 etquod
538 3828 711 3882 vocati
736 3828 805 3883 ab
841 3830 924 3883 eis
966 3830 1417 3886 manducaverint
1460 3833 1735 3887 immolata
1768 3835 1884 3888 ido-

284 3919 373 3988 lis,
414 3932 469 3978 et
499 3923 691 3979 eadam
731 3925 990 3982 adoraSse
1030 3926 1204 3992 idola;
1234 3938 1422 3983 contra
1464 3943 1601 3999 quos
1644 3931 1766 3999 quia
1810 3930 1880 3984 ita

286 4124 411 4194 quia
458 4140 632 4200 neque
672 4127 926 4181 Arianam
965 4128 1358 4200 blaSphemiam
1400 4130 1665 4198 proiiteri,
1705 4146 1881 4198 neque

286 4210 407 4271 cum
442 4197 660 4252 Arianis
685 4197 1106 4271 communicare,
1144 4217 1317 4271 neque
1346 4197 1709 4271 in’Atlianasii
1733 4197 1882 4254 dmu-

286 4269 561 4341 nationem
594 4270 943 4325 subscribere
975 4287 1036 4326 se
1069 4269 1319 4341 umquam
1366 4273 1505 4339 passi
1529 4282 1652 4324 sunt
1683 4270 1881 4325 Catho-

284 4338 377 4411 lici
409 4338 714 4411 Antistites,
747 4358 867 4411 quia:
901 4344 997 4395 tria
1030 4342 1081 4396 in
1123 4338 1499 4396 \iédioluuensi
1530 4343 1795 4406 Concilio,
1827 4352 1881 4411 et

286 4410 353 4509 ab
394 4410 523 4491 ipsis
568 4415 881 4509 praesertim.
912 4413 1187 4509 Doptilicis
1216 4415 1423 4485 legatis
1462 4426 1788 4484 eXIorquere
1827 4410 1877 4469 vi
1905 4449 1960 4509 Β

1216 4477 1226 4485 ς

286 4484 432 4535 omni
465 4484 641 4535 conati
676 4483 885 4537 fuerant
915 4485 1123 4539 Ariani.

360 4562 383 4588 τι
415 4551 468 4606 Id
494 4565 598 4618 est,
619 4572 718 4607 non
744 4566 817 4607 est
841 4566 1107 4622 apostolus
1133 4558 1428 4617 insectatus.
1453 4566 1505 4609 ut
1532 4558 1609 4612 vel
1626 4559 1694 4610 ad
1709 4575 1879 4612 rerum

285 4622 392 4700 Dei
430 4625 625 4678 cultum
654 4628 900 4693 redirent,
934 4628 1009 4682 rel
1038 4627 1100 4681 ab
1132 4628 1433 4683 lacessendo
1462 4644 1582 4684 vera
1632 4632 1880 4700 religione

287 4694 604 4749 desistrrent.

330 4765 384 4848 ,ι’
417 4766 624 4838 Moyses
655 4770 784 4838 legit
826 4770 1012 4826 Sabat.
1060 4780 1131 4835 et,
1193 4770 1319 4836 Quis
1356 4771 1424 4825 ad
1454 4769 1771 4827 Dominum?
1798 4792 1879 4828 ve-

289 4850 418 4903 rnat,
447 4850 549 4893 etc.

360 4921 381 4947 ε
410 4910 483 4963 Ita
517 4910 644 4979 legit
691 4912 877 4968 Sabat.
906 4932 919 4970 :
949 4913 1295 4968 Consecrastis
1344 4913 1497 4966 hodie
1544 4932 1726 4967 manus
1771 4932 1880 4969 ves-

287 4989 480 5035 tras....
519 4984 572 5033 in
605 4987 763 5053 fratre
804 5002 916 5049 suo,
956 4996 1012 5037 ut
1050 4988 1197 5037 detur
1244 4986 1382 5037 vobis
1424 4984 1739 5049 benedictio;
1784 4988 1879 5041 sed

286 5053 628 5131 nostraedit.
663 5058 915 5131 convenit
947 5058 997 5131 in
1020 5058 1121 5131 bis
1150 5055 1485 5131 (‘lllll_Gl'3?C.
1519 5059 1877 5131 inlapsis-are,

287 5122 607 5201 implevistis,
634 5137 689 5179 et
715 5125 917 5187 δοθῆναι
961 5128 1032 5199 ἐφ’
1062 5128 1198 5199 ὑμᾶς
1226 5129 1477 5201 εὐλογίαν,
1512 5130 1627 5182 duri
1648 5122 1709 5182 'iu
1740 5130 1880 5183 vobis

284 5194 702 5251 benedictionem.

356 5264 380 5304 ἀ
413 5265 748 5324 Idololalras.
784 5270 961 5324 Latin.

362 5349 383 5410 ’ξ
422 5339 575 5393 Vers.
602 5343 727 5394 Αιιι.
758 5340 973 5396 Sednxit
1000 5344 1223 5410 furorem
1248 5359 1436 5396 meum.

362 5408 381 5446 Ῑ
417 5410 646 5487 Propius
677 5412 739 5487 ad
769 5413 942 5487 Grtt'c.
970 5408 1018 5467 ei
1049 5422 1121 5485 τῷ
1150 5415 1377 5478 ζηλῶσαὶ
1400 5436 1499 5487 μου
1529 5415 1613 5471 τὸν
1645 5417 1790 5482 ζὴ).ον
1832 5418 1879 5469 ἐν

285 5481 673 5555 αὐτοῖςηνρτε.
707 5483 836 5538 Ant.
884 5484 947 5537 In
997 5502 1055 5539 eo
1095 5481 1235 5555 quod
1276 5481 1550 5540 tumulatus
1598 5481 1670 5541 est
1712 5490 1878 5540 zelum

286 5568 455 5607 meum
483 5554 535 5605 in
568 5555 695 5609 illis.

361 5634 384 5667 π
419 5624 487 5679 1]ι
520 5642 620 5677 non
642 5627 966 5692 ἐξανέλουσα.
994 5626 1167 5681 Vatic.
1200 5627 1255 5681 In
1275 5629 1442 5681 VPlel'i
1464 5628 1599 5683 Cod.
1624 5628 1877 5695 habetur,

286 5705 344 5749 ut
373 5713 475 5749 non
505 5698 815 5761 ἐξανήλωσα.
846 5710 901 5753 et
928 5700 1031 5752 alia
1064 5716 1223 5753 manu
1256 5700 1308 5753 in
1340 5697 1645 5764 interlinea,
1680 5702 1881 5755 occide-

285 5782 414 5823 rem.
440 5767 546 5825 Til.
571 5771 649 5825 lta
674 5779 760 5825 est
783 5772 839 5825 in
863 5770 1073 5834 Graeco,
1110 5773 1422 5845 ἐξανήλωσα,
1454 5774 1737 5841 consumi,
1758 5788 1879 5845 qua:

660 5864 935 5925 ΡΑτιιοι..
984 5862 1161 5926 XIII.

1990 3275 2140 3345 signa
2185 3272 2381 3340 faciens
2426 3281 2513 3324 aut
2556 3270 2818 3341 prodigia,
2865 3278 2910 3320 et
2942 3267 3133 3320 dia-erit
3172 3266 3240 3318 ad
3268 3275 3334 3326 te,
3371 3264 3591 3317 dicens:

1993 3368 2191 3421 Eamus
2220 3378 2268 3420 et
2299 3367 2582 3420 serviamus
2621 3364 2722 3417 diis
2776 3361 2790 3398 1
2828 3362 3036 3425 alienis,
3065 3377 3190 3425 quos
3223 3358 3463 3423 nescitis;
3499 3375 3601 3411 non

1989 3462 2208 3515 audietis
2246 3460 2452 3514 verbum
2483 3458 2747 3530 map/tela:
2785 3457 2948 3520 illius,
2998 3464 3089 3508 aut
3119 3454 3445 3513 somniantis,
3478 3468 3605 3521 quo-

1987 3560 2128 3612 niam
2156 3568 2315 3610 tentat
2339 3554 2596 3608 Dominus
2618 3564 2655 3589 ιιι
2674 3553 2812 3606 Deus
2838 3567 2924 3605 vos
2947 3551 3137 3615 videre,
3161 3551 3205 3602 si
3230 3548 3467 3619 diligatis
3490 3545 3600 3600 Do-

1990 3658 2186 3705 minum
2228 3649 2393 3703 Deum
2425 3659 2647 3703 vestrum
2682 3663 2745 3701 ea:
2773 3657 2879 3699 toto
2908 3643 3060 3697 corde
3100 3651 3286 3707 vestro,
3321 3654 3365 3693 et
3407 3658 3468 3694 ex
3498 3650 3604 3693 tota

1991 3747 2165 3799 anima
2193 3752 2358 3795 vestra
2385 3759 2402 3795 .'
2432 3752 2545 3810 post
2576 3749 2605 3775 ιι
2635 3739 2912 3792 Dominum
2941 3738 3106 3790 Deum
3130 3749 3347 3791 vestrum
3373 3735 3599 3799 ebibitis,

1992 3846 2038 3889 et
2068 3837 2235 3907 ipsum
2283 3843 2307 3869 ο
2352 3834 2613 3899 tintebitis,
2651 3841 2701 3885 et
2736 3831 2981 3884 mandata
3025 3832 3138 3900 ejus
3182 3829 3500 3888 custodietis.
3552 3834 3602 3879 et

1990 3944 2161 3983 vocem
2202 3929 2314 3999 ejus
2358 3927 2599 3994 audietis,
2646 3935 2693 3980 et
2724 3926 2803 3979 illi
2832 3924 3167 3995 apponemini
3198 3940 3217 3977 :
3258 3932 3304 3976 et
3346 3922 3598 3994 prepheta

1988 4145 2091 4185 vox
2134 4134 2388 4211 corrupta
2420 4138 2504 4184 est
2534 4128 2589 4183 in
2617 4125 2752 4183 Cod.
2785 4127 2960 4183 Vatic.
3018 4127 3172 4183 Vers.
3220 4128 3347 4185 Ant.
3402 4138 3449 4184 et
3490 4146 3593 4185 non

1989 4217 2361 4255 consummavi.

2060 4271 2085 4308 ιι
2121 4274 2275 4327 Vers.
2307 4274 2433 4325 Ant.
2468 4272 2617 4327 Sicut
2645 4272 2774 4326 dixi.
2802 4271 2934 4325 Ecce
2958 4288 3049 4342 ego
3072 4272 3137 4324 do
3160 4273 3205 4325 ei
3230 4282 3589 4325 testamentum

1991 4346 2156 4411 pacis,
2206 4355 2251 4395 et
2279 4345 2375 4397 erit
2418 4343 2497 4396 illi
2539 4356 2585 4396 et
2619 4343 2799 4396 semini
2848 4346 2959 4413 ejus
2997 4354 3109 4411 post
3152 4360 3267 4396 eum
3317 4356 3594 4397 testamen-

1988 4425 2262 4539 mqlb’i‘r‘;
2290 4483 2418 4537 Ant.
2437 4481 2659 4551 Pr0pter
2684 4484 2822 4544 quod
2837 4484 3111 4537 aemulatus
3136 4494 3207 4537 est
3226 4481 3393 4535 Deum
3413 4500 3583 4550 suum,

1984 4567 2031 4611 et
2061 4573 2159 4610 non
2196 4564 2447 4615 exoravit,
2482 4568 2592 4631 etc:
2622 4554 2835 4608 Lucifer
2859 4572 2979 4631 cum
3010 4555 3203 4631 Grn‘ct)
3230 4572 3241 4605 :
3268 4556 3485 4631 ἐζήλωσε
3514 4567 3587 4631 τῷ

1983 4637 2092 4698 Θεῷ
2144 4630 2327 4691 αὐτοῦ,
2375 4630 2461 4681 καὶ
2512 4627 2797 4693 ἐξιλάσατο,
2842 4626 3232 4695 depr0pitiuvit,
3265 4627 3317 4681 id
3346 4640 3431 4682 est
3460 4626 3584 4683 ρποὲ

1982 4711 2129 4753 ναιιιι,

2058 4771 2071 4819 ι
2116 4770 2474 4825 Resurrexerit
2505 4770 2631 4840 legit
2664 4769 2849 4825 Sabat.
2870 4768 3203 4845 _Vers._Aut.
3236 4770 3297 4824 Si
3328 4770 3439 4839 ipse
3466 4789 3587 4845 pro-

1984 4842 2158 4911 phetes
2188 4846 2657 4897 exsurrexerit.....
2691 4853 2737 4896 et
2777 4840 2980 4896 dederit
3013 4842 3100 4895 tibi
3135 4843 3340 4912 signum
3374 4846 3453 4897 vel
3466 4840 3475 4845 ’
3500 4862 3586 4899 os-

1984 4924 2196 4967 lentum.

2060 4984 2085 5021 ιι
2125 4985 2275 5039 Vers.
2314 4984 2442 5039 Ant.
2481 4984 2545 5037 Et
2595 4987 2833 5045 evenerit,
2884 4995 2931 5038 et
2978 4986 3205 5041 dixerit:
3242 4984 3436 5040 Eamus
3477 4995 3582 5043 etc.

1983 5056 2224 5131 Cra-cus,
2258 5057 2389 5131 πρὸς
2420 5078 2509 5131 σε.ι
2533 5057 2600 5108 ad
2631 5067 2699 5118 te,
2734 5072 2786 5111 ιιι
2822 5056 2993 5131 Lucii.

2060 5126 2075 5165 1
2115 5127 2266 5181 Vors.
2298 5126 2424 5181 Ἀιιι.
2461 5126 2754 5183 Eumus....
2804 5132 2901 5181 diis
2932 5129 3050 5183 aliis
3080 5145 3207 5199 quos
3251 5146 3351 5181 non
3382 5130 3523 5184 scitis
3568 5146 3581 5183 :

1983 5215 2045 5252 ne
2079 5201 2308 5253 audiatis
2349 5215 2729 5255 sermonem...
2764 5209 2853 5253 aut
2882 5204 3209 5254 somniatoris
3254 5200 3421 5269 illius,
3461 5202 3584 5271 quia

1981 5279 2091 5324 etc.

2053 5352 2091 5378 ηε
2124 5341 2275 5396 Vers.
2313 5343 2435 5395 Atil.
2471 5341 2727 5397 Dominus
2759 5344 2896 5396 Deus
2933 5352 3116 5403 vester.
3170 5353 3223 5396 ut
3267 5345 3417 5407 sciat,
3448 5346 3493 5399 si
3524 5361 3587 5399 ea:

1983 5422 2086 5487 toto
2100 5416 2251 5466 corde
2278 5425 2384 5467 etc.
2407 5414 2623 5467 timeatis
2650 5414 2836 5467 Deum.
2863 5413 3033 5487 Cra-e.
3067 5413 3268 5477 εἰδέναι,
3288 5418 3329 5469 εἰ
3347 5419 3583 5487 ἀγαπᾶτε

1985 5483 2189 5609 Eii-53:9»
2226 5488 2310 5541 τὸν
2350 5501 2420 5539 ex
2462 5501 2592 5540 mss.
2636 5487 2791 5539 Alex.
2828 5494 2880 5537 et
2914 5485 3122 5557 Oxon.)
3171 5489 3291 5543 Θεὸν
3331 5483 3494 5560 ὑμῶν,
3526 5500 3585 5545 ιιι

2032 5575 2113 5609 UCI
2147 5596 2158 5608 .

2032 5575 2266 5682 “libers.
2299 5630 2426 5681 Ant.
2465 5626 2588 5681 Post
2617 5625 2784 5681 Deum
2811 5636 2916 5681 etc.
2950 5626 3125 5683 Graec.
3158 5645 3278 5685 cum
3308 5631 3483 5687 Lucil.

2057 5708 2083 5736 ο
2111 5698 2271 5775 Yers.
2302 5699 2428 5753 Ant.
2466 5698 2716 5775 Ilunc..._.
2751 5709 2796 5753 et
2836 5713 3185 5772 prwcepta....
3218 5704 3583 5775 adjiciemini:

1984 5774 2253 5843 prapltetes
2283 5780 2454 5826 autem
2479 5780 2524 5827 et
2545 5772 2846 5842 somniator,
2871 5783 2976 5831 etc.

3069 5869 3148 5932 30
