4094 6190
603 247 709 317 9S9

1693 243 2023 330 Luctrnnt
2063 244 2375 312 EPISCOPI
2401 225 2834 311 nautarum
3748 261 3826 322 ato

601 376 712 443 ille,
741 383 831 428 aut
874 370 1131 426 somnium
1160 377 1187 405 ι
1216 368 1482 422 somnians
1510 366 1593 420 illi
1635 365 1662 405 ι’
1691 369 2003 424 moriantur.
2032 368 2219 424 Locutt
2243 371 2294 431 Α
2321 378 2409 423 aut
2434 369 2587 439 longe
2615 377 2663 431 ις,
2708 383 2771 422 ne
2807 367 2932 422 uelis
2962 367 3040 421 ire
3068 382 3186 421 cum
3213 368 3327 434 illa,
3353 335 3484 424 etne
3504 373 3703 427 audieris
3721 391 3821 443 eum,

606 473 628 508 ε
655 475 770 522 sunt
812 464 948 519 enim
987 462 1231 515 seducere
1266 475 1355 515 vos
1380 475 1412 513 a
1438 459 1662 514 Domino
1690 459 1801 514 Deo
1830 471 1994 517 vestro
2019 461 2201 533 (Deut.

600 576 718 624 xm,
751 557 830 628 1).
865 553 1163 626 Cognoscis
1191 551 1320 621 quid
1351 552 1460 623 pati
1487 551 1675 622 jussus
1709 553 1827 608 sis?
1858 553 1973 609 sive
2003 555 2205 610 etenim

600 660 654 707 te
679 651 892 706 somnio
921 647 1069 702 dicas
1095 645 1455 711 admonitum;
1490 646 1606 701 sive
1637 653 1688 700 te
1717 646 2044 717 prophetam
2067 647 2208 702 velis

599 751 847 801 astruere
890 741 1067 807 nobis,
1106 740 1360 796 inimicus
1383 739 1478 795 Dei
1509 755 1590 807 es,
1629 741 1722 811 qui
1754 741 1890 796 velis
1915 756 2017 797 nos
2042 742 2203 798 (idem

599 835 953 907 apostolicam
981 831 1388 902 derelinquere,
1420 842 1582 903 atque
1609 834 1887 903 suscipere
1911 849 2056 899 eam,
2086 851 2206 902 qua)

599 940 759 1003 negat
785 933 1006 985 unicum
1035 926 1132 982 Dei
1154 927 1373 982 Filium.
1401 925 1528 981 illos
1559 927 1762 981 etenim
1794 935 2042 993 cunctos,
2067 943 2205 998 quos

597 1023 850 1089 recitavi,
878 1033 1164 1093 propterea
1189 1022 1334 1092 quod
1361 1021 1652 1078 credentes
1677 1021 1876 1078 fuerint
1905 1024 1960 1078 in
1985 1025 2200 1080 unicum

599 1118 695 1174 Dei
725 1117 949 1180 Filium,
998 1125 1177 1171 tantos
1209 1131 1273 1170 ac
1315 1117 1452 1172 tales
1477 1115 1702 1172 effectos
1733 1124 1818 1171 est
1854 1117 2096 1172 clarum:
2131 1119 2206 1174 si-

596 1211 815 1282 quidem
868 1210 956 1280 qui
986 1206 1014 1246 ἀ
1056 1227 1158 1263 non
1186 1210 1463 1264 crediderit
1502 1211 1555 1264 in
1598 1209 1820 1274 Filium,
1863 1225 1956 1264 nec
1994 1210 2203 1266 Patrem

595 1304 781 1358 habeat
809 1305 935 1374 :qui
961 1319 1075 1357 vero
1106 1303 1268 1358 credit
1298 1304 1353 1357 in
1375 1300 1422 1355 F
1426 1304 1593 1370 ilium,
1617 1313 1665 1359 et
1689 1303 1900 1359 Patrem
1926 1315 1974 1360 et
2006 1304 2204 1360 Filium

596 1398 781 1452 habeat
809 1396 854 1465 (Ι
873 1394 1083 1466 Joan.).
1105 1394 1229 1450 llaec
1251 1411 1373 1450 cum
1404 1411 1508 1450 vox
1539 1398 1609 1450 sit
1637 1396 1778 1451 beati
1806 1396 2050 1462 Joannis,
2076 1413 2199 1454 cum

589 1506 701 1564 quo
731 1492 854 1562 quia
882 1490 953 1545 sit
979 1488 1184 1545 faciens
1214 1488 1420 1544 chorus
1460 1499 1774 1546 sanctorum
1806 1491 2198 1558 aposmlorum,

593 1600 785 1641 omnes
835 1584 1022 1653 utique
1073 1583 1244 1639 debes
1287 1583 1618 1652 intelligere,
1668 1587 1809 1639 sicut
1852 1583 2201 1640 crediderunt

591 1677 850 1749 apostoli,
877 1675 1019 1746 quod
1046 1677 1122 1730 sic
1143 1683 1269 1731 ante
1297 1675 1525 1731 fuissent
1553 1675 1844 1732 credentes
1873 1678 2198 1748 patriarcha:

2311 478 2414 517 non
2443 470 2618 533 parcet
2643 461 2824 516 oculus
2849 471 2968 516 tuus
2985 476 3140 531 super
3161 477 3293 529 eum,
3328 478 3415 516 nec
3442 460 3468 500 δ
3493 464 3706 520 salutabis
3725 485 3826 534 tum,

2309 570 2402 608 nec
2423 554 2609 608 celabis
2634 570 2750 609 eum
2774 569 2794 605 :
2813 553 3137 608 annuntians
3163 554 3487 614 annuntiabis
3503 556 3562 610 de
3585 573 3637 611 eo
3657 573 3672 610 :
3691 575 3828 616 manus

2310 657 2414 705 tute
2441 658 2592 704 erunt
2617 650 2670 703 in
2701 664 2816 703 eum
2847 649 2903 702 in
2935 649 3122 720 primis
3161 648 3229 702 ad
3259 648 3588 704 occidendum
3611 667 3711 706 eum
3732 652 3765 718 ί,
3795 664 3830 709 et

2309 759 2493 797 manus
2522 744 2704 813 populi
2746 744 2820 797 tui
2863 743 2918 796 in
2954 743 3246 797 novissimo.
3282 743 3350 797 Et
3393 744 3667 811 lapidabitis
3691 747 3828 812 illum,

2307 845 2360 890 et
2387 837 2658 901 morietur,
2683 837 2926 905 quoniam
2947 838 3147 906 qumsiit
3173 837 3419 892 absistere
3445 838 3457 888 i
3489 855 3520 892 α
3542 837 3734 896 Domino
3751 843 3833 898 Deo

2305 935 2395 980 tuo
2443 925 2604 995 (Deut
2635 942 2750 993 xm,
2789 926 2865 1004 (ι).
2900 927 3242 998 Praeceptum
3273 927 3297 968 κ
3327 938 3378 985 te
3411 931 3643 998 interﬁci,
3677 933 3833 1003 quippe

2309 1019 2482 1076 Deum
2530 1037 2616 1076 me
2647 1021 3030 1092 derelinquere
3057 1022 3397 1088 invitantem,
3439 1021 3674 1094 ignorans
3707 1026 3828 1093 dicis,

2306 1110 2681 1168 Contumeliam
2723 1115 2852 1168 mihi
2904 1115 3033 1183 facit
3079 1114 3307 1185 Lucifer.
3343 1119 3450 1172 Aut
3494 1119 3691 1187 negabis
3724 1128 3764 1174 te
3782 1121 3831 1174 ad

2313 1203 2329 1244 ι
2361 1203 2728 1260 idololatriam
2754 1206 3016 1261 invitasse
3043 1221 3145 1262 nos
3165 1206 3586 1276 suscipiendam?
3611 1209 3659 1265 Si
3684 1225 3832 1266 censes

2307 1298 2635 1367 negandum,
2667 1300 2994 1354 convincent
3039 1310 3090 1355 te
3135 1301 3506 1370 expositiones
3531 1311 3566 1339 ω
3590 1313 3730 1358 sectae
3753 1313 3828 1358 tua

2306 1389 2715 1459 episcoporum,
2769 1390 3340 1461 combiasphemosum
3371 1393 3607 1448 videlicet
3635 1404 3828 1460 tuorum;

2303 1482 2627 1537 convincent
2675 1491 2724 1538 te
2769 1493 2796 1520 ιι
2828 1483 2996 1538 libelli
3037 1485 3248 1540 recitati
3293 1501 3321 1538 a
3355 1494 3426 1552 te,
3473 1502 3533 1541 ac
3559 1488 3657 1543 dati
3686 1488 3830 1545 [lotae

2303 1574 2576 1644 episcopis
2601 1575 2766 1630 etiam
2794 1575 3100 1640 catholicis,
3135 1577 3200 1632 ad
3233 1577 3336 1633 hoc
3363 1579 3626 1642 videlicet,
3653 1591 3698 1634 ut
3719 1581 3828 1636 omni

2306 1667 2358 1722 in
2386 1668 2507 1723 loco
2540 1681 2625 1722 tua
2667 1669 2917 1726 roborari
2953 1681 3136 1738 posset
3163 1670 3512 1740 blasphemia.
3535 1673 3665 1739 Quas
3687 1673 3825 1726 incur-

591 1781 753 1844 atque
785 1771 1086 1842 pr0phette,
1123 1771 1200 1824 sic
1221 1770 1403 1825 cuncti
1436 1771 1526 1839 qui
1562 1770 1687 1824 lidei
1723 1771 1918 1825 merito
1949 1771 2199 1825 honorati
2231 1761 2279 1821 Β
2307 1762 2446 1815 reris
2464 1777 2711 1834 errorum
2731 1764 2984 1820 tenebras
3008 1780 3112 1817 non
3142 1765 3352 1819 sentis?
3376 1779 3482 1820 non
3501 1767 3738 1836 conspicis
3753 1781 3827 1835 quo

592 1882 718 1923 esse
760 1873 1078 1920 noscantur.
1114 1862 1302 1935 Neque
1339 1865 1482 1917 enim
1531 1863 1735 1934 poteris
1772 1863 1902 1917 mihi
1945 1864 2197 1932 probare,

591 1959 718 2032 quia
749 1957 912 2012 aliter
934 1956 1286 2012 crediderunt
1323 1955 1622 2020 Abraham,
1655 1954 1828 2022 lsaac,
1859 1955 2114 2020 etlacob,
2148 1963 2203 2010 et

589 2054 751 2109 aliter
770 2050 1010 2106 Joannes
1034 2049 1113 2104 vel
1135 2063 1325 2103 omnes
1341 2047 1638 2118 coapostoli
1669 2048 1809 2118 ejus.
1837 2047 1892 2103 Si
1916 2048 2060 2102 enim
2091 2063 2198 2103 non

589 2144 663 2199 ita
691 2143 1041 2198 crediderunt
1077 2141 1335 2210 apostoli,
1379 2150 1433 2194 ut
1470 2140 1817 2195 crediderunt
1849 2139 2195 2210 patriarchae,

590 2251 691 2293 cur
712 2235 902 2291 beatus
923 2233 1125 2289 Paulus
1153 2246 1345 2287 omnes
1375 2231 1440 2286 ad
1474 2231 1704 2286 Abrahae
1727 2231 2201 2302 comprehenden-

589 2328 714 2385 dam
752 2335 1011 2398 provocat
1054 2324 1256 2379 lldem?
1280 2323 1384 2378 Sed
1432 2323 1612 2391 inquis
1643 2341 1655 2375 :
1687 2322 1802 2394 Ego
1830 2334 1877 2376 te
1904 2339 2066 2395 arguo
2107 2340 2199 2377 cur

588 2421 814 2476 insolens
843 2420 936 2484 sis,
985 2434 1076 2471 cur
1097 2415 1500 2470 contumeliosus
1528 2423 1550 2451 θ
1582 2415 1881 2482 imperatori
1911 2416 2196 2479 exstiteris;

591 2521 640 2568 et
682 2519 736 2566 tu
778 2511 899 2580 fidei
945 2524 1154 2563 causam
1185 2507 1396 2561 retexis.
1430 2504 1584 2560 Fidei
1626 2505 1837 2575 itaque;
1883 2513 1944 2560 ut
1972 2507 2194 2575 probem

591 2615 645 2661 te
683 2621 805 2661 esse
833 2603 1190 2671 sacrilegum,
1232 2611 1291 2654 ut
1321 2601 1548 2671 probem
1582 2605 1634 2654 te
1664 2613 1692 2652 a
1739 2599 1824 2652 via
1856 2599 2197 2654 deorhitasse

588 2696 840 2752 veritatis
863 2713 876 2758 ;
902 2696 1030 2750 hinc
1053 2694 1486 2748 contumeliosus
1514 2691 1608 2746 tibi
1634 2691 1842 2755 videor,
1869 2691 1990 2762 quia
2019 2691 2194 2746 dicam

588 2791 687 2846 tibi
725 2788 1036 2842 deseruisse
1067 2794 1117 2839 te
1150 2785 1252 2839 iter
1291 2783 1532 2838 omnium
1570 2783 1665 2838 Dei
1709 2783 2005 2849 cultorum,
2034 2792 2197 2854 atque

588 2881 1078 2952 comprehendisse
1125 2880 1270 2934 illam
1303 2895 1464 2948 quam
1513 2886 1806 2932 tenuerunt
1836 2893 1898 2932 ac
1939 2889 2066 2932 sunt
2115 2890 2196 2935 te-

590 2985 786 3031 nentes
819 2973 893 3039 hi,
927 2972 1019 3040 qui
1050 2987 1154 3024 nnn
1193 2971 1320 3037 Deo,
1354 2970 1448 3024 sed
1479 2969 1778 3040 phantasiaa
1801 2973 2107 3026 servierunt
2131 2988 2195 3029 ac

589 3075 718 3124 sunt
742 3065 1062 3120 servientes.
1091 3063 1167 3117 De
1192 3073 1241 3116 te
1269 3065 1448 3131 itaque
1476 3077 1504 3114 a
1533 3062 1642 3114 ῡιευ
1673 3077 1758 3117 me
1785 3064 2045 3118 recedere
2070 3080 2197 3120 sua-

2306 1853 2482 1922 possis
2515 1854 2692 1922 perire
2727 1853 2926 1908 modo?
2967 1855 3185 1922 quando
3225 1856 3415 1911 videas
3451 1871 3545 1911 cur
3578 1868 3736 1912 contra
3770 1858 3828 1912 di-

2305 1943 2431 2000 vina
2472 1944 2667 1999 fecerit
2693 1947 2898 2000 monita
2929 1945 3111 2001 Achar
3137 1961 3279 2002 unus
3315 1965 3347 2004 θ
3377 1949 3586 2018 populo,
3614 1964 3698 2004 cur
3720 1948 3827 2006 furto

2302 2038 2618 2093 abstulisset
2662 2039 2732 2094 ab
2791 2039 3050 2095 Hiericho
3092 2051 3302 2094 certam
3344 2051 3545 2109 partem
3575 2042 3734 2105 vestis,
3766 2057 3826 2094 ar-

2301 2132 2470 2201 genti,
2501 2133 2747 2202 aurique,
2780 2131 2862 2187 sic
2902 2131 3064 2187 fuerit
3104 2134 3373 2188 multatus
3414 2143 3596 2189 morte.
3620 2133 3735 2201 Quid
3760 2135 3823 2188 tibi

2301 2225 2366 2278 sit
2402 2225 2641 2279 futurum
2682 2225 2962 2296 conspice,
2993 2227 3084 2294 qui
3125 2227 3200 2282 sis
3229 2242 3438 2297 negans
3462 2239 3695 2284 aeternam
3721 2227 3824 2281 unici

2300 2315 2422 2369 Filii
2476 2315 2571 2371 Dei
2619 2316 2855 2371 divinam
2909 2317 3276 2388 majestatem,
3331 2319 3513 2388 accipe
3561 2319 3672 2390 quid
3716 2321 3821 2374 circa

2302 2409 2479 2464 Achar
2529 2409 2691 2464 fuerit
2729 2410 3102 2474 celebratum;
3157 2420 3214 2465 et
3266 2412 3482 2467 tandem
3513 2412 3710 2468 consule
3748 2422 3822 2464 tua

2298 2503 2482 2564 saluti.
2517 2504 2629 2560 redi
2661 2504 2726 2557 ad
2756 2504 2852 2559 Dei
2873 2484 3206 2570 ecclesiam,
3305 2521 3411 2576 qua
3439 2515 3490 2562 te
3530 2523 3616 2574 per
3651 2505 3822 2560 Arianos

2297 2594 2535 2664 alligavit
2556 2605 2579 2631 ο
2605 2595 2827 2651 coluber
2854 2595 2946 2652 ille
2973 2597 3180 2666 refuga,
3211 2601 3308 2666 qui
3337 2598 3550 2654 verterit
3567 2597 3712 2654 Adam
3731 2612 3821 2665 quo-

2297 2703 2400 2758 que
2425 2698 2478 2743 et
2507 2689 2674 2742 Evam
2702 2707 2714 2742 :
2744 2686 2812 2743 Et
2839 2698 2978 2755 erat,
3009 2689 3183 2757 inquit
3208 2729 3224 2756 ,
3283 2690 3526 2746 Dominus
3552 2706 3654 2744 cum
3671 2687 3816 2746 lenti.

2297 2790 2343 2835 et
2368 2790 2480 2835 erat
2500 2797 2685 2835 nomen
2708 2783 2817 2852 ejus
2841 2798 2996 2850 super
3019 2782 3314 2836 universam
3335 2795 3518 2840 terram
3537 2782 3655 2852 (los.
3679 2779 3815 2840 v1.27.

2297 2873 2366 2930 Et
2407 2876 2740 2946 neglexerunt
2769 2875 2871 2944 filii
2902 2873 3072 2929 Israel
3104 2878 3423 2948 negligentia
3461 2888 3512 2940 τι,
3539 2886 3583 2930 et
3607 2872 3818 2943 fraudare-

2295 2977 2415 3021 runt
2460 2967 2650 3036 fraude
2690 2969 2754 3022 de
2783 2969 3128 3028 anathemate.
3160 2977 3209 3022 et
3250 2970 3545 3039 indignatus
3571 2979 3635 3022 est
3657 2966 3720 3020 ira
3746 2963 3820 3017 Do-

2294 3062 2464 3118 minus
2497 3062 2624 3129 ﬁliis
2651 3061 2834 3116 Israel.
2875 3061 2940 3115 Et
2971 3062 3110 3116 misit
3138 3061 3304 3120 Jestss
3333 3065 3466 3118 uiros
3493 3063 3542 3118 in
3561 3059 3644 3126 Ge,
3662 3065 3817 3128 quaest

590 3159 741 3216 deuti
770 3157 957 3224 accipe
988 3154 1114 3224 quid
1151 3153 1394 3207 sanxerit
1426 3153 1541 3206 fieri
1573 3153 1714 3207 Deus
1739 3167 1836 3223 per
1876 3154 2057 3210 Mosen
2087 3177 2098 3211 :
2132 3157 2194 3213 Si
2222 3143 2268 3206 Ο
2297 3159 2580 3228 conjuncta
2609 3155 2806 3219 Betltel,
2843 3155 3020 3210 dicens
3059 3172 3078 3210 :
3121 3155 3462 3214 Considerate
3495 3155 3581 3211 Ge.
3610 3153 3667 3207 Et
3687 3166 3818 3205 astruo

587 3262 760 3308 autem
781 3249 1036 3319 rogaverit
1073 3257 1120 3300 te
1149 3249 1310 3318 frater
1351 3255 1470 3300 tuus
1491 3261 1558 3300 ea:
1595 3256 1743 3317 patre
1770 3248 1850 3301 vel
1884 3261 2065 3316 matre,
2102 3262 2194 3307 aut

591 3349 736 3418 ﬁlius
761 3353 900 3405 tuus,
932 3352 1021 3396 aut
1052 3343 1164 3410 filia
1188 3351 1293 3404 tua,
1322 3350 1411 3394 aut
1435 3343 1640 3408 mulier,
1665 3358 1780 3412 quas
1799 3344 1852 3396 in
1885 3347 2080 3414 gremio
2108 3356 2194 3401 tuo

589 3452 685 3507 est,
719 3447 808 3492 aut
834 3437 1034 3490 amicus
1059 3435 1147 3503 qui
1184 3435 1373 3487 animi:
1399 3442 1501 3487 ιιιιε
1525 3450 1622 3504 par
1653 3446 1745 3500 est,
1787 3435 1922 3489 clam
1961 3438 2138 3493 dicens
2175 3455 2195 3492 :

590 3534 791 3589 Eamus
823 3541 870 3586 et
915 3530 1196 3584 serviamus
1227 3527 1329 3580 diis
1380 3526 1398 3565 ί
1448 3527 1654 3593 alienis,
1699 3545 1828 3599 quos
1863 3533 2054 3598 neseis,
2101 3549 2194 3587 nec

590 3637 766 3699 patres
796 3626 892 3690 tui,
924 3639 987 3679 ea:
1017 3622 1118 3676 diis
1157 3621 1424 3676 nationum
1453 3636 1569 3689 quae
1607 3623 1747 3676 circa
1774 3633 1821 3676 te
1843 3633 1932 3678 aut
1959 3627 2197 3692 proxime

662 3793 688 3822 ⁸
727 3781 864 3838 Cum
891 3779 1104 3845 Grieco,
1136 3772 1366 3833 ένύπνιον
1391 3775 1830 3848 ἐνυπνιαζόμενος.
1870 3774 2025 3834 Vers.
2060 3779 2186 3833 Altt.

590 3865 1148 3983 '°'i."'}712°'inortamr,
1183 3919 1360 3972 Latin.
1397 3935 1466 3973 ex
1517 3919 1731 3983 Grmco,
1775 3921 1959 3978 insilio:
2003 3921 2196 3975 ἀποθα-

594 4005 777 4054 νεῖται.
808 3995 966 4047 Vers.
994 3996 1118 4044 Ant.
1155 3989 1258 4043 Ille
1287 3991 1555 4044 morietur.

670 4078 691 4105 ο
731 4066 880 4118 Vers.
917 4065 1043 4117 Aut.
1077 4060 1304 4114 Locutus
1349 4069 1424 4114 est
1447 4061 1585 4114 enim
1615 4060 1684 4116 ad
1707 4060 2058 4114 seducendum
2083 4071 2130 4115 te
2157 4077 2188 4114 a

595 4132 818 4192 Domino
852 4131 958 4185 Deo
989 4142 1095 4184 tuo.

665 4207 693 4247 (ι
725 4206 878 4260 Vers.
906 4202 1032 4258 Ant.
1067 4201 1168 4274 Qui
1209 4209 1357 4274 negat
1382 4199 1601 4274 Filium,
1633 4217 1722 4255 nec
1756 4200 1952 4274 Filium
1987 4217 2076 4256 nec
2101 4219 2194 4274 pa-

593 4289 720 4338 trem
750 4277 940 4330 habet:
967 4286 1013 4329 et
1043 4273 1132 4343 qui
1158 4270 1428 4342 confitetur
1456 4271 1672 4337 Filium,
1703 4283 1752 4329 et
1788 4270 1837 4325 F
1840 4274 1987 4327 ilium
2026 4285 2071 4327 et
2101 4270 2193 4346 pa-

592 4362 717 4406 trem
749 4348 918 4402 habet.
1156 4415 1167 4421 _
1369 4413 1380 4421 ,
1564 4415 1593 4421 _
1670 4417 1678 4421 _
1729 4415 1739 4421 _
1782 4402 1795 4421 .

668 4433 691 4460 θ
727 4421 901 4477 Editis
925 4415 1226 4488 praesertim
1258 4413 1425 4488 libris,
1445 4429 1538 4484 pro
1561 4415 1619 4470 S.
1654 4413 1969 4471 Athanasio.

665 4490 685 4530 ί
717 4493 902 4548 Sabat.
927 4483 1064 4560 'Iegit
1087 4483 1246 4560 :7Det's
1275 4483 1479 4560 alienis,
1501 4502 1630 4549 quos
1660 4488 1824 4541 nescis
1853 4494 1906 4541 tu
1937 4498 1983 4542 et
2018 4497 2187 4560 patres

592 4565 667 4620 tui
692 4579 710 4618 :
734 4563 887 4618 Vers.
921 4559 1048 4615 Ant.
1082 4559 1203 4613 Deis
1228 4559 1367 4618 aliis,
1397 4575 1521 4626 quos
1549 4574 1653 4612 non
1672 4561 1862 4614 scis....
1891 4575 1954 4613 ea:
1980 4559 2184 4617 deis....

593 4649 706 4705 qua:
732 4637 922 4705 circum
953 4641 1000 4684 te
1021 4630 1251 4700 pioxime
1279 4641 1395 4684 sunt
1424 4639 1512 4705 aut
1543 4629 1714 4698 longe.

662 4714 686 4754 ε
719 4703 788 4756 Ab
812 4717 1035 4756 ex'rettto
1064 4710 1212 4754 terra:
1238 4716 1394 4768 usque
1425 4702 1492 4752 ad
1518 4711 1797 4753 extremum
1829 4713 1999 4767 terra},
2035 4701 2188 4758 addit

591 4775 773 4832 Latin.
806 4790 869 4827 ex
894 4771 1230 4836 Graeco;sed
1264 4768 1378 4825 hinc
1399 4772 1592 4825 absunt
1619 4785 1648 4824 a
1677 4785 1776 4825 ms.
1805 4769 1978 4830 Graec.
2004 4773 2178 4830 Oxon.

589 4849 730 4916 apud
763 4843 950 4916 Sabat.

663 4917 693 4955 ιι
728 4917 878 4970 Vers.
898 4915 1024 4968 Ant.
1055 4909 1166 4964 Nec
1187 4910 1531 4966 miseraberis.

669 4988 684 5025 ί
718 4987 785 5043 Ut
811 4989 862 5041 in
888 4984 1096 5062 Graeco,
1125 4983 1313 5062 μύτὸν·
1346 4985 1425 5038 καὶ
1452 4983 1503 5038 αἶ
1533 4990 1803 5057 χεῖρες-μ..
1826 4985 1919 5062 ’ἐπ’
1939 4989 2178 5062 ἑσχόςτῳ.

590 5060 748 5115 Vers.
797 5064 927 5112 Ant.
961 5055 1161 5110 omittit
1189 5069 1324 5120 eum,
1368 5067 1445 5120 et,
1489 5055 1671 5109 manus
1699 5057 1865 5114 omnis
1905 5055 2085 5128 populi
2130 5055 2183 5113 in

659 5147 896 5185 υιεδιηεη.

659 5147 896 5185 vissmus.

588 5147 673 5252 “oi
721 5200 966 5269 Quwsivit
1006 5204 1233 5252 avertere
1261 5205 1326 5250 te.
1353 5195 1512 5252 Vers.
1549 5199 1677 5254 Ant.
1724 5195 2043 5256 ’Δποστῆσαί
2095 5222 2177 5257 σε.

586 5274 765 5333 Grzcc.

655 5343 682 5383 ι
710 5344 1039 5407 Prteceptum
1057 5357 1166 5396 esse
1187 5348 1292 5397 etc.
1324 5337 1640 5395 Gallandius
1669 5348 1838 5395 recte.

661 5413 680 5455 ι
714 5416 831 5484 Quo
861 5416 1080 5468 nomine
1105 5414 1424 5484 alterutrum
1456 5426 1520 5466 ex
1548 5411 1897 5484 hiscepotest
1925 5412 2171 5484 intelligi,

586 5497 678 5542 aut
725 5483 1035 5558 «Epistulam,
1088 5485 1202 5558 sive
1251 5483 1487 5558 e_dictttm
1525 5483 1820 5558 catholicis
1872 5483 2175 5558 prapsertim

584 5554 868 5628 Episcopis
890 5557 1226 5628 prepositum
1257 5554 1810 5628 Constantiinomine
1845 5555 2175 5628 inconciiio

583 5625 995 5691 Mediolanensi,
1030 5635 1086 5679 ιιι
1113 5627 1286 5681 cidem
1324 5637 1512 5679 contra
1560 5625 1831 5682 Nicaenam
1884 5626 2045 5682 ﬁdem
2076 5628 2174 5682 ad-

581 5695 912 5767 scriberent;
960 5702 1068 5767 aut
1098 5695 1416 5767 simpliciter
1459 5697 1712 5767 Arianam
1761 5695 2037 5767 haeresim,
2082 5701 2171 5755 cui

578 5764 714 5825 totis
740 5765 944 5821 viribus
966 5762 1103 5822 favit
1126 5762 1498 5837 Constantius,
1521 5765 1651 5825 dum
1677 5767 1827 5824 visit.

2300 3245 2486 3300 derunt
2513 3247 2630 3307 uiri,
2663 3257 2711 3300 et
2745 3245 3205 3300 considerat-erunt
3231 3244 3316 3302 Ge
3351 3263 3368 3302 .'
3395 3257 3439 3303 et
3466 3246 3635 3300 reuersi
3651 3250 3742 3297 sunt
3767 3238 3816 3290 ad

2298 3343 2585 3412 Jasum,-et
2607 3343 2848 3396 dixerunt
2888 3343 2956 3398 ad
2982 3358 3097 3396 eum
3125 3360 3142 3395 :
3177 3340 3308 3398 Non
3338 3343 3571 3397 ascendat
3594 3338 3722 3394 antris
3742 3351 3812 3403 po-

2299 3439 2473 3510 pulus,
2507 3437 2598 3492 sed
2624 3437 2728 3492 duo
2770 3437 2848 3492 uel
2887 3437 2988 3490 tria
3017 3437 3185 3491 millia
3228 3439 3461 3493 uirorum
3497 3433 3747 3494 ascendant,
3782 3434 3816 3478 tl

2299 3534 2557 3586 devastent
2587 3531 2868 3592 civitatem.
2913 3547 2975 3584 ne
3000 3531 3217 3584 inducas
3246 3531 3372 3586 illos
3419 3542 3439 3569 ι·
3484 3531 3818 3588 universumpe-

2299 3626 2479 3696 pulunt
2507 3641 2525 3680 :
2554 3626 2710 3694 pauci
2737 3625 2874 3678 enim
2898 3634 3042 3679 sunt.
3071 3623 3138 3682 Et
3163 3625 3508 3680 ascenderunt
3525 3638 3627 3678 cum
3649 3620 3723 3673 illo
3740 3618 3817 3686 fere

2371 3786 2411 3814 ιιι
2442 3775 2707 3832 Formulae
2740 3777 2993 3832 nimirum
3034 3775 3160 3832 fidei
3187 3778 3428 3843 Ariamc,
3458 3793 3580 3849 quas
3610 3783 3812 3832 annorum

2299 3848 2516 3903 circiter
2555 3849 2929 3904 novemdecim
2975 3850 3150 3916 spatio
3195 3847 3487 3905 ediderunt
3523 3847 3660 3916 hujus
3695 3850 3811 3897 secta!

2303 3919 2561 3988 magistri,
2589 3934 2651 3972 ac
2676 3920 2916 3985 patroni;
2946 3934 3145 3989 easque
3166 3922 3570 3990 quatuordecim
3595 3918 3811 3973 enumerat

2291 3990 2543 4044 Petavius
2573 3993 2621 4042 in
2642 3991 2734 4045 lib.
2762 4007 2778 4045 ι
2803 3992 2870 4046 de
2889 3990 3108 4056 Trinit.,
3129 4007 3249 4060 cap.
3279 3995 3329 4059 9,
3368 4007 3580 4061 quarum
3599 3997 3808 4061 postrema

2293 4062 2595 4132 Autiochire
2624 4063 2932 4132 conscripta
2975 4062 3184 4116 videtur
3225 4060 3536 4127 anno’560;
3583 4060 3696 4132 adeo
3719 4066 3811 4132 vero

2293 4133 2436 4187 inter
2465 4148 2524 4187 se
2546 4127 2866 4196 dissimiles,
2897 4148 2959 4188 ac
2986 4133 3222 4188 dissona:
3244 4134 3480 4202 fuerunt,
3507 4131 3694 4205 ut,d_um
3714 4127 3811 4205 iden-

2295 4205 2450 4278 tidem
2481 4218 2644 4278 novas
2679 4205 3030 4278 cudentes_iis
3059 4206 3182 4276 ipsis
3231 4209 3455 4278 rejectis,
3499 4220 3556 4256 ac
3593 4203 3808 4278 damnati.

2294 4274 2426 4328 alios
2462 4274 2764 4348 subjiciunt,
2798 4275 2950 4330 veluti
2981 4266 3305 4348 testamenta
3333 4266 3630 4339 candentes,
3672 4279 3716 4323 ut
3737 4266 3810 4348 illis

2295 4340 2571 4418 exprobrat
2598 4345 2908 4400 Athanasius
2937 4347 2989 4400 in
3015 4346 3162 4402 Orat.
3193 4350 3468 4402 tadversus
3491 4349 3698 4418 Arianos.
3717 4340 3808 4391 iis!“

2216 4447 2268 4510 Β
2295 4417 2600 4510 διξοηξηὶιηη
2621 4419 2916 4510 obieceript,
3009 4419 3516 4510 cott’emptui;.quod
3531 4417 3808 4510 illoxrum

2294 4489 2379 4541 nia
2421 4490 2619 4544 decreta
2661 4505 2760 4563 non
2803 4487 2866 4541 ab
2896 4488 3033 4563 aliis,
3063 4491 3153 4563 sed
3195 4485 3255 4543 ab
3285 4485 3808 4563 ipsis-metantiquata'tl

2289 4562 2497 4634 rejecta,
2526 4561 2821 4614 auctoribus
2859 4561 2967 4634 suis
2996 4561 3237 4634 sacrilegi
3279 4551 3524 4617 mendacii
3547 4567 3591 4612 et
3607 4551 3808 4634 -ρετρᾴίσξ

2289 4626 2507 4684 dedecus
2531 4641 2854 4701 aspergunt,
2899 4631 3075 4702 inquit
3101 4626 3321 4689 laudato
3363 4635 3412 4688 in
3453 4634 3563 4687 loco
3607 4626 3805 4683 Petavius

2288 4718 2438 4756 nttm.
2474 4703 2562 4757 15.

2360 4782 2387 4809 ἰ
2439 4772 2516 4827 De
2545 4785 2728 4826 mente
2774 4771 3008 4829 Luciferi
3057 4774 3158 4830 hoc
3204 4776 3424 4840 inloco,
3457 4784 3504 4829 et
3547 4774 3804 4832 utrumqua‘.

2287 4842 2638 4916 Constantius
2686 4844 2871 4899 Bonna:
2922 4849 3154 4916 gesserit
3207 4863 3302 4912 pro
3350 4845 3672 4916 Arianis,_att
3712 4846 3805 4887 νεΐο

2288 4915 2642 4972 Sirmieusem
2695 4913 2983 4970 formulam
3031 4933 3120 4972 an.
3156 4919 3282 4981 557,
3332 4934 3397 4972 an
3449 4913 3804 4987 Ariminensem.

2287 4990 2405 5042 sive
2436 4989 2761 5043 Acaciauam
2794 4987 3117 5057 pubiicatam
3153 4990 3203 5043 in
3230 4989 3466 5044 Concilio
3492 4987 3804 5057 Constantina-

2290 5059 2530 5126 polltano
2567 5058 2670 5111 sub
2698 5055 2901 5114 exiium
2934 5076 3021 5114 an.
3059 5061 3163 5115 .359
3194 5074 3247 5116 et
3289 5061 3498 5115 initium
3531 5055 3804 5126 insequentis

2286 5123 2747 5195 celebratohvide,
2775 5145 2894 5198 quae
2918 5131 2969 5183 in
3005 5132 3164 5186 Prarf.
3195 5132 3559 5186 disseruimus.
3579 5136 3623 5180 et
3652 5123 3803 5198 huc‘rtf'

2285 5185 2612 5274 vocantnam
2641 5200 2694 5254 6.
2717 5185 3013 5268 subjectum
3044 5185 3165 5274 pag.
3193 5185 3261 5258 54
3277 5202 3378 5273 (hic
3399 5201 3494 5256 col.
3512 5197 3612 5274 820
3637 5201 3724 5274 aqf-

2359 5280 2382 5306 ο
2415 5271 2470 5324 ld
2500 5279 2606 5358 estz
2639 5289 2676 5358 μ
2700 5264 2878 5341 ᾳιιαίε
2898 5264 3091 5358 ⁸(ιινξξςιίἰ,
3113 5264 3184 5328 ἐι
3220 5264 3413 5358 expulit
3441 5269 3633 5358 putabat

2281 5345 2426 5412 fuga,
2455 5344 2542 5409 qui
2572 5339 2826 5398 Adamum
2862 5353 2908 5395 et
2955 5339 3114 5412 Evam
3145 5339 3375 5409 sedarit;
3403 5344 3486 5397 ttbi
3515 5339 3708 5412 abiqart't
3730 5339 3802 5398 pro

2282 5407 2726 5489 "abrgit'usurpat.
2757 5413 2859 5467 Tit.
2893 5415 2941 5470 la
2969 5407 3144 5472 Cerda
3170 5427 3222 5472 et
3248 5407 3478 5489 Cangius
3499 5415 3552 5489 in
3581 5409 3731 5489 Gloss:

2354 5470 2482 5540 vulta
2515 5470 2692 5541 (ἔταξε.
2726 5470 3062 5543 constanter.
3093 5470 3287 5544 Sabat.
3329 5470 3455 5556 legit
3481 5485 3628 5538 Josue
3650 5478 3694 5530 in
3718 5470 3797 5525 ιιι⁴

2279 5558 2441 5614 ciler.

2351 5639 2377 5679 ιι
2405 5627 2743 5702 lilegtigentta
2765 5645 2972 5702 magna.
3005 5629 3184 5685 Latin.
3210 5645 3273 5686 es
3299 5629 3503 5702 Graeco.
3643 5689 3655 5702 ο

2349 5707 2371 5736 ν
2405 5695 2629 5772 Ρι-ιῑλῐιε
2657 5699 2819 5756 ducas
2848 5695 2900 5755 in
2925 5701 3044 5760 illos
3087 5718 3285 5759 omnem
3311 5701 3547 5772 populant
3574 5708 3591 5748 :
3617 5695 3684 5750 sic
3713 5695 3795 5772 ῗίξξ

2275 5749 2505 5840 pisci—uie
2521 5749 3076 5830 ἰιιῦεὲῐίῖἶιιέιιὸιῖἑι
3089 5749 3285 5832 ἰἦόἱέ
3302 5749 3619 5832 etaiam.
3645 5770 3732 5832 (ιιιο
3753 5749 3797 5805 αι
