4094 6190
298 298 392 359 941

864 298 952 357 DE
992 296 1129 357 NON
1172 296 1546 355 PARCENDO
1584 298 1653 354 IN
1695 296 1886 356 DEUM
1932 296 2543 369 DELINQUEN'I‘IBUS
2582 299 2790 357 LIBER
2829 302 3029 361 UNUS.

3493 311 3598 368 9b!

295 419 396 471 tria
436 414 609 471 millia
636 417 887 481 virorum,
936 426 986 471 et
1018 420 1267 488 fugerunt
1312 431 1343 468 a
1374 415 1508 482 facie
1551 415 1781 469 virorum
1809 417 1896 486 qui
1926 418 1981 475 A
2002 432 2162 482 mam,
2188 426 2236 472 et
2263 418 2510 474 ducentos
2532 418 2687 473 siclos
2703 420 2923 490 argenti,
2945 420 3293 492 didragmam,
3312 431 3360 476 et
3384 423 3601 493 ligulam

294 513 441 564 erant
468 510 520 562 in
551 506 627 562 Ge
651 524 668 561 :
697 517 746 563 et
776 508 1076 562 occiderunt
1104 524 1167 561 ex
1192 508 1319 579 ipsis
1348 506 1444 560 viri
1470 503 1546 561 Ge
1573 508 1785 577 triginta
1807 523 1897 561 sea:

292 601 453 663 viros,
477 608 524 653 et
555 600 809 669 persecuti
830 609 951 653 sunt
977 600 1096 653 illos
1139 616 1173 653 a
1200 608 1349 667 porta
1378 607 1424 665 ³,
1452 606 1498 650 et
1519 597 1896 654 cbntribulave-

294 703 416 747 runt
436 693 556 747 illos
586 694 639 747 in
673 694 925 761 proclivo,
956 702 1005 746 et
1040 694 1243 762 expavit
1270 709 1361 747 cor
1390 692 1592 763 populi,
1622 699 1674 745 et
1697 695 1897 761 factum

294 795 372 840 est
393 795 449 839 ut
477 801 630 853 aqua.
667 783 739 837 Et
770 783 1025 838 conscidit
1044 783 1200 838 Iesus
1228 783 1529 837 vestimenta
1558 797 1677 849 sua,
1706 791 1753 837 et
1778 799 1897 855 pro-

294 878 421 932 cidit
454 877 609 930 Iesus
634 874 663 914 b
693 877 747 929 in
775 878 960 946 faciem
988 884 1107 928 ante
1126 873 1299 930 Deum
1328 891 1489 945 usque
1516 876 1584 927 ad
1610 891 1895 946 vesperum,

293 972 408 1041 ipse
446 980 495 1024 et
537 970 763 1024 seniores
800 968 995 1033 Israel,
1042 978 1091 1022 et
1132 970 1383 1023 miserunt
1435 968 1695 1037 pulverem
1742 984 1900 1035 super

296 1064 473 1133 capita
496 1078 612 1125 sua,
646 1071 693 1114 et
722 1061 856 1115 dixit
881 1061 1038 1115 Iesus
1072 1080 1083 1114 :
1110 1059 1309 1115 Precor
1340 1072 1386 1126 ο,
1420 1059 1659 1125 Domine,
1694 1068 1747 1112 ut
1773 1061 1898 1129 quid

300 1153 569 1223 transiecit
596 1168 724 1223 puer
762 1162 882 1206 tuus
908 1152 1159 1223 populum
1196 1153 1353 1205 istum
1382 1152 1671 1205 Iordanem
1700 1154 1904 1205 tradere

294 1261 409 1299 eum
438 1243 764 1310 Amorrhco,
815 1249 1028 1310 perdere
1074 1244 1213 1297 nos?
1241 1245 1287 1297 si
1329 1244 1612 1297 mansimus
1656 1243 1708 1296 in
1739 1253 1896 1307 terra,

294 1338 600 1393 commorati
646 1353 823 1391 sumus
872 1337 1013 1407 apud
1064 1335 1367 1391 Iordanem.
1421 1335 1489 1389 Et
1538 1336 1663 1402 quid
1706 1336 1899 1400 dicant,

292 1431 433 1501 quod
459 1430 705 1484 convertit
737 1428 906 1485 Israel
951 1429 1163 1484 dorsum
1195 1438 1376 1483 contra
1406 1428 1669 1481 inimicum
1710 1428 1903 1482 suum?

294 1533 345 1580 et
394 1523 573 1578 audiet
605 1522 956 1589 Chananmus,
990 1532 1034 1577 et
1064 1539 1238 1577 omnes
1266 1525 1355 1591 qui
1386 1532 1772 1577 commorantur
1800 1530 1906 1574 tero

292 1632 411 1671 ram
442 1614 490 1684 δ,
537 1626 588 1671 et
615 1616 955 1671 circumibant
986 1619 1101 1685 nos,
1135 1628 1181 1671 et
1213 1628 1237 1653 θ
1285 1616 1701 1671 contribulabunt
1741 1631 1836 1669 nos
1874 1632 1905 1670 a

298 1719 438 1765 terra
465 1728 484 1764 :
514 1719 561 1764 et
590 1710 715 1780 quid
745 1710 929 1779 facias,
964 1727 1149 1764 nomen
1179 1720 1322 1763 tuum
1370 1710 1653 1781 magnum?
1679 1708 1746 1763 Et
1775 1710 1907 1763 dixit

1999 526 2155 564 unam
2183 527 2391 565 auream
2419 512 2795 584 quinquaginta
2816 513 3239 586 didragmarum;
3262 522 3309 568 et
3331 517 3604 583 concupiui

1997 619 2109 658 eam
2134 600 2181 667 ιι,
2215 613 2263 657 et
2290 604 2494 667 sustuli,
2528 613 2575 658 et
2614 621 2728 659 ecce
2756 606 2865 659 ha'c
2890 606 3190 661 abscondita
3214 617 3335 662 sunt
3357 609 3411 662 in
3439 612 3606 664 taber-

2000 696 2187 748 naculo
2207 711 2339 761 meo,
2373 705 2420 749 et
2450 707 2718 768 argentum
2762 697 3068 753 absconsum
3107 710 3182 754 est
3226 702 3318 755 sub
3348 703 3495 771 ipsis.
3535 701 3601 756 Et

2000 786 2140 849 misit
2180 785 2335 841 Iesus
2364 788 2599 853 nuncios,
2631 798 2680 842 et
2708 800 3049 843 cucurrerunt
3092 792 3147 844 in
3190 791 3601 859 tabernaculum,

2000 888 2046 933 et
2069 879 2175 933 haec
2201 889 2345 932 erant
2372 880 2674 933 abscondita
2693 881 2747 933 in
2772 880 3123 947 tabernaculo,
3152 892 3201 936 et
3216 892 3485 954 argentum
3508 885 3603 939 sub

2000 971 2127 1038 ipsis
2155 986 2173 1024 :
2206 980 2252 1024 et
2294 971 2520 1025 tulerunt
2558 986 2619 1024 ea
2658 972 2722 1024 de
2750 972 3103 1041 tabernaculo,
3149 985 3196 1027 et
3226 976 3509 1029 attulerunt
3534 976 3605 1030 ad

2001 1060 2205 1128 Iesum,
2238 1071 2284 1115 et
2334 1063 2401 1115 ad
2452 1063 2679 1116 seniores
2728 1062 2919 1129 Israel,
2965 1074 3015 1117 et
3062 1078 3346 1134 posuerunt
3391 1082 3452 1121 ea
3487 1077 3607 1121 ante

2003 1152 2192 1208 Deum.
2228 1154 2294 1207 Et
2338 1152 2353 1192 ι
2396 1155 2849 1226 appreltenderunt
2888 1155 3061 1209 Achar
3085 1158 3255 1221 ﬁlium
3283 1156 3515 1223 Charmi,
3556 1171 3608 1213 et

2006 1248 2353 1318 perduxerunt
2378 1250 2432 1301 in
2474 1248 2660 1301 vallem
2691 1247 2865 1301 Achar
2893 1258 2958 1314 ιη,
2989 1260 3037 1302 et
3063 1250 3202 1319 filios
3228 1254 3341 1320 ejus
3369 1262 3417 1305 et
3443 1252 3605 1320 ﬁlias,

2004 1351 2051 1395 et
2074 1342 2259 1395 situlos
2280 1344 2414 1413 ejus,
2443 1350 2490 1394 et
2519 1342 2875 1410 subjunctoria
2905 1345 3038 1413 ejus,
3073 1352 3120 1396 et
3150 1359 3266 1398 oves
3291 1346 3424 1415 ejus,
3458 1354 3508 1398 et
3528 1354 3611 1397 ta-

2006 1432 2339 1487 bernaculum
2404 1435 2538 1503 ejus,
2591 1442 2640 1485 et
2701 1433 2875 1485 omnia
2922 1448 3038 1501 quas
3102 1443 3249 1487 erant
3314 1435 3426 1504 ejus
3477 1452 3495 1488 :
3560 1445 3611 1491 et

2007 1526 2173 1581 cumis
2220 1524 2389 1579 Israel
2441 1541 2559 1578 cum
2612 1541 2671 1579 eo
2733 1532 2861 1591 erat,
2915 1535 2962 1579 et
3014 1526 3366 1596 perduxerunt
3410 1545 3496 1583 eos
3556 1531 3610 1583 in

2010 1619 2336 1689 Hecachorj
2368 1617 2431 1671 Et
2480 1619 2609 1671 dixit
2649 1616 2803 1671 Iesus
2858 1618 2927 1670 ad
2973 1618 3144 1672 Achar
3183 1636 3200 1673 :
3248 1620 3390 1687 Quid
3442 1632 3610 1675 exter-

2010 1711 2219 1765 minasti
2258 1711 2395 1764 nos?
2450 1708 2727 1779 Disperdat
2772 1720 2821 1763 te
2870 1708 3125 1764 Dominus
3178 1712 3312 1765 sicut
3365 1714 3618 1769 hodierna

299 1800 553 1857 Dominus
580 1803 649 1855 ad
673 1803 899 1857 Iesum:
948 1802 1143 1873 Surge,
1172 1812 1226 1856 ut
1272 1802 1396 1871 quid
1439 1814 1491 1855 tu
1537 1802 1805 1873 procidisti
1846 1802 1897 1854 in
1931 1807 1978 1869 Β
2005 1805 2103 1857 die.
2160 1801 2231 1857 Et
2276 1802 2639 1872 lapidaveruut
2678 1810 2707 1839 ιι
2756 1806 2887 1855 eum
2919 1804 3087 1856 omnis
3119 1803 3288 1859 Israel
3327 1805 3613 1874 lapidibus,

297 1898 485 1965 facient
516 1895 697 1949 tuam?
718 1894 966 1950 Peccavit
982 1897 1226 1967 populus,
1257 1906 1303 1951 et
1326 1906 1681 1967 transgressus
1709 1907 1779 1950 est
1811 1905 1904 1949 tes-

300 1996 585 2041 tamentam
617 2003 787 2040 meum
813 1986 951 2056 quod
996 1988 1230 2057 disposui
1269 1988 1337 2041 ad
1364 2003 1472 2052 eos,
1502 1997 1552 2041 et
1586 1990 1745 2057 furati
1784 1995 1904 2040 sunt

300 2082 364 2135 de
392 2082 740 2145 anathemate,
772 2094 817 2136 et
847 2083 1098 2137 miserunt
1149 2081 1167 2119 τ
1201 2084 1257 2136 in
1288 2099 1413 2136 vasa
1454 2099 1568 2136 sua.
1606 2081 1727 2135 Non
1760 2092 1903 2148 pote-

300 2184 419 2229 runt
441 2176 539 2245 ﬁlii
567 2174 739 2244 Israel
760 2177 1002 2230 resistere
1025 2186 1205 2230 contra
1229 2179 1411 2247 faciem
1436 2177 1762 2230 inimicorum
1785 2193 1907 2230 suo.

300 2284 436 2333 runt,
466 2268 623 2322 dorsa
650 2276 940 2329 converterit
978 2271 1031 2322 in
1075 2279 1348 2336 conspectu
1396 2270 1747 2331 inimicorum,
1787 2270 1906 2337 quia

305 2361 430 2431 facti
455 2370 575 2414 sunt
601 2359 895 2414 anathema.
928 2359 1051 2414 Non
1075 2378 1163 2415 ero
1186 2363 1325 2416 ultra
1348 2361 1629 2426 vobiscum,
1660 2363 1759 2415 nisi
1790 2363 1907 2415 abs-

304 2454 527 2508 tuleritis
550 2454 827 2508 anathema
853 2472 918 2509 ea:
943 2456 1085 2509 vobis
1126 2457 1276 2524 ipsis.
1309 2456 1502 2527 Surge,
1530 2458 1800 2525 sancti/ica
1814 2474 1909 2525 po-

306 2549 509 2616 pulum,
543 2558 591 2602 et
619 2548 699 2602 dic
730 2558 755 2597 8
780 2565 798 2603 :
820 2550 1189 2618 Sancti/icetur
1210 2552 1263 2605 in
1294 2552 1595 2605 crastinum.
1624 2550 1750 2605 Htec
1774 2552 1907 2605 enim

306 2642 436 2695 dicit
474 2640 733 2696 Dominus
769 2641 905 2697 Deus
953 2642 1159 2698 Israel:
1194 2642 1482 2697 Anathema
1529 2655 1600 2697 est
1644 2644 1778 2697 inter
1798 2660 1906 2708 ros,

308 2749 413 2787 non
456 2734 691 2805 poteritis
732 2736 971 2789 resistere
1008 2746 1188 2790 contra
1232 2736 1471 2790 inimicos
1514 2746 1709 2790 vestros
1756 2752 1913 2805 usque

311 2823 436 2878 dum
476 2828 733 2896 auferetis
763 2828 1039 2882 anathema
1080 2844 1145 2883 ea:
1176 2828 1313 2882 robis
1359 2829 1511 2897 ipsis.
1545 2828 1612 2881 Et
1654 2832 1913 2882 convenite

310 2934 463 2973 mane
503 2935 677 2973 omnes
708 2936 798 2989 per
831 2921 995 2974 tribus
1025 2918 1073 2988 ⁸³,
1118 2931 1168 2975 et
1207 2922 1304 2975 erit
1352 2921 1511 2975 tribus
1553 2937 1668 2987 qute
1711 2932 1913 2975 ostensa

306 3010 467 3077 fuerit
506 3026 659 3064 mane
695 3027 787 3080 per
834 3010 1020 3078 Deum,
1060 3013 1319 3067 adducite
1358 3030 1447 3082 per
1480 3014 1669 3083 plebes,
1719 3014 1912 3083 plebem

310 3116 465 3170 quam
485 3102 769 3157 ostenderit
794 3102 1051 3158 Dominus
1077 3103 1263 3170 offerte
1282 3122 1372 3175 per
1400 3107 1590 3171 virum,
1617 3116 1660 3160 et
1683 3107 1914 3176 quisquis

2007 1896 2592 1963 eﬁimposueruntsuper
2608 1894 2755 1948 illum
2778 1906 3074 1965 congestum
3096 1896 3329 1965 lapidum
3344 1913 3610 1968 magnum.

2008 1985 2077 2040 Et
2089 1988 2303 2041 cessavit
2323 1984 2582 2040 Dominus
2594 1987 2657 2039 ab
2669 1986 3029 2055 indignatione
3045 1989 3139 2041 ira:
3152 2005 3261 2042 sua:
3274 1986 3326 2061 (I
3336 2005 3513 2056 03.\‘ll,
3534 1990 3610 2061 l).

2006 2078 2326 2141 Considera,
2365 2077 2677 2141 Coristanti,
2726 2079 2870 2146 quali
2905 2080 2984 2133 sis
3011 2082 3286 2147 periturus
3332 2083 3609 2152 exemplo,

2009 2172 2112 2227 nisi
2148 2172 2242 2227 tibi
2269 2172 2579 2239 provideris
2606 2180 2684 2232 tu,
2714 2186 2850 2240 quas
2880 2169 2955 2225 sis
2999 2171 3053 2225 in
3093 2182 3362 2227 :eteruum
3385 2173 3615 2229 daturus

2010 2280 2216 2337 pinnas.
2243 2267 2423 2320 Achar
2452 2274 2674 2336 propter
2704 2264 3206 2335 praevaricationem
3234 2269 3613 2326 mandatorum

2011 2360 2134 2413 talia
2166 2367 2252 2413 est
2282 2369 2606 2413 consecutus
2634 2374 2646 2419 ;
2684 2368 2739 2412 tu
2762 2358 2941 2426 qualia
2969 2360 3198 2413 mereris
3228 2359 3355 2415 hinc
3382 2361 3615 2432 intelligi

2010 2453 2189 2519 datur,
2218 2451 2360 2521 quod
2381 2453 2456 2505 sis
2478 2459 2750 2519 apostata.
2784 2449 2842 2503 Si
2861 2450 2951 2505 ille
2979 2452 3183 2506 etenim
3204 2453 3330 2523 quia
3364 2454 3619 2509 habuerit

2011 2546 2080 2602 de
2104 2545 2471 2606 anathemate,
2506 2552 2655 2600 tanto
2681 2552 2765 2600 est
2796 2544 3014 2613 punitus
3045 2546 3237 2613 exitio,
3268 2559 3473 2617 quanto
3504 2564 3621 2603 ma-

2010 2642 2093 2711 gis
2124 2650 2178 2693 tu
2209 2639 2331 2694 sine
2370 2637 2536 2692 dubio
2564 2636 2809 2705 puniet-is
2838 2638 3078 2704 gravius,
3108 2639 3200 2707 qui
3233 2638 3403 2694 fueris
3444 2640 3623 2696 factus

2013 2734 2303 2790 anathema
2352 2731 2602 2800 negando
2652 2730 2745 2785 Dei
2795 2730 3025 2785 Filium!
3077 2730 3130 2784 lu
3163 2748 3228 2786 eo
3267 2748 3368 2789 nos
3403 2734 3622 2789 scelesti

2013 2829 2155 2899 apud
2199 2836 2275 2893 te,
2316 2828 2368 2881 in
2400 2840 2468 2881 eo
2513 2825 2736 2893 superbi
2782 2839 2846 2879 ac
2883 2826 3217 2894 pervicaces,
3260 2827 3312 2881 in
3351 2842 3418 2882 eo
3462 2838 3619 2897 petu-

2012 2922 2210 2985 lautos,
2253 2919 2379 2990 quia
2414 2916 2661 2971 dicamus
2692 2916 2810 2979 tibi,
2858 2916 3205 2987 Sacrilegiunt
3237 2918 3424 2989 fecisti,
3480 2921 3621 2972 unici

2018 3015 2115 3083 ﬁlii
2137 3013 2231 3067 Dei
2254 3012 2516 3067 existendo
2535 3015 2782 3079 negator;
2814 3009 2937 3077 quia
2965 3010 3234 3075 dicamus,
3260 3009 3484 3064 Consule
3506 3011 3617 3074 tibi,

2015 3109 2157 3176 eripe
2185 3107 2413 3159 animum
2461 3113 2601 3155 litant
2627 3101 2691 3155 de
2722 3100 2917 3170 laqueis
2967 3101 3180 3155 diaboli.
3211 3101 3352 3167 Quid
3388 3103 3510 3156 novi
3541 3105 3619 3156 la-

308 3202 545 3248 ostensus
567 3194 725 3264 fuerit
737 3212 829 3267 per
853 3194 1154 3259 Dominum,
1176 3200 1489 3253 cremabitur
1508 3200 1637 3269 igni,
1667 3209 1715 3252 et
1740 3202 1912 3254 omnia
1938 3186 1984 3250 C
2016 3202 2190 3255 cimus
2220 3197 2487 3268 episc0pi,
2519 3196 2565 3249 si
2606 3194 2702 3248 tibi
2750 3208 2813 3247 ea
2844 3194 3109 3258 dicamus,
3150 3210 3267 3263 quae
3300 3206 3353 3249 tu
3387 3198 3615 3252 mereris

312 3300 429 3353 qua
453 3296 573 3341 sunt
612 3290 745 3360 ejus,
774 3289 898 3358 quia
926 3298 1280 3360 transgressus
1303 3300 1379 3344 est
1406 3300 1767 3345 testamentum
1798 3290 1909 3346 Do-

313 3380 462 3447 ntini,
495 3390 543 3435 et
589 3382 709 3449 fecit
750 3383 1071 3452 iniquitatem
1094 3385 1147 3436 in
1171 3382 1361 3439 Israel.
1406 3383 1477 3439 Et
1504 3387 1734 3457 vigilavit
1758 3385 1912 3441 Iesus

314 3487 484 3537 mane,
513 3483 563 3528 et
595 3474 777 3529 obtulit
801 3475 1053 3546 pupulum
1083 3493 1173 3543 per
1199 3477 1383 3544 tribus,
1413 3488 1461 3531 et
1484 3488 1690 3532 ostensa
1711 3489 1785 3531 est
1812 3481 1907 3532 tri-

312 3563 406 3619 bus
434 3562 614 3619 Iuda:
634 3576 680 3621 et
706 3567 864 3621 oblati
890 3580 1007 3621 sunt
1041 3586 1133 3639 per
1161 3568 1351 3639 plebes,
1380 3579 1427 3623 et
1453 3579 1656 3623 ostensa
1674 3580 1747 3625 est
1770 3570 1911 3641 plebs

315 3654 454 3713 Zara
486 3674 504 3711 :
544 3668 591 3711 et
628 3658 813 3713 obtulit
843 3659 1036 3727 plebem
1078 3658 1230 3714 Zarat
1259 3678 1351 3729 per
1379 3661 1585 3726 domus,
1623 3671 1665 3714 et
1711 3672 1914 3716 ostensa

314 3759 391 3803 est
414 3748 607 3804 Domus
632 3749 837 3805 Jambri
867 3752 883 3787 ί
914 3769 931 3805 :
957 3762 1006 3807 et
1034 3752 1205 3805 oblata
1236 3762 1310 3806 est
1336 3753 1525 3807 domus
1561 3770 1651 3821 per
1677 3755 1834 3819 viros,
1868 3763 1916 3807 et

313 3851 548 3897 ostensus
570 3854 641 3898 est
668 3843 840 3897 Achar
872 3844 885 3893 ι
929 3843 1068 3912 filius
1098 3842 1309 3897 Charmi
1334 3844 1433 3913 filii
1453 3843 1678 3898 Iambri.
1703 3843 1771 3898 Et
1790 3845 1920 3897 dixit

314 3932 467 3990 Iesus
491 3937 560 3990 ad
599 3937 803 3991 Achar:
837 3937 919 3991 Da
964 3938 1213 3993 honorem
1242 3939 1395 3993 hodie
1440 3932 1805 3992 Domino‘Deo
1832 3936 1917 3991 Is-

312 4031 449 4095 rael,
477 4040 524 4086 et
552 4030 621 4085 da
645 4032 1041 4098 confessionem,
1073 4043 1121 4087 et
1148 4032 1322 4087 indica
1350 4032 1476 4086 milti
1503 4033 1627 4104 quid
1648 4035 1848 4104 feceris,
1870 4042 1917 4088 et

314 4138 380 4179 ne
404 4125 649 4179 celaueris
673 4142 770 4180 me.
800 4125 865 4179 Et
888 4128 1153 4198 respondit
1174 4127 1348 4181 Achar
1372 4129 1439 4180 ad
1459 4127 1662 4195 Iesum,
1681 4139 1732 4183 et
1752 4131 1914 4184 dixit:

322 4214 453 4271 Vere
482 4220 689 4287 peccavi
715 4228 834 4274 ante
858 4230 1191 4291 compectunt
1224 4220 1439 4275 Domini
1482 4220 1579 4275 Dei
1620 4219 1808 4290 Israel,
1838 4232 1915 4276 ta-

314 4307 434 4363 liter
459 4320 506 4363 et
537 4312 709 4367 taliter
741 4313 841 4383 feci
863 4329 883 4368 :
909 4314 1017 4367 vidi
1039 4315 1095 4368 in
1129 4315 1308 4385 prada
1338 4324 1522 4369 vestem
1562 4315 1757 4368 variam
1782 4316 1917 4385 οριίο

316 4483 379 4531 ut
407 4474 689 4531 obscurior
715 4484 769 4531 et
793 4476 980 4532 rudior
1005 4486 1283 4547 appareat.
1327 4475 1432 4530 Tit.
1464 4484 1507 4530 et
1540 4476 1589 4529 la
1618 4473 1775 4529 Cerd.
1806 4474 1915 4547 Sed
1942 4479 1995 4539 D

318 4547 513 4618 melius
542 4547 839 4618 corrigunt,
887 4565 949 4602 ne
994 4545 1207 4602 inducas
1242 4548 1388 4615 illuc,
1420 4546 1596 4601 Latin.
1629 4555 1684 4602 et
1729 4545 1914 4602 Sabat.

318 4632 385 4673 ex
419 4617 631 4673 Grzeco.

306 4740 307 4743 η
396 4698 425 4727 ⁸
453 4687 627 4759 Usque
654 4691 722 4745 ad
746 4690 1000 4756 Sebarim,
1026 4690 1178 4745 addit
1208 4690 1383 4746 Latin.
1418 4705 1485 4745 ex
1514 4689 1675 4760 Vulg.

392 4760 421 4799 ι)
452 4762 606 4816 Iesus
637 4762 904 4819 omittitur
929 4781 959 4818 a
987 4765 1196 4828 Subal.,
1224 4764 1318 4816 sed
1343 4773 1425 4815 est
1451 4763 1503 4816 in
1529 4760 1737 4816 Graeco.

312 4828 313 4831 “
401 4844 423 4870 ε
460 4834 634 4889 Aliter
667 4836 796 4901 legit
824 4837 1007 4890 Sabat.
1042 4837 1094 4888 in
1135 4834 1308 4889 Lucil.
1340 4833 1477 4900 Ileu,
1514 4831 1729 4885 Domine
1754 4829 1914 4897 Deus,

308 4904 451 4974 quid
478 4906 681 4959 voluisti
712 4908 979 4962 traducere
1022 4908 1270 4975 populum
1302 4908 1454 4960 istum
1490 4902 1773 4975 Iordanem
1818 4904 1921 4971 flu-

323 4977 484 5037 vium.
514 4988 570 5029 ut
600 4980 827 5033 traderes
858 4996 948 5032 nos
977 4980 1031 5032 in
1048 4974 1229 5031 atauus
1255 4976 1553 5037 Amorrluci,
1584 4984 1629 5028 et
1652 4974 1921 5045 perderes?

327 5064 449 5106 cum
481 5050 671 5105 Graeco
704 5062 880 5105 tamen
912 5059 1092 5103 ucstra
1125 5051 1489 5104 conveniunt:
1515 5047 1717 5119 Aéopat,
1746 5048 1918 5119 lupis,

328 5125 463 5180 ἱνατί
489 5123 777 5179 διεϐίϐασεν
807 5122 832 5178 ὁ
859 5131 981 5182 παῖς
1000 5142 1096 5175 σου
1113 5124 1199 5175 τὸν
1223 5121 1338 5175 λαὸν
1359 5126 1536 5174 τοῦτον
1564 5119 1648 5173 τὸν
1669 5116 1921 5191 Ἰορδάνην

328 5196 654 5271 παραδοῦναι
694 5197 844 5250 αὐτὸν
892 5202 963 5264 τῷ
1006 5192 1291 5265 Ἀμορραίῳ
1327 5192 1578 5245 ἀπολέσαι
1616 5192 1779 5271 ἡμᾶς)
1810 5198 1918 5271 tum

318 5258 518 5323 ,Sa'ttat.
551 5270 745 5322 utinam
776 5277 830 5318 ut
861 5258 1138 5337 carpimus,
1164 5258 1528 5337 mansissetuus
1565 5258 1706 5337 trans
1730 5258 1923 5337 Iorda-

329 5355 447 5393 nem
475 5355 493 5393 :
518 5355 637 5409 quae
670 5338 722 5390 in
755 5333 944 5393 Graeco
978 5336 1197 5402 propius
1233 5333 1299 5409 ad
1334 5343 1515 5409 nostra
1535 5350 1556 5409 ξ
1577 5334 1681 5409 ,Καὶ
1711 5334 1925 5409 siume-

332 5401 596 5483 μείναιμι-ν,
625 5413 710 5483 noti.
743 5410 1125 5481 κατῳκίσθημεν
1159 5407 1301 5480 παρὰ
1325 5406 1408 5460 τόν
1431 5401 1703 5477 Ἰορδάνην,
1733 5404 1803 5457 al.
1836 5404 1926 5457 πέ-

333 5480 430 5560 ῥαει
455 5480 544 5560 {ob
566 5480 814 5560 ρδάνου
825 5522 837 5532 .

408 5556 434 5590 ά
467 5556 541 5608 Ex
570 5554 785 5617 (ira-co,
806 5558 897 5612 nio

412 5634 435 5662 θ
468 5625 620 5692 Apud
652 5613 836 5679 Sabat.
874 5613 1196 5676 Eldelebunt
1222 5626 1658 5692 nomettjtostrum
1675 5613 1739 5668 de
1760 5622 1928 5692 terra;

337 5706 386 5752 et
414 5686 537 5765 quid
567 5697 724 5762 facies
770 5694 967 5749 nomini
1002 5702 1094 5765 tuo
1134 5688 1374 5765 magno?_
1400 5688 1575 5765 Gram.
1620 5688 1730 5741 lese
1778 5693 1849 5765 ut_
1874 5686 1926 5765 in

917 5558 1040 5625 γῆν.Δ
1064 5547 1218 5625 Apud
1248 5546 1436 5601 Sabat.
1469 5545 1521 5598 in
1547 5510 1703 5625 terra.

338 5757 523 5822 nostra
554 5757 816 5841 editzﬁai-
840 5763 1168 5841 inspixbouqtv
1191 5757 1324 5832 ἡμᾶς
1353 5760 1459 5817 ἀπὸ
1484 5766 1574 5821 τῆς
1603 5764 1723 5834 γῆς·
1757 5758 1853 5824 καὶ
1881 5757 1931 5813 τί

341 5842 569 5899 ποιήσοις
590 5836 648 5895 τὸ
670 5832 828 5907 ὄνομά
854 5832 948 5893 σοὺ
976 5832 1034 5892 ea
1054 5834 1215 5907 pigra;

2016 3292 2241 3349 audire?
2264 3306 2386 3345 cum
2410 3288 2752 3344 inveniamus
2776 3286 2927 3340 illum
2957 3288 3365 3343 sanctissimum
3392 3288 3613 3344 Samuel

2018 3387 2114 3442 Dei
2160 3384 2497 3440 sacerdotem
2544 3381 2662 3435 haec
2713 3378 2918 3435 dixisse
2962 3379 3031 3435 ad
3079 3380 3211 3435 Snul
3258 3397 3463 3452 regem,
3494 3399 3614 3451 qua:

2017 3479 2157 3534 inira
2190 3480 2429 3533 lecturus
2458 3492 2553 3531 es:
2607 3470 2823 3529 Dolores
2848 3481 2893 3527 et
2923 3475 3144 3544 gemitus
3182 3476 3251 3529 ad
3280 3485 3327 3529 te
3354 3476 3619 3530 adducen-

2019 3583 2103 3626 tur
2125 3581 2171 3625 ο.
2204 3570 2314 3624 Pro
2343 3570 2527 3638 quibus
2566 3572 2761 3624 nullius
2790 3570 3036 3622 momenti
3073 3569 3241 3639 fecisti
3282 3571 3487 3624 verbum
3518 3570 3619 3625 Do-

2018 3665 2163 3726 mini,
2212 3662 2408 3716 nullius
2452 3662 2696 3714 momenti
2743 3670 2790 3714 te
2830 3660 2984 3729 faciet
3026 3657 3282 3713 Dominus
3327 3676 3391 3714 ne
3434 3677 3617 3731 regnes

2016 3757 2063 3827 (ι
2109 3756 2240 3827 Reg.
2288 3773 2378 3820 xv,
2406 3754 2523 3826 εδ).
2556 3755 2621 3809 Et
2672 3754 2866 3809 iterum
2894 3769 2910 3807 :
2944 3752 3203 3820 Quoniam
3228 3763 3255 3802 ιι
3282 3754 3479 3807 nullius
3510 3771 3619 3809 mo-

2019 3850 2175 3904 menti
2215 3848 2381 3919 fecisti
2407 3848 2612 3900 verbum
2639 3844 2874 3911 Domini,
2920 3852 2969 3899 et
3009 3846 3075 3898 ad
3106 3845 3325 3899 nihilum
3352 3846 3544 3917 rediget
3574 3853 3621 3900 te‘

2019 3941 2179 4005 Deus,
2229 3958 2293 3995 ne
2329 3943 2399 3995 sis
2436 3955 2528 3993 rea:
2560 3955 2715 4009 super
2748 3935 2917 3990 Israel
2962 3935 3126 4004 (Ibid.
3157 3935 3271 4007 26).
3320 3936 3388 3990 Et
3427 3935 3566 3991 infra
3603 3955 3617 3992 :

2021 4035 2323 4106 Disrumpet
2348 4043 2375 4083 (ι
2400 4032 2652 4086 Dominus
2679 4046 2893 4100 regnum
2923 4038 3071 4083 tuum
3097 4046 3160 4083 ea:
3181 4028 3350 4083 Israel
3371 4030 3434 4084 de
3462 4047 3619 4084 ntanu

2025 4138 2114 4182 tua
2164 4128 2338 4191 hodie,
2393 4135 2439 4180 et
2515 4123 2657 4177 dabit
2710 4123 2845 4176 illud
2899 4123 3133 4191 proximo
3195 4134 3281 4177 tuo
3328 4123 3528 4177 meliori
3574 4133 3621 4177 te

2022 4221 2192 4292 (Ibid.
2216 4218 2335 4284 28).
2361 4217 2417 4272 Si
2444 4216 2560 4271 haec
2583 4216 2678 4271 ille
2706 4215 2844 4269 dixit
2871 4214 2937 4268 ad
2962 4214 3114 4281 Saul,
3157 4223 3444 4286 propterea
3475 4216 3618 4286 quod

2023 4312 2239 4369 Domini
2296 4314 2565 4378 praecepta
2622 4305 2971 4375 praeterierit,
3023 4319 3121 4359 cur
3171 4320 3272 4360 nos
3314 4316 3470 4374 putas
3513 4320 3620 4361 non

2098 4470 2115 4508 ¹
2149 4468 2333 4524 Sabat.
2360 4464 2427 4518 Et
2450 4461 2825 4516 absconderant
2847 4461 2979 4514 inter
3001 4476 3122 4514 vasa
3142 4478 3256 4516 sua.

2098 4552 2123 4589 Β
2155 4538 2252 4593 Dic
2269 4539 2336 4591 eis
2362 4551 2379 4588 :
2405 4532 2822 4603 Sancti/Scantini
2849 4533 2900 4584 in
2927 4533 3227 4598 crastinum,
3259 4532 3399 4600 apud
3430 4533 3617 4605 Saba}.

2027 4613 2119 4668 Eis
2146 4612 2301 4665 abest
2327 4624 2355 4660 a
2384 4604 2595 4661 Grzeco.

2095 4682 2121 4721 ιι
2151 4682 2338 4736 Tribus
2370 4685 2584 4741 vestras,
2614 4684 2674 4729 ut
2703 4673 2757 4728 in
2779 4673 2955 4729 Graac.
2987 4674 3327 4743 quibusdam.
3356 4675 3544 4734 Sabat.

2102 4756 2113 4791 ί
2148 4752 2376 4807 Zambri.
2408 4749 2587 4803 Latin.
2621 4756 2678 4800 ut
2704 4752 2754 4799 in
2776 4746 3011 4815 Allexapl.
3048 4762 3171 4801 cum
3203 4751 3486 4805 asterisco.

2098 4831 2111 4874 ι
2156 4827 2230 4879 Ita
2262 4823 2314 4876 in
2358 4822 2530 4876 Grmc.
2564 4818 2735 4874 Oxon.
2767 4813 2950 4896 "Axap‘
2971 4819 3080 4881 υἱὸς
3106 4822 3294 4896 Χαρμὶ.
3330 4819 3510 4896 Achan
3536 4834 3619 4879 est

2024 4896 2164 4967 apud
2190 4896 2372 4950 Sabat.
2409 4900 2739 4967 constanter.
2770 4889 2945 4967 Achar
2968 4905 3153 4967 veram
3181 4889 3305 4967 esse
3331 4893 3617 4967 ltujus‘no-

2023 4962 2186 5028 minis
2219 4962 2723 5036 pronunciationem
2774 4962 2967 5036 probat
3006 4962 3309 5018 Uotelerius
3345 4964 3413 5018 ad
3450 4965 3546 5018 lib.
3580 4980 3617 5018 ιι

2023 5031 2252 5097 Constit.
2287 5034 2582 5105 Apostolic.
2617 5046 2737 5105 cup.
2768 5031 2856 5086 10.

2098 5110 2123 5147 ιί
2154 5107 2257 5162 Ea.
2286 5101 2462 5161 Lutin.
2494 5104 2629 5157 utin
2658 5101 2869 5158 Graeco.

2104 5180 2119 5219 1
2160 5177 2227 5233 Et
2256 5178 2451 5234 omittit
2484 5175 2666 5231 Saltat.
3006 5218 3011 5221 .

2098 5263 2137 5289 ιη
2169 5253 2336 5305 Acltor
2368 5250 2528 5303 habet
2554 5247 2695 5302 idem
2721 5245 2909 5302 Sabat.

2099 5334 2127 5359 ιι
2165 5323 2352 5378 Sabat.
2384 5320 2653 5390 lapidavit,
2685 5331 2763 5385 et,
2794 5332 3031 5373 acervum
3066 5316 3325 5385 lapidum;
3354 5316 3528 5372 Graec.
3563 5317 3617 5373 in

2029 5397 2230 5467 plural.
2264 5393 2629 5467 ἐλιθοϐόληρςαν.

2104 5468 2124 5487 °
2156 5466 2213 5521 ιιι
2269 5467 2357 5519 lib.
2394 5466 2465 5517 de
2512 5462 2643 5529 Reg.
2689 5463 2879 5529 Apost.
2912 5459 3164 5521 vertitur,
3198 5458 3499 5527 adduxisti;
3535 5460 3623 5517 hic

2032 5538 2288 5594 convenit
2316 5552 2437 5590 cum
2471 5547 2612 5585 vers.
2648 5529 2747 5583 Ms.
2783 5530 3015 5583 Floriac.
3050 5530 3188 5598 apud
3222 5529 3409 5585 Sabat.

2108 5620 2133 5658 ι)
2162 5607 2319 5663 Vers.
2344 5613 2379 5660 Α
2393 5614 2471 5659 ιιι.
2495 5603 2628 5668 Quia
2654 5601 2892 5671 sprevisti
2924 5601 3129 5655 verbum
3156 5599 3392 5670 Domini,
3419 5614 3465 5657 et
3485 5621 3628 5674 sper-

2032 5689 2115 5735 net
2144 5690 2189 5733 te
2218 5678 2488 5731 Dominus.

2108 5762 2134 5800 tt
2164 5750 2364 5804 Eadem
2397 5745 2519 5801 vide
2545 5746 2595 5799 in
2631 5744 2725 5799 lib.
2759 5743 2827 5801 de
2858 5741 2989 5814 Reg.
3024 5742 3219 5814 Apost.
3254 5759 3373 5816 pag.
3405 5745 3476 5803 35
3519 5744 3627 5816 (hic

2034 5821 2141 5880 col.
2168 5822 2317 5889 798.}.
