4094 6190
611 276 719 333 945

1697 267 2027 327 LUCIFERI
2068 270 2375 330 EPlSCOPl
2413 268 2837 329 CALARITANI
3762 279 3842 337 9“

607 389 781 443 libera
830 400 961 441 voce
1002 384 1185 441 dicere
1222 385 1467 454 potuisse
1508 392 1560 437 te
1594 396 1715 438 esse
1744 384 2092 453 sacrilegum,
2121 384 2213 455 qui
2241 389 2291 449 Α
2320 387 2460 441 illius
2503 386 2639 439 misit
2685 383 2713 421 ἀ
2750 384 2817 438 ad
2867 384 3208 454 auferendum
3240 392 3403 453 caput
3432 399 3589 440 meum
3626 385 3704 457 (IV
3746 390 3842 463 Reg.

610 482 716 537 nisi
745 479 1081 534 (cnverteris
1112 487 1279 533 temet
1320 479 1383 532 ad
1416 477 1609 539 Deum,
1640 476 1782 545 quod
1813 477 1883 530 sit
1913 487 1964 531 te
1990 477 2055 531 ad
2084 476 2222 531 nihi-

608 576 719 630 lum
758 572 1113 628 redacturus?
1139 573 1194 627 Si
1224 587 1333 625 non
1375 580 1427 625 te
1455 570 1751 624 fuissemus
1779 569 2001 633 hortati,
2034 568 2077 623 si
2110 585 2218 624 non

609 667 679 721 ad
705 664 1134 719 satisfactionem
1160 677 1607 733 provocaremus,
1625 664 1822 716 merito
1840 661 2057 716 diceres
2079 662 2218 717 odiri

611 772 665 816 te
692 776 723 814 a
747 760 1050 815 nobis.Aut
1080 774 1203 813 cum
1234 758 1425 813 audias
1454 772 1552 811 nos
1580 756 1790 821 dicere,
1817 755 2101 819 Paenitere,
2122 756 2218 808 im-

610 863 842 923 perator,
900 852 1101 923 corrige
1138 855 1247 905 uias
1286 862 1423 917 tuas,
1469 859 1523 902 ut
1572 850 1939 903 misericordia:
1984 849 2217 901 invenias

611 949 804 1013 locum,
836 947 1069 1003 arbitror
1091 948 1443 1002 considerare
1474 957 1524 1001 te
1547 946 1877 1016 oportuisse,
1904 945 2047 1014 quod
2068 945 2214 1001 enim

609 1039 855 1109 diligaris
904 1055 931 1092 a
992 1039 1171 1105 nobis,
1216 1039 1416 1092 amaris
1458 1054 1487 1092 a
1529 1038 1713 1103 nobis;
1746 1046 1802 1091 et
1844 1046 1897 1091 tu
1930 1038 1981 1091 in
2020 1052 2087 1091 eo
2118 1051 2218 1091 nos

611 1132 954 1197 exsecraris;
983 1147 1081 1186 cur
1111 1147 1431 1187 maneamus
1463 1132 1514 1185 in
1548 1132 1652 1185 lide
1684 1130 2005 1201 apostolica,
2034 1129 2219 1184 reddis

613 1225 753 1280 mala
787 1241 886 1296 pro
917 1226 1095 1280 bonis.
1131 1224 1246 1279 Non
1280 1227 1564 1291 miramur,
1591 1225 1635 1278 si
1666 1240 1787 1289 vos,
1818 1240 1883 1278 ex
1915 1238 2022 1291 quo
2067 1237 2221 1278 rece-

614 1316 743 1372 ditis
766 1335 793 1370 a
824 1318 921 1371 Dei
949 1319 1245 1384 voluntate,
1279 1329 1333 1373 et
1365 1317 1549 1372 facere
1586 1334 1691 1372 non
1725 1316 1976 1371 desinitis
1999 1316 2218 1371 deside-

611 1412 755 1465 rium
805 1412 1031 1477 diaboli,
1086 1412 1225 1467 bene
1273 1411 1431 1466 vobis
1484 1411 1604 1465 ﬁeri
1649 1412 2002 1480 poscentibus
2052 1411 2219 1465 Deum

614 1513 777 1571 atque
815 1504 1163 1572 cupientibus
1206 1514 1620 1573 repraesentetts
1662 1505 1833 1568 mala;
1881 1500 2223 1573 quandoqui-

613 1597 737 1651 dem
779 1597 851 1649 sit
875 1596 1025 1650 vobis
1054 1596 1276 1650 insitum
1304 1599 1443 1649 male
1470 1612 1652 1666 agere,
1683 1597 1883 1666 quippe
1911 1595 2000 1665 qui
2030 1611 2058 1648 a
2080 1595 2223 1649 bono

614 1689 680 1744 ad
714 1690 915 1743 malum
955 1690 1196 1745 feceritis
1236 1690 1547 1755 transitum,
1584 1693 1684 1745 hoc
1712 1700 1796 1743 est
1824 1690 1890 1743 ad
1922 1689 2220 1744 diabolum.

2322 496 2397 545 vr,
2448 480 2563 551 52),
2615 479 2810 533 merito
2853 489 2914 531 ut
2962 493 3116 533 reum
3158 494 3244 534 me
3298 479 3610 548 injuriarum
3659 493 3846 552 peteres.

2323 572 2527 642 Spiritu
2555 580 2742 626 sancto
2788 571 2978 641 plenus
3007 571 3270 641 propheta
3314 571 3593 629 homicida:
3618 574 3759 632 lilium
3779 595 3849 635 vo-

2319 665 2462 719 cavit
2508 680 2690 733 regem
2733 664 2922 730 Israel,
2953 662 3056 718 hoc
3082 673 3165 719 est
3195 663 3366 719 ﬁlium
3410 664 3618 733 diaboli,
3645 683 3738 724 non
3760 671 3853 739 quia

2319 764 2529 828 patrem
2561 756 2708 810 illius
2736 756 3015 810 carnalem
3040 755 3270 811 dixisset
3291 756 3633 825 homicidam,
3662 759 3743 816 sed
3769 760 3853 816 dia-

2318 850 2522 915 bolum,
2557 850 2711 921 cujus
2748 865 2807 906 se
2840 850 3013 904 tilium
3060 865 3202 915 esse,
3247 858 3309 904 ut
3350 859 3405 905 tu
3438 865 3573 906 nunc
3610 859 3660 906 te
3694 854 3857 909 actibus

2321 944 2427 998 tuis
2465 945 2668 1013 aperis,
2701 952 2756 999 et
2803 943 2898 999 ille
2928 959 2987 998 se
3034 957 3156 998 esse
3202 942 3545 998 monstrabat
3586 943 3672 998 Dei
3713 959 3856 1015 perse-

2320 1038 2536 1109 quendo
2575 1052 2790 1102 servos,
2824 1035 3119 1106 prophetas
3168 1036 3317 1093 illius
3356 1036 3651 1093 clementia:
3695 1038 3857 1092 interli-

2320 1145 2444 1186 cere
2461 1129 2732 1185 audendo.
2759 1129 2951 1184 Omnia
2983 1130 3097 1184 haec
3124 1140 3181 1183 ut
3200 1128 3438 1195 faciatis,
3471 1128 3699 1185 diabolus
3724 1139 3856 1185 vestra

2322 1223 2544 1294 instigat
2569 1223 2755 1277 corda.
2782 1221 2937 1291 Quod
2964 1223 3036 1277 ita
3063 1236 3182 1277 esse
3206 1223 3397 1292 accipe
3428 1222 3695 1277 Dominum
3719 1223 3858 1278 dicen-

2325 1328 2430 1372 tem
2480 1317 2683 1372 Judteis
2730 1317 2784 1370 in
2826 1316 3121 1386 Evangelia
3164 1334 3176 1369 :
3232 1316 3339 1371 Vos
3388 1326 3411 1354 ο
3444 1317 3509 1370 de
3542 1317 3726 1371 diabolo
3751 1316 3858 1388 patri

2324 1412 2432 1464 nati
2460 1411 2604 1474 estis,
2651 1420 2701 1463 et
2731 1410 3179 1479 concupiscentia:
3210 1408 3390 1465 Patris
3418 1411 3569 1464 vestri
3605 1414 3751 1480 facere
3779 1411 3858 1464 vul-

2324 1507 2386 1559 tis
2416 1522 2435 1559 :
2464 1506 2554 1559 ille
2586 1505 2722 1558 enim
2756 1505 3016 1559 homicida
3040 1505 3140 1573 fuit
3176 1505 3239 1558 ab
3269 1505 3421 1559 initio
3454 1503 3625 1576 (Joan.
3653 1520 3748 1574 Vlll,
3773 1504 3854 1577 ll).

2326 1598 2595 1668 Propheta
2625 1599 2840 1668 inquam
2892 1599 3101 1653 Domini
3135 1599 3330 1667 plenus
3375 1598 3578 1668 Spiritu
3608 1609 3767 1653 sancto
3798 1613 3859 1654 re-

2326 1706 2447 1761 gem
2494 1691 2653 1745 Israel
2687 1690 2979 1745 homicidae
3018 1690 3187 1745 ﬁlium
3215 1700 3396 1757 vocat,
3438 1689 3540 1745 hoc
3577 1700 3656 1745 est
3686 1690 3852 1754 diaboli,

614 1784 673 1839 Si
696 1798 795 1837 nos
819 1793 872 1837 tu
898 1784 1244 1853 persequeris
1258 1784 1551 1855 diligentes
1571 1794 1645 1848 te,
1670 1784 1854 1837 omnia
1879 1782 1975 1837 tibi
2000 1795 2218 1835 summa
2250 1772 2298 1833 B
2324 1793 2379 1838 et
2409 1797 2508 1839 nos
2535 1783 2822 1838 arbitraris
2851 1784 3239 1839 contumeliam
3273 1784 3370 1838 tibi
3402 1782 3597 1848 facere,
3623 1783 3729 1852 quia
3753 1781 3855 1835 dica-

614 1877 895 1946 cupientes
978 1878 1287 1946 provenire,
1363 1894 1471 1932 non
1529 1894 1783 1949 magnum
1842 1892 1944 1932 nec
1998 1890 2223 1942 novum,

613 1970 833 2039 quando
860 1979 915 2024 et
962 1971 1125 2025 istum
1164 1971 1385 2026 Samuel
1427 1972 1747 2041 prephetatn
1777 1982 1938 2039 atque
1970 1968 2225 2023 sacerdo-

613 2070 724 2116 tem
772 2060 987 2114 Dumiui
1022 2062 1150 2117 Saul
1194 2062 1351 2116 fuerit
1394 2073 1734 2130 persecutus.
1782 2060 2227 2130 Persequebatur

613 2169 762 2218 eum,
799 2169 894 2223 per
923 2169 1084 2224 quem
1113 2165 1166 2209 et
1206 2154 1257 2207 in
1300 2170 1483 2224 regem
1518 2166 1710 2209 unctus
1742 2154 1942 2221 fuerat,
1991 2162 2045 2207 et
2072 2154 2226 2221 cujus

614 2263 807 2317 preces
853 2247 921 2300 ad
965 2248 1255 2301 Dominum
1292 2249 1406 2317 jugi
1438 2249 1821 2305 obsecratione
1850 2249 2226 2320 dirigebantur

614 2356 712 2410 pro
746 2341 1125 2394 incolumitate
1154 2343 1340 2409 utique
1371 2343 1525 2396 istius
1559 2345 1945 2410 persecutoris.
1981 2342 2040 2397 Si
2069 2342 2224 2396 nobis

612 2448 723 2488 non
775 2432 957 2487 credis
995 2432 1185 2486 dolere
1228 2434 1388 2486 nobis
1439 2433 1822 2487 sacerdotibus
1868 2434 1963 2487 Dei
2004 2448 2102 2502 pro
2147 2440 2222 2500 te,

610 2541 900 2598 propterea
930 2526 1076 2596 quod
1131 2537 1310 2580 tantas
1364 2526 1613 2582 hauseris
1654 2542 1907 2581 errorum
1949 2527 2223 2592 tenebras,

612 2622 755 2692 quod
788 2622 865 2675 sic
916 2630 1087 2676 temet
1140 2622 1216 2676 sis
1244 2633 1513 2687 mactans,
1562 2622 1671 2676 Deo
1713 2621 1913 2676 dicenti
1961 2620 2127 2676 crede
2158 2620 2225 2675 ad

612 2712 833 2771 Samuel
865 2726 1090 2785 propter
1132 2714 1304 2770 Saul:
1343 2713 1618 2785 Usquequo
1649 2724 1675 2752 ⁸
1710 2716 1851 2786 luges
1880 2725 1932 2769 tu
1963 2716 2016 2768 in
2048 2715 2226 2770 Saul?

602 2806 752 2861 Ecce
827 2825 918 2879 cgo
990 2810 1197 2879 expello
1264 2810 1414 2863 illuni
1487 2824 1549 2862 ne
1615 2819 1793 2880 regnet
1854 2825 2009 2878 super
2058 2806 2228 2861 Israel

609 2900 654 2969 (l
686 2899 816 2972 Reg.
842 2916 951 2966 xvr,
987 2901 1062 2971 1).
1090 2902 1157 2955 Et
1178 2918 1375 2970 supra:
1407 2900 1476 2955 Et
1502 2903 1694 2970 factum
1724 2901 1751 2939 δ
1783 2912 1853 2956 est
1883 2902 2092 2956 verbum
2118 2900 2226 2955 Do.

616 2992 746 3045 mini
776 2993 845 3044 ad
889 2992 1125 3051 Samuel,
1168 2993 1341 3046 dicens
1365 3010 1383 3046 :
1432 2992 1655 3047 Paenitet
1684 3010 1763 3047 me
1791 2994 1930 3064 quod
1958 2994 2228 3047 constitue-

612 3085 715 3137 rim
737 3102 908 3156 regem
937 3084 1093 3149 Saul,
1118 3085 1359 3155 quoniam
1373 3100 1582 3138 aversus
1604 3096 1675 3138 est
1699 3102 1731 3137 a
1753 3101 1853 3147 me,
1875 3094 1922 3138 et
1944 3085 2093 3138 verba
2116 3100 2226 3136 mea

2330 1893 2450 1932 mus
2471 1887 2521 1932 te
2551 1893 2671 1932 esse
2695 1877 3102 1932 interfectorem
3130 1891 3415 1931 servorum
3436 1876 3549 1943 Dei,
3573 1890 3687 1931 esse
3699 1872 3855 1930 carniﬁ-

2336 1985 2456 2024 cem
2488 1983 2778 2039 corporum
2808 1978 3285 2033 nostrorum,esse
3314 1979 3369 2022 te
3401 1967 3559 2022 totius
3582 1966 3853 2037 cogitationis

2328 2063 2499 2118 virum
2568 2063 2885 2133 injustitizc,
2952 2063 3353 2118 destructorem
3416 2060 3690 2131 religionis,
3739 2073 3855 2129 nega-

2330 2165 2503 2210 torem
2529 2155 2677 2209 unici
2716 2155 2837 2209 Filii
2873 2154 2999 2209 Dei?
3026 2154 3156 2222 Qua:
3189 2163 3243 2208 te
3275 2152 3457 2210 facere
3486 2154 3746 2213 cernimus,
3769 2150 3853 2205 hac

2329 2247 2559 2303 dicimus
2607 2246 2626 2287 ί
2648 2265 2662 2313 ;
2705 2246 2850 2317 quod
2891 2261 2971 2313 es,
3024 2246 3128 2302 hoc
3169 2256 3220 2302 te
3272 2262 3397 2303 esse
3427 2248 3718 2301 clamamus.
3750 2241 3852 2298 Dicis

2331 2356 2433 2394 nos
2466 2340 2792 2410 petulantes,
2824 2339 3080 2410 quoniam
3109 2339 3337 2409 quidem
3370 2340 3509 2408 quod
3536 2348 3614 2393 est
3636 2338 3717 2392 tibi
3747 2336 3849 2388 dica-

2330 2451 2469 2489 mus.
2500 2434 2659 2489 Dicas
2690 2433 2879 2499 velim,
2915 2433 3060 2489 unde
3089 2436 3359 2490 meruerit
3378 2450 3408 2489 a
3432 2433 3649 2489 Domino
3669 2431 3766 2485 talia
3788 2443 3851 2481 au-

2327 2526 2445 2582 dire
2469 2544 2560 2582 rex
2588 2528 2788 2583 Israel?
2810 2525 3106 2600 Eapropter
3127 2527 3270 2598 quod
3290 2527 3458 2594 fecisti
3479 2527 3601 2580 bona
3622 2539 3759 2579 coram
3778 2534 3844 2585 me,

2330 2631 2377 2674 et
2426 2622 2588 2690 fecisti
2631 2621 2913 2675 secundum
2940 2637 3029 2674 cor
3057 2636 3248 2684 meum,
3288 2630 3337 2674 et
3384 2619 3648 2673 secundum
3685 2620 3849 2669 animum

2330 2728 2517 2778 meam,
2547 2714 2723 2767 donmi
2754 2711 2926 2766 Achab
2967 2730 2986 2766 :
3026 2712 3124 2782 lilii
3173 2714 3246 2767 tui
3294 2722 3477 2784 quarta
3517 2709 3728 2783 progenie
3749 2706 3847 2759 sede-

2332 2806 2456 2859 bunt
2479 2807 2569 2860 tibi
2596 2807 2646 2860 in
2667 2810 2851 2860 throno
2873 2804 3135 2879 Israel(lV
3155 2804 3295 2879 Reg.
3322 2823 3377 2872 ι,
3402 2805 3514 2875 50).
3536 2805 3643 2868 Dic,
3668 2805 3844 2870 ianam.

2331 2913 2428 2951 cur
2479 2899 2593 2952 lucc
2637 2899 2830 2954 audire
2876 2914 2905 2952 a
2957 2898 3071 2953 Deo
3112 2899 3416 2954 meruerit?
3457 2899 3573 2967 quia
3617 2889 3845 2965 pepercerit

2330 2991 2424 3046 Dei
2480 2991 2747 3046 inimicis?
2804 3007 2871 3045 an
2924 2991 3050 3061 quia
3094 3006 3188 3046 eos
3236 3007 3408 3061 quam
3452 2988 3691 3044 acerrime
3734 2979 3847 3037 fuerit

2331 3086 2494 3139 etiam
2521 3086 2705 3154 gladio
2734 3084 3093 3154 persecutus?
3121 3100 3187 3137 an
3216 3085 3349 3154 quia
3388 3079 3698 3138 interfecerit
3726 3076 3843 3129 ﬁlium

614 3194 720 3231 non
761 3182 961 3232 statuit.
1010 3176 1075 3230 Et
1114 3180 1446 3231 contristatus
1475 3187 1547 3230 est
1577 3178 1791 3232 Samuel
1816 3188 1863 3230 et
1894 3177 2131 3231 clamavit
2161 3175 2228 3229 ad
2256 3165 2301 3227 C
2333 3176 2521 3230 Achab
2550 3175 2891 3231 idololatram
2912 3184 2968 3231 et
2992 3175 3353 3245 quadraginta
3377 3176 3494 3245 ejus
3511 3165 3845 3227 ﬁliosUelabe‘

614 3267 897 3323 Dominum
920 3280 1027 3323 tota
1056 3282 1201 3325 nocte
1222 3281 1271 3323 et
1296 3279 1417 3323 ante
1439 3272 1471 3324 li
1498 3286 1604 3324 cem
1634 3268 1800 3342 (Ibid.
1833 3287 1924 3334 xv,
1948 3271 2062 3340 10).
2087 3272 2221 3325 Cum

616 3362 736 3418 haec
768 3375 991 3433 propter
1032 3363 1163 3419 Saul
1202 3366 1350 3433 regis
1400 3364 1834 3418 incolumitatem
1878 3364 2095 3418 Samuel
2138 3379 2223 3419 sa-

616 3454 812 3509 cerdos
841 3456 1039 3525 egerit,
1069 3465 1249 3509 tamen
1290 3456 1415 3525 Saul
1451 3466 1635 3525 postea
1669 3457 2099 3526 persequebatur
2123 3455 2224 3510 Sa-

620 3546 875 3610 muelcm,
922 3559 1022 3599 nec
1070 3560 1409 3615 cognoscens
1460 3550 1647 3615 miser,
1698 3549 1842 3618 quod
1898 3548 2222 3618 prophetam

618 3648 781 3708 atque
831 3638 1176 3695 sacerdotem
1211 3653 1634 3711 persequeretur
1675 3643 1926 3696 Domini:
1975 3644 2048 3696 ita
2085 3656 2139 3697 et
2169 3652 2225 3698 tu

617 3734 877 3800 ignorans
910 3732 1039 3802 quid
1073 3730 1276 3786 faciens
1326 3736 1422 3795 sis,
1472 3734 1819 3804 persequeris
1865 3749 1987 3799 nos,
2035 3735 2127 3804 qui
2175 3745 2226 3790 te

615 3825 836 3894 placere
866 3825 979 3879 Deo
1006 3825 1309 3895 cupiamus,
1353 3839 1405 3882 et
1436 3843 1587 3881 amas
1622 3843 1716 3882 eos
1748 3828 1839 3897 qui
1861 3843 2045 3882 Secum
2078 3839 2127 3883 te
2158 3828 2224 3883 ad

615 3928 877 3971 aeternam
906 3929 1136 3973 mortem
1172 3919 1412 3983 trahant,
1440 3920 1505 3974 ad
1535 3934 1856 3989 perpetuam
1895 3922 2111 3975 Domini
2139 3921 2224 3975 of-

620 4010 827 4064 fensam
855 4028 868 4063 :
904 4010 1206 4079 indignaris
1228 4028 1325 4066 cur
1349 4028 1475 4068 vera
1508 4013 1718 4076 audias,
1748 4029 1872 4067 cum
1905 4013 2092 4067 videas
2121 4014 2223 4069 Sa-

623 4102 764 4153 tnttel
798 4102 1139 4155 Sacer-detem
1182 4103 1394 4155 Domini
1439 4119 1547 4157 non
1579 4104 1858 4157 adulatmn
1912 4115 1933 4142 ε
1966 4105 2079 4174 regi
2110 4106 2227 4160 aai-
2282 4108 2285 4113 ’

620 4207 789 4246 mum.
810 4191 949 4259 Quid
974 4192 1233 4247 decuerat
1259 4193 1409 4246 aliud
1437 4208 1804 4261 prmccswres
1824 4205 2061 4261 nostros,
2080 4197 2224 4254 aliud

624 4303 722 4342 nos
751 4288 950 4357 agere?
980 4287 1089 4341 Cur
1116 4287 1211 4343 tibi
1243 4303 1370 4342 vera
1400 4288 1673 4354 dicamus,
1703 4290 1918 4360 superbi
1952 4291 2045 4345 tibi
2077 4292 2228 4347 vide-

623 4396 761 4435 mur.
801 4380 940 4447 Quid
985 4396 1014 4435 a
1061 4380 1221 4436 nobis
1255 4379 1486 4435 audisti?
1518 4396 1715 4451 nempe
1759 4384 1903 4452 quod
1954 4382 2223 4438 homicida

621 4476 696 4528 sis
727 4491 739 4526 :
788 4474 832 4527 si
865 4475 1180 4540 mentimur,
1216 4485 1343 4529 tunc
1386 4475 1792 4541 eontuineliosi,
1830 4486 1957 4531 tunc
2003 4478 2224 4547 superbi

2328 3272 2665 3340 lcntquoque
2693 3269 2939 3340 reginam
2963 3258 3106 3339 quad
3121 3271 3451 3324 exstinctam
3474 3256 3840 3338 projecerilcani-

2326 3364 2449 3431 bus,
2482 3379 2781 3434 omnesque
2809 3377 2999 3418 servos
3031 3362 3159 3416 Baal
3187 3377 3316 3417 cum
3349 3360 3593 3417 omnibus
3614 3348 3843 3412 sacerdoti-

2327 3457 2429 3513 bus
2475 3468 2530 3513 et
2563 3458 2840 3528 prophetis
2871 3456 3213 3511 confusionis
3242 3471 3347 3512 ore
3390 3449 3683 3511 exstinxerit
3706 3440 3841 3516 gladii.

2327 3550 2468 3621 quod
2512 3549 2804 3604 simulacra
2848 3547 3200 3614 destruxerit,
3238 3549 3428 3617 placet
3465 3547 3588 3602 Deo.
3632 3540 3720 3598 No:
3753 3530 3842 3604 quid

2327 3657 2489 3713 agere
2518 3642 2659 3698 circa
2704 3650 2756 3696 te
2795 3639 3077 3707 decuerat,
3124 3656 3191 3695 ne
3242 3657 3349 3696 nos
3395 3636 3706 3695 contumelia:
3740 3625 3841 3682 desi-

2326 3753 2523 3808 gnares
2596 3751 2721 3792 reos
2776 3746 2828 3791 te
2882 3736 3065 3801 circa,
3143 3748 3313 3805 quem
3367 3736 3548 3791 Achab
3595 3740 3643 3786 et
3684 3717 3841 3782 Jezubel

2328 3832 2443 3884 vias
2498 3839 2773 3884 tenentem
2845 3828 3130 3883 videmus?
3186 3844 3302 3885 non
3376 3839 3457 3885 est
3516 3838 3686 3884 novum
3738 3811 3840 3888 quod

2328 3924 2443 3993 agis
2497 3923 2677 3977 facere
2737 3931 2929 3977 contra
2983 3922 3195 3989 Deum,
3256 3922 3572 3994 impugnare
3634 3917 3727 3986 ejus
3776 3909 3842 3962 dO-

2327 4032 2496 4081 mum,
2562 4015 2812 4085 persequi
2864 4014 2982 4084 ejus
3037 4014 3317 4071 antistites
3367 4032 3478 4083 eos,
3536 4026 3622 4084 per
3663 4017 3769 4075 αυυε
3807 4007 3842 4050 ιθ

2329 4117 2514 4163 monet
2569 4119 2624 4162 ut
2676 4108 2769 4164 tibi
2820 4111 3111 4174 consulas,
3170 4121 3228 4164 ut
3278 4110 3410 4166 dum
3456 4118 3536 4165 est
3590 4108 3717 4160 locus
3760 4107 3838 4163 βω·

2330 4203 2596 4266 ιιίιθηιίω,
2617 4212 2785 4258 temet
2812 4204 2998 4259 trahas
3028 4220 3056 4256 a
3087 4203 3251 4259 malo.
3270 4204 3510 4260 Fuerunt
3533 4200 3617 4256 tibi
3638 4201 3789 4251 autete
3805 4187 3839 4240 in

2328 4296 2617 4367 sacrilegio
2644 4296 2853 4351 similes
2881 4298 2962 4352 sic
2996 4295 3155 4352 idolis
3181 4299 3485 4353 servientes
3521 4290 3743 4347 derelicto
3763 4281 3840 4335 Deo

2330 4402 2544 4461 patrum
2589 4406 2833 4446 suorum.
2883 4390 2944 4445 In
2992 4389 3133 4446 libro
3182 4391 3426 4447 secundo
3478 4383 3839 4450 Paralipomenon

2331 4486 2607 4543 Amasiam
2662 4496 2687 4533 ε
2738 4500 2921 4555 regem
2967 4484 3118 4540 Juda:
3172 4485 3556 4541 commonitum
3600 4494 3625 4533 a
3666 4475 3841 4536 Deol‘“

620 4577 767 4619 recte
797 4565 1034 4621 dicimur
1054 4584 1082 4620 ει
1116 4576 1169 4622 te
1196 4584 1208 4619 :
1240 4567 1284 4621 si
1316 4582 1446 4622 vero
1474 4583 1586 4623 rem
1617 4567 1867 4623 dicamus
1884 4585 2091 4636 veram,
2116 4586 2220 4625 non
2247 4547 2301 4608 D
2332 4582 2649 4651 prophetam
2673 4620 2686 4644 ,
2723 4594 2792 4632 ne
2822 4594 2887 4632 ex
2917 4577 3042 4633 filiis
3088 4578 3288 4646 Israel,
3321 4594 3455 4651 quos
3492 4584 3686 4632 centum
3722 4558 3839 4619 milli-

620 4672 807 4711 SlllllllS
835 4659 1242 4721 contumeliosi,
1276 4661 1369 4714 sed
1408 4661 1486 4725 bi,
1528 4664 1619 4730 qui
1653 4664 1925 4717 imitemur
1954 4664 2102 4729 illos,
2132 4665 2223 4734 qui

619 4750 927 4806 commissis
956 4752 1058 4805 sibi
1084 4770 1189 4807 non
1214 4753 1505 4817 adulando,
1537 4754 1631 4807 sed
1656 4769 1751 4807 eos
1778 4756 2069 4811 salubriter
2086 4774 2223 4826 pra:-

624 4844 917 4911 monendo,
948 4846 1037 4900 Dei
1069 4846 1207 4901 ellici
1242 4848 1543 4901 meruerint
1569 4849 1931 4904 dilectissimi.
1964 4852 2046 4905 Ad
2080 4851 2227 4907 llcli-

622 4957 773 4998 seum
800 4938 1241 4994 interﬁciendum
1269 4941 1588 5008 pr0phetam
1619 4950 1676 4996 ut
1715 4958 1810 4999 rex
1851 4944 1997 4999 misit
2031 4945 2218 5015 Israel,

618 5037 666 5090 si
703 5034 925 5089 minime
956 5034 1186 5103 legisses
1228 5032 1432 5088 dixisse
1463 5035 1738 5091 llcliseum
1780 5038 1846 5091 ad
1875 5052 1989 5103 eos,
2021 5041 2109 5107 qui
2138 5056 2239 5103 se-V

619 5146 743 5185 cum
787 5129 1038 5195 fuissent,
1091 5126 1152 5182 Si
1196 5126 1425 5195 vidistis,
1472 5131 1715 5199 quoniam
1764 5132 1905 5199 ﬁlius
1951 5133 2224 5191 homicidia

697 5256 723 5285 ι
759 5246 1031 5313 Quousque
1054 5242 1214 5298 habet
1250 5242 1445 5296 ibidem
1473 5243 1685 5298 Lucifer
1709 5259 1806 5312 pro
1837 5261 2115 5313 usqucquo.

693 5318 720 5357 δ
749 5317 951 5390 Eadem
985 5317 1105 5369 vide
1133 5315 1186 5368 in
1208 5314 1310 5390 lib.
1334 5316 1525 5390 eodem
1558 5316 1782 5390 pag._'5‘2
1801 5316 1903 5387 (hic
1926 5315 2025 5369 col.
2061 5318 2211 5390 79]),

624 5390 716 5445 ubi
738 5388 1031 5443 Samuelem
1074 5404 1168 5456 pro
1197 5386 1432 5451 Samuel,
1479 5398 1532 5440 et
1564 5386 1631 5439 ad
1678 5385 1843 5439 Deum
1877 5404 1972 5454 pro
2008 5388 2075 5440 ad
2105 5385 2214 5444 Do-

620 5464 834 5515 mittunt.
869 5460 959 5513 Sic
980 5474 1193 5528 quoque
1221 5460 1380 5513 verba
1413 5468 1683 5527 postrema
1710 5458 2169 5529 iuterpunguntur
2199 5480 2208 5514 ε

626 5533 755 5585 Το,α
783 5541 967 5584 nocte:
991 5540 1037 5583 et
1065 5540 1183 5583 ante
1213 5531 1398 5583 lucem.

697 5614 718 5642 ε
767 5606 941 5656 Locus
985 5613 1291 5664 Corruptus,
1328 5601 1499 5671 inquit
1530 5600 1631 5673 Til.
1663 5601 1945 5673 quemrita
1992 5602 2219 5673 corrigit

618 5672 796 5728 Latin.
816 5674 1082 5725 adulatum
1107 5674 1236 5743 regi.
1257 5673 1335 5725 An
1364 5672 1611 5742 numquid
1631 5687 1739 5727 etc.
1762 5672 1856 5728 sed
1891 5687 1993 5726 non
2016 5672 2217 5729 abhor-

613 5754 735 5800 rent
761 5743 1066 5811 bujusmodi
1083 5744 1383 5798 locutiones
1396 5758 1426 5796 a
1446 5744 1585 5813 stylo
1604 5745 1841 5801 Luciferi
1863 5761 1877 5798 :
1899 5743 2016 5799 haec
2031 5756 2214 5803 autem

612 5815 834 5872 retineri
855 5813 1113 5881 potest,si
1136 5815 1210 5869 ita
1230 5813 1399 5883 legas;
1424 5829 1528 5870 non
1557 5818 1830 5872 adulatum
1858 5832 1966 5875 esse
1986 5817 2216 5873 animum

2332 4673 2432 4729 bus
2468 4670 2499 4710 ιι
2543 4672 2760 4726 talentis
2802 4672 3011 4741 argenti
3058 4671 3432 4739 Conduxerat,
3463 4680 3631 4725 secum
3675 4654 3839 4713 fuisse!"

2332 4768 2559 4837 profecti
2589 4767 2654 4820 ad
2697 4766 2933 4833 bellum,
2980 4775 3268 4836 propterea
3299 4765 3546 4822 videlicet
3577 4753 3698 4829 quod
3736 4748 3837 4803 υθυε

2329 4860 2711 4930 dereliquisset
2741 4859 2928 4925 Israel,
2973 4858 3232 4928 quoniam
3259 4859 3473 4931 quidem
3501 4840 3838 4915 dereliquissent

2331 4954 2538 5021 Dellm.
2588 4965 2641 5009 et
2700 4951 2860 5007 idolis
2916 4952 3238 5007 serviissent
3303 4970 3315 5005 :
3374 4937 3725 5015 obtemperavit
3771 4935 3835 5026 ζει

2327 5046 2607 5117 ρτοριιειω
2659 5045 2872 5109 verbis,
2914 5043 3147 5100 credidit
3191 5043 3288 5100 Dei
3336 5041 3495 5098 fuisse
3542 5027 3835 5091 comminatio-

2328 5154 2478 5194 nem.

2325 5254 2456 5321 "995»
2500 5266 2600 5317 ι)ῐο
2627 5251 2801 5304 animo
2830 5250 2984 5321 regis.
3017 5248 3333 5305 Gallandius
3362 5242 3634 5302 assentitur
3655 5223 3829 5291 Latinio.

2396 5322 2422 5359 ά
2457 5321 2610 5376 Vers.
2644 5328 2768 5375 Ant.
2805 5321 3027 5376 Auferre
3057 5333 3211 5376 caput
3242 5336 3427 5375 meum.
3777 5372 3784 5376 Α
3811 5358 3823 5376 ,

2502 5337 2610 5376 ers.
2644 5336 2768 5375 Αιιι.
2805 5336 3027 5376 Aulerre
3057 5336 3211 5376 εαυιιι
3242 5336 3427 5375 meum.

2398 5326 2422 5359 α
2457 5326 2610 5376 Vers.
2644 5328 2768 5375 Ant.
2805 5326 3027 5392 Auferre
3057 5333 3211 5394 caput
3242 5336 3427 5375 meum.

2398 5404 2421 5431 θ
2437 5392 2637 5448 Eadem
2655 5394 2843 5448 videin
2865 5396 3182 5460 Itb.ttproS.
3203 5393 3395 5447 Alban.
3416 5403 3527 5460 pag.
3554 5380 3646 5438 “8
3664 5383 3707 5430 et
3720 5358 3824 5425 noti

2324 5465 2430 5539 (hic
2456 5463 2553 5539 col.
2588 5465 2717 5539 88$,
2746 5474 2794 5518 et
2817 5481 2882 5517 no
2911 5505 2924 5518 .
2955 5476 2975 5503 ε
3006 5464 3106 5539 col.
3140 5467 3291 5539 835)_.
3394 5532 3423 5539 η
3448 5530 3476 5539 __
3512 5529 3522 5539 θ
3672 5513 3719 5539 ,η

2400 5536 2418 5574 ί
2454 5536 2583 5590 Ha'c
2608 5512 2847 5601 dicimus,
2871 5550 2992 5589 cum
3025 5536 3206 5591 Latin.
3235 5512 3347 5589 Illac
3370 5529 3641 5585 didicimus.
3672 5512 3751 5572 Til-

2396 5617 2422 5678 β
2462 5609 2684 5676 Sulijice
2715 5608 2934 5678 legimus
2956 5623 3079 5663 cum
3111 5607 3359 5664 Galland.
3389 5673 3429 5678 __
3468 5672 3479 5678 _
3583 5664 3613 5678 Α
3645 5648 3779 5678 n___,,

2394 5648 2422 5715 ιῖ
2463 5648 2696 5733 mili-iiiis
2715 5648 3359 5735 ’ἇέἰἰὶ’ίῖἶιιῗ“ἔὶ.ἔίίἱέῗ’ἓῖ
3388 5672 3554 5743 Vulg.,
3582 5664 3614 5720 ε
3644 5648 3820 5716 paralit-

2322 5766 2448 5818 xxv,
2482 5752 2534 5823 9,
2566 5759 2622 5808 et
2648 5749 2863 5807 Graeco.
