4094 6190
333 282 438 341 945
905 285 998 343 DE
1036 285 1177 344 NON
1216 286 1585 346 PARCENDO
1625 287 1694 346 IN
1732 287 1925 346 DEUM
1965 286 2566 358 DELINQUENTIBUS
2605 289 2813 349 LIBER
2852 291 3056 351 UNUS.
3538 292 3649 352 946

234 465 236 467 ν
326 399 472 468 Quid
495 408 521 438 ι
542 399 632 456 hic
660 399 827 457 facit?
852 402 1215 475 Posteaquam
1248 404 1595 461 adversarios
1644 421 1773 462 suos
1800 407 1927 463 sub-
1953 410 2004 470 Α
2033 416 2144 463 tace
2168 425 2233 463 ne
2256 410 2561 481 ﬂagelleris.
2588 408 2704 464 Non
2733 419 2816 464 est
2837 423 2866 463 a
2899 410 3056 466 nobis
3083 409 3315 480 primum
3346 410 3572 480 factum,
3595 413 3648 468 si

327 494 460 565 igit,
503 496 819 552 eoruntdem
873 498 1017 553 idola
1066 500 1325 567 tollenda,
1356 512 1519 572 atque
1576 501 1643 556 ad
1707 519 1934 574 regnum
2038 502 2280 559 dicamus
2339 504 2433 557 tibi
2489 505 2727 572 erranti,
2774 505 3107 559 ordinationi
3161 505 3254 561 Dei
3323 507 3644 574 resistenti,

327 601 488 642 suum
509 590 888 645 transferenda
910 593 1139 659 putavit,
1157 605 1210 648 et
1233 595 1348 664 ipsa
1371 594 1669 661 adoranda;
1689 597 1775 650 cui
1807 597 1932 666 quia

326 677 532 733 dixerit
578 679 672 734 ille
714 682 805 735 Dei
851 680 1052 747 homo,
1085 699 1192 738 non
1241 685 1378 739 bene
1430 686 1577 739 illuni
1634 689 1830 758 egisse,
1877 697 1934 742 ut

326 773 499 830 Deum
531 774 916 846 derelinquens
960 779 1101 834 idola
1151 781 1356 836 coleret
1395 783 1640 852 gentium
1664 826 1678 849 ,
1719 783 1931 841 fortiter

324 877 411 924 est
437 870 647 925 Domini
672 870 992 940 prophetam
1017 871 1119 928 iste
1140 891 1233 930 rex
1262 886 1596 945 persecutus.
1625 880 1926 948 Conspicis,

324 961 473 1031 quod
504 963 556 1014 in
591 962 744 1018 vobis
773 965 1054 1020 conversis
1088 966 1138 1020 in
1169 968 1502 1037 apestasiam
1539 985 1758 1038 semper
1785 989 1927 1026 unus

325 1053 490 1106 fuerit
518 1053 734 1110 animus
770 1054 837 1109 ad
873 1059 1282 1128 persequendos
1329 1075 1458 1127 eos,
1488 1065 1577 1132 qui
1607 1063 1759 1118 vobis
1789 1065 1925 1120 bene

321 1148 511 1202 velint.
550 1148 615 1202 Et
643 1151 841 1220 factum
865 1160 940 1205 est
960 1193 975 1220 ,
1001 1152 1130 1206 dicit
1172 1155 1440 1224 scriptura
1471 1169 1690 1222 sancta,
1715 1167 1923 1226 postea-

317 1255 477 1310 quam
525 1243 662 1296 venit
710 1243 947 1299 Amasias
993 1255 1254 1315 percutere
1305 1246 1630 1314 Idumtcam,
1658 1260 1704 1304 et
1750 1253 1923 1305 attulit

313 1333 440 1387 inde
460 1334 586 1388 deos
608 1335 792 1389 montis
821 1335 941 1390 Seir
965 1377 980 1403 ,
1011 1349 1059 1391 et
1085 1340 1261 1393 statuit
1288 1357 1373 1394 eos
1408 1339 1505 1394 sibi
1531 1342 1584 1394 in
1613 1341 1765 1407 deos,
1792 1351 1842 1396 et
1867 1344 1920 1396 in

315 1436 594 1495 conspectu
612 1444 790 1483 eorum
824 1429 1116 1497 adorabat,
1147 1441 1194 1486 et
1230 1433 1340 1498 ipse
1381 1433 1454 1487 eis
1493 1434 1811 1489 immolabat.
1853 1434 1919 1488 Et

313 1524 452 1592 facta
482 1530 559 1574 est
587 1539 745 1593 super
783 1520 812 1560 1³
840 1539 958 1577 eum
977 1525 1059 1579 ira
1089 1523 1304 1579 Domini
1330 1527 1382 1580 in
1413 1529 1676 1581 Amasiam
1700 1570 1712 1594 ,
1743 1539 1788 1581 et
1817 1530 1916 1582 mi-

313 1614 379 1667 sit
419 1613 490 1667 ad
533 1629 649 1668 eum
679 1615 985 1686 prophetam
1029 1615 1292 1680 Baneam,
1320 1620 1550 1690 dixitque
1595 1621 1639 1674 ei
1666 1618 1871 1675 Baneas
1896 1638 1916 1675 :

317 1705 458 1774 Quid
477 1707 706 1778 qutesisti
734 1709 853 1762 deos
877 1710 1058 1779 populi
1083 1751 1097 1772 ,
1127 1704 1216 1777 qui
1243 1727 1346 1764 non
1377 1711 1717 1767 liberaverunt
1747 1729 1914 1783 popu-

2039 611 2205 650 novas
2235 595 2350 651 vias
2380 598 2720 651 constituere
2755 599 3023 652 laboranti
3052 617 3063 649 :
3101 597 3245 652 Male
3272 600 3406 668 facis
3433 617 3536 653 non
3565 601 3642 656 ire

2034 705 2124 759 per
2164 689 2295 741 vium
2323 730 2336 753 ,
2370 705 2460 757 per
2505 706 2659 756 quant
2702 705 2877 742 omnes
2910 687 3008 741 Dei
3053 689 3273 743 cultores
3304 690 3371 742 ad
3415 691 3640 744 caelestia

2032 798 2191 852 regna
2229 793 2588 852 pervenerunt.
2622 781 2826 852 Legisti
2859 781 3047 836 Oziatn
3077 789 3101 828 Β
3147 796 3328 850 regem
3358 781 3637 852 jurgatum

2031 889 2060 928 a
2084 873 2461 929 sacerdotibus
2495 874 2702 928 Domini
2729 917 2742 938 ,
2775 889 2873 928 cur
2905 875 3094 928 illicita
3124 874 3315 929 fuisset
3352 889 3514 928 ausus
3539 891 3637 945 ge-

2030 981 2193 1020 rere:
2228 965 2295 1018 Et
2349 968 2599 1029 intrauit,
2664 967 2840 1035 inquit
2896 965 3215 1033 Scriptura,
3275 966 3329 1019 in
3387 968 3637 1035 templum

2028 1057 2238 1112 Domini
2265 1059 2529 1111 incensum
2558 1073 2748 1125 ponere
2776 1073 2930 1125 super
2964 1056 3129 1109 altare
3155 1073 3171 1109 .°
3205 1066 3251 1110 et
3279 1059 3491 1110 intravit
3523 1068 3640 1129 post

2027 1169 2142 1206 eum
2177 1151 2331 1206 Ozias
2361 1149 2389 1187 ιι
2417 1151 2659 1205 sacerdos
2681 1193 2696 1216 ,
2729 1163 2775 1204 et
2805 1168 2919 1204 cum
2947 1152 3061 1218 ipso
3096 1152 3390 1205 sacerdotes
3425 1151 3640 1208 Domini

2026 1249 2239 1319 triginta
2285 1246 2299 1284 ί
2353 1248 2452 1316 ﬁlii
2499 1247 2731 1310 virtutis,
2761 1255 2808 1300 et
2857 1255 3198 1298 surrexerunt
3245 1262 3401 1314 super
3448 1246 3638 1300 Odiam

2022 1359 2193 1415 regem
2219 1359 2236 1396 :
2267 1353 2312 1394 et
2341 1343 2580 1396 dixerunt
2619 1343 2666 1395 ei
2692 1358 2709 1395 :
2741 1341 2862 1394 Non
2901 1342 3019 1394 licet
3073 1340 3162 1394 tibi
3200 1340 3335 1395 Odia
3363 1343 3635 1400 incendere

2025 1435 2268 1500 Domino,
2294 1435 2384 1487 sed
2410 1433 2758 1487 sacerdotibus
2789 1433 2913 1501 ﬁliis
2947 1433 3153 1497 Aaron,
3191 1433 3278 1501 qui
3321 1434 3644 1527 sanctificati

2019 1539 2140 1583 sunt
2165 1541 2220 1582 ut
2247 1531 2542 1582 incendant.
2589 1527 2690 1580 Exi
2739 1528 2802 1579 de
2828 1526 3022 1578 sanctis
3048 1565 3061 1588 ,
3095 1525 3336 1595 quoniam
3376 1527 3628 1580 recessisti

2019 1640 2050 1675 a
2072 1620 2316 1686 Domino,
2338 1630 2501 1674 etnon
2530 1622 2624 1673 erit
2648 1619 2736 1673 tibi
2761 1619 2900 1671 istud
2931 1619 2984 1670 in
3007 1619 3244 1672 honorea
3270 1617 3496 1672 Domino
3523 1617 3632 1672 Deo

2019 1715 2126 1787 (Ib.
2150 1732 2296 1775 xxvr.
2318 1713 2403 1775 16,
2429 1711 2584 1784 seq.).
2619 1711 3209 1766 Diciscontunteliosos
3229 1709 3336 1764 illii
3365 1710 3532 1765 fuisse
3549 1725 3627 1765 τε·

311 1798 420 1851 lum
442 1814 590 1852 suum
606 1799 669 1852 de
682 1815 834 1853 manu
859 1800 986 1854 tua?
1017 1799 1082 1853 Et
1113 1805 1307 1871 factum
1328 1812 1423 1869 est,
1449 1812 1500 1856 ut
1525 1805 1819 1874 loqueretur
1840 1806 1908 1871 ei,
1940 1804 1991 1866 B
2014 1812 2065 1881 gi
2089 1809 2301 1862 Domini
2320 1807 2652 1868 sacerdotes,
2679 1805 2888 1860 necne?
2909 1805 2963 1860 Si
2990 1819 3088 1859 nec
3106 1803 3231 1858 dum
3252 1804 3472 1877 fuerunt
3489 1819 3620 1859 con-

312 1894 446 1948 dixit
467 1897 535 1948 ad
556 1910 671 1948 eum
688 1911 706 1949 :
723 1894 994 1966 Numquid
1005 1898 1359 1952 consiliarium
1383 1900 1516 1969 regis
1531 1900 1646 1952 dedi
1666 1899 1741 1954 te?
1758 1916 1876 1953 care
1891 1911 1913 1938 ε

319 1985 412 2040 tibi
428 2002 488 2039 ne
500 1987 782 2057 ﬂagelleris
806 1987 1136 2057 (llParalip.
1170 1989 1751 2062 xxv,l4,seq.).Vides,
1769 1990 1914 2047 Con—

305 2079 493 2143 stanti,
510 2062 673 2150 quam
693 2092 936 2137 amentes
961 2083 1299 2147 efficiamini,
1320 2092 1508 2154 postea
1524 2100 1684 2155 quam
1704 2087 1915 2154 placue-

303 2173 540 2227 ritvobts
553 2172 769 2229 diabolo
787 2177 969 2230 vivere
981 2177 1307 2244 servientes,
1330 2188 1682 2247 p05teaquam
1705 2179 1910 2246 placue-

303 2267 373 2322 rit
397 2266 552 2322 vobis
582 2271 795 2324 nescire
812 2268 982 2324 Deum
1016 2279 1186 2324 totum
1222 2281 1521 2339 potentem,
1556 2283 1909 2342 posmaquam

303 2357 586 2428 elegeritis
610 2360 767 2415 vobis
798 2363 849 2416 iit
879 2364 1263 2418 contumeliam
1293 2365 1386 2418 Dei
1407 2380 1502 2418 vos
1527 2375 1780 2436 oportere
1801 2373 1910 2420 sta-

303 2458 454 2506 tuere
487 2452 874 2508 idololatriam.
906 2452 975 2509 Ut
996 2456 1142 2509 enim
1173 2455 1262 2511 ille
1289 2455 1424 2510 dixit
1452 2475 1464 2511 :
1497 2455 1768 2527 Numquid
1795 2459 1846 2510 in
1881 2455 1906 2494 ιι

301 2545 662 2600 consiliarium
716 2550 848 2618 regis
904 2549 1026 2602 dedi
1067 2551 1156 2604 te?
1202 2567 1324 2606 caue
1381 2553 1472 2605 tibi
1524 2569 1586 2605 ne
1626 2554 1908 2624 [lnge/leris

301 2633 412 2707 (Ib.
442 2637 560 2707 l6);
587 2638 658 2691 ita
679 2649 733 2693 et
751 2649 808 2693 tu
828 2661 838 2692 :
862 2638 1130 2710 Numquid
1152 2656 1238 2695 vos
1260 2643 1390 2696 mihi
1407 2645 1736 2698 consiliarios
1754 2646 1904 2716 elegi,

299 2728 470 2794 dicis,
505 2737 664 2783 utnon
709 2740 864 2802 prout
909 2733 1036 2786 nti/ti
1088 2733 1335 2804 placitum
1377 2743 1451 2788 est
1477 2751 1652 2806 geram
1677 2776 1690 2798 ,
1718 2744 1773 2787 ut
1801 2752 1905 2788 non

299 2822 431 2876 hanc
474 2832 669 2877 teneam
697 2825 832 2878 viam
858 2842 1017 2896 quam
1047 2829 1264 2881 tenuerit
1295 2829 1480 2882 Arius?
1505 2829 1612 2882 Nec
1629 2830 1905 2897 COIISlliCiS

297 2930 403 2986 quo
426 2916 682 2986 exemplo
713 2919 986 2974 interierit
1008 2919 1498 2990 Arius?qu0m0do
1522 2920 1575 2975 itt
1600 2936 1724 2976 eum
1755 2922 1855 2976 fuit
1879 2931 1901 2959 ε

297 3006 632 3062 vindicatum
684 3008 978 3066 divinitus?
1028 3011 1277 3078 Interea,
1312 3015 1438 3082 quia
1483 3014 1619 3069 dicis
1665 3027 1763 3067 nos
1805 3014 1902 3068 tibi

295 3116 418 3157 esse
453 3103 918 3170 eot'ttumeliosos,
961 3106 1086 3162 vide
1133 3106 1278 3161 hunc
1326 3107 1421 3161 Dei
1472 3108 1745 3161 hominem
1792 3123 1899 3162 nott

2021 1902 2318 1966 tumeliosi,
2336 1915 2436 1955 nec
2451 1916 2547 1953 nos
2569 1899 2665 1953 tibi
2690 1897 2993 1964 videamur,
3009 1896 3445 1966 quandoquidem
3467 1897 3625 1951 simi-

2019 1996 2085 2050 lia
2119 1994 2307 2048 audias
2331 2009 2359 2047 a
2387 1991 2546 2046 nobis
2573 2006 2694 2060 quae
2717 1990 2953 2044 audierit
2972 1997 3026 2042 et
3051 1989 3180 2043 ille:
3212 1987 3332 2042 Non
3364 1989 3480 2042 licet
3509 1988 3623 2055 tibi,

2018 2089 2320 2143 Constanti:
2342 2087 2533 2140 Ariano
2563 2103 2678 2139 cum
2707 2085 2807 2138 Dei
2824 2085 3092 2138 convenire
3119 2084 3333 2154 papula.
3361 2082 3480 2136 Non
3503 2084 3623 2138 licet

2017 2181 2107 2235 tibi
2135 2179 2448 2234 idololatria:
2473 2178 2683 2231 Aricina:
2711 2178 2920 2231 Iueresis
2953 2177 3184 2239 auctori,
3224 2175 3460 2245 negaturi
3481 2176 3623 2229 unici

2016 2273 2146 2328 Filii
2168 2271 2264 2326 Dei
2277 2271 2341 2325 de
2354 2271 2448 2324 Dei
2465 2269 2818 2325 sacerdotibus
2828 2267 3094 2340 judicare,
3110 2267 3362 2337 sacrilego
3376 2265 3403 2303 ιι
3425 2267 3626 2337 ﬁngens

2012 2380 2060 2424 te
2078 2367 2429 2424 Christianum
2459 2383 2572 2419 cum
2602 2366 2672 2418 sis
2695 2364 3001 2417 Antichristi
3027 2377 3340 2429 prwcursor.
3377 2359 3499 2413 Non
3523 2361 3622 2414 erit

2010 2462 2101 2515 tibi
2123 2461 2309 2514 bonum
2333 2501 2349 2528 ,
2381 2469 2435 2511 ut
2462 2456 2561 2510 Dei
2596 2457 2783 2510 tollens
2810 2455 3105 2509 sacerdotes
3143 2453 3352 2506 ordines
3386 2450 3402 2488 1
3439 2456 3622 2506 adver-

2010 2557 2176 2611 sarios
2205 2558 2319 2628 ejus
2344 2595 2359 2618 ,
2392 2553 2615 2622 collegas
2665 2551 2859 2604 scilicet
2883 2549 3143 2618 sacrilegii
3194 2549 3291 2601 tui.
3325 2546 3458 2603 Cum
3503 2547 3620 2602 lucc

2009 2650 2196 2714 audis,
2224 2647 2478 2702 irasceris
2511 2646 2702 2699 nobis:
2737 2645 2909 2698 iratus
2931 2653 3016 2696 est
3046 2650 3104 2696 et
3137 2641 3248 2695 illis
3277 2649 3408 2696 tunc
3433 2655 3622 2695 sacer-

2009 2743 2229 2799 dotibus
2276 2739 2486 2795 Domini
2533 2737 2700 2791 Odias
2749 2750 2889 2791 rex:
2923 2735 3020 2789 sed
3070 2733 3298 2787 adverte
3341 2733 3465 2787 illos
3509 2733 3622 2787 Deo

2008 2839 2222 2892 dicatos
2286 2840 2612 2902 perpetuum
2663 2838 2835 2882 status
2881 2829 2962 2881 sui
3023 2826 3266 2880 tenuisse
3317 2825 3611 2890 honorem,

2006 2928 2196 2985 Odiam
2255 2941 2386 2981 vero
2442 2924 2507 2976 ad
2568 2921 2924 2992 opprobrium
2993 2918 3388 2987 sempiternum
3449 2919 3616 2986 lepra:

2005 3021 2293 3077 coiileStim
2320 3017 2589 3072 varietate
2615 3014 2970 3068 maculatum.
2998 3011 3066 3066 Et
3097 3013 3264 3066 iratus
3294 3021 3388 3076 est,
3412 3011 3610 3080 inquit,

2008 3115 2200 3178 Odias,
2229 3123 2275 3166 et
2299 3113 2350 3165 in
2376 3127 2528 3164 manu
2555 3109 2669 3181 ejus
2696 3117 2805 3163 erat
2845 3105 3011 3159 altare
3038 3114 3100 3169 ω,
3135 3115 3188 3156 ut
3234 3104 3526 3157 incenderet
3556 3105 3610 3157 in

296 3196 605 3265 pepercisse
629 3197 1006 3268 eonsacrilego
1027 3209 1118 3253 tuo
1143 3201 1219 3252 illi
1247 3200 1394 3269 regi,
1421 3199 1513 3254 sed
1542 3209 1893 3270 posteaquam

2007 3227 2090 3264 ara
2107 3219 2135 3245 η
2151 3224 2168 3263 :
2182 3217 2228 3260 et
2254 3211 2397 3273 lepra
2419 3203 2662 3275 apparuit
2682 3204 2733 3252 in
2753 3203 2923 3271 fronte
2942 3202 3056 3271 ejus
3075 3199 3128 3250 in
3144 3207 3603 3263 conspectusacer.

294 3286 498 3342 dictum
513 3297 597 3344 est
618 3290 690 3357 ei,
710 3289 842 3345 Tace
856 3307 919 3344 ne
930 3291 1210 3362 ﬂagelleris
1225 3290 1382 3364 (1b.),
1398 3291 1600 3346 dixisse
1619 3293 1686 3346 ad
1707 3293 1855 3347 illum
1881 3313 1894 3349 :

295 3381 420 3436 Scio
439 3399 534 3455 ego
550 3388 793 3454 quoniam
807 3383 1064 3438 Dominus
1082 3384 1222 3439 Deus
1250 3386 1512 3456 disperdet
1538 3396 1602 3444 te.
1629 3388 1714 3457 qui
1732 3389 1898 3458 fecisti

293 3473 463 3543 istud,
501 3486 548 3530 et
588 3493 691 3531 non
733 3477 992 3532 obaudisti
1031 3479 1306 3531 consilium
1351 3496 1538 3532 meum.
1581 3478 1639 3533 In
1686 3496 1788 3549 qua
1839 3497 1897 3534 re

295 3582 395 3622 nos
425 3569 598 3623 sentis
624 3570 1094 3625 contumeliosos?
1117 3586 1314 3640 nempe
1342 3573 1464 3642 quia
1498 3571 1726 3626 dicimus
1763 3572 1891 3626 tibi:

295 3659 408 3714 Nos
430 3663 620 3716 scimus
646 3705 660 3730 ,
691 3665 828 3732 quod
849 3665 1008 3730 enim,
1035 3667 1134 3718 nisi
1159 3665 1250 3718 tibi
1277 3665 1562 3735 provideris
1602 3676 1657 3719 ut
1689 3683 1896 3721 conver-

294 3754 418 3808 taris
448 3753 516 3807 ad
565 3754 750 3821 Deum,
781 3756 847 3809 sit
890 3765 938 3810 te
983 3754 1235 3810 Dominus
1288 3758 1357 3809 ad
1403 3768 1645 3811 azternam
1692 3775 1894 3825 poenam

293 3849 631 3903 damnaturus
648 3848 861 3920 (lbid.).
873 3850 999 3905 llaec
1013 3859 1097 3906 est
1113 3850 1444 3904 contumelia
1457 3892 1469 3915 ,
1491 3850 1608 3905 haec
1623 3853 1798 3906 omnis
1814 3853 1894 3907 in-

287 3942 451 4014 juria,
466 3943 591 4014 quia
609 3943 703 3999 tibi
719 3943 932 3998 dicatur
943 3958 1042 4015 per
1059 3943 1152 3998 Dei
1168 3944 1464 4010 antistites,
1489 3945 1541 3998 in
1562 3955 1824 3999 aaternnm
1843 3957 1893 3999 te

292 4037 674 4104 interiturum,
700 4038 803 4092 nisi
841 4037 1148 4094 correxeris
1181 4039 1293 4092 vias
1327 4048 1463 4092 tuas.
1515 4039 1628 4093 Non
1662 4040 1895 4112 credidit

292 4130 386 4186 ille
425 4147 521 4186 rex
565 4131 772 4185 homini
815 4131 935 4188 Dei.
977 4131 1115 4199 Quid
1148 4133 1328 4189 Statim
1360 4133 1408 4187 ei
1440 4134 1730 4201 acciderit,
1765 4135 1894 4190 dicit

291 4233 475 4280 sancta
525 4227 795 4294 scriptura
838 4226 918 4281 sic
949 4244 962 4280 :
993 4225 1059 4279 Et
1101 4227 1154 4279 in
1195 4235 1460 4297 tempore,
1515 4245 1616 4296 quo
1662 4229 1893 4283 discessit

290 4317 527 4372 Amasias
557 4336 588 4372 a
633 4316 892 4385 Domino,
932 4320 1323 4374 insurrexerunt
1369 4321 1438 4373 ad
1477 4336 1596 4374 eum
1634 4323 1893 4378 ins-arrec-

290 4413 446 4466 tibue.
477 4411 541 4466 Et
559 4412 692 4483 fugit
709 4412 771 4466 ab
801 4411 1121 4471 Hierusalem
1146 4415 1199 4466 in
1215 4412 1422 4478 Lac/tis,
1453 4425 1500 4467 et
1528 4415 1893 4485 interfecerunt

289 4519 404 4559 eum
421 4505 475 4557 in
492 4502 680 4558 Lac/tis
696 4502 1144 4575 (lbid.27).Sicet
1165 4514 1216 4560 te
1235 4506 1499 4559 malorum
1517 4516 1732 4560 tuorum
1752 4507 1892 4562 facta

1999 3301 2177 3355 datum
2198 3300 2251 3353 in
2278 3297 2430 3351 domo
2454 3292 2849 3363 Dontini(lbid.
2882 3290 2990 3360 19).
3015 3291 3137 3341 lltcc
3161 3289 3235 3341 ila
3256 3297 3412 3347 sunt,
3439 3297 3492 3340 et
3514 3303 3606 3342 ar-

1998 3393 2220 3452 bitraris
2255 3405 2304 3446 te
2329 3399 2710 3445 contumacem
2739 3388 3216 3456 pra-varicatorem
3246 3396 3353 3436 non
3389 3380 3609 3436 trahere

1998 3491 2262 3544 offensam
2297 3485 2436 3554 apud
2471 3499 2596 3538 eum
2621 3523 2635 3546 ,
2671 3483 2761 3545 qui
2796 3494 2898 3533 nos
2920 3493 3032 3532 suae
3059 3476 3370 3531 claritudini
3406 3490 3602 3545 perpe-

1979 3593 2090 3640 -tno
2119 3581 2442 3653 praeceperit
2468 3577 2764 3633 sacerdotii
2794 3583 3198 3644 repra'sentare
3225 3570 3436 3624 ofﬁcia?
3467 3572 3600 3636 Qum

1997 3679 2101 3731 ista
2139 3684 2326 3731 nostra
2352 3716 2367 3739 ,
2397 3672 2712 3734 Constanti,
2748 3667 3002 3737 superbia
3060 3677 3179 3732 est,
3213 3679 3404 3734 quaeve
3437 3678 3596 3718 arro-

1996 3767 2214 3840 gantia?
2242 3768 2284 3820 si
2308 3809 2321 3830 ,
2347 3767 2472 3835 quia
2501 3771 2554 3817 te
2585 3761 2864 3815 videamus
2892 3759 3200 3813 morbidum
3232 3772 3356 3812 esse
3378 3797 3392 3818 ,
3428 3756 3598 3825 pesti-

1995 3861 2168 3915 ferttm
2194 3901 2208 3924 ,
2249 3858 2449 3928 quippe
2489 3855 2784 3917 Arianum,
2821 3850 3193 3920 elephantiam
3247 3849 3302 3903 in
3360 3859 3410 3904 te
3451 3863 3598 3916 esse,

1995 3953 2120 4023 quia
2148 3951 2306 4005 istam
2331 3947 2744 4003 consideremus
2771 3944 2917 3998 illam
2941 3959 3102 4013 quam
3126 3941 3290 3996 Arius
3315 3941 3594 4007 habuerit,

1997 4044 2139 4115 quod
2169 4057 2461 4113 urgeamns
2491 4053 2543 4095 te
2569 4037 2830 4094 secedere
2871 4052 2902 4091 e
2935 4037 3136 4104 populo
3177 4035 3275 4089 Dei
3299 4076 3314 4099 ,
3348 4037 3484 4089 sicut
3521 4035 3599 4089 illi

1993 4137 2307 4193 sacerdotes
2357 4134 2573 4189 Domini
2621 4131 2812 4186 Odiam
2861 4129 2928 4184 de
2976 4129 3182 4195 templo
3229 4127 3597 4196 compulerint

1995 4229 2176 4302 egredi
2197 4270 2212 4292 ,
2244 4229 2368 4299 quia
2395 4237 2446 4282 te
2478 4227 2554 4281 ita
2602 4239 2858 4294 cogamus
2886 4221 3020 4276 dare
3061 4219 3175 4275 Deo
3217 4219 3502 4274 honorem.
3536 4217 3596 4273 Si

1996 4325 2140 4379 enim
2164 4323 2353 4378 Odiam
2374 4322 2468 4374 Dei
2499 4319 2818 4374 sacerdotes
2846 4316 3050 4370 idcirco
3071 4314 3350 4383 pellebant
3376 4328 3441 4366 ex
3471 4311 3593 4365 aula

1997 4417 2127 4482 Dei,
2161 4417 2286 4487 quia
2314 4415 2694 4469 meminissent
2725 4410 2990 4464 divinitus
3019 4415 3385 4475 pratceplum,
3415 4404 3594 4472 lepro-

1995 4527 2088 4568 sos
2129 4520 2256 4565 ante
2298 4507 2664 4576 expiationem
2711 4502 2919 4572 ingredi
2961 4500 3221 4568 templum
3257 4496 3594 4568 prohibitos,

289 4604 579 4663 potuerunt
609 4610 957 4659 conservare,
984 4595 1145 4660 tueri,
1172 4610 1234 4650 ac
1262 4596 1579 4665 defendere,
1611 4600 1884 4668 quomodo
1920 4572 1972 4632 D
1996 4613 2198 4674 quanto
2230 4601 2402 4669 magis
2430 4612 2527 4652 nos
2555 4597 2719 4664 digne
2743 4605 2794 4648 te
2818 4635 2832 4659 ,
2874 4591 3130 4660 conspice
3163 4599 3188 4625 ο
3213 4631 3228 4656 ,
3259 4605 3326 4644 ex
3355 4590 3589 4644 ecclesia

287 4695 343 4741 et
366 4686 518 4742 illttm
541 4729 554 4754 ,
581 4687 672 4758 qui
704 4687 841 4742 dixit
864 4687 1069 4743 homini
1099 4687 1198 4743 Dei
1229 4705 1327 4758 pro
1373 4694 1548 4747 salute
1593 4692 1766 4762 ipsius
1801 4695 1882 4748 lo-

285 4780 474 4850 quenti
511 4796 524 4834 :
561 4779 834 4851 Numquid
875 4781 1231 4836 consiliarium
1273 4792 1321 4837 te
1374 4785 1484 4854 regi
1527 4788 1771 4841 constitui
1823 4787 1842 4826 τ
1860 4787 1886 4841 ?

359 4962 515 5046 {ita
538 4975 661 5018 cum
693 4960 873 5017 Latin.
907 4971 1078 5016 recte.
1113 4959 1419 5030 Legebatur
1450 4967 1631 5027 antea,
1666 4961 1788 5030 quia
1811 4961 1894 5016 hic

283 5033 600 5178 [ditissimi
623 5121 744 5159 eum
789 5104 961 5178 demit
1003 5101 1184 5178 Latin.
1213 5143 1231 5178 ,_
1257 5100 1414 5178 abest
1442 5110 1496 5156 et
1512 5116 1555 5178 ἓ
1579 5101 1792 5178 Graeco.

359 5186 380 5214 ε
425 5172 580 5247 Le'git
606 5187 717 5232 tace
746 5175 910 5244 paulo
939 5172 1166 5228 inferius
1219 5172 1359 5227 idem
1391 5172 1639 5239 Lucifer;
1672 5173 1766 5229 sed
1795 5189 1888 5245 ap-

285 5246 392 5320 tius
429 5246 551 5303 caue
579 5249 690 5302 tibi.
713 5289 728 5313 ,
758 5247 934 5302 Graec.
952 5247 1222 5320 πρόσεχε.

353 5318 380 5357 (ι
423 5321 489 5372 1η
515 5320 718 5374 omittit
749 5333 911 5387 supra
952 5315 1098 5372 idem
1132 5315 1395 5382 Lucifer,
1421 5326 1475 5372 et
1510 5317 1672 5386 paulo
1721 5315 1880 5371 infra.

358 5400 382 5428 e
423 5391 600 5428 Fuerit
655 5391 771 5428 νειίὶ

358 5400 382 5428 ε
415 5389 616 5446 Fuerit.
655 5389 828 5444 Vatic.

358 5461 379 5500 ί
427 5460 557 5514 Dedi
588 5461 748 5515 habet
780 5475 940 5529 supra
976 5459 1114 5512 idem
1146 5457 1359 5529 Lucifer
1391 5473 1492 5526 pro
1538 5459 1803 5512 constitui.

356 5543 382 5581 ε
424 5532 702 5586 Librarius
753 5527 871 5584 haec
921 5527 1227 5583 immutavit
1259 5545 1272 5582 :
1306 5539 1463 5580 vetus
1511 5529 1654 5581 enim
1706 5529 1881 5583 codex

283 5605 415 5673 legit
465 5603 658 5657 Odium
675 5673 686 5674 ᾧ
709 5619 913 5674 regem,
954 5600 1239 5674 etJOziam
1284 5599 1615 5674 sacerdotem
1642 5599 1885 5674 appellat

282 5669 383 5758 pr'o
406 5675 621 5758 .Azaria.
647 5669 994 5755 Til.:0diam;
1018 5671 1196 5728 Valic.
1223 5681 1280 5726 et
1302 5671 1476 5726 Latin.
1515 5669 1675 5724 Odias
1699 5670 1745 5725 is
1776 5679 1879 5736 est,

282 5763 373 5798 aut
406 5762 458 5798 tn
488 5744 648 5798 Vultr.
683 5745 838 5798 Ozias
862 5757 979 5798 rex.

281 5744 373 5818 qui
406 5747 458 5800 in
488 5744 648 5816 Vulg.
683 5745 838 5798 Ozias
862 5757 979 5798 rex.

355 5809 383 5888 lt
420 5810 572 5871 Idem
601 5817 691 5883 qui
724 5815 938 5868 Asarias
963 5810 1014 5868 in
1047 5811 1198 5882 Vulg;

1994 4695 2200 4765 pellere
2227 4689 2464 4754 Christi,
2491 4689 2558 4743 de
2597 4687 2760 4742 domo
2785 4683 3002 4737 Dotnini
3023 4723 3039 4748 ,
3068 4682 3193 4752 quia
3223 4697 3334 4736 non
3369 4681 3438 4734 sit
3468 4680 3590 4736 lici-

1995 4798 2107 4842 tum
2143 4785 2460 4841 haereticum
2486 4777 2788 4838 convenire
2814 4791 2938 4832 cum
2982 4773 3298 4842 catholicis,
3339 4774 3592 4829 insanum

2075 4963 2092 4999 ί
2136 4977 2304 5026 Lxxx,
2331 4957 2508 5014 Latin.
2541 4972 2609 5012 ex
2634 4955 2847 5012 Grieco.

2071 5035 2088 5083 i
2137 5031 2299 5092 Illos.
2325 5031 2502 5085 Latin.
3310 5031 3313 5032 ν

2069 5103 2092 5142 k
2136 5103 2458 5174 Sacrilegus:
2493 5099 2569 5174 Id.
2602 5097 2876 5174 sacrilego
2904 5095 3125 5174 ﬁngere,
3156 5090 3395 5174 tnelius._
3480 5161 3516 5174 Α

2069 5174 2085 5213 1
2134 5176 2260 5230 llzec
2304 5161 2370 5228 de
2417 5171 2702 5242 Episcopis
2743 5161 3000 5242 Arianis,
3049 5161 3587 5242 qttos_§tittstantius

1990 5247 2284 5302 Calholicis
2317 5231 2576 5299 Ecclesiis
2604 5231 2804 5311 praefici
2829 5231 3100 5310 jusseraf;
3133 5235 3209 5288 uti
3235 5231 3348 5300 jam
3379 5233 3582 5287 dictum

1988 5319 2227 5373 inlibris
2259 5316 2674 5386 superioribus._
2735 5383 2743 5386 _
2824 5379 2854 5386 _
3029 5375 3051 5386 -
3146 5372 3190 5386 ...
3249 5373 3260 5384 .
3489 5373 3501 5386 .
3574 5371 3587 5383 .

2057 5399 2096 5426 ω
2129 5372 2427 5444 Contendit
2451 5384 2700 5441 Galland.
2734 5383 2786 5436 in
2815 5379 3004 5434 Graeco
3029 5372 3262 5429 Luciferi
3291 5372 3591 5443 exemplari

1989 5461 2249 5515 mendose
2295 5463 2554 5528 scriptum
2605 5455 2773 5508 fuin
2804 5452 3200 5528 Quqtacf’dptov,
3247 5445 3439 5528 altare,
3491 5460 3590 5528 pro

1989 5533 2320 5608 θυμιατήριον
2343 5573 2355 5594 ,
2389 5519 2736 5608 tltttribttlttm,
2761 5525 2833 5608 uti
2869 5519 3460 5608 lerunt.§eptua§itltaE
3486 5520 3585 5608 sed

1988 5586 2354 5658 toi-terse'nsns'
2375 5610 2459 5656 est
2478 5639 2491 5662 ,
2517 5596 2751 5649 manibus
2781 5590 2980 5647 tenebat
3015 5589 3213 5652 altare;
3240 5595 3295 5642 et
3320 5586 3464 5642 idetn
3488 5586 3588 5641 ha-

1993 5675 2081 5728 bet
2111 5671 2296 5728 Sizbat.

2062 5754 2089 5780 ιι
2130 5745 2232 5796 Ara
2260 5759 2352 5795 sua
2377 5784 2392 5804 ,
2424 5739 2598 5793 Vatic.

2064 5815 2087 5840 "
2131 5811 2396 5876 Conspicis
2420 5847 2432 5877 ,
2460 5809 2639 5863 Latin.
3433 5835 3444 5882 ἱ
