4094 6190
338 259 445 318 949

814 309 820 315 .
902 257 993 318 DE
1031 259 1168 318 NON
1206 257 1581 318 PARCENDO
1619 259 1687 318 IN
1726 261 1916 320 DEUM
1961 261 2563 334 DELINQUENTIBUS
2603 264 2809 321 LIBER
2844 263 3052 324 UNUS.

3533 266 3646 326 930

338 391 384 436 et
410 381 533 435 abiit
559 381 616 436 in
643 380 846 437 Belliel.
878 379 944 434 Et
968 381 1245 435 combussit
1270 380 1560 436 sacerdotes
1584 397 1715 448 quos
1741 382 1932 436 consti-
1964 385 2011 446 Α
2042 381 2226 450 polluit
2258 381 2390 436 illud
2414 381 2695 438 secundum
2720 384 2930 438 verbum
2957 385 3095 455 quod
3140 384 3341 444 locutus
3374 396 3451 441 est
3484 386 3640 446 homo

333 484 544 529 tuerant
567 491 714 547 reges
738 474 894 530 Inda:
921 484 970 538 σι,
1001 485 1054 528 ut
1078 473 1402 528 incenderent
1428 473 1646 528 excelsis
1667 475 1931 529 ciuitatum

331 564 366 620 J
373 567 498 631 uda,
533 577 580 621 et
608 569 747 622 circa
769 567 1084 633 Jerusalem,
1112 564 1453 620 incendebant
1478 564 1650 631 Baali,
1678 575 1726 620 et
1743 568 1862 632 soli,
1885 576 1931 620 et

325 660 496 725 tunc,
528 669 576 715 et
597 662 737 714 omni
761 661 958 714 militirc
983 661 1117 715 caeli.
1146 658 1212 714 Et
1234 661 1530 715 extulerunt
1557 659 1622 713 de
1641 660 1794 714 domo
1815 658 1929 715 Do.

329 752 460 805 mini
492 756 636 821 foras
666 762 810 807 extra
830 750 1123 806 Jerusalem
1152 753 1205 805 in
1234 750 1261 789 ι)
1289 751 1452 806 rivum
1472 748 1692 817 Cedron,
1722 761 1774 806 et
1791 760 1933 806 exte-

330 846 509 900 nuarit
555 847 801 908 cinerem,
839 854 888 899 et
927 845 1142 914 projecit
1180 845 1234 898 in
1265 853 1654 898 monumentum
1700 845 1931 913 ﬁliorum

331 937 540 1007 plebis:
585 947 634 990 et
678 937 905 992 extraxit
933 937 1070 1004 ﬁlios
1099 937 1330 1002 illorum,
1370 937 1460 1006 qui
1489 944 1638 990 erant
1679 937 1736 990 in
1777 936 1930 992 domo

330 1029 567 1094 Domini,
609 1046 832 1100 quorum
863 1030 1101 1084 mulieres
1125 1028 1497 1098 efﬁciebantur
1524 1029 1595 1082 ibi
1619 1028 1689 1081 ad
1730 1032 1927 1086 stolas:

327 1129 375 1173 et
418 1121 711 1176 introduxit
752 1137 925 1176 omnes
951 1105 1244 1176 sacerdotes
1284 1137 1347 1174 ex
1372 1111 1662 1174 civita'tibus
1685 1119 1852 1186 'Juda,
1881 1131 1932 1176 et

324 1215 678 1284 coinquinaoit
709 1226 910 1280 sancta,
944 1216 1027 1269 ubi
1058 1214 1394 1269 incendebant
1424 1194 1712 1275 sacerdotes
1741 1213 1930 1284 Agatur

330 1318 352 1345 ο
378 1325 538 1378 usque
561 1309 626 1363 de
652 1307 908 1374 Rasabce;
930 1318 978 1361 et
999 1307 1224 1362 detraxit
1241 1308 1467 1362 excelsos
1487 1307 1720 1361 illorum.
1754 1307 1819 1360 Et
1844 1305 1929 1362 itt-

327 1400 440 1454 l'ra:
469 1399 534 1453 Et
553 1401 905 1470 coinquinaoit
933 1397 1146 1454 Pltentr1
1169 1399 1308 1470 quod
1340 1409 1450 1459 erat
1476 1400 1529 1453 in
1553 1398 1810 1469 Cepenam
1834 1397 1925 1468 (IV

326 1492 455 1562 Reg.
487 1507 616 1546 χχιιι
635 1535 649 1558 ,
680 1493 791 1563 10).
820 1495 1065 1560 quoniam
1089 1493 1443 1562 perduxerant
1473 1502 1496 1530 ε
1523 1493 1736 1562 quisque
1757 1492 1924 1559 ﬁlium

323 1601 475 1638 suum
500 1594 546 1639 et
575 1584 739 1653 ﬁliam
762 1600 912 1637 suam
941 1585 995 1638 in
1019 1585 1138 1657 igne
1168 1580 1381 1639 Maloea
1401 1600 1420 1638 :
1446 1593 1726 1656 posuerant
1747 1581 1763 1621 τ
1781 1599 1924 1654 reges

322 1676 465 1732 Jnda
480 1679 654 1732 solist:
678 1679 895 1734 introitu
909 1679 1088 1733 domus
1112 1689 1137 1725 ις
1163 1677 1374 1732 Domini
1396 1677 1465 1731 ad
1488 1679 1924 1745 pastorium,quos

2037 472 2152 538 Dei,
2183 491 2298 528 cum
2326 484 2484 529 staret
2513 474 2824 531 Hieroboam
2849 477 2903 530 in
2933 476 3018 532 die
3041 481 3176 548 festo
3191 479 3259 532 ad
3305 495 3470 536 aram.
3499 479 3641 550 Quid

2033 567 2344 637 cognoscis,
2395 567 2700 632 Constanti,
2746 568 2946 622 factum
3001 584 3122 624 esse
3169 585 3198 623 a
3249 586 3380 641 rege
3427 572 3641 631 cultore

2038 659 2178 715 Dei?
2205 669 2261 716 et
2291 675 2389 716 nos
2421 672 2472 716 te
2501 662 2874 717 idololatrian]
2910 663 3346 720 introducentem
3379 666 3433 720 in
3465 667 3643 721 eccle-

2034 753 2170 809 siam
2217 754 2340 824 quia
2374 755 2542 809 verbo
2582 755 2939 824 percutimus,
2989 754 3384 821 Contumeliam,
3434 757 3638 827 inquis,

2033 845 2161 898 milii
2206 844 2332 914 facit
2374 844 2628 916 Lucifer?
2669 861 2815 913 cum,
2862 848 2907 901 si
2955 847 3098 901 illius
3128 848 3330 904 fuisses
3379 852 3644 919 temporis

2033 935 2222 999 homo,
2253 936 2435 1006 gladio
2467 937 2644 1006 possis
2689 939 2986 1007 exstingui,
3030 950 3144 1007 aut,
3193 940 3238 993 si
3281 940 3389 1009 jam
3439 940 3638 998 fuisses

2032 1028 2346 1093 defunctus,
2372 1031 2537 1084 etiam
2565 1043 2689 1084 ossa
2725 1041 2836 1096 tua,
2863 1031 3065 1101 quippe
3095 1032 3372 1102 sacrilegi,
3405 1032 3639 1088 fuissent

2032 1121 2142 1192 igni
2171 1122 2444 1190 perducta
2475 1123 2540 1176 ad
2576 1121 2826 1177 nihilum.
2856 1121 2952 1177 llle
2977 1123 3159 1193 gladio
3189 1139 3314 1180 reos
3357 1125 3492 1179 tanti
3520 1141 3640 1181 sce-

2030 1213 2161 1269 leris
2189 1215 2440 1284 percutit,
2474 1229 2574 1269 nos
2603 1224 2654 1269 te
2684 1229 2784 1269 nec
2815 1215 2986 1271 verbo
3008 1217 3303 1271 vulnerare
3332 1216 3590 1272 decuerat
3615 1217 3639 1272 l

2029 1303 2316 1375 Conspicis
2343 1307 2553 1361 interea
2583 1308 2684 1361 boc
2703 1308 2864 1362 etiam
2896 1307 3016 1361 loco
3044 1308 3098 1361 in
3120 1307 3396 1362 civitatein
3426 1310 3545 1377 Dei,
3579 1308 3632 1364 in

2033 1399 2246 1453 Domini
2287 1399 2532 1463 domum,
2580 1407 2636 1454 et
2689 1400 2742 1453 in
2793 1399 3055 1468 templum
3100 1401 3222 1468 ejus
3266 1400 3636 1458 introduxisse

2030 1491 2432 1559 consacrilegos
2484 1500 2608 1546 tuos
2659 1491 2783 1544 illos
2825 1506 2984 1562 reges
3033 1492 3425 1560 idololatriam,
3471 1493 3658 1564 quam'

2027 1583 2132 1638 iste
2157 1584 2534 1639 exterminarit
2575 1583 2751 1638 Jasias
2796 1600 2889 1639 rex
2925 1585 3033 1639 Deo
3076 1585 3486 1652 dicatissimus;
3531 1603 3635 1644 nec

2027 1677 2311 1732 existimes
2343 1688 2396 1734 te
2426 1686 2630 1732 tantum
2667 1678 2768 1732 hoc
2795 1694 2935 1748 opus
2965 1680 3193 1750 implere
3234 1692 3423 1736 contra
3455 1680 3629 1736 Deum

323 1771 493 1838 posuit
517 1781 615 1824 tres
637 1787 812 1841 equos,
845 1768 872 1807 ιι
902 1773 986 1841 qui
1007 1773 1062 1824 in
1085 1769 1320 1830 Faradin
1337 1780 1384 1824 et
1409 1774 1603 1839 fontem
1629 1770 1755 1824 solis
1783 1786 1924 1824 com-
1950 1808 1998 1870 Β
2028 1768 2192 1823 fuisse
2222 1784 2535 1838 aggressum
2563 1771 2586 1823 ?
2616 1769 2739 1824 Noli
2777 1770 2962 1840 itaque
2994 1771 3213 1826 dicere:
3249 1772 3312 1827 Si
3347 1774 3482 1827 male
3510 1791 3630 1844 age-

320 1862 480 1916 bussit
499 1862 553 1916 in
573 1863 694 1932 igne
713 1864 768 1916 in
789 1864 944 1916 domo
967 1863 1173 1926 domus,
1199 1877 1352 1931 quam
1373 1861 1755 1930 cediﬁcaverant
1777 1877 1920 1932 reges

320 1953 488 2007 Israel
509 1955 710 2009 excelso
729 1955 807 2008 illi
830 1953 980 2021 Bnal,
1001 1963 1048 2008 et
1067 1954 1206 2010 omni
1229 1954 1428 2009 militite
1451 1954 1564 2008 ctuti
1585 1969 1601 2007 :
1623 1963 1670 2007 et
1689 1953 1919 2007 sacraria

327 2046 343 2083 ί
379 2056 523 2100 erant
557 2063 721 2115 supra
751 2047 978 2115 wdiﬁcia
1014 2047 1361 2116 superiorum,
1391 2046 1561 2100 Actias
1597 2062 1712 2116 qua:
1741 2047 1919 2116 fecerit

318 2155 408 2192 rex
436 2138 602 2204 Juda,
643 2151 692 2193 et
729 2140 958 2194 sacraria
985 2155 1098 2205 qua:
1137 2141 1256 2208 fecit
1296 2137 1563 2192 Manassae
1613 2139 1666 2192 in
1716 2137 1916 2192 duobus

316 2215 554 2300 aediﬁciis
603 2231 785 2285 domus
820 2231 1051 2294 Domini,
1088 2231 1313 2285 detraxit
1359 2247 1474 2297 rex,
1509 2240 1558 2285 et
1585 2231 1780 2302 expulit
1822 2231 1917 2286 illa

312 2323 454 2387 inde,
483 2333 529 2376 et
562 2325 780 2396 projecit
806 2325 1000 2378 cineres
1020 2325 1232 2385 illorum
1262 2325 1317 2377 in
1345 2325 1453 2377 rivo
1482 2319 1686 2377 Cedron
1707 2339 1726 2378 :
1754 2333 1800 2375 et
1823 2339 1916 2379 exc

311 2416 518 2471 celsos-1'
555 2434 669 2488 qua:
696 2421 925 2483 fecerant
953 2436 983 2471 a
1009 2418 1143 2487 {acie
1165 2415 1484 2482 Jerusalem,
1529 2417 1668 2486 quod
1712 2427 1820 2470 erat
1859 2418 1914 2474 in

309 2510 491 2564 dextro
537 2510 724 2563 montis
759 2509 983 2575 Amissa,
1026 2509 1161 2578 quod
1211 2507 1494 2574 aediﬁcavit
1541 2507 1794 2562 Salomon
1823 2523 1914 2564 rex

310 2601 522 2656 Astarte
551 2602 836 2657 simulacro
866 2601 1226 2667 Sidoniorum,
1270 2610 1319 2656 et
1363 2599 1550 2656 Camos
1593 2601 1813 2668 idolum,
1863 2612 1911 2658 et

311 2691 544 2760 Mulcro,
590 2695 872 2749 simulacro
916 2695 1140 2757 ﬁliorum
1187 2694 1406 2748 Ammon
1454 2694 1641 2762 polluit
1677 2711 1787 2749 rex.
1839 2694 1910 2752 Et

306 2787 671 2841 coatribulavit
722 2788 903 2844 titulos
931 2797 978 2842 et
1026 2787 1272 2854 implebat
1305 2788 1415 2840 loca
1459 2787 1674 2841 illorum
1713 2787 1910 2842 ossibus

308 2878 620 2964 Ιιοιιιὶηειηε
661 2889 708 2932 et
751 2880 1042 2934 sacrarium
1081 2879 1220 2949 quod
1262 2877 1287 2916 ¹ιι
1333 2879 1386 2932 in
1433 2876 1616 2934 Bel/tet
1643 2881 1908 2943 excelsum

305 2968 441 3038 quod
475 2971 594 3039 fecit
621 2969 670 3024 Η
679 2972 940 3025 ieroboam
969 2971 1110 3038 ﬁlius
1147 2970 1320 3032 Natta,
1350 2971 1404 3024 in
1421 2988 1522 3038 quo
1549 2971 1669 3040 fecit
1697 2987 1909 3041 peccare

309 3058 496 3128 Israel,
529 3072 575 3118 et
604 3063 894 3116 sacrarium
923 3063 1056 3117 illud
1087 3065 1344 3117 excelsum
1367 3063 1615 3129 detraxit,
1639 3075 1686 3118 et
1716 3067 1906 3120 contri-

306 3155 498 3212 bulavit
535 3156 736 3228 lapides
779 3158 946 3219 illius.
995 3168 1042 3209 et
1095 3159 1372 3211 attenuavit
1417 3161 1470 3211 in
1521 3161 1805 3229 pulverem,
1854 3170 1905 3213 et

305 3248 540 3304 accendit
574 3250 589 3286 ι
627 3241 775 3304 ιιιεοέ
810 3266 1007 3304 eorum.
1057 3250 1120 3303 Et
1148 3266 1376 3304 reversus
1403 3263 1478 3305 est
1513 3249 1682 3306 Josias
1714 3268 1827 3319 rex,
1855 3260 1903 3306 et

304 3341 432 3407 uidit
462 3353 790 3402 monumenta
833 3359 949 3411 qua:
979 3352 1126 3397 erant
1163 3343 1234 3396 ibi
1272 3345 1328 3396 in
1371 3354 1562 3397 monte.
1587 3343 1656 3397 Et
1684 3347 1902 3415 sumpsit

304 3451 420 3491 ossa
452 3433 516 3488 de
544 3445 894 3502 monumento,
934 3446 981 3490 et
1010 3435 1287 3492 combussit
1317 3453 1474 3505 super
1503 3438 1809 3502 sacrarium,
1856 3448 1902 3492 et

377 3601 402 3627 τι
442 3589 608 3656 Inda,
639 3591 770 3644 etin
797 3590 1031 3644 excelsis.
1068 3589 1255 3646 Sabat.

371 3660 400 3737 ξ’
439 3664 521 3722 Εἰς
547 3663 632 3737 rio
647 3662 987 3737 χειμάρῤουν.
1009 3659 1186 3717 Grato.
1217 3661 1279 3716 In
1297 3664 1525 3718 ronralle
1547 3663 1684 3735 apud
1705 3663 1774 3720 Sa
1786 3665 1893 3720 bat.

304 3733 395 3802 qui
427 3735 626 3787 nniiltit
649 3733 821 3786 extra.

381 3815 402 3842 ε
447 3804 615 3875 Error
646 3803 890 3873 profecto
940 3805 1305 3874 typograpbi:
1356 3806 1569 3875 corrige
1614 3807 1678 3860 de
1721 3805 1898 3861 Gubaa

302 3891 468 3948 usque
496 3873 760 3948 Bersabee.
797 3891 919 3930 enni
953 3873 1284 3946 Sabatq’qui
1320 3873 1589 3946 praterea
1630 3880 1763 3948 legit
1803 3878 1898 3932 de-

303 3947 491 4016 struxit
517 3961 612 4016 pro
647 3945 887 4000 detraxit.

372 4015 398 4053 ά
440 4015 667 4087 Coi-riga
697 4019 747 4072 ιιι
781 4017 882 4072 hac
914 4033 1042 4070 voce
1085 4017 1398 4073 Luciferum
1433 4035 1445 4071 :
1484 4020 1896 4075 rescribendum

303 4089 467 4159 enim,
501 4087 692 4159 Plaetlt,
722 4089 859 4158 quod
887 4099 995 4142 erat
1023 4091 1074 4143 in
1118 4089 1402 4154 Geltenam,
1443 4101 1538 4146 aut
1563 4090 1894 4159 Gehennam,

303 4158 626 4223 (ie/tentiam,
650 4158 1032 4215 Geltenennom.
1065 4160 1329 4216 Nimirum
1362 4162 1445 4214 liis
1469 4165 1777 4217 nominibus
1799 4158 1896 4216 do-

303 4244 462 4284 natur
493 4246 569 4305 ca‘
584 4233 764 4305 vallis.
803 4232 858 4283 Et
885 4233 1106 4305 legebat
1132 4231 1345 4286 Lucifer
1359 4235 1419 4305 τᾷ
1447 4235 1605 4305 cpida-6
1628 4233 1894 4305 prorem

2023 1879 2151 1929 rem,
2175 1866 2291 1936 jam
2318 1863 2374 1917 in
2403 1880 2482 1918 me
2516 1862 2652 1917 Deus
2681 1861 2906 1916 dedisset
2953 1863 3279 1929 vindictam;
3311 1865 3408 1920 sed
3449 1867 3630 1934 potius

2021 1956 2253 2010 obsecro
2284 1956 2467 2010 videas
2496 1966 2714 2025 captum
2751 1965 2801 2010 te
2832 1955 3064 2010 detineri
3098 1973 3126 2010 a
3154 1957 3396 2023 diabolo,
3428 1959 3478 2014 in
3508 1958 3629 2028 ejus

2023 2056 2075 2102 te
2101 2048 2299 2118 degere
2327 2058 2616 2117 potestate,
2651 2047 2809 2103 sicuti
2831 2057 2886 2102 et
2918 2049 2993 2102 illi
3029 2063 3210 2118 reges,
3237 2065 3466 2118 quorum
3496 2065 3627 2118 oue-

2021 2155 2136 2194 ram
2181 2140 2360 2195 .losias
2411 2148 2732 2210 persecutus
2784 2147 2868 2194 est
2918 2155 3034 2193 rex.
3093 2137 3206 2195 Cur
3251 2139 3628 2210 blasphemias

2019 2245 2374 2286 exsecrentur
2407 2241 2546 2292 tuas,
2593 2245 2690 2285 cur
2728 2230 3056 2284 resistamus
3087 2228 3291 2299 iniquis
3335 2229 3623 2298 conSpira-

2019 2325 2261 2379 tionibus
2303 2325 2430 2390 tuis,
2486 2323 2737 2378 videmur
2785 2323 2881 2377 tibi
2931 2337 3053 2378 esse
3099 2321 3389 2392 injuriosi:
3438 2325 3518 2378 sic
3568 2331 3626 2380 et

2015 2416 2242 2482 Iuda-is,
2280 2432 2508 2488 quorum
2543 2418 2846 2471 imitatores
2875 2418 3030 2483 estis,
3079 2417 3405 2478 videbantur
3431 2428 3624 2474 contu-

2017 2510 2490 2578 meliosi,superbi
2517 2508 2846 2564 sanctiSsimi
2874 2509 3180 2578 praplietzr.
3202 2508 3624 2580 beatissimique

2015 2606 2268 2675 apostoli.
2303 2605 2358 2659 In
2395 2605 2539 2660 libro
2575 2607 2746 2659 Amos
2770 2603 3050 2672 prolihetae
3081 2620 3092 2655 :
3126 2602 3193 2656 Et
3227 2605 3398 2668 misit,
3446 2603 3621 2673 inquit

2017 2699 2216 2769 (Amos.
2238 2715 2334 2758 vn.
2350 2696 2467 2767 10),
2485 2697 2722 2750 Amasias
2738 2695 2979 2749 sacerdos
2997 2695 3049 2748 in
3069 2704 3106 2730 οι
3125 2693 3309 2748 Bel/tet
3335 2696 3401 2748 ad
3427 2694 3619 2749 Hiero-

2014 2791 2163 2845 boam
2186 2807 2354 2860 regem
2380 2788 2576 2852 Israel,
2609 2789 2781 2842 dicens
2808 2803 2824 2840 :
2852 2787 3165 2840 Conventum
3189 2787 3313 2856 facit
3343 2787 3615 2843 adversum

2013 2902 2093 2940 me
2120 2895 2145 2921 η
2192 2888 2349 2939 Amos
2392 2885 2444 2938 in
2477 2884 2646 2937 media
2675 2884 2826 2935 domo
2859 2880 3073 2936 Israel:
3106 2895 3208 2934 non
3239 2882 3424 2950 poterit
3477 2891 3617 2936 terra

2011 2975 2230 3044 suﬂ'erre
2260 2978 2412 3030 verba
2440 2977 2574 3038 eius.
2609 2973 2832 3041 Propter
2864 2981 2887 3008 ο
2920 2969 3062 3042 quod
3091 2973 3200 3026 lucc
3247 2970 3374 3025 dicit
3415 2973 3570 3026 Amos
3595 2989 3614 3027 :

2010 3067 2078 3122 In
2122 3066 2298 3137 gladio
2331 3067 2576 3121 morietur
2608 3065 2938 3127 Ilieroboam,
2971 3061 3141 3117 Israel
3170 3073 3340 3116 autem
3375 3065 3612 3132 captivus

2009 3161 2224 3213 ducetur
2249 3177 2280 3212 a
2310 3169 2444 3214 terra
2465 3175 2582 3212 sua.
2615 3157 2678 3211 Et
2701 3157 2834 3210 dixit
2855 3157 3090 3209 Amasias
3115 3153 3184 3206 ad
3208 3154 3363 3208 Amos
3387 3171 3406 3209 .'
3441 3151 3606 3221 Vade,

2010 3263 2036 3301 P
2068 3253 2273 3307 discede
2314 3253 2367 3306 in
2411 3263 2598 3305 terram
2643 3249 2809 3316 Juda,
2850 3258 2898 3303 et
2939 3248 3012 3302 ibi
3058 3263 3398 3310 commorare,
3447 3259 3493 3301 et
3537 3245 3611 3301 ibi

2011 3347 2360 3419 praplietabis.
2387 3345 2452 3399 In
2480 3345 2658 3409 Ilethel
2682 3355 2852 3398 autem
2870 3346 2988 3414 jam
3031 3351 3060 3390 τι
3095 3356 3197 3393 non
3239 3339 3456 3414 adjicies
3484 3357 3610 3410 pro-

2011 3440 2248 3508 phetare,
2287 3439 2409 3509 quia
2452 3435 2799 3507 sanctiﬁcatio
2849 3434 2983 3504 regis
3014 3441 3109 3497 est,
3158 3441 3204 3486 et
3235 3428 3420 3487 domus
3463 3431 3606 3504 regni

2000 3597 2289 3671 κᾳτέπαυσε
2334 3598 2550 3658 ἵππους.
2599 3595 2967 3671 Γριζοφνλὰκιον
3007 3595 3148 3650 verti
3196 3601 3381 3671 potest
3395 3603 3602 3671 _pasto—

1999 3669 2264 3732 pliorinm,
2315 3678 2375 3722 ut
2425 3678 2583 3720 vetus
2626 3667 2962 3722 Scuoliastes
3007 3677 3232 3720 amiciat
3278 3667 3344 3720 ad
3395 3667 3597 3722 Ezech.

1999 3753 2075 3801 XI,
2099 3741 2186 3803 l7,
2207 3751 2299 3793 aut
2321 3740 2581 3801 exedram,
2604 3748 2663 3791 ut
2693 3739 3060 3808 Hieronymus
3080 3737 3280 3792 ibidem
3300 3738 3598 3802 observat;

2001 3808 2130 3862 hinc
2175 3811 2380 3864 librarii
2425 3825 2584 3864 error
2626 3810 2678 3862 in
2711 3808 2990 3871 Lucifero,
3042 3808 3130 3861 ubi
3166 3809 3451 3876 pastoriam
3500 3823 3599 3875 pro

2000 3879 2392 3954 pastophorium
2416 3899 2434 3934 :
2457 3896 2554 3951 pro
2584 3880 2727 3954 ἅρμα
2750 3882 2900 3954 rem.
2931 3879 2981 3932 id
3007 3889 3093 3954 est
3116 3895 3347 3954 currum,
3381 3877 3601 3954 Lucifer

2000 3949 2128 4025 legit
2154 3949 2314 4025 ιιᾶμα.
2335 3949 2576 4025 fontem:
2607 3949 2661 4004 et
2687 3951 2778 4005 alii
2799 3950 2996 4019 legunt
3027 3950 3078 4002 in
3130 3949 3345 4015 Graeco,
3374 3950 3423 4003 ἐν
3448 3953 3598 4025 πυρὶ,

1997 4020 2051 4073 in
2077 4020 2304 4090 igne.'ut
2332 4020 2546 4076 Lucifer
2578 4025 2714 4086 ipse.

2074 4102 2099 4139 Β
2139 4092 2210 4148 Ut
2237 4094 2288 4146 iit
2329 4093 2543 4157 Graeco,
2575 4095 2736 4151 οἴκου.

2070 4160 2093 4234 1f
2137 4162 2332 4234 Equas.
2369 4163 2544 4219 Vatic.

2075 4233 2088 4269 ί
2137 4233 2206 4289 Et
2258 4236 2371 4290 lucc
2408 4236 2551 4304 apud
2594 4235 2780 4293 Sabat.
2827 4233 3086 4293 diversa:
3131 4233 3334 4290 Attaria
3369 4248 3592 4304 quoque,

301 4304 380 4374 es,
432 4301 572 4365 quod
624 4301 787 4356 habet
831 4303 998 4356 editio
1036 4301 1466 4372 Complutensisl
1517 4303 1679 4357 Catel.
1727 4301 1824 4358 lib;
1858 4304 1892 4356 ‘2
1993 4317 2106 4371 qua:
2132 4317 2277 4359 erant
2305 4301 2461 4371 super
2510 4316 2640 4362 tecta
2687 4310 2936 4362 cmttaculi
2969 4311 3161 4365 Actias.
3208 4319 3323 4374 qua:
3367 4301 3595 4371 fecerant

300 4373 536 4427 Constil.
570 4375 818 4437 Apostol.
858 4390 978 4442 cap.
1012 4374 1100 4426 ‘22.

378 4453 400 4544 ξ
442 4443 787 4544 gemitu-reret,
817 4455 870 4544 ent
899 4444 951 4497 in
977 4446 1362 4544 ignemiappd
1393 4444 1577 4526 Sabat.
1674 4515 1707 4544 ,ο
1829 4515 1861 4544 Γ
1919 4485 1969 4544 D

379 4514 395 4549 ί
443 4515 567 4568 Ηίειξ
597 4517 789 4582 partim
834 4526 1096 4582 corrupta
1131 4518 1260 4569 vitio
1294 4518 1526 4578 librarii,
1572 4515 1767 4584 partim
1809 4515 1892 4570 di-

301 4601 480 4648 vorsa,
511 4597 564 4640 et
590 4587 773 4652 ignoto
805 4602 835 4640 e
879 4587 1028 4640 l'oiite
1061 4588 1274 4648 hausta,
1309 4590 1380 4641 ita
1419 4589 1538 4656 lege
1570 4603 1635 4656 es
1662 4585 1847 4640 Sabat.
1877 4604 1890 4640 :

301 4656 522 4710 Abstulit
551 4673 750 4724 quoque
797 4673 974 4722 equos,
1003 4673 1128 4721 quos
1153 4658 1401 4712 dederant
1431 4655 1573 4725 reges
1602 4655 1637 4710 J
1644 4657 1767 4719 uda,
1796 4659 1895 4712 soli

302 4728 354 4780 in
381 4728 595 4780 introitu
615 4731 786 4798 templi
806 4727 1021 4781 Domini
1031 4728 1191 4797 juxta
1206 4731 1450 4783 exedram
1486 4726 1892 4782 Natltamneleclt

301 4798 544 4860 emtuclti,
592 4801 677 4866 qui
719 4811 828 4852 erat
873 4801 927 4852 in
981 4798 1300 4854 Pintrurim:
1347 4815 1529 4853 currus
1570 4810 1741 4852 autent
1768 4800 1893 4854 solis

300 4870 736 4940 combussitjgni.
801 4871 951 4926 llunc
1001 4870 1179 4923 locum
1227 4872 1300 4924 ita
1333 4870 1894 4940 eorrigitCotelertus

299 4938 455 4994 Tum.
513 4955 550 4992 ι.
600 4938 702 4993 PP.
747 4943 993 5009 Apostal.
1053 4942 1103 4996 in
1152 4952 1265 4995 ιιυι.
1313 4944 1380 4998 27
1432 4938 1528 4996 lib.
1579 4942 1614 4995 2
1659 4941 1893 4995 Constit.

301 5011 598 5078 Apostolic.
659 5025 779 5070 (tan.
839 5013 904 5064 57
945 5029 958 5065 :
994 5010 1061 5064 Et
1116 5013 1350 5080 deposuit
1416 5030 1570 5079 equos
1625 5028 1747 5080 quos
1803 5030 1897 5080 po-

296 5091 504 5138 suerunt
532 5097 673 5152 reges
697 5080 838 5152 Iuda
874 5084 970 5136 soli
1015 5083 1077 5134 ab
1119 5085 1329 5140 introitu
1354 5085 1537 5138 domus
1582 5081 1791 5136 Domini
1827 5083 1895 5136 ad

299 5140 689 5224 pastop‘lwri'um
722 5151 934 5224 Nat/ian
964 5155 1096 5222 regis
1127 5157 1370 5221 eunuchi,
1402 5155 1490 5224 qui
1530 5155 1583 5208 in
1616 5153 1897 5208 Pharin-im

299 5228 314 5288 (
346 5224 431 5277 vel
463 5221 745 5294 Fgrradim
768 5225 810 5294 ).
848 5223 913 5276 Et
945 5221 1136 5290 [mitem
1179 5228 1303 5278 solis
1349 5221 1621 5280 combussit
1663 5226 1719 5278 in
1752 5224 1890 5294 igne.

300 5295 444 5348 Aut:
501 5289 568 5346 Et
611 5289 885 5348 combussit
913 5289 1067 5356 equos
1107 5311 1232 5362 quos
1264 5309 1539 5363 posuerant
1578 5312 1721 5365 reg-cs
1753 5289 1898 5365 Iuda

297 5367 395 5418 soli
423 5365 485 5417 ab
514 5366 732 5418 introitu
755 5365 938 5419 domus
972 5365 1280 5437 Domini_ad
1309 5364 1734 5437 pastopltorium,
1759 5364 1898 5436 quod

297 5438 465 5504 posuit
493 5438 624 5504 regis
661 5440 950 5508 eunuchus,
981 5439 1067 5502 qui
1097 5436 1147 5488 in
1185 5435 1485 5494 Phorm-im.
1510 5449 1624 5508 fele.
1659 5435 1899 5508 (Nat/tan

297 5511 444 5562 enim
478 5522 674 5561 nomen
709 5507 985 5576 proprium
1031 5508 1304 5575 signiticet
1331 5507 1550 5576 posuit).
1579 5507 1635 5560 ln
1665 5507 1856 5576 Graeco
1882 5524 1896 5561 :

300 5582 390 5632 Καὶ
425 5579 709 5666 interdum
740 5581 872 5666 οἷοὺὲ
895 5579 1093 5664 irrit-ou;
1128 5577 1214 5638 οὓς
1242 5575 1439 5666 ,ξ’δώκριν
1465 5576 1712 5666 ’βασιέεῐς
1730 5575 1901 5666 liquida;

299 5658 374 5719 τῷ
411 5650 532 5726 ἡλίῳ
561 5651 613 5703 ἐν
643 5658 706 5725 τῇ
732 5647 940 5726 εἰσόδῳ-
963 5647 1100 5726 οἵιεου
1133 5652 1314 5726 κυρίου
1342 5653 1413 5709 εἰς
1447 5647 1506 5703 τὸ
1535 5647 1900 5726 γαζοφυλεὶκιον

303 5716 471 5794 suae.
492 5716 747 5794 βασιλέὲρς
772 5726 866 5774 τοῦ
889 5716 1150 5794 ἐὐνούχῳ
1253 5716 1656 5794 Φαρουρίμςίκαὶ
1671 5716 1736 5773 “τό
1759 5716 1902 5794 cipue

311 5799 401 5849 τοῦ
431 5790 570 5851 ἡλίου
602 5793 900 5850 κατέκαυσεν
927 5790 1082 5866 erupit
1105 5790 1490 5848 Bochnrtus'itt
1522 5791 1740 5848 llieroz.
1775 5790 1904 5861 legit

1990 4388 2136 4445 reges
2162 4375 2196 4428 ,1
2203 4377 2323 4440 uda,
2345 4385 2394 4430 et
2423 4377 2634 4442 altaria,
2655 4392 2770 4447 qua:
2795 4379 2984 4444 fecerat
3020 4373 3286 4432 Manasses
3311 4373 3597 4447 in‘du‘obus

1994 4441 2142 4498 atriis
2171 4447 2346 4513 templi
2375 4448 2596 4510 Domini,
2621 4441 2963 4501 destruxit...
2983 4452 3037 4500 in
3064 4452 3338 4501 torrentem
3365 4441 3590 4496 Cea’mn.

1998 4514 2173 4568 Grmc.
2207 4532 2306 4585 pro
2337 4516 2510 4586 templi
2539 4515 2932 4586 habetidomns,
2966 4526 3025 4574 ut
3052 4519 3103 4568 in
3139 4524 3323 4586 nostra
3354 4513 3490 4586 edit.

2077 4586 2090 4635 t'
2127 4582 2446 4640 Ita—rursuin'
2462 4587 2646 4641 Sabat.
2681 4585 2748 4638 Et
2766 4588 2988 4644 excelsa.
3007 4603 3124 4657 qua:
3145 4583 3354 4639 erantin
3373 4582 3592 4657 Jerusa-

1997 4659 2095 4713 lem
2127 4657 2195 4708 ad
2223 4657 2486 4710 dexteram
2521 4665 2714 4722 partem
2743 4660 2928 4726 montis
2970 4653 3192 4722 Amissa,
3222 4669 3338 4726 quae
3358 4653 3592 4726 mAdiﬁca-
3665 4657 3676 4669 ’“

1998 4736 2253 4782 verat.....
2300 4737 2348 4782 et
2387 4727 2610 4784 Chnmos
2656 4725 2820 4782 idolo.
2868 4727 3189 4784 Gallamlius
3235 4723 3337 4792 pro
3385 4723 3593 4779 Mulcro

1999 4799 2290 4867 legendum
2310 4799 2384 4854 ait
2408 4797 2461 4852 Μ
2469 4800 2680 4864 oloclto;
2706 4814 2807 4868 ego
2837 4799 3016 4862 potius
3046 4798 3275 4853 Milchon
3301 4797 3592 4868 scripsisse

1997 4870 2306 4925 Luciferum
2329 4874 2528 4936 sentio,
2546 4879 2603 4924 ut
2621 4866 2781 4926 vertit
2807 4870 3150 4926 Tlteodotion
3173 4885 3188 4935 ;
3213 4869 3357 4924 unde
3375 4866 3592 4922 facilior

1998 4941 2206 4996 librarii
2233 4956 2412 4996 error.

2070 5016 2096 5049 κ
2131 5011 2279 5078 Quod
2297 5022 2425 5066 erat.
2457 5013 2662 5078 Sabat.,
2691 5011 2784 5067 sed
2807 5022 2919 5066 erat
2949 5014 3104 5067 abest
3132 5008 3293 5065 etiam
3318 5023 3348 5062 a
3371 5007 3586 5063 Grieco.

2078 5083 2092 5120 ι
2140 5083 2394 5136 Incendit.
2434 5083 2604 5138 Vatic.
2636 5089 2948 5145 Κατέκαυσε.
2982 5085 3034 5137 in
3065 5083 3278 5137 Cranen.
3593 5121 3599 5127 .

2069 5163 2110 5190 ω
2143 5151 2298 5207 Vers.
2323 5157 2449 5208 Ant.
2468 5154 2724 5211 Sacerdos
2747 5155 2992 5209 Betttel...
3010 5149 3441 5222 Congregationes
3467 5147 3592 5214 faclt

1998 5235 2175 5279 contra
2217 5233 2263 5278 te
2296 5225 2450 5281 Amos
2493 5229 2545 5281 in
2575 5227 2744 5280 medio
2772 5226 3070 5280 domus.....
3120 5223 3372 5277 sustinere
3414 5234 3590 5273 omnes

1999 5313 2256 5350 sermones
2279 5307 2387 5352 etC.

2073 5376 2096 5401 η
2138 5367 2423 5423 Adversum
2450 5379 2496 5426 te
2527 5369 2700 5424 Vatic.
2735 5379 2790 5422 et
2819 5365 3011 5423 Sabat.

2074 5447 2096 5472 ο
2137 5436 2271 5492 Cum
2301 5440 2514 5507 Gnaeo,
2545 5439 2689 5497 διότι.
2731 5441 2884 5493 Vers.
2918 5440 3044 5489 Aut.
3092 5431 3216 5488 "th
3252 5430 3477 5486 enim...
3525 5429 3589 5485 de

2001 5519 2138 5562 terra
2176 5525 2292 5564 sua.

2073 5591 2100 5628 P
2143 5579 2297 5635 Vers.
2332 5582 2458 5636 Aut.
2489 5578 2590 5644 Qui
2620 5580 2780 5640 vides,
2813 5576 3076 5646 egredere,
3108 5574 3402 5628 recede.....
3436 5580 3482 5624 et
3517 5571 3590 5625 ibi

2001 5651 2108 5704 sive
2128 5662 2233 5707 elc.
2263 5668 2384 5718 inite
2411 5669 2439 5704 a
2471 5651 2692 5705 librario
2714 5665 2804 5717 per
2835 5647 3101 5702 incuriam
3119 5646 3320 5718 omissa
3344 5648 3594 5698 autumat

2003 5716 2358 5785 Gallnndius;
2393 5724 2512 5787 quis
2543 5716 2720 5776 tamen
2746 5720 2796 5773 id
2830 5728 2979 5774 Certo
3010 5716 3279 5772 afﬁrmet?

2077 5804 2105 5844 ιι
2149 5791 2304 5848 Vers.
2337 5783 2464 5852 Ant.
2497 5793 2658 5850 liabet
2684 5791 2824 5846 ultra
2848 5805 2948 5864 pro
2962 5793 3099 5863 jam,
3123 5796 3179 5847 et
3207 5786 3393 5845 domus
3426 5783 3598 5858 regni,
