4094 6190
604 262 704 317 951

1676 247 2002 309 LUCIFERI
2043 250 2350 310 EPISCOPI
2391 250 2813 309 CALARITANI

3813 255 3895 309 9E!

599 375 719 430 erit.
765 371 834 428 Et
874 371 1144 442 respondit
1194 371 1372 436 Amos,
1406 376 1454 424 et
1483 368 1612 422 dixit
1653 368 1722 421 ad
1749 366 2014 421 Amasiam
2037 383 2057 421 :
2086 365 2204 422 Non
2236 375 2293 435 Α,
2315 366 2438 421 mihi
2469 369 2714 422 remansit
2742 369 2858 438 plus
2887 383 3043 438 quam
3075 383 3214 422 uxor
3243 381 3370 420 mea
3401 366 3578 431 Anna,
3611 365 3780 423 Tobias
3806 367 3829 406 ιι
3851 371 3896 440 ﬁ'

607 484 748 523 eram
779 466 1032 536 propheta
1070 473 1118 532 ⁸,
1168 480 1330 534 neque
1358 463 1501 532 ﬁlius
1531 462 1798 532 propheta:
1823 478 1938 515 sum
1976 477 2092 532 ego,
2122 461 2212 514 sed

606 569 786 630 pastor
818 575 957 612 erant
985 573 1261 630 caprarum
1286 556 1554 620 vellicans,
1583 566 1630 609 et
1658 553 1979 624 assumpsitb
2001 570 2078 606 me
2104 551 2212 607 Do-

603 653 776 704 minus
802 650 866 703 de
898 649 1074 703 ovibus
1099 666 1117 703 :
1148 661 1193 703 et
1235 649 1368 702 dixit
1393 648 1461 701 ad
1495 664 1613 701 me:
1653 645 1795 699 Vade
1823 648 2135 717 prophetare
2159 646 2212 699 in

604 744 805 816 plebem
834 760 998 797 meam
1030 741 1218 796 Israel.
1255 740 1319 794 Et
1350 757 1484 793 nunc
1515 739 1640 792 audi
1671 741 1876 793 verbum
1910 750 1932 777 ο
1963 737 2212 792 Domini:

605 835 689 888 Tu
722 836 896 888 dicis:
933 833 1055 888 Non
1098 831 1431 902 prophetabis
1471 831 1524 884 in
1556 830 1743 896 Israel,
1783 841 1830 884 et
1861 848 1961 884 non
2001 848 2213 899 congre-

605 930 814 1000 gabitur
844 929 895 982 in
935 930 1087 981 domo
1123 925 1304 979 Jacob.
1347 925 1568 993 Propter
1615 927 1709 978 hoc
1738 923 1764 960 ἀ
1797 927 1904 979 Ιιαιε
1949 925 2072 978 dicit
2105 924 2210 978 Do-

606 1026 780 1079 minus
812 1024 952 1079 Deus
980 1041 996 1078 :
1028 1023 1178 1078 Uxor
1207 1033 1295 1075 tua
1322 1023 1374 1074 in
1402 1022 1608 1074 civitate
1633 1021 1908 1089 prostabit,
1934 1032 1978 1074 et
2007 1021 2107 1090 ﬁlii
2136 1022 2213 1074 tui

606 1127 656 1172 et
695 1118 819 1184 ﬁlia:
849 1130 951 1170 tute
995 1115 1173 1186 gladio
1204 1114 1463 1177 deciderit,
1499 1124 1632 1166 terra
1665 1125 1752 1165 tua
1785 1115 2018 1183 funiculo
2058 1123 2212 1167 mete-

608 1210 771 1273 bitur,
802 1219 850 1262 et
880 1218 932 1260 tu
965 1209 1016 1260 in
1046 1217 1181 1260 terra
1227 1204 1496 1258 immunda
1533 1207 1788 1267 morieris,
1838 1203 2005 1259 Israel
2043 1218 2212 1260 autent

609 1305 842 1370 captivus
885 1301 1101 1354 duretur
1129 1318 1161 1352 a
1204 1309 1340 1353 terra
1374 1316 1469 1354 sua
1505 1309 1552 1351 θ.
1582 1297 1717 1352 Cum
1754 1299 1867 1352 lta'c
1897 1314 2018 1354 esse
2071 1299 2210 1355 facta

607 1392 818 1447 videris
839 1392 907 1444 ab
932 1407 1019 1453 eo,
1052 1392 1143 1460 qui
1173 1391 1458 1444 veritatem
1485 1399 1537 1443 et
1569 1393 1979 1460 correptionem
2015 1391 2213 1461 populo

609 1500 710 1540 suo
755 1485 961 1539 erranti
997 1485 1251 1537 voluerat
1299 1483 1568 1545 nuntiari,
1603 1498 1700 1537 cur
1730 1483 1880 1537 dicas
1914 1499 2016 1537 nos
2065 1484 2212 1537 inso-

608 1578 812 1642 lentes,
847 1593 945 1632 cur
991 1577 1450 1638 coiitumeliosos,
1499 1577 1627 1645 quia
1668 1593 1789 1644 qua!
1820 1583 1947 1629 sunt
1977 1577 2214 1630 erratico

610 1674 711 1728 tibi
740 1687 870 1726 vera
903 1671 1196 1725 dicamus?
1224 1671 1350 1738 quia
1381 1684 1486 1723 non
1529 1680 1674 1723 tuam
1708 1670 1992 1722 audiamus
2021 1685 2212 1724 vocem

2319 463 2422 516 lius
2445 478 2608 515 meus.
2643 460 2711 514 Et
2744 460 2758 498 ί
2794 463 3009 532 contigit
3029 471 3143 533 post
3167 461 3292 514 dies
3315 460 3678 530 quadraginta
3700 463 3896 530 quisque,

2317 555 2613 607 occiderunt
2643 569 2812 623 regem
2853 555 3005 608 illum
3049 555 3146 623 ﬁlii
3176 557 3331 626 ejus,
3365 563 3415 606 et
3444 554 3676 624 regnavit
3711 555 3897 611 Arcedo-

2318 665 2496 702 nossar
2515 648 2652 711 ﬁlius
2675 649 2786 718 ejus
2815 666 2910 718 pro
2940 665 2999 702 eo
3022 649 3153 703 illic.
3187 647 3265 702 Et
3296 649 3312 697 i
3356 664 3478 702 cum
3508 649 3744 702 venissem
3768 651 3811 704 in
3832 653 3900 704 do-

2317 758 2397 795 mo
2427 758 2558 806 mea,
2592 753 2638 795 et
2664 741 2869 797 reddita
2899 751 2973 796 est
3004 740 3030 778 ¹ί
3060 742 3189 795 ntihi
3214 758 3363 796 uxor
3397 758 3514 796 mea
3542 743 3706 800 Anna.
3729 753 3771 796 et
3791 745 3898 812 ﬁlius

2316 851 2456 888 meus
2513 834 2720 889 Tobias.
2765 834 2831 889 In
2873 835 3174 891 Pentecoste
3221 835 3318 888 die
3368 839 3507 903 festo
3542 847 3728 903 nostro,
3753 839 3899 906 quiest

2314 936 2522 981 sanctus
2541 943 2603 982 ex
2624 927 2640 964 ι
2661 929 2983 1000 septimanis,
3001 933 3198 999 factum
3216 939 3301 982 est
3319 929 3455 982 mihi
3462 928 3730 996 prandium
3754 931 3898 984 bonum

2315 1019 2477 1087 (Tob.
2540 1037 2596 1083 ll,
2655 1023 2732 1089 1),
2793 1031 2840 1076 et
2894 1022 3129 1074 discubui
3189 1033 3252 1074 ut
3294 1021 3656 1092 pranderem,
3702 1032 3744 1075 et
3771 1024 3897 1090 posite

2315 1122 2388 1164 est
2433 1113 2558 1166 mihi
2592 1128 2786 1170 mensa.
2825 1123 2873 1166 et
2912 1113 3018 1166 vidi
3056 1115 3430 1185 pulmentaria
3459 1115 3842 1183 quamplurima,
3864 1126 3897 1167 et

2316 1202 2425 1256 dixi
2467 1203 2643 1258 Tobia:
2687 1206 2796 1271 ﬁlio
2841 1222 3002 1260 meo:
3051 1206 3194 1260 Vade
3243 1217 3298 1260 et
3357 1207 3541 1259 adduc
3588 1223 3896 1275 quemcumque

2317 1313 2595 1364 pauperem
2623 1298 2875 1352 inveneris
2893 1315 2956 1352 ex
2987 1299 3242 1367 fratribus
3279 1299 3484 1352 nostris
3507 1299 3598 1360 qui
3619 1309 3729 1351 sunt
3755 1300 3896 1369 capi-iri

2315 1390 2369 1441 in
2403 1387 2608 1454 Ninive,
2648 1391 2734 1458 qui
2763 1401 2930 1444 tanten
2961 1391 3014 1444 in
3043 1392 3212 1446 mente
3246 1390 3446 1445 haben’
3477 1401 3519 1426 ω
3551 1390 3712 1444 Deum
3749 1392 3794 1445 in
3819 1401 3894 1444 toto

2318 1482 2474 1536 corde
2497 1499 2590 1534 suo
2611 1500 2629 1548 ;
2653 1483 2789 1535 hunc
2809 1483 3004 1550 adduc;
3027 1495 3072 1537 et
3089 1486 3383 1538 manducet
3409 1484 3610 1550 pariter
3629 1499 3806 1538 mecum
3827 1487 3892 1537 hoc

2320 1576 2594 1644 prandium
2622 1593 2640 1631 :
2664 1594 2776 1632 ecce
2801 1579 3028 1632 sustineo
3057 1589 3125 1643 te,
3157 1581 3262 1647 ﬁli,
3299 1579 3475 1633 donec
3504 1583 3698 1637 venias.
3727 1579 3784 1632 Et
3803 1582 3890 1632 exiit

2318 1679 2344 1706 υ
2381 1670 2564 1724 Tobias
2593 1672 2850 1737 inquirere
2875 1672 3098 1743 aliquem
3130 1690 3430 1742 pauperem
3459 1674 3714 1742 captivum
3739 1689 3792 1727 ex
3813 1677 3889 1742 fra-

611 1764 912 1828 dicentem,
943 1763 1121 1817 Nolite
1141 1763 1347 1816 credere
1365 1761 1854 1816 sicuticrediderunt
1876 1762 2210 1832 patriarcha),
2247 1771 2292 1830 Β
2321 1761 2481 1814 tribus
2522 1764 2731 1825 nostris,
2765 1777 2812 1816 et
2841 1779 3070 1817 reversus
3099 1764 3231 1817 dixit
3273 1765 3411 1818 mihi
3441 1781 3457 1818 :
3490 1761 3668 1817 Pater.
3701 1762 3758 1816 Et
3781 1765 3887 1816 dixi:

611 1854 894 1926 praphetaz,
937 1855 1182 1923 apostoli,
1215 1873 1273 1908 ac
1303 1865 1576 1925 martyres,
1616 1854 1707 1907 sed
1737 1855 1928 1907 credite
1955 1855 2211 1924 quomodo

609 1949 882 2004 tradiderit
928 1951 1079 2004 Arius
1108 1951 1133 2004 ?
1161 1950 1216 2003 ln
1250 1950 1450 2019 quibus
1499 1951 1664 2003 rebus
1712 1949 1852 2017 apud
1903 1960 1956 2004 te
1987 1950 2210 2019 superbi

608 2041 967 2098 invenimur?
992 2042 1095 2094 nisi
1133 2041 1185 2094 in
1213 2041 1316 2095 ltoc
1345 2041 1490 2110 quod
1521 2041 1806 2110 sacrilegia
1839 2050 1928 2092 tua
1958 2056 2215 2096 exsecre-

611 2149 760 2198 mur,
797 2143 1178 2202 praeceptaque
1208 2141 1296 2185 tua
1322 2142 1381 2185 ut
1402 2133 1614 2201 gladios
1646 2143 1810 2202 atque
1838 2147 2050 2187 venena
2079 2133 2215 2186 vite-

613 2245 758 2283 Inus.
791 2227 910 2282 Non
947 2227 1050 2281 hoc
1079 2226 1283 2280 factum
1332 2242 1360 2279 a
1393 2227 1551 2281 nobis
1581 2235 1664 2281 est
1705 2227 1974 2296 primum:
2024 2242 2214 2281 omnes

608 2324 712 2389 illi,
761 2325 851 2391 qui
888 2323 1005 2392 jam
1051 2321 1162 2375 Deo
1194 2322 1518 2385 placuerunt
1551 2319 1690 2374 hanc
1736 2330 1988 2374 tenentes
2018 2319 2212 2385 ﬁdem,

608 2433 773 2488 quant
806 2432 905 2469 nos
939 2416 1329 2485 praedicamus,
1365 2414 1509 2466 istud
1543 2413 1832 2478 fecerunt;
1875 2429 2037 2468 nemo
2070 2429 2217 2468 mor-

611 2519 724 2564 tem
752 2509 933 2562 timuit
962 2506 1245 2577 suscipere
1278 2521 1374 2576 pro
1419 2506 1530 2559 Deo
1563 2521 1629 2558 ex
1672 2505 1791 2574 ejus
1821 2505 2018 2572 svrvis,
2057 2521 2217 2560 nemo

609 2603 946 2657 famulorum
993 2601 1114 2672 ejus
1138 2600 1397 2670 cogitavit
1428 2609 1826 2652 tormentorum
1859 2614 2060 2668 genera
2097 2615 2217 2669 quae

612 2709 644 2749 a
675 2696 828 2749 vobis
857 2695 1169 2749 inferuntur
1198 2693 1466 2765 tyrannis,
1498 2692 1594 2746 sed
1623 2691 1772 2746 illitts
1793 2703 2066 2762 praecepta
2091 2705 2218 2748 ante

611 2792 805 2845 oculos
830 2791 1042 2844 habuit.
1071 2789 1161 2845 Sic
1189 2790 1390 2843 Tobias
1415 2788 1694 2858 gloriosus
1725 2787 2035 2858 praecipuus
2067 2789 2218 2843 inve-

617 2886 768 2939 nitur
817 2885 997 2937 lactus
1033 2884 1174 2953 apud
1226 2884 1537 2948 Dominum,
1568 2883 1697 2938 dum
1746 2899 1853 2938 non
1886 2884 2219 2953 comperdili

614 2977 690 3032 tui
723 2977 869 3046 regis
901 2977 1057 3028 timet
1085 2974 1346 3040 edictum,
1391 2975 1486 3028 sed
1519 2977 1697 3029 solum
1730 2986 1902 3028 10111111
1937 2985 2216 3044 potentem

613 3067 810 3122 Deum.
845 3065 972 3120 HLl‘C
1013 3065 1086 3119 ita
1120 3080 1245 3118 esse
1272 3063 1379 3132 ipsi
1422 3072 1586 3120 crede
1618 3065 1805 3118 Tobia:
1836 3066 2039 3120 dicenti
2069 3083 2082 3120 :
2120 3066 2218 3121 Ubi

2319 1852 2458 1918 Quid
2500 1864 2596 1916 est,
2627 1854 2750 1922 ﬁli?
2779 1852 2848 1907 Et
2895 1855 3023 1908 dixit
3069 1852 3194 1908 mihi
3223 1871 3242 1909 :
3281 1854 3424 1909 Ecce
3474 1871 3608 1907 unus
3637 1855 3698 1906 de
3736 1854 3890 1906 nationi

2317 1956 2491 1999 nostra
2519 1948 2717 2000 occisus
2741 1949 2926 2016 laqueo
2952 1948 3303 2010 circumdato,
3335 1950 3604 2020 projectus
3633 1956 3720 2000 est.
3750 1945 3886 1998 Eterii

2314 2037 2493 2092 relicto
2510 2040 2730 2109 prandio
2748 2056 2882 2105 meo,
2911 2053 3183 2106 antequam
3206 2040 3424 2104 aliquid
3451 2057 3518 2094 ex
3538 2041 3632 2093 illo
3652 2048 3884 2108 gustarem;

2315 2141 2362 2184 et
2393 2138 2439 2175 ο.
2485 2131 2610 2185 tollo
2638 2132 2783 2184 illum
2815 2131 2879 2186 de
2923 2132 3092 2202 platea
3141 2133 3192 2185 in
3224 2149 3398 2186 unum
3446 2134 3615 2186 locum
3655 2130 3777 2199 apud
3810 2145 3879 2190 nu,

2317 2222 2477 2276 donec
2501 2225 2579 2276 sol
2606 2225 2883 2286 occideret,
2900 2237 2952 2277 ut
2971 2227 3118 2278 illum
3136 2227 3425 2296 sepelirent
3449 2242 3467 2279 :
3490 2236 3540 2280 et
3563 2237 3771 2278 reversus
3789 2223 3878 2282 lari,

2318 2327 2363 2370 et
2389 2319 2698 2371 manducavi
2735 2318 3013 2389 prandium
3049 2335 3216 2372 meum
3248 2336 3376 2372 cum
3407 2319 3574 2381 luctu,
3605 2328 3648 2370 et
3687 2329 3877 2368 rememo-

2318 2420 2462 2462 ratus
2501 2426 2615 2462 sum
2653 2426 2948 2463 sermonum
2981 2413 3250 2480 prophetae
3283 2411 3474 2475 Amos,
3517 2427 3637 2481 quos
3674 2420 3698 2459 r
3725 2410 3876 2461 locutus

2317 2513 2393 2556 est
2423 2504 2476 2556 in
2517 2501 2718 2564 Bethel,
2749 2503 2928 2556 dicens
2949 2519 2967 2556 :
2995 2503 3379 2560 Convertentur
3411 2504 3521 2557 dies
3558 2504 3667 2574 [esti
3694 2501 3818 2553 restri
3836 2498 3869 2549 is

2319 2597 2533 2662 luctum,
2563 2607 2606 2649 et
2654 2597 2826 2649 omnia
2859 2598 3063 2650 cantica
3095 2608 3268 2651 vestra
3314 2600 3371 2652 in
3401 2596 3870 2650 immutationem”!

2320 2689 2633 2758 lacryntatus
2663 2705 2794 2742 sum.
2837 2687 2903 2741 Et
2932 2700 3204 2758 postquam
3231 2690 3316 2743 sol
3345 2688 3558 2752 occidit,
3590 2687 3685 2739 abii
3706 2696 3747 2737 et
3771 2681 3864 2751 fodi,

2319 2793 2369 2834 et
2390 2781 2601 2849 sepelivi
2633 2781 2781 2834 illum
2803 2797 2822 2834 :
2851 2791 2897 2834 et
2923 2797 3095 2834 omnes
3129 2783 3366 2850 proaimi
3393 2781 3495 2834 mei
3527 2776 3868 2832 deridebautme

2321 2873 2544 2928 dicentes
2571 2891 2590 2928 :
2632 2875 2904 2941 Quomodo
2945 2893 3047 2929 non
3101 2876 3248 2931 timet
3281 2878 3369 2930 hic
3411 2877 3562 2929 homo
3588 2874 3613 2926 .’
3629 2874 3730 2942 jam
3768 2868 3861 2921 enim

2322 2969 2597 3037 inquisitus
2615 2981 2686 3022 est
2714 2971 2865 3041 hujus
2891 2972 2966 3023 rei
2984 2987 3167 3024 caussa
3196 2981 3253 3023 ut
3279 2971 3674 3037 interﬁceretur,
3694 2973 3732 3018 et
3751 2960 3861 3030 fugit.

2323 3072 2348 3110 (ι
2379 3072 2425 3114 et
2473 3063 2656 3114 iterum
2704 3060 2919 3131 sepelire
2949 3064 3101 3132 caspit
3147 3076 3410 3118 mortuos.
3457 3065 3587 3117 Cum
3617 3053 3860 3123 conspicias

618 3159 638 3200 ί
661 3161 798 3214 venit
816 3158 1190 3214 Sennacherim
1207 3173 1318 3219 rex,
1348 3156 1618 3210 deludam
1642 3158 1839 3227 fugiens
1863 3157 2015 3223 (Tub.
2050 3175 2085 3222 l,
2118 3159 2212 3228 ΞΗ)
2243 3153 2288 3217 C
2321 3153 2504 3221 itaque
2533 3153 2628 3208 Dei
2672 3169 2859 3209 Servos
2892 3170 2997 3208 11011
3034 3166 3284 3210 vestram
3314 3154 3685 3210 crudelitatem
3715 3157 3857 3216 tyran-

610 3266 821 3328 propter
852 3253 1200 3325 defensionem
1217 3269 1370 3321 quam
1400 3251 1598 3320 {ecitex
1622 3251 1727 3304 illis
1756 3250 2022 3315 Dominus,
2055 3269 2212 3321 prop-

611 3359 687 3403 ter
719 3348 1058 3416 blasphemias
1103 3347 1243 3399 illius
1275 3360 1389 3414 quae
1430 3345 1822 3412 blasphemavit,
1853 3352 1899 3396 et
1940 3345 2127 3397 occidit
2159 3345 2214 3397 in

611 3441 691 3494 ira
718 3456 815 3492 sua
842 3439 1029 3491 multos
1053 3453 1116 3490 ex
1138 3437 1267 3505 ﬁliis
1300 3434 1465 3488 Israel
1491 3451 1508 3488 :
1538 3451 1632 3504 ego
1659 3445 1829 3488 autem
1854 3451 2076 3503 corpora
2092 3434 2214 3488 illo-

611 3547 731 3584 rum
761 3528 1073 3588 involabant,
1115 3537 1160 3580 et
1203 3527 1545 3595 sepeliebam:
1591 3537 1637 3580 et
1685 3535 1708 3572 Β
1754 3527 2106 3580 renuntiatum
2142 3535 2215 3580 est

611 3623 745 3692 regi,
770 3623 1011 3689 quoniam
1031 3619 1245 3688 sepelio,
1271 3630 1317 3671 et
1337 3619 1592 3688 quaerebat
1616 3628 1668 3671 ut
1688 3619 1944 3672 occideret
1973 3635 2071 3672 me.
2102 3617 2214 3688 Ego

608 3724 780 3768 autem
800 3713 933 3783 fugi,
959 3721 1007 3766 et
1035 3711 1238 3782 direpta
1265 3721 1337 3765 est
1354 3711 1518 3764 omnis
1539 3712 1829 3765 substantia
1855 3727 1984 3777 mea,
2014 3721 2060 3764 et
2083 3712 2212 3766 nihil

609 3877 816 3931 omisso
847 3877 960 3929 erit.

681 3957 709 3986 ει
754 3947 1011 4014 Propheta
1038 3961 1153 4014 ego,
1187 3960 1344 4016 neque
1393 3944 1536 4012 ﬁlius
1577 3943 1876 4016 praphetaz:
1907 3942 1997 3996 sed
2029 3950 2206 4012 pastor

613 4019 854 4086 vellicans
883 4019 1168 4086 sycantina.
1205 4015 1354 4069 Eatl.‘

680 4085 708 4124 δ
753 4086 815 4138 Et
843 4084 1052 4139 tulit....
1077 4103 1139 4138 ex
1160 4087 1331 4137 ovibus
1358 4099 1376 4136 :
1403 4094 1448 4136 et
1474 4085 1605 4137 dixit
1635 4084 1983 4137 Dominus....
2014 4092 2058 4135 et
2085 4098 2206 4150 pro-

610 4159 814 4228 phetica
842 4173 996 4221 super
1019 4159 1265 4228 populum
1283 4170 1486 4228 meum,
1500 4166 1602 4208 etc.
1633 4155 1762 4207 Ead.

686 4239 706 4265 ε
751 4222 1146 4282 Sermonem...
1184 4224 1309 4277 Noli
1335 4223 1643 4292 prophetare
1672 4241 1826 4289 super
1848 4222 2036 4291 Israel,
2067 4237 2116 4280 et
2145 4241 2208 4279 ne

600 4315 877 4370 congreges
897 4297 1163 4350 audientes
1191 4307 1369 4348 contra
1398 4296 1603 4348 domum
1629 4295 1812 4349 Iacob.
1845 4295 1977 4348 Ead.

677 4369 700 4407 ἀ
746 4369 1122 4432 Propterea....
1168 4365 1419 4420 Dominus
1442 4367 1466 4419 ε’
1497 4365 1733 4421 Uxor....
1762 4368 2035 4436 fornicabit

795 4379 1122 4423 ronterea....
1168 4379 1419 4420 Dominus
1442 4382 1460 4419 :
1497 4379 1733 4421 tlxor....
1763 4379 2195 4423 torntcabttur....

677 4389 700 4407 υ
746 4389 1122 4432 ι’νοριεΐεα....
1168 4389 1419 4420 uarmrms
1442 4389 1460 4419 .'
1497 4389 1733 4421 (κωκυ.
1762 4389 2195 4436 ιοῖηιεηυηῑιτ....

598 4445 654 4497 in
673 4441 848 4512 gladio
877 4443 1080 4496 cadent.
1114 4450 1249 4493 et....
1283 4438 1626 4512 dividetur....
1651 4441 1714 4493 de
1734 4452 1889 4512 terra,
1926 4449 2030 4494 etc.
2064 4439 2198 4512 Ead.

599 4511 899 4588 luci-meo,
919 4512 1444 4588 καταμετρηθήσιται,
1470 4511 1926 4576 dimensurabitur,
1951 4527 2073 4566 cum
2100 4511 2206 4565 Ltt—

601 4584 695 4639 cit.
729 4593 960 4638 metetur.

677 4665 700 4691 θ
743 4653 808 4707 In
842 4667 1034 4706 terram
1067 4669 1216 4706 suam
1245 4653 1371 4722 legit
1403 4654 1588 4708 Sabat.
1622 4653 1734 4707 hic.

679 4721 698 4760 τ
745 4724 898 4776 Vers.
934 4729 1057 4776 Ant.
1101 4724 1240 4788 Quos
1272 4721 1535 4776 occidisset
1587 4724 1956 4778 Sennacherim
1983 4741 2193 4780 rex.....

600 4794 858 4848 Dominus
883 4794 996 4846 εαξιὶ
1040 4795 1104 4864 de
1146 4795 1259 4859 illo,
1303 4795 1364 4846 ob
1411 4795 1756 4864 blasphemias
1807 4796 1972 4858 illius,
2007 4797 2199 4850 multos

598 4867 736 4919 enim
767 4864 991 4930 ﬁliorum
1029 4863 1192 4916 Israel
1219 4866 1407 4917 occidit
1451 4866 1503 4917 in
1527 4863 1613 4917 ira
1653 4882 1766 4919 sua.
1820 4864 1930 4927 Ε(ιο
1981 4883 2198 4932 Corpora

597 4938 808 4991 illorum
831 4934 1146 4988 involvebant
1178 4951 1195 4986 :
1226 4945 1272 4986 et
1305 4935 1562 5003 quterebat
1591 4937 1684 4988 illa
1712 4953 1818 4991 rex.
1853 4947 1900 4989 et
1923 4954 2023 4990 non
2050 4939 2194 4991 inre-

595 5007 788 5061 niebat.
837 5005 1189 5076 ﬂccrautetn
1231 5021 1295 5058 ex
1344 5005 1518 5060 Lucil.
1565 5023 1681 5076 quae
1721 5007 2112 5076 blasphemavit.
2144 5017 2199 5062 et

593 5078 909 5136 involabain,
969 5075 1141 5149 ferme
1189 5091 1310 5129 cum
1365 5093 1493 5149 mss.
1549 5075 1737 5145 llegin.
1795 5075 1954 5133 Suec.
2007 5081 2191 5149 quibus

593 5149 986 5218 blasphemavit,
1013 5160 1067 5201 et
1084 5147 1266 5218 Germ.
1289 5148 1480 5201 occulte
1498 5149 1815 5215 auferebam,
1840 5149 1981 5217 apud
2001 5147 2185 5204 Sabat.

589 5216 740 5275 Idem
773 5223 903 5288 tegit
930 5216 1282 5273 Sennac/terib
1311 5221 1360 5270 in
1393 5219 1666 5272 Lucifero.

665 5302 689 5338 s
730 5292 916 5346 Sabat.
965 5289 1170 5342 habet:
1211 5290 1333 5358 quia
1378 5289 1707 5357 sepeliebant.
1745 5290 1901 5343 Vers.
1945 5290 2070 5343 Ant.
2121 5288 2187 5343 Et

587 5365 938 5415 renuntiatum
960 5373 1030 5414 est
1050 5360 1128 5413 illi
1147 5362 1388 5429 quoniam
1411 5377 1503 5429 ego
1524 5361 1826 5425 sepeliebam
1853 5360 1995 5423 illos,
2016 5376 2093 5413 me
2109 5378 2189 5413 oc-

586 5433 774 5502 cidere.
803 5432 898 5502 Ms.
921 5430 1261 5502 Gertnsregi.
1279 5430 1658 5489 Grmcﬂa’mm.
1679 5433 1885 5502 sepelio,
1912 5435 1986 5484 uti
2009 5430 2183 5486 Lucil.

663 5500 704 5586 ιι.
731 5503 800 5556 Et
844 5501 1052 5554 Tobias.
1105 5500 1261 5556 Vers.
1298 5506 1422 5556 Ant.
1474 5502 1618 5557 Uxor
1657 5500 1805 5556 Anna
1837 5505 1969 5572 legit
1997 5503 2183 5557 Sabat.

595 5587 802 5626 οηιιςςιι
830 5589 962 5627 mea.

664 5640 681 5678 ί
725 5643 884 5697 Vers.
932 5648 1058 5697 Ant.
1099 5641 1164 5697 Et
1193 5645 1406 5710 contigit
1450 5644 1572 5696 dum
1616 5646 1922 5698 laterem....
1954 5645 2060 5697 duo
2084 5644 2186 5712 ﬁlii

585 5712 689 5789 sui,
723 5721 769 5789 e_t
811 5717 1052 5789 fugerunt
1079 5715 1129 5765 in
1160 5724 1378 5780 montem
1415 5715 1667 5789 _Ararath.
1699 5715 1768 5789 Et
1796 5717 2027 5789 regnavit
2069 5727 2181 5783 post

579 5785 700 5836 eum
723 5780 1256 5838 Archedonassar...-.
1289 5802 1381 5853 pro
1408 5784 1521 5842 illo.
1551 5788 1676 5842 Mss.
1702 5780 1886 5843 Gerni.
1917 5789 2030 5843 haec
2053 5780 2176 5843 cum

2226 4589 2280 4649 D

2320 3265 2516 3302 norum
2546 3265 2762 3317 semper
2793 3249 3066 3315 timuisse,
3100 3265 3163 3305 ac
3193 3266 3347 3305 nunc
3387 3250 3579 3304 timere
3607 3258 3762 3314 posse,
3786 3235 3854 3292 sed

2318 3352 2588 3412 praecepta
2621 3340 2896 3411 cogitasse
2919 3341 3134 3396 Domini
3161 3357 3228 3397 ac
3256 3344 3526 3413 cogitare,
3557 3331 3792 3408 quomodo
3815 3338 3852 3380 ιιι

2319 3449 2422 3489 nos
2467 3433 2710 3503 dignaris
2745 3435 3058 3504 petulantes
3093 3435 3402 3504 judicare?
3433 3446 3618 3500 nempe
3656 3427 3757 3497 quia
3791 3421 3849 3473 la-

2317 3530 2496 3583 ciente
2527 3529 2638 3584 Deo
2674 3540 2819 3582 tuam
2847 3529 3125 3584 calcemus
3152 3539 3210 3583 ιιι
3240 3531 3418 3584 lutum
3452 3523 3747 3596 patentiam:
3772 3514 3848 3567 hoc

2321 3635 2427 3675 non
2446 3620 2650 3674 f-tciuttl
2663 3621 2806 3676 vires
2822 3631 3042 3686 nostras,
3062 3622 3157 3676 sed
3173 3621 3366 3676 tribuit
3384 3620 3530 3674 illius
3545 3603 3844 3670 misericordia

2317 3729 2479 3783 quem
2507 3715 2779 3769 exsecrari
2802 3714 3039 3786 dignaris
3064 3715 3116 3769 in
3151 3716 3337 3770 nobis.
3369 3715 3506 3768 Dicit
3530 3710 3659 3764 Deus
3676 3701 3731 3757 ad
3751 3698 3846 3754 Ete-

2312 3871 2564 3927 Lttcil'ero
2589 3891 2607 3927 :
2639 3872 2706 3926 Et
2734 3874 2948 3944 contigit
2977 3883 3029 3926 ut
3055 3883 3169 3945 post
3189 3877 3304 3929 dies
3324 3869 3657 3944 quadraginta
3680 3856 3841 3929 etquis-

2312 3961 2410 4021 que
2437 3946 2730 4021 occiderunt
2749 3961 2918 4021 regem
2942 3946 3090 4021 illum
3115 3947 3428 4021 ﬁlii_ipsius.A
3451 4016 3466 4021 Δ
3591 4011 3602 4021 _
3683 4006 3692 4021 ‘
3762 3994 3781 4015 ν
3809 3995 3823 4021 γ,

2388 4017 2401 4063 1
2453 4014 2592 4068 Fere
2621 4031 2742 4067 cum
2799 4011 2992 4071 Cra-co
3019 4035 3030 4068 :
3060 4015 3179 4072 Ὀτε
3201 4011 3263 4072 δέ
3282 4016 3523 4074 κατῆλθον
3561 4011 3626 4068 εἷς·
3647 4011 3720 4060 τὸν
3742 4011 3837 4074 οῧκω

2313 4106 2434 4156 μου,
2451 4091 2538 4140 mi
2564 4084 2806 4146 ἀπεδόθη.
2835 4098 2939 4141 etc.
2971 4071 3145 4141 Veis.
3163 4071 3309 4142 Ant.
3335 4071 3613 4156 postquam
3647 4071 3838 4156 quem")!

2313 4135 2818 4228 anstistizttszs
2839 4135 3246 4213 Ihiiniti’éiiéia'
3260 4135 3538 4228 ’φιῑιξέιξιίς
3575 4150 3629 4204 ei
3653 4135 3836 4198 iam

2313 4229 2365 4280 in
2402 4227 2588 4280 Ninive
2609 4230 2660 4282 in
2685 4229 2892 4282 domum
2924 4246 3106 4282 meam.

2377 4296 2404 4334 ¹ι
2449 4299 2668 4353 Reddita
2695 4311 2843 4356 esset.
2877 4299 3049 4354 Vatic.

2383 4371 2401 4406 ι
2447 4371 2581 4424 Cum
2631 4387 2734 4426 tus.
2777 4347 2988 4426 chrm.
3037 4388 3068 4424 a
3097 4373 3421 4442 septimanis.
3456 4367 3601 4422 Vers.
3628 4347 3832 4442 ,Ληιεέξ

2313 4441 2743 4496 Pentecosten....
2797 4459 2829 4494 a
2873 4454 3067 4513 septem
3115 4431 3291 4510 annis,
3341 4453 3505 4496 et.....
3558 4431 3830 4503 pulmentaria

2313 4517 2598 4584 complura.
2754 4583 2759 4584 ν
3031 4545 3037 4554 -

2377 4563 2686 4658 Euius.
2735 4583 2919 4658 Germ.
2977 4584 3070 4638 ubi
3120 4595 3170 4658 et
3209 4585 3501 4640 manducet.
3550 4563 3822 4658 ver5;_éff'

2312 4655 2594 4720 Habet....,
2637 4663 2694 4708 ut
2739 4655 3013 4710 manducet
3058 4657 3253 4720 puriter
3299 4658 3570 4712 nobiscum.
3603 4642 3822 4699 Sabatier.

2302 4726 2608 4800 legitltabet
2633 4728 2796 4779 etiam
2825 4727 2878 4780 in
2906 4726 3187 4800 [.ttcil‘ero.
3372 4795 3410 4800 _
3450 4795 3488 4800 __
3585 4789 3596 4800 ,
3662 4780 3818 4800 κν,,,,,,.

2371 4787 2399 4832 il
2443 4796 2567 4850 ll:t-c
2598 4811 2720 4850 eum
2755 4812 2856 4850 ms.
2893 4798 3078 4851 Germ.
3134 4808 3182 4850 et
3212 4800 3336 4852 exiit
3370 4795 3542 4850 Tobias
3578 4787 3814 4854 inquire";

2300 4882 2422 4922 Cum
2456 4866 2668 4953 Grieco,
2708 4865 2779 4953 εἷς
2809 4872 2861 4923 ἑκ
2899 4875 2990 4953 rei).
3013 4872 3211 4953 .yévo'pc.
3235 4873 3398 4952 ᾐμῶν,
3446 4877 3570 4918 unus
3607 4853 3662 4908 de

2300 4949 2495 4993 nostro.
2530 4925 2692 4993 Vers.
2740 4925 2869 5011 Ᾰ111.
2926 4925 3062 4994 Abiit
3115 4925 3303 4994 Tobias
3331 4925 3818 5011 qriwrere.....l_f_ltlo

2299 5011 2524 5064 dixi.....
2570 5021 2617 5062 et
2648 5011 2720 5062 ait
2757 5009 3006 5083 mihi.....
3043 5029 3172 5083 unus
3217 5029 3280 5066 ex
3311 5004 3543 5083 fratribus
3568 5004 3812 5083 νζοεζτξοςέ

2302 5084 2560 5152 projectus
2579 5085 2726 5153 jacet
2749 5081 2801 5134 in
2836 5083 3062 5150 publico.
3095 5081 3163 5136 Et
3194 5064 3481 5138 exsiliet...
3517 5071 3749 5144 quicquam
3769 5064 3812 5103 (τ

2299 5153 2412 5217 illo,
2430 5164 2536 5206 etc.

2373 5197 2412 5256 δ’
2432 5197 2707 5276 έδξινθηίι
2732 5237 2852 5276 cum
2879 5239 2982 5276 ms.
3013 5221 3200 5278 Germ.
3227 5237 3271 5277 et
3296 5223 3418 5278 tollo
3439 5218 3572 5292 illuni
3683 5197 3806 5292 illam

2298 5295 2351 5375 in
2369 5309 2525 5382 apum
2539 5295 2708 5346 locum
2725 5295 2866 5382 apud
2896 5311 2994 5382 nte.
3017 5295 3170 5377 vers.
3192 5297 3320 5382 .Ant.
3339 5279 3805 5382 etsus'ttt‘lin

3192 5339 3640 5425 legere
3662 5339 3803 5398 Sabat.

2298 5435 2535 5491 videtur.

2369 5485 2416 5553 ἶ
2435 5485 2592 5561 véis.
2623 5510 2750 5562 Ant.
2775 5507 2925 5574 Quod
2947 5508 3147 5564 locutus
3168 5511 3315 5566 estin
3336 5501 3655 5562 Bethleem...
3676 5485 3801 5536 0W”

2293 5576 2402 5630 dies
2427 5588 2532 5631 etc.
3487 5641 3490 5642 ν
3609 5632 3618 5642 _

2363 5620 2400 5698 «ἶ
2431 5620 2756 5720 perdidit
2784 5651 3124 5730 substantiam
3169 5669 3336 5730 suam,
3381 5620 3792 5730 adding-Ai;

2289 5696 2651 5794 Αιιίεῖιιιᾶτζὶέί
2656 5696 3012 5777 1111111111
3021 5696 3494 5794 iussisse...
3529 5696 3744 5761 υιεειίετιι

2290 5803 2387 5858 pro
2409 5791 2778 5857 interﬁceretur
2809 5793 2970 5849 habet
3000 5791 3215 5850 eadem;
