4094 6190
295 270 403 327 955

884 262 974 322 DE
1012 262 1152 321 NON
1187 258 1679 322 PARCENDOIN
1719 258 1912 318 DEUM
1954 250 2557 329 DELINQUENTIBUS
2596 254 2805 314 LIBER
2842 253 3051 315 UNUS.

3482 253 3594 313 954

288 385 530 443 chielem
570 382 892 456 prophetam
946 381 1163 454 (Ezech.
1206 397 1267 447 ιι,
1316 381 1373 452 5)
1418 396 1433 435 :
1481 379 1592 434 Fili
1636 380 1879 446 hominis,
1910 378 2085 450 ADei
2124 377 2387 434 solidatos
2431 385 2593 449 atque
2636 375 2877 433 ﬁrmatos
2905 374 2974 431 ad
3019 383 3164 430 tuam
3194 371 3593 429 contumaciam

290 479 445 534 mitto
462 487 511 532 te
537 478 607 532 ad
636 477 850 533 domum
875 474 1087 542 Israel,
1120 475 1244 545 quia
1282 473 1697 527 amaricaverunt
1737 480 1765 509 ει
1810 486 1892 525 me

286 574 428 641 ipsi,
456 582 504 628 et
554 582 730 640 patres
780 587 959 626 eorum
1010 586 1170 641 usque
1205 570 1257 624 in
1279 568 1587 623 hodiernum
1636 567 1795 620 diem.
1823 562 1892 619 Et

291 669 435 723 dices
472 667 541 723 ad
577 666 697 722 illos
737 684 756 721 :
787 665 913 720 Htec
956 665 1081 719 dicit
1106 663 1360 718 Dominus
1390 679 1408 718 :
1437 661 1499 717 Si
1517 661 1776 715 audierint
1801 667 1893 713 aut

292 759 663 831 trepidauerint
705 759 949 829 quoniam
991 757 1176 812 domus
1224 756 1518 810 amaricans
1538 761 1644 819 est,
1694 760 1741 806 et
1770 767 1895 822 cog-

290 862 508 909 noscent
533 852 780 923 quoniam
801 848 1053 921 propheta
1071 864 1127 903 es
1151 857 1206 902 tu
1232 848 1288 901 in
1317 846 1484 900 medio
1507 859 1685 898 eorum
1703 851 1781 897 :et
1812 852 1890 907 tu,

294 945 377 1015 ﬁli
418 945 661 1008 hominis,
693 959 756 996 ne
783 942 1020 995 timueris
1038 956 1146 1006 eos,
1172 955 1335 1010 neque
1362 934 1746 1009 trepidauerisa
1761 933 1895 1005 [acie

291 1052 494 1098 corum,
513 1036 789 1104 quoniams
806 1032 1178 1100 lfuriabuntur,
1202 1038 1251 1085 et
1265 1038 1571 1085 concurrent
1585 1036 1742 1095 super
1765 1034 1812 1078 te
1836 1023 1894 1078 in

291 1129 535 1193 circuitu,
567 1138 616 1181 et
646 1130 699 1181 in
725 1128 895 1181 medio
917 1124 1249 1196 scorpionum
1271 1132 1327 1176 tu
1371 1119 1664 1185 inhabitas;
1701 1131 1893 1171 sermo-

291 1236 385 1275 nes
429 1235 607 1274 eorum
647 1236 711 1274 ne
735 1218 990 1282 timueris,
1022 1228 1071 1271 et
1093 1234 1122 1269 a
1145 1216 1279 1286 [acie
1319 1230 1497 1269 eorum
1529 1228 1591 1266 ne
1611 1208 1894 1280 trepidave-

291 1314 403 1379 ris,
434 1314 683 1384 quoniam
709 1315 891 1366 domus
926 1312 1222 1366 amaricnns
1252 1319 1325 1366 est
1352 1325 1371 1364 :
1397 1320 1442 1364 et
1480 1307 1708 1379 loqueris
1742 1307 1896 1359 verba

293 1420 412 1458 mea
451 1404 521 1458 ad
555 1420 667 1467 eos,
723 1404 768 1457 si
827 1406 961 1473 forte
1017 1400 1280 1456 audierint
1317 1398 1399 1453 uel
1429 1398 1736 1468 expaverint
1767 1410 1896 1463 quo-

292 1496 436 1551 niam
466 1496 651 1549 domus
692 1495 991 1549 amaricans
1019 1502 1119 1548 est.
1149 1491 1514 1547 Contumaces
1544 1489 1794 1567 videmur
1832 1489 1898 1546 ti-

294 1589 373 1655 bi,
405 1598 463 1644 ut
483 1589 587 1645 istc
614 1588 726 1643 Deo
748 1588 861 1667 soli.
881 1588 1094 1643 dicatus
1136 1585 1429 1641 videbatur
1467 1582 1730 1654 propheta
1760 1582 1894 1649 illis,

293 1698 526 1755 quorum
557 1692 612 1737 tu
639 1681 896 1737 tenebras
923 1680 1206 1751 sequeris;
1240 1692 1439 1748 nempe
1478 1676 1605 1731 hinc
1644 1675 1896 1730 Ezechiel

1995 471 2393 530 retundendam
2448 471 2557 527 fixo
2599 469 2769 542 gradu
2793 477 2941 525 stare
2967 474 3156 524 contra
3186 474 3330 521 tuam
3362 464 3591 534 rabiem,

1995 565 2301 620 immobiles
2331 572 2389 619 ut
2411 579 2539 619 saxa
2568 563 2711 619 mole
2731 562 2909 617 solent
2935 560 3161 616 robusta
3190 572 3377 628 mquor
3402 564 3593 612 contra

1996 657 2297 713 tttmidum?
2327 656 2463 712 Hinc
2509 669 2608 711 nos
2632 654 2843 724 judicas
2875 653 3061 707 hostes
3087 660 3232 716 tuos,
3265 649 3388 719 quia
3418 656 3471 703 te
3501 663 3594 702 ur-

1995 764 2214 823 geamus
2248 749 2341 804 Dei
2367 748 2485 804 fieri
2513 762 2733 804 servum
2762 762 2828 802 ex
2855 743 3166 815 scorpione.
3210 740 3363 796 Nunc
3391 739 3591 795 etenint

1997 857 2165 897 tinum
2180 849 2231 897 te
2245 855 2367 896 esse
2387 855 2453 896 ex
2479 839 2860 910 scorpionibus
2881 852 2988 892 non
3013 833 3032 874 τ
3056 834 3255 905 poterit
3278 832 3511 888 dubitari
3527 846 3594 888 ex
3684 839 3689 843 ’

1996 937 2127 1001 illis,
2146 934 2349 989 dictum
2368 933 2438 989 de
2453 933 2654 1004 quibus
2667 932 2864 987 audisti
2888 932 3166 1001 prophetas
3182 944 3212 984 a
3228 927 3459 984 Domino
3486 943 3499 979 :
3525 924 3595 979 Et

1996 1039 2072 1095 tu,
2093 1029 2427 1100 ﬁlihominis,
2452 1044 2517 1082 ne
2536 1029 2765 1082 timueris
2798 1036 2822 1073 8
2853 1041 3014 1093 neque
3040 1024 3375 1095 trepidaveris
3403 1041 3435 1077 a
3462 1021 3597 1087 facie

1997 1139 2195 1190 eorum,
2228 1122 2473 1188 quoniam
2501 1118 2899 1188 e/furiabuntur,
2941 1128 2991 1173 et
3019 1126 3330 1172 concurrent
3368 1128 3520 1186 super
3550 1120 3600 1167 te

1994 1217 2050 1271 in
2065 1217 2311 1275 circuitu.
2336 1226 2382 1270 et
2408 1215 2459 1269 in
2478 1214 2644 1269 medio
2657 1212 2988 1285 scorpionum
3006 1221 3061 1266 tu
3078 1210 3282 1264 habitas
3309 1206 3420 1279 (Ib.
3440 1220 3499 1267 tt.
3516 1204 3596 1276 6).

1998 1305 2135 1362 Hinc
2158 1305 2259 1362 tibi
2276 1305 2524 1376 iniuriosi
2549 1318 2757 1370 sumus,
2782 1301 2909 1374 quia
2927 1301 3113 1357 videas
3136 1309 3189 1357 te
3210 1314 3241 1354 a
3264 1298 3421 1353 nobis
3448 1310 3603 1352 scor-

1996 1403 2142 1473 pium
2174 1401 2377 1457 vocari.
2398 1400 2456 1456 Si
2490 1414 2597 1454 non
2621 1408 2675 1454 te
2708 1412 2832 1453 esse
2865 1396 3139 1466 scorpium
3159 1393 3388 1450 dixisset
3423 1392 3598 1459 Deus,

1996 1499 2192 1553 merito
2219 1511 2304 1551 mc
2319 1495 2530 1551 diceres
2549 1491 3001 1549 contumeliosum
3024 1507 3036 1543 :
3071 1503 3213 1543 nunc
3243 1502 3374 1542 vero
3391 1484 3603 1540 actibus

1998 1601 2052 1646 te
2080 1589 2185 1644 tuis
2229 1584 2544 1643 manifestas
2573 1598 2699 1641 esse
2734 1583 3031 1652 scorpium,
3060 1588 3115 1635 et
3151 1592 3213 1633 es
3251 1577 3451 1633 frustra
3491 1575 3605 1631 cla-

1997 1684 2197 1740 mitans
2214 1680 2603 1738 contumeliam
2637 1686 2690 1733 te
2715 1676 2820 1746 pati
2837 1690 2867 1730 a
2890 1674 3069 1739 nobis,
3092 1672 3235 1728 Deus
3257 1679 3309 1726 te
3325 1669 3596 1741 scorpium

295 1776 559 1849 prepbeta
597 1778 742 1846 apud
771 1775 989 1831 Judaeos
1037 1781 1385 1843 coapostatas
1425 1781 1547 1827 tuos
1576 1778 1893 1836 contumax,

2002 1791 2122 1833 esse
2149 1775 2300 1841 dicit,
2324 1782 2380 1830 et
2407 1772 2539 1827 mihi
2566 1768 2818 1826 irasceris
2838 1784 2937 1825 cur
2958 1775 3013 1823 te
3036 1780 3102 1822 eo
3120 1780 3308 1820 vocem
3344 1760 3600 1818 nomine?

294 1869 422 1925 hinc
448 1869 721 1939 superbus
752 1869 973 1938 regibus
992 1866 1277 1923 videbatur
1294 1865 1486 1931 Israel,
1527 1865 1651 1935 quia
1689 1863 1900 1918 Domini

293 1961 550 2032 impleret
585 1960 864 2025 mandata,
894 1959 986 2030 qui
1010 1958 1219 2015 eisdem
1250 1958 1568 2027 loqueretur
1595 1971 1718 2025 qua:
1759 1968 1903 2025 pra:-

293 2053 530 2122 cepisset
573 2067 698 2108 eum
739 2052 886 2123 loqui
938 2051 1098 2105 Deus.
1130 2048 1301 2105 Recte
1355 2063 1454 2103 nos
1501 2048 1768 2115 superbos
1805 2061 1901 2117 ap-

296 2147 493 2217 pellas,
529 2159 655 2210 nos,
691 2159 788 2215 per
813 2157 952 2212 quos
980 2143 1163 2199 omnia
1193 2149 1466 2213 praecepta
1494 2155 1590 2196 sua
1617 2140 1792 2195 voluit
1833 2137 1902 2194 ad

295 2243 615 2311 pepulerutn
645 2239 984 2294 credentium
1014 2236 1240 2309 perferri
1269 2234 1515 2290 notitiam
1551 2252 1565 2288 :
1606 2244 1785 2295 recte,
1819 2233 1901 2288 in—

290 2347 479 2403 quam,
504 2333 799 2388 insolentes
830 2331 1083 2401 designas
1106 2345 1205 2383 nos
1234 2329 1327 2384 Dei
1376 2328 1666 2393 antistites,
1716 2326 1758 2381 si
1801 2340 1899 2381 nos

294 2440 358 2482 ea
391 2426 486 2481 tibi
518 2425 783 2486 dicamus,
817 2439 939 2493 quae
967 2422 1203 2479 voluerit
1230 2422 1373 2477 Dens
1394 2419 1501 2476 dici
1532 2420 1598 2475 ad
1621 2434 1738 2474 vos.
1769 2418 1899 2473 Odis

297 2529 544 2572 amantes
571 2526 644 2584 te,
680 2514 1023 2586 persequeris
1054 2514 1193 2570 bene
1222 2514 1316 2568 tibi
1340 2514 1640 2583 cupientes,
1668 2510 1764 2566 sed
1792 2525 1898 2565 non

299 2621 543 2665 metuere
573 2624 859 2680 possumus
890 2607 1171 2663 freudorcs
1203 2605 1533 2662 carnificinae
1570 2615 1697 2660 tute.
1733 2603 1900 2659 Audis

299 2706 501 2760 etenim
529 2704 813 2759 Dominum
833 2703 1023 2757 dicere
1047 2718 1061 2755 :
1087 2700 1154 2755 Et
1180 2712 1256 2765 tu,
1281 2700 1361 2770 ﬁli
1381 2698 1900 2763 Itontinis,netimue.

298 2798 370 2853 ris
423 2813 531 2862 eos,
580 2811 743 2866 neque
783 2793 1117 2861 trepidaveris
1165 2809 1199 2846 a
1245 2792 1380 2863 facie
1422 2806 1620 2853 eorum,
1652 2788 1900 2859 quoniam

298 2888 699 2957 e/furiobunlur,
745 2898 791 2941 et
838 2895 1145 2941 concurrent
1198 2900 1351 2955 super
1378 2892 1426 2937 te
1453 2880 1504 2949 ι),
1547 2891 1595 2936 et
1637 2880 1693 2934 in
1728 2878 1901 2937 medio

298 2982 632 3053 scorpionum
652 2991 707 3034 tu
736 2980 937 3034 habitas
966 2994 984 3033 :
1012 2994 1270 3033 sermones
1294 2992 1470 3031 eorum
1499 2990 1563 3030 ne
1586 2974 1835 3040 timueris,
1867 2988 1901 3026 a

302 3076 433 3147 [acie
458 3090 635 3128 eorum
661 3090 723 3127 ne
755 3070 1113 3144 trepidaveris,
1136 3068 1377 3139 quoniam
1398 3067 1581 3122 domus
1610 3065 1900 3121 amaricans

2004 1872 2136 1938 Quae
2163 1870 2278 1925 haec
2298 1866 2623 1925 contumelia
2652 1873 2755 1929 est,
2782 1863 2830 1917 si
2856 1861 3068 1917 dicatur
3090 1857 3189 1915 tibi
3213 1875 3228 1913 :
3260 1856 3380 1911 Nisi
3409 1864 3458 1911 te
3482 1870 3600 1909 ver-

2004 1963 2123 2019 teris
2137 1962 2206 2015 ad
2218 1960 2406 2024 Deum,
2424 1960 2524 2013 eris
2539 1972 2743 2027 semper
2766 1971 2900 2009 unus
2927 1963 2983 2007 ut
3012 1968 3151 2007 nunc
3163 1967 3215 2006 es
3238 1966 3301 2005 ex
3311 1948 3599 2019 scorpioni-

2003 2056 2119 2121 bus,
2148 2070 2213 2109 ea:
2238 2052 2539 2108 vastissimis
2566 2066 2698 2104 unus
2712 2048 2936 2102 inimicis
2951 2044 3048 2099 Dei
3065 2044 3369 2100 ?Percurre
3390 2040 3600 2110 reliqua

2003 2146 2256 2203 Ezechiel
2283 2146 2649 2215 prOphetzc,et
2669 2139 2809 2195 aude
2829 2154 2915 2194 me
2937 2137 3121 2193 dicere
3140 2134 3483 2196 insolentem,
3506 2144 3600 2186 su-

2000 2239 2249 2311 perbum,
2271 2235 3167 2301 contumeliosum,contumacem:
3193 2224 3261 2281 Et
3292 2227 3488 2296 factum
3522 2232 3598 2277 est

1999 2332 2106 2406 (Ib.
2118 2348 2196 2397 tu,
2207 2334 2228 2386 l
2239 2330 2508 2401 6)verbum
2523 2328 2729 2381 Domini
2740 2329 2808 2380 ad
2822 2340 2900 2379 tne
2917 2319 3229 2378 dicens:Fili
3240 2317 3602 2382 hominis,ecce

2000 2427 2122 2483 dedi
2146 2436 2194 2481 te
2211 2424 2583 2498 speculatorem
2609 2420 2790 2475 domus
2813 2416 3001 2481 Israel,
3028 2424 3073 2469 et
3093 2412 3272 2467 audies
3292 2410 3357 2463 de
3378 2423 3466 2463 ore
3489 2422 3603 2461 meo

1997 2534 2301 2583 sermonem,
2322 2525 2372 2570 et
2390 2512 2779 2570 comminabcris
2798 2511 2869 2565 eis
2890 2525 2922 2563 ιι
2947 2524 3026 2562 me
3040 2508 3093 2561 in
3104 2520 3163 2560 eo
3182 2503 3324 2576 quod
3343 2503 3513 2557 dicam
3534 2499 3603 2553 ad

1999 2612 2343 2668 sceleratum:
2366 2618 2527 2664 morte
2554 2607 2786 2660 morieris
2810 2620 2827 2657 :
2848 2611 3009 2657 etnon
3031 2597 3313 2654 distinxisti
3335 2594 3603 2663 illi,neque

2000 2707 2201 2761 locutus
2218 2720 2292 2768 es,
2312 2712 2367 2756 ut
2384 2701 2724 2769 distingueres
2739 2696 2989 2751 scelerato
3006 2701 3233 2747 avertere
3248 2707 3279 2744 a
3295 2689 3390 2743 viis
3403 2685 3532 2752 suis,
3546 2692 3602 2739 ut

1999 2800 2155 2864 tivat,
2176 2798 2265 2851 ille
2280 2795 2557 2851 sceleratus
2571 2793 2623 2846 in
2645 2789 2904 2856 iniustitia
2922 2804 3019 2841 sua
3033 2786 3304 2848 morietur,
3318 2791 3366 2834 et
3381 2777 3601 2851 sangui-

1998 2909 2113 2948 nem
2143 2894 2254 2963 ejus
2277 2890 2340 2944 de
2360 2904 2515 2942 manu
2538 2896 2627 2939 tua
2647 2883 2901 2955 inquirant
2923 2897 2942 2937 :
2963 2890 3008 2933 et
3032 2889 3086 2932 ttt
3109 2879 3156 2932 si
3180 2873 3476 2930 distinxeris
3496 2887 3605 2926 sce-

1999 2988 2182 3052 lerato,
2209 2994 2258 3039 et
2288 3000 2389 3038 non
2416 2989 2679 3036 aversatus
2700 2978 2856 3050 fuerit
2873 2975 2936 3029 ab
2963 2974 3155 3029 scelere
3174 2988 3289 3034 suo,
3310 2977 3360 3023 et
3383 2968 3462 3021 via
3482 2981 3600 3032 sua,

1998 3081 2277 3136 sceleratus
2302 3076 2390 3132 ille
2422 3076 2479 3129 in
2505 3072 2759 3147 injustitia
2791 3085 2886 3123 sua
2921 3068 3187 3131 morietur,
3222 3073 3269 3117 et
3292 3071 3346 3115 tu
3378 3060 3604 3115 animant

299 3179 375 3225 est
406 3168 572 3239 (Ibid.
616 3167 695 3238 ii).
735 3166 874 3231 Non,
911 3168 1153 3236 inquam,
1195 3178 1482 3234 possumus
1521 3170 1762 3217 metuere
1799 3157 1901 3213 mi-

2006 3184 2145 3229 tuam
2166 3167 2402 3226 liberabis
2424 3184 2442 3223 :
2465 3177 2513 3221 et
2531 3167 2585 3221 in
2612 3181 2690 3232 eo,
2704 3166 2759 3219 in
2773 3180 2875 3235 quo
2891 3165 3192 3216 adversatur
3206 3159 3379 3230 justus
3399 3152 3607 3224 ajusti-

303 3276 401 3317 nas
424 3258 634 3331 imperii
660 3259 756 3325 tui,
781 3257 907 3329 quia
928 3257 1088 3313 nullm
1109 3266 1233 3312 sunt
1252 3255 1397 3311 vires
1418 3263 1521 3310 tua:
1543 3253 1852 3323 scorpiaces
1877 3262 1899 3290 ο

303 3357 589 3412 adversum
622 3369 746 3419 nos,
776 3368 915 3423 quos
956 3352 1052 3407 Dei
1100 3351 1298 3406 virtute
1343 3349 1448 3420 tegi
1487 3362 1714 3415 cernas,
1769 3358 1905 3416 quo-

300 3465 423 3508 rum
466 3463 590 3506 esse
635 3446 979 3504 defensorem
1009 3461 1072 3501 ac
1113 3453 1475 3515 protectorem
1514 3443 1683 3499 Deum
1713 3439 1907 3495 adver—

302 3552 406 3600 tas.
450 3542 566 3599 Non
588 3534 780 3613 itaque
838 3540 1171 3595 cessabimus
1211 3539 1306 3594 tibi
1356 3536 1567 3593 Domini
1609 3532 1905 3606 ingerendo

306 3644 597 3709 praecepta,
616 3633 691 3688 illi
706 3631 1327 3689 solimetuniservantes
1347 3632 1590 3695 timores,
1616 3626 1707 3699 qui
1734 3625 1864 3682 dicit
1888 3642 1902 3678 :

307 3730 417 3786 Fili
434 3727 778 3796 IwminisUb.
807 3742 886 3793 ιιι,
912 3725 993 3798 4),
1024 3724 1292 3797 ingredere
1315 3722 1383 3778 ad
1400 3724 1610 3777 domum
1639 3719 1826 3784 Israel,
1856 3728 1905 3774 el

306 3824 515 3894 loquere
539 3828 798 3877 sermones
826 3836 961 3873 meos
989 3818 1056 3871 ad
1069 3834 1175 3885 eos,
1199 3816 1439 3888 quoniam
1454 3814 1635 3869 nonad
1655 3812 1905 3885 populum

307 3918 402 3973 alti
443 3915 691 3971 sermonis
729 3924 782 3968 tu
821 3913 1039 3967 mitteris
1070 3912 1138 3965 ad
1169 3910 1357 3976 Israel,
1392 3926 1553 3981 neque
1578 3909 1647 3963 ad
1684 3907 1906 3980 populos

307 4012 497 4066 multos
525 4011 646 4065 alia:
674 4009 814 4064 vocis
849 4019 940 4063 aut
986 4006 1107 4062 alite
1136 4006 1350 4077 linguae,
1398 4021 1559 4072 neque
1597 4020 1778 4078 graues
1818 4002 1907 4073 qui

305 4107 409 4161 sint
437 4106 491 4159 in
512 4105 713 4172 lingua,
748 4101 969 4173 quorum
997 4117 1103 4155 non
1132 4099 1311 4155 audies
1335 4114 1621 4153 sermonem
1648 4113 1669 4152 :
1695 4106 1744 4150 et
1772 4096 1817 4150 si
1837 4095 1907 4149 ad

309 4201 433 4256 tales
456 4199 707 4253 misissem
729 4207 799 4261 te,
831 4196 916 4250 illi
936 4195 1159 4265 forsitan
1187 4193 1450 4247 audissent
1466 4207 1719 4246 sermones
1748 4201 1863 4243 tuos
1887 4204 1906 4241 :

309 4294 492 4348 domus
519 4302 692 4346 autem
720 4289 890 4344 Israel
931 4287 1105 4342 nolent
1133 4283 1159 4322 τι
1187 4285 1372 4339 audire
1421 4294 1489 4342 te.
1527 4286 1772 4353 quoniam
1814 4298 1908 4335 no-

309 4388 423 4443 lunt
450 4385 634 4440 audire
649 4400 749 4449 me,
769 4382 1015 4453 quoniam
1043 4389 1150 4434 tota
1170 4378 1353 4432 domus
1375 4375 1546 4430 Israel
1572 4373 1905 4429 contentiosi'

308 4491 450 4545 sunt,
505 4488 555 4533 et
603 4477 723 4531 duri
752 4476 930 4529 corde.
966 4472 1030 4527 Es‘
1063 4488 1181 4529 ecce
1207 4470 1329 4525 dedi
1357 4470 1539 4539 faciem
1568 4478 1707 4521 tuam
1730 4476 1909 4539 poten-

2005 3267 2089 3320 tiis
2110 3265 2245 3330 suis,
2272 3271 2322 3317 et
2340 3261 2493 3333 faciet
2524 3259 2763 3314 delictum
2783 3273 2801 3310 :
2824 3265 2871 3309 et
2891 3252 3039 3323 {dabo
3061 3257 3367 3307 tormentum
3384 3247 3438 3299 in
3474 3245 3608 3315 [acie

1957 3335 1966 3343 ’
2004 3364 2139 3434 ejus,
2168 3359 2280 3427 ipse
2324 3355 2591 3419 morietur,
2631 3350 2874 3422 quoniam
2899 3364 3004 3401 non
3032 3341 3310 3398 distinxisti
3340 3340 3441 3405 illi,
3475 3347 3521 3393 et
3551 3336 3607 3391 in

2006 3431 2225 3525 peccatis
2239 3450 2349 3505 suis
2370 3447 2703 3509 morietur,eo
2721 3442 2857 3513 quod
2877 3456 2977 3493 non
2991 3437 3094 3492 sint
3112 3436 3164 3489 in
3184 3431 3480 3487 memoriam
3489 3431 3609 3503 jus-

2004 3548 2133 3603 tilia:
2145 3549 2329 3619 ejus,et
2343 3542 2644 3613 sanguinem
2667 3541 2779 3610 ejus
2794 3537 2858 3590 de
2873 3552 3026 3589 manu
3041 3542 3129 3586 tua
3144 3516 3409 3602 exquiram
3424 3544 3443 3582 :
3455 3536 3507 3581 tu
3519 3542 3607 3581 au-

2005 3649 2104 3696 tem
2120 3640 2165 3694 si
2177 3635 2473 3692 distinxeris
2487 3637 2633 3707 justo
2651 3648 2716 3685 ne
2735 3629 3059 3699 derelinquat
3074 3623 3122 3689 ιι,
3145 3632 3193 3679 et
3211 3623 3323 3690 ipse
3343 3636 3444 3676 non
3465 3619 3611 3674 dere-

2006 3732 2228 3803 linquat,
2246 3733 2422 3803 justus
2473 3726 2564 3780 ille
2618 3725 2789 3777 vivens
2835 3722 2964 3776 uiuet
2989 3760 3003 3782 .
3042 3716 3286 3789 quoniam
3328 3711 3611 3768 distinxisti

2004 3825 2128 3889 illi,
2176 3832 2224 3877 et
2260 3832 2315 3876 tu
2363 3819 2594 3874 animam
2629 3825 2771 3870 tuam
2810 3811 3054 3867 salvebis.
3098 3807 3262 3875 Quid,
3301 3803 3607 3867 Constanti,

2008 3916 2145 3972 dicis
2170 3914 2236 3969 ad
2275 3911 2425 3967 inec?
2456 3910 2817 3966 tacendumne
2847 3901 3222 3959 sacerdotibus
3274 3897 3371 3951 Dei
3401 3895 3525 3958 erit,
3556 3902 3614 3948 et

2010 4006 2261 4065 mandata
2294 4005 2474 4061 celare
2515 4002 2695 4057 divina
2735 3998 2850 4054 eis?
2891 3999 2971 4051 Au
3008 3993 3232 4063 dignum
3272 3998 3359 4044 est
3397 3984 3613 4057 aperire

2009 4102 2103 4158 tibi
2147 4108 2344 4157 cuncta
2392 4103 2666 4167 praecepta
2715 4088 2964 4146 Domini?
3003 4099 3221 4141 omnem
3275 4081 3613 4136 voluntatem

2011 4192 2344 4265 perferemus
2368 4204 2433 4243 ne
2463 4188 2554 4243 Dei
2578 4186 2644 4241 ad
2663 4200 2759 4239 vos
2781 4183 2936 4238 nobis
2957 4173 3312 4233 commissos?
3326 4188 3394 4227 an
3415 4186 3533 4227 eam
3549 4169 3613 4222 ad

2011 4294 2225 4344 nosmet
2266 4281 2592 4355 jugulandos
2631 4279 2785 4335 vobis
2832 4270 3240 4330 fraudabimur?
3280 4264 3614 4336 Sanguinem

2011 4379 2214 4436 etenim
2241 4387 2390 4432 tuum
2417 4374 2550 4429 dicit
2573 4371 2836 4426 Dominus
2853 4365 3276 4436 requisituruma
3304 4372 3393 4412 me
3415 4373 3430 4409 :
3455 4355 3616 4424 quin-

2011 4472 2178 4528 immo
2205 4469 2249 4523 si
2297 4481 2404 4521 non
2442 4463 2717 4520 obedieris
2746 4456 3056 4525 l)eo,cujus
3080 4467 3179 4508 nos
3197 4450 3291 4505 tibi
3318 4446 3618 4519 ingerimus

310 4582 411 4627 lem
437 4570 680 4624 adversus
704 4568 863 4639 [αείεϐ
883 4581 1086 4629 eorum.
1111 4572 1159 4618 ει
1176 4563 1519 4617 constantiam
1540 4570 1683 4615 tuam
1703 4559 1913 4628 conlor—
1939 4552 1993 4613 D
2016 4563 2200 4618 divina
2219 4560 2424 4615 monita
2443 4596 2458 4621 ,
2485 4565 2540 4610 ιιι
2571 4557 2622 4609 in
2655 4564 2745 4608 tuo
2774 4550 3028 4606 morieris
3055 4544 3355 4601 sceleratus
3381 4540 3614 4605 scelere,

310 4664 427 4719 tabo
454 4662 698 4717 adversus
733 4658 1110 4713 contentionem
1138 4671 1337 4719 eorum,
1366 4664 1415 4709 et
1456 4654 1560 4706 eris
1588 4668 1790 4721 semper
1816 4651 1908 4719 ﬁr-

310 4758 441 4813 mior
465 4764 632 4827 petra,
657 4770 720 4808 ne
754 4753 985 4806 timueris
1013 4750 1076 4805 ab
1101 4750 1201 4815 eis,
1233 4763 1392 4817 neque
1422 4747 1691 4818 expaveris
1717 4762 1748 4798 a
1777 4746 1911 4817 facie

311 4864 489 4905 eorum
533 4888 548 4913 ,
597 4845 841 4916 quoniam
893 4843 1075 4897 domus
1140 4840 1430 4895 amaricans
1502 4849 1598 4893 est.
1671 4839 1914 4894 Meluerc

315 4949 367 4997 te
420 4941 542 5011 quis
598 4940 799 5010 poterit
869 4944 1114 4992 nostrum
1147 4976 1163 5001 ,
1228 4945 1365 5003 quos
1418 4931 1605 4986 videas
1674 4930 1913 4999 potentia

385 5174 413 5204 ⁸
452 5163 509 5220 Id
540 5169 644 5226 est,
675 5162 780 5232 ipsi
802 5176 885 5214 me
912 5158 1303 5232 exacerbarunl,
1330 5161 1916 5232 el_ea:asperarunl,‘me

313 5252 551 5292 amorum
598 5222 720 5305 ergo
768 5235 909 5305 ipsos
935 5222 1311 5305 reddiderunt.
1368 5222 1760 5305 Smpenumero
1811 5222 1916 5305 hoc

312 5312 482 5363 verbo
510 5293 704 5368 utitur,
734 5293 900 5357 etiam
933 5301 987 5355 in
1022 5297 1332 5368 participio.
1366 5305 1424 5351 ut
1462 5293 1718 5368 sequitur
1751 5293 1916 5366 paulo

315 5378 547 5436 inferius
573 5394 585 5427 τ
624 5367 882 5442 Quoniam
909 5367 1096 5426 domus
1117 5369 1413 5442 ramaricnns
1440 5367 1676 5442 estaTil.

385 5449 414 5487 δ
447 5436 704 5517 διιρειίιε
735 5447 790 5499 in
821 5444 1058 5497 circuitu.
1113 5439 1397 5517 Vaticuti
1442 5438 1611 5517 paulo.
1645 5436 1914 5517 superius,

315 5521 408 5578 ubi
433 5509 764 5572 inhabitas...
797 5525 846 5571 et
869 5532 899 5567 ιι
930 5517 1079 5579 facie,
1108 5527 1206 5581 pro
1229 5510 1495 5564 habitas...
1529 5524 1566 5581 a
1583 5509 1736 5576 facie.

393 5602 418 5631 ο
449 5589 600 5645 Haud
623 5598 771 5643 recte
793 5578 1373 5651 Gallanditts'corrigit,
1396 5578 1599 5651 scorpio
1629 5588 1684 5651 tu
1705 5593 1794 5641 es;
1818 5591 1921 5651 nec

319 5663 527 5719 Tilinna
561 5660 731 5715 editio
758 5658 922 5712 habet
965 5655 1230 5723 scorpiace
1265 5647 1355 5723 5.,
1380 5647 1817 5723 sedscorpiaces,
1864 5648 1917 5703 id

320 5744 406 5791 est
434 5733 566 5797 uires
613 5740 715 5784 tute
754 5720 1219 5797 scorpiacesginub't
1256 5722 1450 5797 melius
1493 5720 1731 5790 legerem
1757 5734 1916 5797 _scor-

320 5788 505 5877 itm,
527 5792 781 5860 nimirum
804 5788 1006 5872 scorpio
1032 5788 1242 5865 similes,
1273 5794 1363 5865 qui
1393 5788 1646 5857 latenter,
1676 5789 1770 5847 sed
1794 5801 1918 5860 grai

2018 4664 2071 4710 et
2106 4668 2137 4708 a
2191 4651 2349 4708 nobis
2395 4648 2505 4718 jam
2561 4662 2668 4701 non
2725 4641 3032 4713 requiretur
3066 4637 3215 4692 salus
3241 4633 3437 4689 animae
3472 4640 3615 4694 tum;

2018 4744 2270 4818 quoniam
2302 4740 2518 4813 quidem
2544 4738 2704 4794 minis
2737 4736 2844 4793 tuis
2871 4749 2977 4789 non
3007 4731 3270 4788 fuerimus
3295 4725 3492 4791 territi,
3521 4724 3617 4779 sed

2021 4838 2193 4895 solum
2248 4834 2584 4890 timuerimus
2633 4846 2780 4896 eum,
2837 4828 2927 4898 qui
2978 4832 3174 4896 praeter
3231 4837 3290 4877 se
3345 4819 3616 4876 neminem

2021 4927 2295 4985 mandarit
2327 4924 2655 4989 timendum;
2690 4920 2944 4993 quoniam
2975 4917 3193 4990 quidem
3220 4922 3279 4970 ut
3310 4921 3479 4969 temet
3506 4908 3615 4965 eri-

2019 5150 2160 5206 viter
2183 5148 2346 5203 ferit:
2374 5148 2471 5202 sed
2496 5144 2750 5201 Lucifero
2776 5157 2886 5199 non
2916 5139 3159 5197 insolens
3195 5143 3283 5193 est
3320 5147 3457 5189 nova
3492 5145 3622 5205 pro-

2019 5221 2226 5278 cudere
2248 5219 2489 5274 nomina.

2095 5291 2121 5329 ἀ
2154 5290 2218 5362 Ut
2241 5291 2297 5345 in
2328 5290 2542 5362 Graeco.
2570 5293 2640 5362 μή
2665 5288 2984 5362 θελινὶᾳςιυσίνἶ
3019 5280 3207 5362 S_abat.
3240 5276 3444 5362 uolupt.

2097 5373 2121 5400 ⁸
2152 5346 2282 5417 Item
2315 5376 2437 5417 cum
2480 5346 2695 5432 Gt’igco,
2726 5356 2985 5432 φιλόνεικοί
3012 5353 3259 5432 εἰσιφιαὶ
3294 5346 3617 5432 σκληροκάρ·

2023 5433 2143 5491 διοι.
2170 5433 2324 5497 Apud
2356 5432 2543 5488 Sabat.
2575 5420 2909 5483 contentiosa
2939 5432 3033 5489 est,
3062 5430 3113 5476 et
3136 5420 3270 5475 duro
3294 5420 3495 5474 corde.-

2102 5502 2124 5544 ἲ
2158 5504 2279 5558 Non
2312 5503 2520 5574 poteris.
2553 5500 2725 5554 Vatic.

2101 5586 2127 5625 κ
2160 5575 2262 5629 Eos
2290 5574 2439 5628 addit
2468 5584 2652 5638 supra.

2096 5645 2450 5714 hDelinquat,
2498 5630 2729 5714 ttlroque
2781 5638 2834 5693 in
2875 5637 2995 5693 loco
3038 5634 3182 5707 apud
3231 5633 3419 5691 Sabat.
3448 5630 3614 5688 Forte

2027 5718 2281 5775 mendum
2304 5712 2447 5771 inest
2469 5712 2601 5770 edit.
2634 5718 2854 5768 nostrae;
