4094 6190
303 287 409 341 957

872 277 964 336 DE
1002 275 1140 334 NON
1181 273 1550 332 PARCENDO
1590 273 1654 329 IN
1698 272 1886 330 Ι)ίέοΜ
1923 272 2530 344 DELINQUENTIBUS
2571 274 2777 332 LIBER
2815 274 3020 334 UNUS.

3485 272 3606 345 ἰ958

301 399 696 470 Numquidnam
741 397 948 469 poteris
994 395 1172 451 dicere
1218 401 1340 464 pust
1386 392 1525 447 hanc
1556 391 1670 446 Deo
1727 391 1899 448 fusam
1928 395 1981 455 Α
2008 393 2288 463 pastores?
2317 391 2454 449 Dicit
2486 393 2742 448 Dominus
2773 393 2824 446 in
2859 392 3152 462 Evangelio
3182 391 3364 461 (Joan.
3391 407 3452 456 ι,
3482 392 3599 462 Il):

210 493 228 506 ⁹
300 502 491 548 contra
536 489 816 561 religionis
846 487 1036 544 hostes
1077 484 1543 548 obsecrationem,
1577 482 1720 553 quod
1749 483 1896 538 enim

305 601 406 640 nos
433 584 578 640 malo
620 581 811 638 ordine
865 590 916 634 te
966 588 1155 634 contra
1187 579 1445 643 nitamur,
1491 575 1616 646 quia
1655 576 1903 630 dicamus

306 678 428 742 tibi,
455 676 554 732 Aut
577 675 776 745 corrige
803 673 911 727 vias
941 681 1056 726 tuas
1089 687 1292 742 pravas,
1325 679 1372 724 et
1399 670 1506 724 noli
1539 669 1631 722 tibi
1659 669 1712 722 in
1742 669 1904 740 impe-

303 772 371 827 rii
421 771 494 825 tui
539 770 745 841 placere
777 768 1024 834 potentia,
1064 775 1153 820 aut
1198 780 1446 838 cognosce
1481 764 1549 817 ad
1595 763 1816 816 nihilum
1856 774 1904 818 te

305 859 709 934 perventurum?
735 859 872 929 Quid
901 857 1048 914 aliud
1077 872 1178 912 nos
1206 857 1366 912 hodie
1397 856 1626 910 facimus
1661 855 1753 909 Dei
1783 869 1901 910 ser-

303 956 381 1023 vi,
411 957 532 1024 ejus
585 953 782 1008 divinae
840 950 1227 1020 magnitudinis
1274 951 1611 1011 sacerdotes,
1648 949 1752 1002 nisi
1784 960 1906 1016 qua:

304 1049 555 1106 fecerunt
588 1047 688 1110 illi,
727 1059 960 1118 quorum
989 1045 1242 1113 cupimus
1288 1043 1516 1098 inveniri
1562 1039 1906 1096 imitatores?

305 1140 443 1195 Puto
468 1137 672 1195 etenim
723 1137 946 1207 dignum
995 1150 1121 1191 esse
1154 1151 1260 1189 non
1291 1135 1682 1202 derelinquere
1735 1149 1906 1204 popu-

307 1233 394 1287 los
422 1231 582 1287 nobis
610 1231 936 1286 commissos
963 1229 1014 1284 in
1049 1238 1194 1284 tanta
1227 1229 1326 1284 hac
1357 1244 1385 1282 a
1421 1237 1472 1283 te
1518 1227 1671 1283 illata
1723 1242 1908 1298 perse-

305 1325 551 1390 cutione,
605 1322 701 1379 sed
736 1337 833 1377 eos
861 1321 1092 1386 hortari,
1139 1329 1163 1358 κ
1191 1321 1338 1392 quod
1401 1321 1545 1374 enim
1598 1330 1789 1389 potens
1837 1319 1910 1376 sit

304 1419 462 1487 cujus
509 1430 698 1472 sumus
741 1429 844 1472 nos
893 1415 1109 1484 eripere
1168 1413 1238 1469 de
1285 1413 1632 1470 inimicorum
1687 1426 1906 1466 suorum

307 1508 586 1572 manibus,
620 1521 725 1562 non
771 1520 895 1562 esse
937 1515 989 1561 te
1043 1504 1396 1562 metuendum
1439 1506 1648 1560 hostem
1684 1504 1778 1558 Dei
1813 1504 1910 1558 do-

309 1617 463 1667 mus;
522 1599 915 1677 advertendum
964 1599 1106 1670 quod
1156 1601 1231 1655 sis
1284 1598 1442 1664 nihil,
1486 1597 1612 1669 quia
1658 1597 1914 1652 videlicet

310 1701 498 1748 noster
528 1693 667 1747 Deus
695 1707 758 1746 ac
809 1692 1071 1747 Dominus
1098 1691 1283 1750 omnia
1336 1701 1528 1761 potens
1556 1690 1625 1745 ad
1677 1689 1907 1746 nihilum

2007 483 2199 540 Pastor
2224 485 2385 540 bonus
2412 486 2640 540 animum
2687 501 2833 539 suam
2859 485 3006 556 ponit
3051 493 3074 520 θ
3103 499 3198 553 pro
3235 483 3412 538 ovibus
3445 500 3465 536 :
3509 485 3596 553 qui

2011 575 2031 615 ί
2063 578 2408 632 mercenarius
2437 585 2532 643 est,
2563 587 2609 631 et
2650 593 2750 631 non
2779 586 2852 630 est
2901 586 3096 646 pastor,
3147 579 3296 648 cujus
3329 591 3433 630 non
3483 586 3606 632 sunt

2006 687 2124 727 oves
2167 673 2411 743 propriae,
2439 673 2571 726 videt
2594 673 2775 740 lupum
2793 673 3098 733 venientem,
3121 680 3170 724 et
3197 671 3442 742 relinquit
3468 687 3608 740 oves,

2006 775 2055 820 et
2095 766 2264 836 fugit;
2308 777 2356 819 et
2407 770 2561 834 lupus
2605 767 2743 834 rapit
2775 765 2896 820 illas
2941 776 2991 820 et
3040 767 3308 838 dispergit,
3359 765 3607 835 quoniam

2008 862 2400 931 spuercenarius
2429 872 2523 924 est,
2568 873 2616 918 et
2663 880 2766 916 non
2810 863 3027 933 pertinet
3058 864 3125 916 ad
3173 879 3287 916 eum
3316 862 3382 916 de
3415 862 3615 918 ovibus.

2007 954 2144 1020 Quid
2167 961 2342 1024 itaque
2361 955 2514 1008 nobis
2533 966 2646 1010 erat
2666 955 2988 1025 gerendum,
3013 969 3082 1010 ne
3111 955 3206 1009 tibi
3227 953 3612 1010 contumeliosi

2007 1047 2288 1104 eISIitisse
2318 1049 2627 1102 videremur
2651 1048 3345 1118 ?Cognovimustelnpum,
3377 1047 3614 1103 vidimus

2009 1141 2077 1193 ad
2128 1156 2256 1200 ores
2299 1151 2350 1195 te
2397 1140 2689 1194 tetendisse
2730 1139 2945 1192 Domini
2969 1153 3183 1205 manus,
3231 1137 3618 1209 conspeximus

2012 1241 2063 1288 te
2083 1246 2193 1287 uno
2223 1241 2466 1303 tempore
2486 1241 2740 1286 conatum
2775 1231 2982 1285 laniare
3023 1239 3248 1283 cunctos
3289 1229 3502 1283 Domini
3536 1230 3620 1284 in-

2011 1339 2268 1382 vocantes
2315 1342 2535 1381 nomen.
2571 1325 2969 1395 Numquidnam
3021 1325 3199 1380 fuerat
3243 1325 3465 1396 dignum
3508 1339 3620 1381 non

2015 1429 2282 1489 pastores,
2311 1420 2406 1473 sed
2439 1418 2805 1496 incrcenarios
2833 1417 3092 1472 exhibere
3125 1418 3257 1471 nos?
3288 1416 3450 1472 Petro
3487 1416 3621 1472 dicit

2014 1511 2173 1568 beato
2203 1530 2215 1564 :
2251 1511 2417 1565 Pasce
2445 1508 2473 1546 h
2501 1527 2661 1580 agnos
2691 1527 2826 1564 meos
2861 1509 2968 1578 (Ib.
2996 1525 3107 1575 ut,
3141 1510 3247 1579 16).
3284 1510 3349 1564 Ει
3374 1509 3568 1564 iterum
3603 1527 3619 1566 :

2015 1602 2182 1659 Pasce
2211 1603 2437 1658 oviculas
2487 1619 2627 1658 meas
2651 1601 2814 1675 (Ibid.
2849 1603 2960 1673 I7).
2997 1603 3062 1657 Et
3109 1613 3164 1657 tu
3197 1604 3423 1657 veniens
3459 1603 3621 1672 lupus

2013 1697 2096 1751 vis
2128 1711 2241 1758 eos.
2273 1698 2362 1767 qui
2395 1709 2742 1751 successores
2771 1695 3048 1750 exstitisse
3079 1695 3429 1750 inveniuntur
3457 1695 3620 1749 beato

310 1785 630 1840 reducturus
679 1783 752 1838 sit
781 1783 962 1839 omnia
1004 1793 1197 1839 contra
1243 1781 1360 1854 ejus
1396 1780 1617 1836 domum
1662 1779 1903 1835 instituta

2022 1790 2195 1855 Petro,
2227 1791 2398 1844 vicem
2431 1803 2621 1859 gerere
2661 1789 3164 1842 mercenariornm?
3191 1801 3286 1842 eos
3313 1802 3450 1856 quos
3474 1788 3616 1856 jam-

310 1875 480 1944 impia
513 1888 600 1930 tua
623 1873 936 1931 conamina.
961 1875 1094 1942 Quae
1123 1874 1210 1930 hic
1235 1875 1333 1930 tihi
1358 1875 1554 1943 injuria
1576 1874 1632 1927 lit
1660 1889 1690 1928 a
1715 1873 1912 1928 nobis?

311 1983 433 2038 quae
480 1967 746 2036 ingeritur
796 1966 1120 2038 Imperatori
1167 1966 1414 2022 Rnu'iano
1461 1967 1792 2024 contumelia
1843 1968 1912 2022 ab

311 2058 650 2117 antistitibus
682 2058 776 2115 Dei
803 2060 932 2126 vivi,
958 2061 1001 2114 si
1024 2068 1081 2116 ut
1106 2069 1200 2115 aut
1222 2059 1384 2114 vitam
1409 2071 1676 2116 aeternam
1709 2059 1914 2114 habeas

310 2150 518 2222 rogaris
568 2160 664 2205 aut
707 2149 922 2206 dicatur
956 2151 1050 2205 tibi
1085 2161 1367 2222 propterea
1402 2151 1546 2222 quod
1593 2162 1785 2207 contra
1814 2151 1913 2207 Dei

312 2243 621 2314 susceperis
652 2258 800 2297 arma
826 2243 1071 2308 domum,
1105 2245 1208 2300 nisi
1247 2254 1297 2300 te
1343 2246 1671 2311 correxeris,
1703 2245 1913 2317 ingenti

313 2336 484 2391 exitio
511 2337 587 2392 sis
637 2337 999 2392 interiturus?
1028 2337 1141 2405 Qua
1171 2337 1370 2393 etenim
1403 2338 1472 2393 de
1518 2355 1576 2393 re
1608 2341 1703 2394 tibi
1746 2355 1915 2395 cunc-

313 2438 490 2484 torum
507 2429 603 2484 Dei
633 2430 833 2484 domus
869 2429 1217 2486 inimicorum
1245 2430 1916 2502 proferimusiinteritum?

314 2523 418 2578 nisi
460 2531 626 2578 utaut
657 2533 804 2580 motu
841 2523 932 2578 Dei
968 2526 1192 2579 territus
1221 2533 1393 2580 temet
1421 2534 1622 2591 mutes,
1658 2538 1750 2581 aut
1785 2541 1912 2582 cum

316 2625 483 2668 temet
506 2615 557 2668 in
585 2623 848 2669 internum
870 2629 992 2670 esse
1021 2614 1217 2670 feceris
1238 2615 1266 2654 δ
1293 2616 1560 2686 punitum,
1595 2633 1694 2673 nos
1735 2620 1916 2675 securi

317 2721 384 2762 ex
415 2708 562 2762 omni
591 2705 995 2786 triumphamus
1024 2721 1218 2782 parte;
1250 2711 1374 2782 quia
1405 2724 1458 2765 et
1490 2723 1609 2766 tuus
1640 2715 1862 2784 sanguis
1885 2729 1917 2770 a

317 2800 475 2857 nobis
499 2817 605 2860 non
633 2803 805 2874 possit
833 2818 860 2862 a
887 2801 1000 2859 Deo
1027 2801 1254 2871 requiri,
1279 2813 1332 2858 et
1358 2804 1482 2873 quia
1515 2804 1797 2862 interitum
1824 2806 1921 2860 ad-

315 2897 686 2951 versariorum
734 2896 988 2950 ecclesiae
1044 2896 1164 2965 ejus
1230 2896 1550 2951 viderimus.
1625 2899 1918 2955 Persevera

317 2989 552 3060 denique
605 2991 657 3042 in
690 2989 790 3042 hac
845 2998 932 3041 tua
967 2987 1258 3057 injustitia,
1304 2995 1361 3042 et
1412 2988 1659 3045 invenies
1695 3007 1814 3060 qua:
1871 3002 1919 3046 te

319 3096 416 3152 pro
449 3079 613 3135 tantis
662 3079 1020 3150 consequitur
1054 3090 1076 3118 ο
1125 3080 1356 3137 meritis.
1406 3079 1668 3151 Superbia
1707 3083 1922 3152 inﬂatus

2016 1883 2224 1954 pridem
2256 1898 2347 1952 per
2371 1881 2659 1937 Jeremiam
2693 1881 3017 1949 promiserat
3039 1880 3241 1949 populo
3276 1895 3376 1934 suo
3399 1880 3621 1936 dicens:

2015 1975 2085 2031 Et
2124 1977 2257 2030 dabo
2290 1975 2429 2029 vobis
2472 1983 2703 2042 pastores
2735 1971 3017 2026 secundum
3066 1987 3154 2026 cor
3200 1988 3390 2032 meum.
3423 1981 3471 2024 et
3499 1987 3622 2042 pas.

2015 2077 2127 2123 cent
2153 2083 2240 2122 vos
2266 2075 2527 2138 pascentes
2548 2080 2664 2119 cum
2679 2064 2958 2135 disciplina
2982 2061 2998 2100 ἰ
3031 2081 3043 2116 :
3067 2073 3124 2118 et
3153 2079 3258 2117 non
3283 2061 3450 2116 dixit:
3483 2061 3629 2116 Dabo

2017 2159 2155 2216 vobis
2187 2156 2548 2212 Constantium
2576 2157 2959 2225 imperatorem,
2999 2155 3090 2224 qui
3117 2170 3204 2208 vos
3234 2153 3394 2225 possit
3425 2154 3477 2207 in
3506 2153 3626 2206 dia-

2019 2251 2123 2306 boli
2171 2260 2367 2306 vertere
2416 2248 2646 2319 prtedam
2680 2245 2814 2319 (λεν.
2867 2261 2948 2310 ιιι,
2983 2245 3094 2316 I5).
3129 2246 3286 2301 Dicas
3338 2261 3436 2300 nos
3482 2245 3627 2300 male

2018 2359 2203 2413 agere,
2242 2344 2364 2413 quia
2413 2339 2700 2411 sacrilegio
2752 2349 2844 2393 tuo
2896 2339 3217 2394 resistamus
3256 2339 3454 2393 virtute
3497 2353 3626 2409 pro-

2020 2438 2149 2493 tecti
2189 2435 2304 2490 Dei.
2326 2435 2620 2491 Videamus
2644 2433 2771 2503 quid
2803 2435 2968 2489 etiam
2997 2441 3266 2502 tempore,
3303 2447 3412 2500 quo
3439 2437 3630 2500 conty-

2019 2541 2222 2583 rannus
2233 2535 2357 2581 tuus
2375 2525 2672 2580 Antiochus
2687 2535 3006 2595 persecutor
3025 2522 3631 2593 nostratreligionisex-

2019 2622 2152 2676 stitit
2174 2621 2298 2692 quid
2335 2621 2561 2676 fecerint
2588 2618 2667 2684 hi,
2702 2619 2793 2689 qui
2821 2619 3183 2673 meminerant
3223 2629 3419 2687 praeter
3452 2617 3625 2672 Deum

2021 2713 2292 2768 neminem
2340 2711 2658 2766 timendum.
2707 2709 2813 2765 Sed
2844 2709 2998 2780 prius
3045 2720 3128 2764 est
3157 2723 3480 2779 cognoscas,
3509 2723 3630 2778 quae

2022 2805 2135 2869 ille,
2163 2806 2246 2858 cui
2276 2813 2332 2858 tu
2375 2803 2567 2856 similis
2597 2816 2673 2867 es,
2712 2801 3026 2872 scripserit;
3061 2803 3140 2856 sic
3185 2803 3388 2856 ctenim
3425 2801 3630 2868 poteris

2024 2895 2324 2964 intelligere
2354 2894 2476 2949 illos
2515 2894 2611 2948 Dei
2640 2909 2850 2960 servos,
2890 2895 3142 2965 quoniam
3178 2895 3190 2943 l
3249 2908 3348 2947 nos
3383 2895 3631 2963 cupimus

2027 2987 2259 3052 mereri
2290 2997 2602 3066 participes,
2636 2996 2904 3051 restitisse
2929 2995 3185 3051 Antiochi
3210 2995 3634 3064 sacrilegio,sic-

2027 3113 2082 3152 ιιι
2126 3108 2182 3154 et
2218 3111 2318 3151 nos
2369 3097 2463 3150 tibi
2517 3096 2627 3150 Deo
2679 3097 2912 3165 propitio
2963 3096 3305 3150 resistamus.
3366 3095 3631 3164 Loquitur

316 3185 408 3270 φ’
448 3175 656 3270 _i"""_is’
689 3173 946 3243 Lucii";
977 3175 1100 3270 qui?
1131 3188 1254 3229 ver“
1299 3175 1392 3254 “bl
1431 3175 1597 3270 dicmf
1645 3175 1783 3244 0"”
1829 3194 1914 3233 me
1943 3175 1988 3240 Ο
2021 3209 2205 3256 sancta
2238 3199 2503 3270 scriptura
2551 3197 2737 3253 dicens
2789 3199 2841 3250 in
2874 3195 3307 3250 Machabmorum
3351 3196 3524 3262 primo
3568 3193 3633 3246 li-

313 3267 542 3336 jnbebas
574 3267 752 3322 facere
786 3278 1030 3336 tempore
1061 3269 1185 3330 isto,
1213 3284 1320 3338 quo
1351 3279 1405 3322 tu
1434 3268 1742 3324 antichristi
1777 3286 1916 3340 prro-

318 3375 509 3415 cursor
537 3359 602 3413 ad
633 3374 731 3414 nos
759 3357 1169 3415 interficiendos
1195 3375 1346 3416 arma
1375 3371 1564 3416 contra
1601 3362 1690 3418 llei
1722 3362 1916 3418 levasti

320 3455 585 3510 domum?
619 3468 862 3523 tempore
911 3468 1019 3523 quo
1051 3454 1310 3511 astitisti
1342 3453 1485 3509 unici
1532 3455 1648 3508 Filii
1699 3456 1788 3509 Dei
1827 3470 1919 3510 ne-

319 3547 515 3618 gitor'l
543 3545 920 3601 Tacet-omne?
957 3556 1009 3600 et
1061 3554 1112 3600 te
1145 3546 1329 3616 lupum
1373 3548 1678 3602 venientem
1713 3549 1776 3601 ad
1822 3547 1919 3603 Dei

323 3641 641 3694 vastandum
673 3654 892 3710 gregem
924 3639 1202 3694 sinerem?
1233 3643 1312 3694 An
1342 3639 1562 3710 dignum
1600 3641 1765 3696 fuisse
1795 3656 1924 3696 cen-

324 3747 412 3786 ses
439 3733 649 3788 obviam
677 3745 928 3803 pastores
955 3732 1048 3786 tibi
1083 3735 1284 3788 iremus
1314 3733 1475 3788 siccis
1522 3718 1707 3800 par'ato
1752 3733 1920 3789 fanci-

326 3827 426 3880 bus
451 3825 517 3880 ad
537 3834 754 3881 nosmet
776 3826 1060 3880 nobiscum
1073 3822 1101 3862 ⁸
1117 3823 1445 3880 commissos
1466 3827 1918 3880 Iransvorandos‘l

325 3917 646 3986 Magnalium
678 3916 856 3972 fuerat
878 3916 1032 3982 satis,
1064 3926 1120 3971 ut
1152 3915 1348 3970 mulier
1384 3917 1487 3971 ista
1542 3918 1650 3971 Deo
1697 3920 1925 3988 cupiens

328 4011 544 4081 placere
580 4009 768 4066 Judith
793 4026 955 4066 manu
995 4009 1332 4065 interimeret
1353 4027 1448 4065 sua
1484 4012 1716 4076 hostem.
1749 4021 1801 4066 et
1826 4025 1926 4068 nos

325 4118 394 4159 ne
411 4104 629 4172 quidem
657 4105 825 4161 verba
848 4104 992 4160 tibia
1014 4098 1244 4160 Domino
1273 4104 1663 4160 restitissemus
1694 4105 1929 4160 instituti

400 4229 426 4256 ει
467 4219 651 4281 Forte,
691 4217 974 4288 quodcum
995 4224 1190 4288 potens
1236 4217 1298 4272 sit
1341 4214 1496 4279 Deus,
1543 4219 1690 4286 cujus
1732 4235 1928 4286 sumus,

329 4306 446 4355 nos,
477 4299 583 4345 etc.
627 4286 878 4344 Galland.
915 4286 1010 4342 sed
1044 4287 1292 4342 Lucifero
1325 4288 1581 4356 frequens
1612 4299 1695 4341 est
1727 4290 1930 4346 locutio

327 4363 466 4485 quod
495 4363 634 4416 enim
662 4376 757 4428 pro
779 4363 938 4433 quia;
979 4374 1089 4432 quo
1125 4359 1176 4413 in
1211 4359 1332 4414 loco
1355 4372 1551 4414 sensus
1592 4367 1695 4420 est.
1725 4363 1815 4414 sed
1843 4377 1930 4415 eos

347 4433 553 4485 iortari.
579 4434 699 4485 auia
726 4442 926 4485 nolens.
951 4441 1085 4485 etc..
1112 4447 1212 4483 non
1235 4446 1343 4485 esse
1373 4439 1420 4482 le
1443 4429 1791 4485 metuendum.
1816 4440 1927 4485 etc.

347 4451 361 4486 l

369 4433 553 4498 artari,
579 4434 699 4499 quia
725 4429 938 4504 potens,
951 4429 1085 4504 etc,
1112 4446 1343 4504 nonesse
1373 4439 1420 4482 le
1443 4429 1791 4504 metuendum,
1816 4440 1927 4486 etc.

2025 3303 2121 3356 III‘O
2155 3318 2169 3355 :
2195 3299 2262 3354 Et
2286 3301 2491 3371 scripsit
2514 3316 2606 3353 rea:
2632 3297 2655 3334 ¹ί
2685 3299 2826 3352 omni
2855 3313 3158 3379 regnosuo,
3183 3305 3240 3349 ut
3265 3304 3398 3350 esset
3427 3296 3654 3350 univer-,

2019 3422 2105 3459 sus
2133 3401 2354 3473 pOpulus
2383 3418 2536 3466 unus,
2572 3410 2619 3454 et
2641 3401 2984 3470 relinquerent
3011 3399 3362 3470 unusquisque
3394 3398 3632 3468 legitima

2020 3522 2136 3559 sua.
2189 3502 2302 3558 EH
2339 3512 2641 3571 receperunt
2670 3517 2846 3556 omnes
2889 3509 3064 3572 gentes
3097 3499 3382 3554 secundum
3424 3498 3634 3551 verbum

2021 3606 2180 3678 regis,
2219 3614 2264 3659 et
2312 3605 2463 3660 multi
2512 3620 2575 3658 ex
2605 3602 2775 3657 Israel
2822 3611 3193 3655 consenserunt
3223 3609 3262 3635 ω
3307 3599 3463 3652 simul
3517 3615 3635 3652 cum

2027 3710 2156 3774 illis,
2207 3718 2252 3764 et
2299 3708 2598 3780 polluerunt
2647 3706 2938 3762 sabbatum.
2975 3703 3038 3758 Et
3089 3703 3229 3758 misit
3271 3718 3365 3756 rea:
3393 3702 3552 3756 libros
3581 3702 3637 3756 in

2024 3821 2052 3848 ιι
2098 3827 2252 3864 manu
2289 3811 2589 3862 nuntiorum
2624 3807 2948 3872 Jerusalem,
2995 3816 3040 3858 et
3089 3806 3318 3858 civitates
3356 3800 3532 3863 Judte,
3579 3808 3638 3854 ut

2025 3901 2158 3955 irent
2182 3909 2298 3971 post
2331 3899 2560 3969 legitima
2591 3909 2778 3954 extera:
2809 3911 2978 3962 terraz,
3009 3906 3055 3950 et
3097 3895 3371 3965 prohibere
3418 3902 3442 3929 ο
3485 3892 3637 3946 holo-

2026 4014 2230 4068 causta,
2258 4015 2304 4059 et
2329 4003 2670 4072 sacriﬁcium,
2692 4010 2738 4054 et
2777 3999 3080 4056 libationem
3105 3997 3169 4052 de
3205 3995 3634 4064 sanctiﬁcatione,

2028 4118 2056 4157 P
2085 4108 2433 4163 contaminare
2475 4105 2688 4159 sabbata
2725 4115 2771 4158 et
2811 4103 2920 4156 dies
2953 4102 3228 4165 solemnes,
3269 4106 3316 4154 et
3354 4106 3382 4146 tl
3409 4097 3642 4166 polluere

2039 4223 2383 4276 mercenarius
2404 4230 2572 4275 autem
2597 4221 2726 4290 fugit
2751 4216 3298 4290 :quiaﬁconductitius,
3324 4223 3432 4270 etc.
3457 4211 3638 4269 Graec.

2038 4295 2312 4365 μιᾳθωτὸς.
2341 4288 2868 4365 mercenarius,_ctim
2897 4288 3076 4365 Lucif.
3310 4354 3322 4365 .

2111 4363 2138 4399 ιι
2183 4354 2346 4417 l’asce
2368 4379 2482 4414 oves
2504 4378 2662 4414 meas.
2695 4361 2853 4413 Vers.
2883 4363 3008 4412 Ant.
3045 4369 3277 4424 utroque
3309 4354 3360 4407 in
3393 4354 3534 4406 loco.

2116 4432 2131 4472 ί
2179 4433 2318 4488 Dixit
2347 4431 2562 4490 Lucifer
2583 4445 2699 4486 cum
2723 4430 3022 4496 disciplina,
3049 4441 3159 4497 quo
3181 4423 3446 4478 scientiam
3464 4433 3514 4478 el
3538 4423 3632 4475 do-

329 4506 397 4559 ad
443 4473 678 4595 mentem
725 4473 855 4595 ire":
899 4473 1188 4595 éallandii
1215 4503 1286 4558 ita
1334 4499 1620 4570 legendum
1664 4473 1929 4568 prwlerea
1957 4535 2010 4595 D
2037 4473 2572 4595 ctrindlniiurell‘e'xit.
2608 4473 2683 4556 La
2711 4473 2897 4554 δενάιῖ.

338 4583 479 4595 -_--.
553 4594 556 4595 ,
587 4593 593 4595 ν
699 4591 742 4595 --
820 4574 970 4595 -.Α-...Α
997 4591 1009 4595 -
1054 4589 1146 4595 ---Α
1241 4587 1346 4595 -.μη
1408 4581 1490 4595 η...
1571 4581 1619 4595 ι-.
1647 4589 1745 4595 ..-μ
1784 4588 1828 4595 --
1863 4574 1894 4595 ..'
2112 4575 2122 4595 :
2181 4576 2408 4595 n.--..-....
2513 4571 2620 4595 ...2--

331 4583 510 4631 esset:
542 4573 630 4630 sed
661 4591 744 4629 eos
773 4573 1009 4639 hortari;
1047 4571 1208 4639 quod,
1234 4587 1371 4638 cum,
1403 4581 1538 4642 etc.,
1565 4581 1620 4628 tu
1646 4589 1749 4631 non
1777 4588 1828 4630 es
1857 4574 1925 4628 ti-

331 4646 572 4712 mendus,
602 4656 709 4702 etc.

403 4716 430 4756 ι’
473 4717 699 4774 Sciveris
729 4715 1066 4788 puniendum.
1099 4713 1346 4772 Galland.
1380 4713 1558 4769 minus
1590 4725 1776 4778 recte;
1806 4728 1932 4770 sen-

334 4805 428 4843 sus
460 4791 604 4846 cnim
636 4787 738 4854 est,
781 4804 898 4844 cum
915 4789 1031 4861 jam
1064 4787 1118 4844 in
1147 4797 1395 4843 aeternum
1421 4788 1694 4844 damnatus
1721 4789 1822 4840 eris
1845 4796 1934 4844 tua

335 4863 509 4915 culpa.
545 4871 651 4915 etc.

413 4879 881 5004 faéofilsiquentur.
907 4929 1024 4986 Lat.
1050 4938 1105 4984 et
1127 4927 1374 4987 Galland.
1393 4926 1802 5001 Consequuntur.
1831 4928 1934 4986 Til.

337 5004 425 5074 vel
451 5004 779 5074 consequitur
806 5017 975 5074 paena.

406 5073 434 5112 ἀ
476 5069 902 5134 Ιιιιιι1ἠοὸὶσεάηι
934 5072 1303 5142 importunum
1334 5069 1549 5127 videtur
1576 5088 1589 5124 :
1621 5079 1714 5123 aut
1746 5071 1938 5139 legen-

337 5147 463 5202 dum
511 5146 761 5200 nobismet
809 5143 1140 5204 commissos,
1197 5143 1461 5200 nobiscum
1510 5143 1936 5204 transuat-nudos.

339 5220 592 5274 Galland.
628 5217 722 5271 sed
762 5215 1032 5271 correctio
1072 5186 1140 5267 ad
1185 5213 1390 5266 calcem
1425 5212 1678 5268 editionis
1709 5199 1939 5272 Tiliaute

341 5290 540 5353 habet,
575 5299 772 5342 nosmet
803 5288 1069 5348 nobiscum
1099 5284 1416 5355 commissos,
1455 5283 1508 5338 id
1539 5296 1621 5342 eat
1644 5325 1658 5352 ,
1690 5284 1822 5340 inter
1847 5301 1943 5340 nos

342 5363 628 5416 discordes.

417 5441 440 5469 ο
482 5431 658 5486 Ονςιξο.
692 5430 908 5487 τίθησιν.
940 5424 1100 5482 Vers.
1135 5425 1263 5483 Aul.
1298 5424 1405 5480 dat.

420 5501 438 5540 ί
486 5502 841 5556 Mercenarius
869 5508 1060 5561 autem,
1097 5505 1144 5549 et
1176 5494 1262 5562 qui
1301 5510 1404 5548 non
1427 5503 1501 5548 est
1532 5505 1825 5562 pastor.....
1859 5497 1945 5552 di-

344 5575 508 5628 mittit
545 5589 783 5631 oves....,
817 5586 901 5636 eas
922 5608 938 5634 ,
977 5576 1027 5620 et
1058 5568 1424 5636 disperguntur
1450 5580 1587 5622 Oves.
1629 5565 1782 5636 Vera.
1815 5569 1943 5622 Aut.

341 5641 576 5700 Tertull.
610 5642 705 5695 ιιι).
738 5631 983 5710 deriiga
1015 5631 1307 5710 iuuet-sec.
1338 5636 1662 5710 ἀει-εζέιιιιαέιο
1692 5635 1856 5710 Cycr-
1889 5639 1942 5700 in

337 5713 604 5787 _¢pist,_nd
632 5712 776 5787 (lter.
810 5705 1280 5787 Cartli.ﬂd58p¢f9l'l
1306 5720 1431 5787 cum
1465 5705 1638 5787 Lucif.
1739 5705 1752 5710 ⁷
1775 5705 1821 5787 ⁷-
1847 5781 1877 5787 __
1916 5771 1917 5774 η

422 5794 445 5831 s
487 5781 693 5839 Eadem
747 5782 798 5835 in
851 5795 952 5835 ms.
1004 5773 1317 5860 Can'tabi'ig.
1374 5775 1530 5838 Vers.
1582 5782 1710 5840 Ant.
1756 5780 1942 5838 addit:

2111 4575 2122 4624 i
2178 4576 2430 4639 Quorum.
2469 4571 2646 4625 Latin.

2109 4643 2135 4683 ¹ι
2181 4631 2331 4699 Vere.
2364 4643 2493 4698 Ant.
2523 4640 2637 4698 Res:
2664 4640 3018 4694 Antiochus...
3061 4636 3439 4699 relinqueret...
3480 4631 3640 4704 legem

2037 4727 2200 4771 tuam.
2233 4715 2332 4769 Ms.
2369 4714 2524 4768 Alex.
2559 4711 2761 4768 omittit
2803 4711 3106 4773 Antiochus,
3147 4709 3221 4762 uti
3251 4705 3426 4761 Lucif.
3457 4704 3637 4761 Graec.

2038 4790 2105 4845 τὰ
2129 4784 2318 4859 νόμιμα
2357 4788 2517 4842 αὐτοῦ
2547 4800 2669 4840 cum
2716 4781 2889 4838 Lucif.
2939 4781 3267 4850 Relinquerrt
3305 4777 3436 4848 legit
3475 4778 3638 4832 etiam

2049 4859 2139 4913 llic
2166 4860 2520 4912 Sabatierius.

2122 4928 2140 4968 λ
2185 4929 2341 4983 Vers.
2376 4930 2502 4982 Ant.
2537 4927 2980 4981 Consenserunt...
3010 4925 3146 4995 regis
3175 4920 3438 4977 Antiochi.
3472 4919 3644 4973 Abest

2047 5017 2077 5054 a
2108 5000 2324 5062 Graaco,
2366 4999 2627 5062 Antiochi,
2655 4999 2730 5070 uti
2761 5014 2790 5050 ει
2818 4997 2997 5070 Lucif.
3205 5064 3254 5070 η
3496 5068 3502 5070 Α
3534 5043 3566 5070 ..

2116 5081 2154 5108 ηι
2196 5059 2572 5124 Consenserunt
2597 5059 2826 5122 servituti
2853 5072 2985 5138 ejus,
3009 5077 3055 5120 et
3080 5064 3503 5132 sacriﬁcaverunt
3529 5059 3644 5112 ido—

2047 5144 2135 5209 lis,
2167 5152 2212 5196 et
2238 5142 2716 5209 coinquinaverunt.
2747 5149 2851 5192 etc.
2874 5137 3042 5209 ’Vrrs.
3075 5142 3110 5188 Α
3125 5145 3203 5190 ιιι.

2117 5203 2146 5252 ίι
2187 5213 2289 5267 Per
2311 5203 2493 5266 manus
2515 5211 2820 5267 nunciorum
2843 5212 2895 5264 in
2916 5208 3228 5268 Jerusalem,
3253 5214 3298 5257 et
3321 5203 3373 5256 in
3398 5216 3643 5254 omnes...

2052 5296 2107 5338 ut
2145 5293 2474 5354 sequerentur
2503 5285 2636 5353 leges
2667 5283 2901 5354 gentium,
2925 5292 3094 5335 terra.
3121 5273 3277 5340 Ead.;
3311 5288 3412 5328 ms.
3455 5274 3642 5327 Germ.

2053 5352 2311 5412 convenit
2337 5352 2562 5410 omnino
2589 5370 2711 5408 cum
2744 5352 2916 5407 Lucif.
2967 5418 3008 5424 _
3449 5422 3457 5424 Α
3611 5413 3622 5424 ,

2125 5436 2148 5461 ⁰
2193 5426 2266 5484 Ita
2300 5427 2351 5479 in
2376 5425 2598 5491 Graeco,
2624 5425 2778 5479 Vers.
2805 5426 2934 5477 Ant.
2957 5417 3385 5491 Etprohiberent
3410 5417 3653 5491 etDsarri-

2047 5497 2166 5566 ﬁcia
2190 5507 2234 5550 et
2259 5497 2573 5566 placationes
2589 5484 2710 5562 ’βενὶ
2731 5496 2785 5549 in
2807 5490 2998 5561 templo
3023 5484 3135 5544 Dei.
3162 5490 3348 5545 Sabat.
3375 5484 3504 5554 legit
3527 5501 3649 5555 pro-

2047 5565 2277 5626 hiberent
2309 5568 2362 5621 in
2392 5565 2565 5624 Lucif.

2120 5650 2144 5688 Ρ
2190 5639 2345 5693 Vers.
2397 5637 2524 5690 Ant.
2581 5634 2647 5689 Et
2691 5634 3018 5702 prohiberent
3063 5629 3309 5694 celebrari
3351 5627 3644 5702 sabbatum.

2049 5710 2227 5767 Graec.
2261 5724 2383 5764 cum
2418 5707 2586 5762 Lucii.
2627 5699 2820 5775 inquo
2846 5706 3255 5762 contaminarent
3284 5699 3425 5775 apud
3452 5699 3644 5763 ﬂabat.

2047 5834 2050 5835 ν
2120 5793 2149 5832 ιι
2187 5779 2254 5838 Et
2281 5778 2598 5852 polluerunt.
2621 5771 2810 5836 Sabat.
2839 5775 2907 5834 Et
2919 5776 3080 5852 jussit
3105 5771 3426 5845 coinquinari
3445 5779 3648 5838 sancta,
