4094 6190
295 269 397 326 961

870 264 960 323 DE
998 261 1141 323 NON
1178 261 1551 357 PARCENDO
1589 263 1657 322 IN
1697 263 1890 324 DEUM
1931 261 2533 336 DELINQUENTIBUS
2570 260 2778 322 LIBER
2816 260 3023 324 UNUS.

3497 265 3623 323 962.

294 391 507 439 ruerunt
529 398 582 437 se
604 382 807 450 ciliciis,
833 393 879 438 et
904 383 1096 439 luctum
1116 384 1591 439 habneruntualde.
1614 383 1681 438 Et
1703 393 1729 422 α
1748 399 1898 440 vene-
1924 388 1975 449 Α
2004 395 2127 441 tate.
2157 385 2296 454 Quid
2325 387 2434 441 tale
2463 401 2492 441 a
2522 386 2680 442 nobis
2704 386 2904 441 factum
2933 383 3297 456 conspexiSIi,
3326 390 3387 440 ut
3416 383 3609 456 digne-

293 487 415 532 runt
446 478 534 548 qui
559 486 705 531 erant
732 493 764 530 a
809 492 949 548 rege,
993 488 1039 530 et
1062 477 1436 545 compellebant
1464 476 1827 531 discessionem
1854 477 1907 529 in

294 569 500 625 Modiin
547 570 801 624 civitatem
842 580 897 624 ut
937 570 1292 638 sacrificarent
1333 586 1352 625 :
1391 579 1438 623 et
1464 568 1493 607 δ
1543 568 1696 624 multi
1736 568 1908 627 Israel

294 674 621 720 accesserunt
651 664 719 717 ad
748 679 854 722 eos.
903 661 972 715 Et
1000 661 1282 718 Matathias
1319 672 1368 717 et
1394 662 1494 732 ﬁlii
1539 662 1650 730 ejus
1691 678 1906 733 congre-

296 756 403 829 gati
431 765 551 809 sunt
583 769 601 808 :
630 752 698 807 Et
732 764 753 791 ο
786 754 1161 825 responderunt
1190 756 1279 825 qui
1306 771 1337 807 a
1363 770 1484 825 rege
1509 754 1656 809 missi
1679 754 1905 820 fuerant,

297 860 348 904 et
367 852 518 904 aiunt
541 848 816 903 Matatltia:
845 849 1068 903 dicentes
1095 865 1112 902 :
1139 846 1389 920 Princeps
1419 860 1467 901 et
1502 847 1688 902 nobilis
1713 856 1761 901 et
1797 864 1912 901 ma—

296 959 432 1015 gnus
474 958 527 996 es
560 942 614 995 in
664 940 866 995 civitate
896 941 1013 998 ista.
1056 949 1103 994 et
1128 940 1469 1009 confirmatus
1507 936 1534 975 ἀ
1562 938 1689 1008 ﬁliis
1722 953 1741 993 :
1772 954 1908 993 nunc

303 1042 327 1071 ο
364 1031 550 1086 accede
597 1032 814 1099 primus,
864 1036 1036 1101 et‘fac
1074 1031 1347 1099 imperium
1390 1031 1546 1102 regis,
1594 1030 1730 1084 sicut
1776 1030 1909 1099 fece-

298 1139 420 1183 runt
445 1143 619 1183 omnes
646 1137 846 1197 gentes,
879 1138 925 1181 et
952 1128 1047 1181 viri
1082 1126 1228 1181 Juda
1254 1140 1301 1182 et
1327 1127 1413 1196 qui
1440 1126 1671 1181 derelicti
1711 1135 1830 1181 sunt
1852 1127 1907 1181 in

300 1218 511 1285 Israel;
558 1231 605 1274 et
661 1222 760 1274 eris
807 1229 862 1274 tu
906 1229 954 1273 et
999 1220 1097 1290 filii
1146 1220 1222 1273 tui
1277 1220 1431 1273 amici
1476 1221 1610 1291 regis
1663 1229 1711 1274 et
1754 1229 1810 1274 tu
1858 1229 1909 1275 et

298 1314 399 1380 ﬁlii
445 1314 521 1367 tui
564 1313 863 1385 gloriamini
905 1312 1170 1385 {argento
1213 1322 1263 1367 et
1313 1329 1466 1385 auro,
1522 1321 1570 1366 et
1610 1312 1907 1367 muneribus

303 1405 509 1459 multis.
549 1404 835 1473 Respondit
869 1403 1157 1458 Matathias
1178 1420 1300 1459 voce
1322 1421 1533 1476 magna,
1561 1413 1609 1458 et
1636 1405 1769 1459 dixit
1797 1419 1815 1455 :
1846 1402 1910 1459 Si

303 1505 329 1545 8
360 1514 533 1552 omnes
580 1507 757 1569 gentes
786 1512 903 1566 qua:
946 1498 1000 1551 in
1027 1497 1179 1551 domo
1228 1499 1361 1570 regis
1410 1497 1629 1551 audiunt
1677 1512 1816 1561 eum,
1850 1504 1908 1550 ut

307 1592 541 1647 discedat
570 1593 923 1662 unusquisque
944 1592 1008 1646 ab
1034 1593 1212 1663 ofﬁcio
1235 1600 1443 1662 patrum
1465 1606 1703 1654 suorum,
1730 1602 1777 1644 et
1804 1590 1909 1645 ele-

307 1697 487 1759 gerunt
520 1688 573 1741 in
602 1686 848 1741 mandata
874 1690 1010 1758 ejus,
1037 1695 1083 1740 et
1116 1702 1210 1757 ego
1241 1687 1269 1722 ιι
1292 1697 1338 1740 et
1370 1686 1469 1757 ﬁlii
1508 1687 1604 1739 mei
1636 1684 1820 1738 ibimus
1853 1684 1907 1737 in

2010 480 2087 534 ris
2118 479 2307 535 dicere
2339 479 2750 534 :Contumeliam
2793 478 2923 534 mihi
2956 480 3072 549 fecit
3103 476 3343 546 Lucifer?
3365 477 3460 533 llle
3492 478 3610 548 gla-

2008 570 2100 627 dio
2123 572 2326 628 occidit
2346 574 2491 643 regis
2515 572 2846 637 ministrum,
2874 570 2968 625 sed
2993 582 3045 625 et
3068 586 3191 625 eum
3210 584 3371 640 quem
3395 570 3613 625 viderat

2007 665 2075 721 de
2102 666 2307 735 populo
2336 679 2437 720 suo
2463 665 2607 735 regis
2638 664 2820 720 edicto
2849 674 2876 714 Ρ
2899 679 3061 734 quam
3098 662 3193 719 Dei
3229 674 3605 734 temperasse;

2008 771 2135 827 ego,
2185 758 2311 827 quia
2352 755 2448 811 tibi
2495 771 2560 811 ac
2600 755 2706 811 tuis
2730 756 2907 813 verbo
2948 756 3152 810 resisto
3193 764 3249 810 et
3289 756 3436 821 dico,
3488 753 3613 809 Non

2009 850 2312 919 derelinquo
2340 851 2682 919 apostolicam
2717 859 2872 920 atque
2910 850 3254 920 evangelicam
3303 850 3480 919 ﬁdem,
3531 850 3610 904 sic

2010 939 2164 994 credo
2194 942 2454 1006 quomodo
2485 940 2815 995 crediderunt
2844 942 3131 1007 Abraham,
3159 940 3337 1009 Isaac,
3369 953 3418 998 et
3446 941 3614 999 Jacob

2010 1043 2182 1103 patres
2206 1034 2401 1100 nostri;
2430 1033 2559 1089 inde
2581 1033 2725 1104 apud
2757 1045 2808 1089 te
2828 1050 2956 1090 reus
2972 1036 3439 1090 contumeliarum
3464 1052 3608 1092 sum.

2012 1127 2067 1184 Si
2121 1127 2321 1183 fuisses
2381 1128 2526 1183 inter
2573 1142 2768 1182 manus
2824 1128 3101 1183 Matatliim
3170 1129 3328 1183 istius
3382 1128 3612 1186 zelantis

2010 1220 2206 1285 Deum,
2254 1227 2350 1274 aut
2401 1220 2455 1275 in
2499 1234 2664 1275 manu
2696 1219 2955 1286 Pliinees,
3004 1222 3087 1276 cui
3139 1222 3510 1278 teStimouium
3555 1223 3613 1279 in

2008 1314 2266 1371 Numeris
2295 1315 2437 1385 apud
2470 1315 2690 1386 Moysen
2720 1315 2976 1384 perhibet
3003 1316 3170 1378 Deus,
3198 1326 3249 1371 et
3275 1316 3619 1387 alienigena-

2009 1425 2128 1466 rum
2176 1424 2330 1465 more
2363 1410 2549 1464 vivere
2593 1417 2859 1474 tentares,
2906 1409 3028 1463 sine
3064 1419 3091 1459 tt
3130 1409 3297 1465 dubio
3342 1419 3394 1466 le
3433 1410 3619 1480 gladio

2010 1501 2408 1565 interficerent,
2451 1501 2529 1556 illi
2555 1508 2607 1556 te
2635 1501 2816 1570 gladio
2842 1500 3058 1555 fuerant
3077 1500 3425 1557 interfecturi
3450 1520 3463 1556 :
3490 1518 3617 1574 ego,

2014 1595 2140 1664 quia
2170 1593 2340 1649 verbo
2370 1594 2613 1647 animum
2647 1593 2800 1647 illum
2835 1604 2984 1648 tuum
3025 1608 3228 1649 cruore
3273 1592 3619 1651 Christiano-

2016 1701 2140 1741 rum
2172 1686 2509 1740 madidatum
2546 1686 2799 1750 vulnera,
2840 1701 2970 1741 reus
2996 1686 3217 1755 judicor
3248 1688 3621 1743 contumelia-

308 1790 668 1837 testamentum
708 1792 916 1851 patrum
967 1792 1286 1836 nostrorum.
1352 1781 1608 1836 Dominus
1650 1782 1905 1853 propitius
1937 1791 1985 1852 Β
2014 1795 2131 1834 rum
2164 1794 2193 1833 a
2224 1786 2297 1833 te.
2325 1776 2456 1841 Cur,
2490 1780 2818 1849 imperator,
2847 1794 2955 1833 non
2991 1780 3282 1835 ulcisceris
3314 1790 3368 1836 te
3396 1780 3464 1835 de
3494 1780 3623 1835 me?

310 1873 453 1929 nobis
484 1875 571 1937 sit,
605 1890 709 1929 non
740 1873 753 1910 ί
784 1874 1194 1943 derelinquemus
1217 1875 1378 1945 legem
1405 1883 1453 1928 et
1472 1874 1912 1945 justiﬁcationes:

308 1967 556 2022 verbumi
598 1968 733 2041 regis
772 1984 874 2021 non
920 1967 1213 2034 audiemus,
1239 1983 1343 2021 non
1387 1964 1758 2020 decliuabimus
1786 1965 1911 2034 offi-

312 2063 448 2116 cium
469 2062 826 2116 deservitionis
855 2073 1049 2116 nostrte
1073 2062 1256 2116 dextra
1284 2063 1360 2114 vel
1387 2061 1620 2114 sinistra.
1660 2059 1729 2115 Ut
1757 2058 1782 2095 ιι
1805 2076 1915 2114 ces-

310 2155 442 2208 sauit
462 2154 601 2223 loqui
631 2171 893 2208 sermones
915 2157 1060 2220 istos,
1085 2156 1299 2209 accessit
1325 2154 1401 2208 uir
1424 2152 1641 2208 ludam;
1669 2152 1721 2206 in
1751 2153 1915 2207 oculis

314 2249 543 2303 omnium
596 2249 889 2319 sacrificare
923 2249 978 2303 in
1037 2247 1241 2303 Modiin
1267 2247 1552 2302 secundum
1601 2258 1917 2317 priet-cptum

314 2341 445 2412 regis
470 2356 488 2395 :
510 2349 559 2395 et
592 2338 609 2377 1
641 2341 769 2395 uidit
815 2339 1125 2406 Matttthias,
1173 2351 1222 2395 et
1250 2342 1444 2394 zelatus
1475 2350 1569 2405 est,
1618 2350 1667 2393 et
1708 2351 1915 2393 contre-

316 2444 551 2487 muerunt
570 2449 715 2487 renes
734 2436 871 2506 ejus,
896 2442 942 2486 et
968 2433 1140 2487 attulit
1164 2434 1297 2485 iram
1320 2432 1601 2486 secundum
1617 2431 1918 2504 judicium:

317 2536 366 2580 et
393 2541 668 2579 accurrens
710 2526 779 2577 ad
808 2540 958 2578 aram
984 2524 1243 2594 interfecit
1267 2540 1407 2589 eum,
1451 2532 1497 2577 et
1525 2534 1564 2560 ω
1590 2524 1757 2577 virum
1784 2523 1920 2593 regis

320 2620 408 2687 qui
439 2621 643 2690 cogebat
672 2620 965 2684 immolare,
996 2619 1187 2674 occidit
1211 2620 1267 2673 in
1297 2619 1389 2673 illo
1418 2606 1675 2686 tempore,
1706 2629 1752 2673 et
1773 2634 1922 2673 aram

322 2709 601 2777 destruxit,
625 2722 669 2766 et
691 2712 965 2766 aemulatus
988 2721 1015 2749 ιι
1037 2722 1113 2766 est
1138 2713 1191 2767 in
1220 2714 1350 2782 lege,
1383 2713 1514 2767 sicut
1541 2714 1659 2783 fecit
1697 2712 1921 2767 Phinees

321 2799 574 2857 Jambrim
617 2804 730 2869 filio
780 2803 986 2859 Salom.
1025 2802 1096 2857 Et
1128 2812 1152 2839 °
1180 2805 1485 2859 exclamavit
1542 2804 1824 2859 Matathias
1866 2808 1921 2859 in

325 2895 531 2948 ciuitate
559 2911 678 2949 voce
707 2911 896 2967 magna
925 2897 1103 2950 dicens
1142 2914 1162 2951 :
1202 2895 1384 2950 Omnis
1426 2897 1643 2950 aemulus
1693 2907 1925 2952 statuens

327 2996 685 3045 testamentum
708 2999 853 3043 exeat
886 2997 1001 3057 post
1024 3005 1123 3043 me.
1154 2987 1222 3043 Et
1249 2992 1382 3063 fugit
1404 3000 1453 3045 et
1483 2991 1594 3062 ipse
1618 2998 1665 3043 et
1695 2991 1793 3060 filii
1813 2995 1927 3064 ejus

325 3080 380 3134 in
396 3091 641 3150 montem,
667 3090 714 3135 et
735 3080 1052 3150 reliquerunt
1076 3098 1409 3153 quiecumque
1434 3082 1687 3137 habebant
1710 3083 1763 3137 in
1800 3085 1926 3137 civi-

2012 1888 2110 1928 cur
2139 1872 2504 1927 contumelias
2539 1881 2659 1927 tuas
2680 1888 2787 1926 non
2812 1872 3057 1942 digneris
3081 1872 3408 1940 defendere,
3441 1873 3624 1927 vindi-

2011 1979 2141 2019 care
2167 1972 2221 2019 te
2250 1964 2319 2019 de
2342 1965 2565 2019 homine
2591 1964 2883 2019 mendico?
2910 1979 3011 2017 cur
3040 1978 3147 2019 non
3176 1964 3314 2019 satis
3356 1979 3524 2033 agens
3549 1963 3622 2019 1‘?

2015 2074 2122 2112 non
2151 2059 2277 2128 quia
2308 2058 2473 2124 nolis,
2504 2057 2601 2114 sed
2630 2058 2757 2127 quia
2794 2056 2893 2113 tibi
2919 2057 3100 2112 adhuc
3140 2072 3249 2111 non
3299 2057 3465 2111 fuerit
3493 2056 3624 2113 data

2020 2160 2268 2222 potestas
2316 2152 2385 2207 ab
2427 2167 2517 2218 eo,
2560 2152 2720 2222 cujus
2757 2168 2843 2207 me
2871 2167 2994 2207 esse
3033 2152 3319 2207 confidens
3365 2152 3464 2207 tibi
3498 2150 3622 2209 haec

2020 2244 2195 2299 libera
2242 2243 2368 2298 dico
2411 2258 2569 2310 voce,
2616 2260 2738 2313 quae
2766 2244 2985 2314 quidem
3010 2245 3160 2315 juxta
3196 2255 3318 2300 tuos
3352 2243 3619 2302 nefandos

2019 2344 2177 2390 actus
2207 2350 2372 2404 prava
2406 2335 2538 2389 milii
2586 2334 2895 2390 videantur.
2930 2334 3051 2390 Tibi
3082 2336 3447 2406 omnibusque
3483 2335 3627 2391 divi-

2021 2430 2113 2485 tiis
2159 2430 2314 2499 regni
2364 2430 2463 2495 tui,
2497 2429 2685 2499 patri'
2730 2444 2949 2499 quoque
2992 2438 3086 2483 tuo
3132 2432 3487 2486 renuntiasse
3523 2444 3629 2487 nos

2022 2539 2147 2579 cum
2179 2523 2409 2587 videris,
2444 2533 2497 2579 et
2527 2537 2556 2576 a
2588 2522 2698 2578 tide
2720 2522 2877 2578 nullo
2902 2533 3064 2593 pacto
3096 2538 3442 2591 recessuros,
3474 2522 3632 2593 pulli-

2020 2618 2164 2672 citus
2210 2618 2231 2653 ί
2280 2617 2613 2687 inSpexeris,
2667 2617 2899 2671 multum
2947 2615 3263 2671 misereri“
3306 2630 3408 2671 nos
3457 2613 3625 2683 scias,

2025 2710 2169 2781 quod
2218 2725 2343 2765 cum
2376 2724 2472 2765 ore
2498 2710 2665 2780 gladii
2694 2710 2879 2764 soleas
2928 2708 3297 2778 displicentes
3336 2706 3433 2763 tibi
3459 2706 3632 2763 devo-

2028 2819 2175 2871 rare,
2206 2804 2362 2859 nobis
2384 2813 2410 2842 ν
2438 2818 2652 2873 pareas.
2678 2802 2860 2858 Credo
2888 2812 2915 2840 ι
2946 2804 3165 2873 pietatis
3195 2817 3382 2868 causa,
3416 2812 3470 2857 et
3504 2816 3634 2871 pos-

2025 2909 2215 2949 sumus
2245 2893 2387 2948 istud
2420 2894 2634 2951 sentire
2673 2894 2744 2950 de
2774 2904 2862 2949 tua
2893 2895 3139 2951 lenitate.
3171 2894 3390 2950 Nullum
3421 2895 3626 2950 etenim

2029 2996 2082 3042 te
2106 2986 2474 3051 interfecisse,
2505 3003 2571 3043 ex
2600 2998 2631 3037 γ
2655 2988 2819 3043 nimia
2854 2999 2942 3043 tua
2974 2989 3313 3059 benignitate
3335 2986 3491 3060 potui
3516 2985 3632 3042 col-

2028 3080 2221 3152 ligere.
2259 3082 2431 3149 Dicis,
2462 3082 2711 3153 superbus
2740 3094 2834 3138 est.
2866 3082 3025 3140 Unde
3051 3084 3151 3140 tibi
3190 3082 3463 3155 superbus
3505 3094 3635 3137 esse

401 3227 427 3256 ι
452 3219 527 3273 Ita
554 3218 609 3273 in
629 3219 841 3295 Grmco.
872 3218 1027 3295 γεγε.
1062 3218 1188 3275 Ant.
1219 3219 1474 3275 Venerunt
1501 3222 1651 3289 illuc,
1674 3223 1760 3292 qui
1785 3222 1929 3279 missi
1954 3220 1999 3285 C
2023 3225 2253 3295 jussum,
2280 3228 2388 3278 etc.

329 3302 472 3366 erant
496 3308 535 3366 ᾳ
555 3307 671 3361 rege
693 3290 972 3366 dntiocho,
998 3302 1055 3346 ut
1076 3306 1313 3366 cogerent
1339 3312 1445 3359 eos,
1468 3295 1557 3366 qui
1584 3290 1925 3366 confugerant

328 3363 383 3416 in
410 3362 665 3416 civitatem
696 3361 905 3428 Modin,
937 3361 1223 3432 immolare,
1257 3377 1303 3419 et
1331 3361 1610 3420 accendere
1635 3361 1785 3431 tura',
1819 3375 1865 3420 et
1893 3384 1926 3420 a

332 3433 442 3504 lege
473 3433 566 3487 Dei
594 3435 875 3490 discedere.

404 3503 432 3580 ιζ
458 3504 595 3580 Fere
626 3524 746 3580 cum
773 3520 874 3561 nis.
905 3506 1090 3563 Germ.
1129 3506 1283 3563 Vers.
1311 3509 1436 3564 Ant.
1474 3506 1542 3563 Et
1572 3509 1721 3562 multi
1747 3510 1809 3565 de
1836 3526 1928 3580 po-

334 3577 459 3645 pulo
500 3576 670 3631 Israel
715 3580 1085 3635 consentientes
1124 3590 1449 3635 accesserunt
1487 3581 1555 3635 ad
1594 3598 1678 3636 eos
1715 3598 1734 3635 :
1766 3576 1926 3637 sed...

334 3657 629 3703 constanter
652 3659 917 3704 steterunt.

412 3718 529 3773 cEt
581 3723 1081 3793 respondentesqui
1130 3724 1275 3776 missi
1315 3735 1461 3779 erant
1512 3723 1579 3776 ab
1630 3726 1927 3790 Antiocho,

339 3790 578 3846 dixerunt
606 3790 879 3847 Mutathite
906 3809 924 3846 :
957 3790 1215 3860 Princeps
1246 3805 1293 3847 et
1331 3794 1719 3851 clarissimus...
1757 3798 1811 3851 in
1833 3796 1932 3847 hac

340 3864 560 3924 civitate,
594 3872 643 3916 et
673 3873 887 3917 ornatus
927 3864 1052 3933 ﬁliis
1096 3876 1142 3917 et
1182 3866 1449 3933 fratribus.
1482 3867 1635 3919 Vers.
1667 3867 1796 3921 Aut.
1837 3864 1934 3919 Di-

340 3947 575 4062 téentes...
605 3943 653 3988 et
680 3934 865 3989 nobilis
885 3952 1006 3989 cum
1029 3934 1252 4003 Gnaeo;
1281 3938 1654 4009 responderunt
1681 3955 1802 3994 cum
1827 3952 1928 3993 IIIS.

390 4020 529 4062 et'm.

390 4020 529 4062 et'm.

412 4073 438 4114 ά
468 4076 819 4147 Conﬁrntatus
840 4078 988 4147 filiis,
1012 4087 1058 4132 et
1084 4078 1351 4146 fratribus.
1377 4080 1551 4136 Vatic.
1578 4096 1699 4136 cum
1718 4080 1930 4138 Graeco.

416 4157 441 4185 *³
470 4146 627 4203 Vcrs.
659 4153 783 4222 ᾼηι.
823 4146 959 4219 Ergo
987 4152 1174 4204 accede
1197 4153 1406 4219 prior...
1428 4153 1705 4222 jussum...
1734 4169 1936 4206 reman-

343 4222 611 4297 seruntjn
657 4217 969 4283 Jerusalem,
1000 4231 1045 4274 et
1086 4217 1256 4275 eris...
1290 4217 1655 4278 inter'anticos
1699 4227 1856 4297 regis,
1888 4233 1939 4279 ct

346 4291 694 4400 antfliﬁcatos
716 4307 847 4345 auro
875 4304 921 4345 et
951 4303 1179 4364 argento.
1757 4291 1803 4355 ⁷,

489 4366 590 4400 μηδ
613 4363 958 4400 ηΙηνίηΙιίΜὸηὸ
1000 4364 1081 4400 ΤιΙ
1132 4363 1227 4400 ξοδ
1252 4364 1506 4400 montium
1534 4366 1675 4400 innal
1708 4364 1803 4400 fnrl

488 4366 590 4417 Pro
612 4363 978 4432 gloriabimini.
1000 4363 1104 4419 'l‘tl.
1131 4363 1228 4420 sed
1252 4364 1507 4419 mendum
1534 4366 1681 4420 inest
1708 4364 1941 4420 fortasse

350 4432 403 4486 in
451 4433 582 4487 edit.
615 4433 759 4501 qunti
792 4433 1109 4490 Gallandius
1154 4438 1317 4491 etiam
1373 4436 1601 4507 corrigit
1647 4436 1715 4491 ad
1760 4436 1938 4493 Graec.

348 4502 744 4570 δοξασθήσεσθε.

437 4525 744 4565 ασυησεσσε.

424 4585 449 4623 ts
480 4574 563 4652 ‘Ut
609 4594 685 4652 In_
714 4575 909 4652 Graeco
940 4592 954 4629 :
984 4579 1262 4652 narrandi
1308 4578 1444 4645 ἔθνη,
1498 4582 1565 4652 ’ζᾴ
1611 4581 1662 4635 ἐν
1703 4577 1821 4652 οἴκῳ
1849 4589 1942 4641 τῆς

2109 3291 2125 3330 ι
2173 3294 2263 3348 Sic
2288 3295 2452 3348 etiam
2500 3294 2556 3349 in
2595 3295 2805 3351 Graeco.
2860 3296 3012 3351 Vers.
3046 3297 3175 3352 Ant.
3226 3292 3294 3348 Et
3332 3294 3554 3349 vidit...
3583 3301 3631 3347 et

2032 3365 2299 3440 doluit...._
2337 3377 2386 3418 et
2424 3382 2674 3440 accensus
2721 3378 2796 3422 est
2840 3367 2988 3440 furor
3030 3369 3143 3438 ejus
3187 3368 3470 3421 secundum
3480 3364 3635 3440 judi-

2031 3436 2349 3510 cium‘legis,
2376 3449 2423 3490 et
2445 3437 2679 3510 insiliens
2708 3438 2983 3510 trucidurit
3004 3436 3117 3494 eum
3156 3455 3314 3510 super
3339 3436 3506 3493 arani.

2103 3517 2143 3543 ω
2170 3506 2404 3586 Omnino
2434 3522 2556 3586 eum
2590 3508 2805 3586 Graeco.
2843 3509 2996 3586 Vers.
3030 3514 3158 3586 A_nt.
3192 3506 3300 3566 Sed
3340 3522 3389 3565 et
3436 3514 3628 3586 virum,

2032 3594 2303 3652 queaturex
2332 3578 2619 3652 Antiochus
2648 3582 2951 3652 miserat....
2973 3583 3028 3635 in
3050 3583 3167 3650 ipso
3191 3593 3436 3652 tempore.

2104 3660 2132 3733 ις
2175 3649 2329 3733 vers.
2377 3655 2509 3705 Ant.
2540 3651 2606 3705 Et
2638 3651 2834 3707 zelatus
2883 3662 2957 3708 est
2996 3649 3489 3726 legem.....‘Zamri
3517 3657 3632 3728 filio

2114 3722 2131 3774 Ι
2170 3722 2261 3775 mi.
3044 3722 3061 3726 ⁷
3517 3722 3529 3728 ’

2034 3723 2439 3863 3αοοῼοηξςιηιίι
2483 3794 2701 3862 penitus
2748 3810 2869 3849 cum
2924 3812 3029 3851 ms.
3063 3796 3250 3852 Germ.
3301 3797 3458 3852 Vers.
3504 3803 3635 3857 Ant.

2040 3865 2217 3945 _()mnis
2255 3866 2339 3945 qui
2385 3863 2554 3918 zelum
2599 3867 2747 3920 habet
2794 3865 2941 3940 legis,
3005 3877 3354 3923 statuens.....
3383 3868 3454 3924 Et
3501 3874 3635 3945 fugit

2036 3938 2244 4004 ipse....
2278 3937 2332 3989 in
2363 3948 2581 4001 montes,
2623 3948 2728 3992 etc.

2109 4018 2137 4056 r
2178 4007 2623 4081 Subaudiendum
2650 4010 2839 4080 magis,
2881 4009 2968 4066 vel
3001 4011 3191 4081 potius,
3235 4022 3290 4067 et
3332 4010 3438 4070 hoc
3466 4014 3633 4071 modo

2039 4095 2185 4149 smne
2216 4082 2474 4147 loquitur.
2506 4079 2610 4135 Til.

2113 4161 2141 4200 q
2182 4149 2308 4205 Sine
2334 4151 2493 4205 dubio
2530 4161 2638 4207 etc.
2686 4152 2848 4209 Prius
2875 4154 3183 4209 membrum
3232 4169 3261 4209 a
3306 4154 3642 4214 dormitante

2042 4220 2269 4276 librario
2297 4220 2641 4296 eil‘ttrmatum
2671 4225 2921 4296 equidem
2949 4236 3099 4296 puto.
3126 4225 3378 4282 Galland.
3409 4227 3638 4285 Videtur

2041 4302 2189 4348 certe
2218 4294 2540 4350 redundare.

2119 4374 2153 4442 ι’.
2182 4361 2287 4417 Cur
2314 4381 2417 4419 non
2439 4367 2509 4418 sis
2533 4383 2712 4436 agens.
2753 4366 2894 4442 Gali.
2917 4368 3122 4442 _miuus
3152 4378 3338 4442 recte;
3390 4370 3637 4442 intelligo

2044 4434 2247 4509 potius,
2272 4451 2362 4487 cur
2387 4452 2486 4509 non
2513 4434 2581 4509 es
2594 4450 2850 4509 satagens,
2880 4437 2932 4491 id
2953 4446 3057 4503 est,
3087 4441 3260 4491 hacin
3282 4456 3337 4493 re
3359 4434 3634 4500 sollicitttvs.

2117 4512 2138 4539 ⁸
2180 4505 2235 4559 Id
2265 4515 2347 4558 cst
2370 4504 2597 4561 diabolo.
2709 4504 2727 4509 ⁷
2826 4522 2865 4551 τοι

2124 4577 2156 4651 ί-
2191 4574 2500 4629 Publicitus.
2550 4576 2857 4651 Latiasqui
2911 4592 3131 4651 sensum
3188 4579 3473 4651 ctmjungit
3513 4598 3636 4641 cum

349 4646 640 4721 βασιλείας,
664 4650 935 4704 ἀκούουσιν
956 4650 1137 4705 αὐτοῦ.
1160 4649 1320 4721 γεγε.
1349 4641 1480 4707 Atil.
1507 4649 1577 4704 Et
1600 4641 1909 4721 respondit.

2047 4646 2214 4721 verba
2236 4663 2549 4721 recessuros,
2569 4659 2625 4703 et
2649 4647 2908 4716 probatur
2931 4665 2959 4702 a
2985 4648 3273 4705 Gallandio
3291 4641 3310 4703 ἷ
3330 4641 3424 4709 sed
3445 4656 3630 4712 aliter:

350 4730 398 4773 et
425 4719 469 4771 si
498 4734 673 4773 omnes
703 4733 877 4789 gentes
907 4722 1017 4791 regi
1049 4719 1300 4774 Antiocho
1340 4719 1692 4776 obediunt....
1714 4740 1746 4776 a
1784 4724 1942 4778 servi-

352 4799 460 4866 t_ute
489 4791 614 4866 legis
643 4801 859 4866 patr_um_
880 4807 1096 4866 suorum
1117 4802 1164 4844 et
1194 4796 1478 4866 consentiat
1510 4795 1772 4848 mandatis
1804 4797 1938 4866 ejus.

357 4859 730 4936 Sabatfqlegit
756 4863 806 4915 in
837 4859 1009 4936 Lut-tf.
1044 4863 1173 4928 Quae
1215 4865 1266 4916 in
1293 4864 1447 4918 domo
1474 4866 1608 4936 regis
1650 4859 1861 4921 παιδιαί.
1895 4873 1944 4919 et

356 4934 672 5006 consentiant
698 4934 957 5006 man_datis
981 4936 1113 5006 ejus.

427 5001 455 5040 h
494 5004 629 5059 Cum
660 5020 763 5059 tus.
791 5004 976 5059 Germ.
1001 5001 1212 5072 printer
1240 5005 1293 5058 in
1339 5014 1660 5072 testamento,
1693 5016 1747 5061 et
1789 5005 1947 5061 addi-

359 5084 469 5129 tum
492 5085 539 5130 et
566 5083 766 5150 fratres
783 5075 904 5129 mei.
942 5074 1096 5150 Vers.
1132 5084 1257 5131 Ant.
1289 5074 1402 5150 Ego
1433 5088 1481 5132 et
1511 5080 1611 5148 filii
1640 5078 1739 5132 mei
1769 5087 1817 5131 et
1836 5082 1947 5148 fra-

358 5155 459 5219 tres
487 5138 589 5219 mei
619 5145 931 5219 obedit-mus‘
946 5138 1046 5219 legi
1076 5158 1183 5202 etc.

439 5216 455 5255 ί
504 5218 657 5292 Vers.
707 5221 834 5292 aut.
877 5214 1014 5272 Non'
1030 5228 1103 5273 est
1136 5217 1283 5273 nobis
1311 5221 1438 5275 utile
1466 5221 1757 5292 relinquere
1781 5220 1948 5292 legem

359 5298 407 5343 et
448 5289 673 5343 iustuias
697 5286 815 5341 Dei.

470 5310 673 5343 uulnus
697 5310 815 5341 uel.

436 5310 464 5409 ί
502 5364 594 5417 Τόν
612 5360 755 5433 λόγον
785 5357 960 5433 Grece.
994 5361 1053 5433 iu
1076 5359 1290 5433 Gompl.
1324 5362 1481 5417 Vers.
1516 5363 1646 5418 Ant.
1693 5363 1821 5417 Non
1849 5380 1948 5417 au-

366 5431 564 5486 diemus
596 5431 751 5503 verba
769 5431 906 5503 regis
937 5431 1199 5496 Antiochi,
1228 5448 1319 5487 nec
1341 5434 1748 5503 sacriﬁcabimus
1773 5446 1944 5488 trans-

365 5508 651 5574 gredientes
679 5501 805 5574 legis
838 5511 1027 5574 nostra:
1054 5503 1333 5574 mandata,
1348 5514 1401 5557 ut
1422 5501 1597 5557 eamus
1638 5504 1801 5557 altera
1841 5505 1945 5558 via.

365 5572 547 5647 Δεξιάεέ
566 5572 933 5647 ἣᾼὰριάτεράν.
955 5573 1129 5628 Graec.
1160 5590 1283 5627 cum
1313 5572 1485 5628 Lucil.

438 5644 463 5681 ιι
509 5644 849 5717 Eadeiuins.
886 5644 1319 5717 Gerunpraater
1358 5656 1475 5699 ante
1500 5644 1685 5717 oculis,
1722 5654 1778 5699 et
1801 5660 1956 5717 super

366 5732 512 5771 aram
535 5716 588 5768 in
616 5712 855 5767 Modiim.
886 5713 1044 5769 Vers.
1079 5712 1208 5771 A'nt.
1241 5714 1317 5769 Et
1355 5725 1529 5780 ut....,
1560 5715 1713 5769 verba
1752 5712 1955 5774 htecl...

366 5788 573 5860 quidam
587 5782 825 5840 Judteus.
836 5824 872 5839 ..
896 5785 1053 5842 idolis
1072 5804 1227 5859 super
1245 5802 1394 5844 aram
1410 5788 1465 5844 in
1479 5787 1680 5844 civitate
1704 5787 1905 5845 Modin.
1916 5828 1930 5844 .
1951 5841 1956 5844 .

2053 4718 2131 4773 Tu
2157 4720 2416 4788 pollicitus
2444 4721 2668 4778 divitias.
2694 4730 2741 4773 et
2772 4721 3045 4789 dignitates
3070 4724 3380 4788 inspexeris,
3423 4744 3515 4782 nos
3540 4744 3641 4784 non

2050 4807 2343 4864 recessuros
2385 4809 2417 4844 a
2462 4792 2565 4859 ﬁde
2606 4792 2876 4864 promissis
2920 4793 3021 4864 tuis
3048 4795 3280 4848 allectos.
3329 4796 3487 4863 Vide,
3519 4815 3642 4864 quae

2051 4862 2614 4937 animadvertimusin
2641 4864 2737 4937 lib.
2768 4862 3101 4919 Moriendum
3124 4882 3234 4921 esse
3259 4885 3352 4935 pro
3379 4862 3492 4937 ﬁlio
3524 4862 3643 4924 Dei.

2123 4940 2150 4967 ι
2176 4930 2401 5013 -Mirari.
2432 4934 2729 5013 Datinzsed
2765 4945 2913 4989 recte
2942 4937 3198 5013 misereri,
3234 4930 3286 4993 id
3335 4930 3442 5007 est,
3490 4956 3647 5013 super

2052 5019 2144 5057 nos
2170 5004 2332 5078 ipsos,
2358 5005 2445 5072 qui
2466 5021 2561 5075 pro
2589 5004 2792 5078 Christo
2820 5023 2924 5061 non
2952 5009 3317 5078 inter/icimur.

2124 5084 2151 5110 ν
2193 5072 2359 5127 Nobis
2389 5072 2577 5129 tamen.
2612 5076 2783 5132 Vatic.

2129 5154 2155 5181 κ
2197 5145 2322 5226 llaec
2345 5148 2413 5228 ad
2449 5149 2727 5228 lenitatem
2769 5149 2942 5215 illam,
2976 5150 3500 5228 et_pliilos0plticam
3550 5170 3649 5228 pa-

2057 5216 2302 5291 tientiam
2326 5216 2514 5272 referri
2542 5232 2792 5288 possunt,
2820 5237 2982 5291 quam
3014 5216 3375 5279 Constantius
3424 5216 3650 5281 allecta-

2056 5289 2170 5356 bat,
2208 5287 2293 5344 vir
2332 5287 2663 5362 caeteroquin
2694 5287 3050 5356 saevissimus,
3084 5295 3286 5362 quique
3320 5298 3648 5353 Arianorum

2054 5373 2276 5435 suorum
2306 5361 2537 5435 consilio
2577 5362 2699 5435 ideo
2728 5363 2975 5434 martyrii
3017 5361 3381 5435 consummati
3416 5369 3648 5435 gloriam

2055 5429 2893 5505 Luciferodenegavittquiaisé
2920 5434 3165 5500 ejusdem
3216 5429 3475 5505 cupidum
3526 5456 3649 5496 esse

2056 5503 2211 5555 valde
2227 5502 2631 5578 praisefcreltat.
2646 5503 2772 5578 Vid_e
2787 5504 2983 5578 Baru‘n:
3004 5505 3069 5559 ad
3084 5521 3174 5559 an.
3195 5502 3324 5571 356,
3353 5524 3408 5565 η.
3433 5510 3524 5578 68,
3554 5511 3645 5568 80.

2130 5576 2475 5653 γΙΕερῳνικῶς
2503 5574 2673 5653 dic__ta_.
2718 5573 2797 5653 De
2824 5574 3063 5653 caedibus
3104 5592 3132 5629 a
3184 5573 3520 5653 Constantio.
3562 5598 3657 5653 pa-

2063 5644 2786 5720 tratis,‘absque‘religionis
2815 5660 3001 5715 causa,
3038 5647 3187 5718 leges
3214 5651 3370 5720 plura
3417 5653 3469 5710 in
3523 5644 3658 5714 A'm-

2063 5717 2279 5773 amiauo
2303 5716 2601 5773 Mrcellino.
