4094 6190
288 313 406 391 sos

852 328 943 385 DE
981 327 1122 386 NON
1163 323 1540 383 PARCENDO
1579 322 1646 382 ΙΝ
1690 323 1881 383 DEUM
1921 321 2532 393 DELINQUENTIBUE
2569 325 2776 382 LIBER
2820 326 3021 385 UNUS.

3491 324 3598 382 966

290 457 520 504 nuerunt
560 446 726 516 legem
752 445 816 498 de
842 443 1076 498 manibus
1119 441 1347 514 gentium
1376 445 1426 495 et
1453 455 1657 509 regum,
1696 447 1743 493 et
1789 455 1890 494 non
1919 449 1970 509 Α
1994 439 2176 503 sionis,
2206 448 2254 494 et
2283 439 2365 493 ira
2411 439 2784 512 indignationis
2816 455 2835 494 :
2864 453 3026 505 nunc,
3063 440 3183 509 ﬁlii,
3209 441 3388 496 remuli
3436 452 3597 523 estote

289 541 549 603 dederunt
601 554 764 593 cornu
812 535 1087 606 peccatori.
1137 536 1274 590 Cum
1331 533 1449 598 illi,
1506 531 1622 586 hinc
1678 532 1770 600 qui
1818 532 1889 586 ita

288 635 533 704 egerint,
588 631 794 687 fuerint
847 631 972 684 lacti
1021 629 1136 684 Deo
1193 627 1581 693 amantissimi,
1645 639 1745 680 nos
1792 625 1892 682 tibi

293 727 614 793 adulando,
678 734 964 794 tecumque
1025 722 1078 777 in
1143 733 1235 777 tuo
1301 720 1576 776 currendo
1639 719 1888 786 scelere,

286 818 473 875 fuerat
517 818 765 889 dignum,
818 824 879 869 ut
907 826 961 868 tu
989 830 1069 877 es,
1100 814 1450 869 elliceremur
1477 813 1589 867 Deo
1623 810 1890 866 inimicis-

288 913 456 970 simi?
485 912 544 969 Si
575 927 676 970 nos
707 910 804 965 tibi
834 911 959 964 hinc
980 907 1229 963 videmur
1260 907 1532 977 iniuriosi,
1562 907 1688 975 quia
1715 903 1893 958 idolo-

288 1005 512 1062 latriam
557 1014 702 1059 tuam
747 1003 1026 1071 suscipere
1071 1003 1503 1071 nequiverimus,
1554 999 1650 1052 des
1701 1011 1891 1062 unum,

290 1113 501 1171 quaeso,
529 1097 616 1167 qui
651 1095 956 1166 pepercerit
981 1108 1048 1148 ex
1095 1094 1187 1148 Dei
1235 1093 1540 1147 cultoribus
1569 1088 1900 1145 adversariis

287 1193 414 1261 ejus
469 1189 778 1260 religionis.
833 1188 891 1242 ln
946 1186 1190 1241 secundo
1244 1185 1387 1240 libro
1433 1183 1643 1246 Eadm,
1675 1192 1896 1237 contra-

284 1283 624 1350 dicentibus,
661 1297 728 1338 ne
753 1282 1000 1344 domum,
1034 1287 1092 1335 et
1121 1278 1408 1348 templum,
1446 1285 1502 1332 et
1532 1277 1810 1331 civitatem
1839 1275 1893 1330 in

289 1376 696 1447 Hierosolymis
742 1373 971 1428 Domino
1033 1374 1428 1436 iustaurarent,
1480 1368 1644 1435 Deus,
1694 1368 1892 1438 inquit,

288 1472 406 1526 cteli
433 1473 545 1539 ipse
571 1468 892 1539 prosperauit
922 1466 1088 1530 nobis,
1111 1475 1158 1520 et
1190 1480 1282 1518 nos
1313 1463 1447 1518 serui
1487 1464 1600 1532 ejus
1629 1475 1897 1533 surgemus

290 1571 341 1619 et
381 1563 778 1631 tudiﬁcabimus,
809 1560 950 1614 uobis
976 1569 1156 1624 autem
1192 1574 1292 1611 non
1315 1565 1389 1611 est
1428 1565 1455 1594 α
1500 1557 1691 1626 portio,
1735 1570 1897 1624 neque

291 1657 484 1712 utentia
512 1656 568 1709 in
596 1653 888 1709 Jerusalem
916 1653 985 1726 (ll
1013 1651 1142 1706 Esd.
1166 1669 1225 1717 u,
1255 1650 1385 1720 ΞΟ).
1418 1650 1483 1726 Et
1516 1649 1654 1704 infra
1711 1649 1896 1704 dicen-

294 1749 442 1806 tibus
469 1747 800 1804 adversariis
822 1762 837 1802 :
863 1724 1130 1814 Numquid
1160 1724 1560 1812 sacrificabant?
1589 1758 1655 1796 an
1678 1743 1899 1796 mandu-

1995 535 2144 606 legis,
2177 544 2224 589 et
2252 533 2375 588 date
2401 536 2602 588 animas
2649 543 2837 588 uestras
2863 534 2932 588 ad
2979 545 3341 588 testamentum
3390 546 3595 606 patrum

1995 639 2312 694 nostrorum,
2339 639 2386 682 et
2417 638 2718 684 mementote
2740 643 2955 700 operum
2982 638 3209 699 patrum,
3233 643 3348 697 qia:
3367 629 3602 696 fecerunt

1994 721 2046 774 in
2079 718 2103 757 δ
2130 722 2331 775 sarculis
2361 722 2492 787 suis,
2517 731 2562 774 et
2584 722 2845 792 accipietis
2875 721 3100 792 gloriam
3129 737 3395 792 magnam,
3425 731 3473 774 et
3503 737 3597 774 no-

1993 827 2112 867 men
2145 822 2414 866 teteruum.
2462 815 2724 867 Abraham
2755 831 2926 867 nonne
2964 815 3020 867 in
3052 817 3330 869 tentatioue
3364 816 3598 869 inventas

1996 915 2070 959 est
2099 905 2290 973 ﬁdelis,
2319 916 2366 960 et
2397 916 2689 977 reputatum
2721 916 2791 960 est
2817 907 2865 960 ei
2892 906 2959 960 ad
2977 908 3286 979 justitiam?
3314 907 3514 977 Joseph
3543 909 3598 962 in

1996 1005 2224 1065 tempore
2265 999 2518 1068 angustia:
2559 1014 2667 1051 sua
2692 998 2968 1052 custodiuit
3007 1000 3330 1065 mandatunt,
3358 1009 3406 1053 et
3431 1003 3597 1070 [actus

1994 1099 2069 1142 est
2091 1089 2333 1160 dominus
2361 1088 2608 1162 Egypti.
2650 1089 2873 1146 Pltinees
2895 1102 3043 1161 pater
3062 1103 3236 1144 noster
3259 1094 3312 1144 in
3338 1092 3351 1128 ί
3377 1093 3596 1147 zelando

1993 1181 2168 1236 selum
2217 1184 2414 1254 accepit
2467 1192 2830 1236 testamentum
2878 1183 3158 1236 sacerdotii
3189 1187 3390 1238 aeterni.
3442 1186 3597 1240 Jesus

1997 1275 2124 1328 dum
2150 1273 2165 1324 i
2206 1276 2440 1347 impleret
2465 1275 2696 1340 uerbum,
2730 1275 2900 1343 factus
2923 1284 2998 1329 est
3024 1276 3133 1329 dux
3161 1277 3214 1329 in
3243 1275 3598 1346 lsrael.'uCha-

1997 1369 2075 1424 leb
2103 1369 2227 1423 dum
2251 1371 2560 1438 testificatur
2601 1371 2652 1422 in
2685 1368 2941 1432 Ecclesia,
2977 1371 3174 1440 accepit
3215 1371 3595 1425 hereditatem.

2001 1463 2170 1518 David
2197 1465 2252 1517 in
2289 1479 2384 1517 sua
2411 1462 2771 1516 misericordia
2818 1473 3121 1518 consecutus
3147 1472 3223 1516 est
3255 1465 3426 1517 sedent
3451 1464 3598 1534 regni

1997 1558 2052 1611 in
2091 1558 2304 1612 swcula.
2352 1556 2539 1610 Helias
2562 1555 2685 1608 dum
2711 1556 2843 1611 celat
2875 1557 3044 1610 selum
3088 1557 3238 1628 legis,
3270 1569 3451 1625 raptus
3476 1556 3500 1596 κ
3522 1568 3596 1611 est

1997 1649 2066 1702 ad
2090 1650 2292 1704 caelum.
2337 1649 2587 1713 Ananias,
2620 1647 2866 1711 Azarias,
2902 1659 2949 1701 et
2983 1646 3208 1703 Misahel
3250 1653 3508 1704 credentes
3533 1651 3592 1702 li-

1999 1742 2159 1795 berati
2185 1751 2307 1795 sunt
2341 1741 2407 1794 de
2434 1742 2667 1810 flamina.
2692 1739 2884 1794 Daniel
2909 1742 2961 1794 in
2991 1758 3084 1794 sua
3111 1741 3446 1811 simplicitate
3472 1744 3595 1798 libe-

294 1841 478 1896 cabunt
511 1843 566 1895 in
597 1841 714 1895 loco
733 1839 865 1894 suo?
893 1854 1061 1892 nonne
1091 1839 1328 1892 ascendet
1363 1837 1557 1906 vulpes,
1583 1845 1628 1890 et
1655 1833 1895 1888 demoliet
1928 1841 1971 1902 Β
1999 1846 2141 1889 ratus
2165 1845 2238 1890 est
2266 1836 2330 1888 de
2360 1851 2447 1888 ore
2469 1835 2699 1888 leonum.
2732 1832 2803 1886 Et
2841 1835 2910 1886 ita
2937 1835 3156 1904 cogitate
3185 1849 3275 1903 per
3304 1838 3595 1905 generatio-

291 1934 322 1974 δ
353 1951 526 1989 muros
571 1932 808 2003 lapidum
847 1949 1024 1986 eorum
1059 1929 1222 2001 (Ibid.
1257 1945 1327 1991 iv,
1355 1929 1458 1995 5)?
1509 1930 1572 1984 Et
1616 1928 1734 1982 haec
1761 1927 1893 1982 dicit

295 2028 364 2084 ad
391 2028 560 2082 Deum
593 2024 938 2093 servus,,ejus
970 2020 1140 2077 Esdra
1173 2038 1185 2073 :
1225 2016 1438 2075 Exaudi
1466 2030 1514 2086 ε,
1537 2019 1674 2074 Deus
1699 2026 1892 2085 noster,

293 2121 417 2191 quia
461 2120 586 2188 [acti
633 2132 808 2172 sumus
837 2115 1271 2178 contemptibiles,
1321 2122 1369 2167 et
1399 2122 1630 2166 converte
1673 2112 1896 2166 convitia

295 2215 529 2285 ipsorum
551 2213 604 2266 in
632 2212 803 2282 capita
824 2211 1077 2278 ipsarum,
1105 2219 1152 2261 et
1173 2206 1241 2261 da
1268 2207 1387 2261 illos
1409 2217 1464 2260 ut
1486 2210 1587 2261 sint
1611 2207 1667 2260 in
1695 2205 1894 2273 derisu,

297 2315 346 2360 et
373 2307 426 2360 in
457 2314 593 2370 terra
616 2301 963 2371 captiuitatis;
995 2309 1041 2354 et
1071 2315 1134 2352 ne
1175 2301 1379 2364 operias
1411 2299 1730 2368 iniquitatem
1757 2298 1897 2367 ipso-

295 2414 434 2463 rum,
448 2408 493 2451 et
507 2405 715 2468 peccata
729 2411 903 2450 eorum
916 2412 946 2447 a
961 2394 1094 2464 [acie
1109 2404 1196 2447 tua
1215 2409 1314 2446 non
1328 2392 1596 2446 deleantur
1613 2389 1661 2461 (ι
1673 2391 1777 2448 bid.
1797 2391 1830 2448 4
1853 2390 1895 2462 ).

300 2491 440 2559 Quid
472 2491 578 2547 tale
607 2504 706 2544 nos
727 2489 871 2544 circa
905 2495 957 2541 te
988 2486 1154 2541 locuti
1181 2485 1404 2540 sumus?
1426 2497 1511 2540 est
1541 2485 1697 2538 testis
1734 2498 1897 2552 quem

299 2586 478 2641 oravit
527 2583 756 2648 Esdras,
807 2596 1082 2652 quemque
1126 2588 1182 2635 et
1207 2595 1309 2650 ego
1337 2593 1459 2644 oro,
1507 2588 1560 2634 et
1591 2579 1770 2633 annuis
1802 2592 1901 2646 per

303 2686 476 2734 totum
509 2676 765 2731 mundum
795 2675 1094 2730 constituta
1143 2673 1262 2742 ejus
1305 2681 1425 2727 orat
1457 2672 1608 2726 beata
1639 2670 1900 2733 ecclesia,

304 2785 422 2828 mea
473 2770 617 2825 circa
649 2779 716 2824 te
751 2770 868 2826 hu-c
911 2784 1033 2823 esse
1081 2778 1224 2829 vota,
1261 2777 1318 2820 ut
1369 2767 1614 2835 corrigas
1659 2779 1899 2832 errores,

302 2863 486 2932 sisque
531 2877 784 2917 unuse:
837 2861 1013 2915 nobis.
1060 2859 1330 2927 Cunspice
1363 2859 1574 2913 interea
1627 2856 1902 2926 quomodo

305 2953 404 3010 Dei
453 2954 706 3009 homines
756 2969 933 3022 neque
981 2951 1324 3006 adversarios
1376 2949 1678 3012 timuerint,
1727 2963 1904 3018 neque

303 3060 494 3103 cutura
526 3048 779 3102 inimicos
832 3047 925 3101 Dei
954 3047 1148 3101 domus
1173 3061 1391 3115 precem
1429 3043 1710 3099 fundendo
1761 3042 1907 3097 desi-

303 3142 501 3208 veriut,
534 3150 591 3196 ut
615 3141 870 3196 videlicet
890 3141 1035 3194 vires
1054 3139 1145 3194 Dei
1169 3137 1445 3208 religionis
1464 3136 1904 3192 adversariorum

1998 1943 2114 1982 nens
2153 1939 2202 1982 et
2243 1929 2640 1999 generationem,
2683 1927 2805 1997 quia
2836 1943 3009 1981 ontnes
3039 1928 3125 1996 qui
3149 1943 3355 1996 sperant
3398 1929 3451 1980 in
3479 1944 3596 1982 eum

1997 2039 2101 2076 non
2142 2022 2547 2093 inﬁrmabuntur
2597 2019 2636 2078 ι.
2688 2019 2755 2075 Et
2781 2039 2814 2075 a
2845 2023 3006 2075 uerbis
3037 2022 3135 2076 uiri
3179 2025 3465 2090 peccatoris
3495 2040 3598 2076 non

2000 2116 2297 2180 timueritis,
2328 2117 2450 2185 quia
2487 2116 2656 2187 gloria
2701 2117 2812 2187 ejus
2839 2115 2892 2169 in
2920 2125 2960 2153 ω
2989 2126 3236 2179 stercore,
3267 2127 3313 2170 et
3362 2131 3553 2172 uermes
3579 2131 3598 2170 :

1999 2208 2155 2262 hodie
2182 2209 2470 2276 extollitur,
2517 2225 2631 2262 cras
2661 2225 2763 2262 non
2807 2208 3116 2275 inuenietur,
3163 2209 3284 2278 quia
3325 2224 3600 2265 conuersus

2000 2309 2076 2354 est
2119 2301 2174 2354 in
2200 2311 2391 2354 terram
2419 2317 2591 2366 suam,
2642 2309 2694 2354 et
2719 2301 2963 2370 cogitatio
2996 2302 3113 2371 ejus
3144 2301 3330 2369 peribit
3360 2310 3408 2355 υ.
3444 2298 3599 2365 Filii,

2003 2396 2388 2467 confortamini,
2437 2406 2485 2449 et
2525 2402 2550 2430 ο
2590 2397 2865 2467 ρνωαιειε
2917 2396 2972 2447 in
3024 2395 3154 2465 lege,
3204 2397 3327 2463 quia
3377 2397 3428 2450 in
3485 2397 3600 2465 ipsa

2000 2487 2214 2559 gloriosi
2252 2487 2413 2540 eritis.
2447 2487 2515 2541 lit
2542 2502 2656 2540 ecce
2677 2488 2888 2541 Simean
2920 2488 3082 2557 frater
3112 2499 3293 2550 vester,
3327 2505 3435 2542 scio
3463 2489 3602 2558 quod

2005 2581 2080 2634 rir
2107 2581 2310 2633 consilii
2341 2589 2453 2645 est;
2503 2579 2654 2632 illum
2685 2579 2862 2633 audite
2887 2589 2935 2644 P,
2970 2582 3080 2648 ipse
3111 2581 3248 2634 uobis
3294 2590 3440 2652 pater
3483 2584 3603 2637 erit.

2004 2670 2075 2726 Et
2107 2671 2278 2726 Judas
2321 2671 2659 2726 Hacltabwus
2700 2674 2850 2741 {artis
2896 2673 3141 2728 uiribusa
3181 2676 3454 2744 juventute
3485 2691 3602 2741 sua,

2003 2767 2070 2818 sit
2113 2767 2249 2820 vobis
2301 2767 2602 2837 principalis
2629 2771 2658 2812 ‘l
2684 2767 2905 2831 militice,
2941 2777 2988 2820 et
3017 2767 3332 2837 expugnabit
3363 2768 3554 2824 bellum
3587 2787 3606 2826 :

2007 2867 2055 2910 et
2100 2858 2364 2912 adducetis
2396 2859 2461 2910 ad
2492 2875 2580 2913 sos
2617 2874 2790 2912 omnes
2832 2861 3054 2929 factores
3100 2861 3227 2932 legis
3258 2870 3306 2914 et
3349 2861 3606 2917 rindicate

2009 2950 2292 3005 uindictam
2328 2954 2506 3024 pepuli
2536 2953 2713 3018 uestri,
2735 2953 3003 3007 retribuite
3030 2955 3414 3010 retributionem
3442 2958 3607 3029 genti-

2011 3044 2435 3111 bus,etintendite
2455 3049 2507 3101 in
2533 3058 2847 3118 prwceptum
2866 3049 2990 3121 legis
3008 3049 3048 3116 (Ι
3068 3048 3246 3104 Much.
3267 3066 3327 3115 ιι,
3344 3052 3434 3118 69,
3448 3054 3604 3123 seq.).

2011 3139 2242 3204 Quando
2285 3142 2466 3210 itaque
2510 3142 2700 3196 videas
2726 3142 2853 3196 talia
2901 3153 3174 3212 praecepta
3207 3144 3425 3199 dedisse
3458 3145 3606 3211 liliis,

303 3236 533 3292 fuissent
589 3236 838 3290 deducta:
897 3233 963 3287 ad
1023 3233 1274 3286 nihilum.
1338 3232 1427 3286 Sic
1487 3231 1691 3284 etenim
1737 3231 1904 3285 etiam
1934 3231 1980 3293 C
2012 3243 2067 3288 et
2094 3250 2157 3289 ea
2209 3236 2494 3290 mandasse
2541 3235 2663 3290 ﬂeri
2707 3252 2831 3305 qua:
2863 3236 3032 3290 etiam
3077 3237 3266 3291 fecerit
3312 3238 3450 3306 ipse,
3483 3255 3608 3293 cum

308 3329 686 3386 sanctissimus
709 3329 926 3398 Moyses
943 3327 1076 3381 dicit
1095 3327 1146 3379 in
1173 3325 1387 3380 cantico
1409 3323 1581 3378 Exodi
1604 3322 1670 3377 ad
1698 3324 1861 3376 Deum
1889 3339 1902 3374 :

309 3420 525 3476 Decidat
545 3418 573 3458 ἀ
600 3436 755 3492 super
782 3436 870 3474 eos
897 3420 1052 3473 timor
1080 3428 1126 3473 et
1155 3427 1346 3472 tremor
1379 3416 1746 3486 magnitudinis
1790 3416 1908 3468 bra-

309 3517 414 3570 chii
437 3517 512 3569 tui
532 3532 550 3580 ,'
584 3516 712 3584 [iant
734 3523 996 3584 tamquam
1025 3514 1224 3581 lapides
1249 3514 1414 3566 donec
1441 3521 1664 3567 transeat
1686 3511 1908 3582 populus

311 3619 428 3664 tuus
456 3608 540 3662 hic
569 3625 718 3678 quem
743 3609 1009 3680 acquisisti
1039 3606 1174 3677 (Ex.
1223 3623 1312 3673 xv,
1341 3607 1465 3674 16).
1525 3606 1680 3660 Talia
1730 3605 1806 3660 illi
1841 3601 1909 3657 ad

312 3704 482 3762 Deum
536 3704 699 3760 verba
747 3703 994 3758 fecerunt
1024 3711 1045 3740 ε
1077 3703 1178 3758 sibi
1209 3701 1422 3758 traditis
1455 3719 1467 3754 ε
1499 3715 1598 3755 nos
1644 3700 1771 3768 quia
1815 3699 1908 3754 tibi

311 3794 564 3862 dicimus,
595 3795 699 3850 Aut
727 3804 1018 3849 conuertere
1045 3793 1116 3848 ad
1152 3791 1343 3856 Deum,
1375 3801 1465 3845 aut
1498 3790 1516 3830 τ
1556 3790 1688 3845 habe
1714 3801 1910 3844 certum

309 3889 444 3958 quod
478 3887 614 3942 Deus
643 3888 710 3941 ad
740 3887 966 3941 nihilum
990 3887 1056 3939 sit
1103 3886 1417 3939 deducturus
1446 3901 1649 3938 onmem
1698 3884 1908 3937 inanem

311 3981 604 4052 superbiam
650 3992 811 4045 tuatn,
843 3980 1094 4036 videmur
1137 3977 1228 4034 tibi
1280 3978 1610 4049 petulantes.
1643 3977 1912 4046 Conspice

311 4073 488 4128 adhuc
518 4073 644 4143 quid
690 4071 885 4127 fecerit
931 4071 1221 4126 Mutathias
1265 4071 1644 4126 sanctissimus
1690 4071 1782 4126 ille
1831 4069 1914 4124 vir

312 4165 543 4222 devotus
570 4167 683 4221 Deo
727 4173 849 4236 post
878 4175 984 4219 tam
1020 4165 1250 4220 illustria
1282 4166 1372 4219 illa
1398 4181 1520 4236 qum
1560 4166 1757 4235 egerit,
1791 4179 1913 4235 qua:

313 4260 475 4314 etiam
524 4258 581 4312 in
610 4256 720 4313 line
749 4257 928 4313 exitus
974 4260 1052 4312 sui
1087 4258 1283 4313 dixerit
1313 4257 1380 4312 ad
1409 4257 1570 4324 lilios,
1605 4266 1657 4312 et
1690 4256 1813 4311 vide
1844 4271 1910 4308 an

313 4362 466 4406 recto
514 4360 701 4405 contra
737 4361 787 4406 Ie
817 4351 1007 4405 ordine
1049 4351 1146 4406 Dei
1178 4350 1297 4404 haec
1323 4364 1544 4420 agamus
1577 4349 1911 4403 sacerdotes.

313 4443 580 4510 Loquitur
605 4443 887 4512 Scriptura
943 4452 1128 4497 sancta
1172 4443 1360 4496 dicens
1406 4457 1420 4496 ε
1468 4441 1918 4511 Appropiauerunt

319 4546 342 4585 ε
375 4537 485 4590 dies
531 4535 804 4591 Matathiaz
835 4535 1111 4602 moriendi,
1154 4545 1201 4588 et
1229 4535 1364 4590 dixit
1404 4533 1531 4604 ﬁliis
1557 4535 1662 4586 suis
1703 4550 1720 4587 :
1761 4532 1917 4587 Nunc

2012 3329 2208 3382 doceat
2239 3329 2318 3382 sic
2361 3328 2722 3396 patriarchas,
2765 3329 3062 3398 prophetas
3091 3340 3145 3383 et
3175 3345 3402 3385 cunetos
3430 3331 3610 3401 justus

2014 3422 2128 3475 Deo
2154 3420 2445 3489 placuisse,
2481 3421 2610 3490 quid
2644 3436 2766 3487 nos,
2801 3428 2855 3474 tu
2903 3422 3216 3487 tencbruse,
3250 3438 3318 3477 ne
3351 3424 3448 3477 tibi
3477 3439 3611 3480 con-

2015 3527 2262 3571 tumaces
2293 3517 2628 3583 videremur,
2679 3515 2930 3572 volueras
2978 3519 3612 3579 lacere?Cessissemus-

2015 3624 2084 3663 ne
2115 3609 2206 3662 tibi
2234 3617 2448 3663 mortuo
2478 3611 2606 3675 vivi,
2645 3609 2736 3664 Dei
2781 3612 2925 3664 Servi
2954 3612 3174 3667 satelliti
3204 3614 3442 3669 diaboli?
3486 3632 3608 3671 cum

2015 3717 2210 3758 cernas
2240 3704 2404 3757 istum
2436 3705 2752 3758 Malatliiam
2787 3705 2972 3762 dicere
3003 3708 3070 3761 ad
3115 3708 3257 3764 lilios
3285 3729 3296 3762 :
3334 3709 3399 3764 Et
3425 3711 3498 3764 ita
3525 3728 3613 3765 co—

2015 3796 2174 3865 gitate
2200 3811 2290 3866 per
2334 3797 2716 3867 generationem
2758 3807 2803 3849 et
2835 3800 3231 3868 generationem,
3273 3803 3392 3870 quia
3441 3820 3614 3857 sumes

2017 3885 2106 3956 qui
2133 3894 2341 3956 sperant
2366 3887 2422 3940 in
2445 3903 2562 3940 eum
2591 3903 2694 3941 non
2725 3889 3145 3958 inﬂrmabnntur.
3179 3892 3245 3947 Et
3273 3911 3304 3947 a
3327 3895 3492 3947 uerbis
3520 3895 3615 3948 riri

2019 3979 2303 4048 peccatoris
2325 3995 2427 4032 non
2451 3980 2740 4045 timueritis,
2771 3982 2893 4050 quia
2918 3984 3083 4051 gloria
3111 3988 3222 4053 ejus
3246 3987 3297 4041 in
3323 3997 3544 4044 stercore
3567 3996 3612 4054 τ,

2019 4081 2067 4128 et
2093 4089 2282 4127 vermes
2309 4089 2327 4126 :
2350 4073 2502 4128 hodie
2529 4074 2814 4137 extollitur,
2841 4085 2887 4129 et
2909 4093 3024 4130 cras
3043 4095 3142 4145 non
3172 4080 3472 4146 iurenierur,
3496 4082 3618 4152 quia

2021 4183 2295 4221 conuersus
2325 4178 2397 4221 est
2428 4169 2481 4221 in
2511 4178 2696 4222 terram
2723 4186 2890 4233 suam,
2923 4181 2968 4225 et
3009 4173 3248 4242 cogitatio
3280 4177 3395 4247 ejus
3436 4176 3619 4246 peribit

2021 4256 2199 4330 (Ibid.
2234 4258 2356 4328 61).
2407 4255 2486 4314 Ne
2536 4259 2628 4315 libl
2677 4259 2925 4330 lnjuriusi
2976 4263 3276 4332 videamur,
3333 4281 3620 4336 parcamus

2025 4349 2124 4404 tibi
2160 4350 2254 4406 Dei
2303 4349 2522 4406 domum
2573 4351 2903 4418 destruenti,
2959 4353 3055 4408 tibi
3085 4357 3176 4424 qui
3231 4353 3391 4414 bodie
3437 4359 3537 4425 sis,
3568 4368 3622 4416 et

2020 4455 2143 4495 cras
2187 4441 2299 4496 eris
2345 4446 2399 4494 in
2427 4457 2643 4496 vermes
2668 4453 2723 4497 et
2745 4452 3016 4508 stercore,
3049 4455 3103 4499 et
3150 4449 3291 4501 hanc
3340 4448 3622 4506 trahamus

2024 4531 2166 4602 apud
2202 4532 2374 4587 Deum
2405 4531 2694 4597 offensam,
2729 4550 2838 4604 quo
2871 4544 3048 4590 tecum
3101 4554 3412 4596 mereamur
3449 4542 3623 4612 redigi

316 4633 608 4702 confortato
638 4638 712 4683 est
753 4629 1018 4699 superbia,
1061 4638 1108 4682 et
1132 4630 1430 4700 castigatio,
1473 4636 1521 4682 et
1551 4637 1749 4698 tempus
1769 4643 1912 4680 euer-
1941 4619 2089 4680 Dad
2138 4624 2394 4679 nihilum.
2446 4623 2738 4695 Cognosce
2784 4634 2906 4697 post
2949 4625 3089 4695 haec,
3139 4630 3270 4699 quid
3318 4633 3480 4690 etiam
3529 4633 3628 4690 ﬁlii

389 4795 414 4824 ⁸
453 4785 610 4849 Apud
660 4786 848 4842 Sabat.
900 4785 1026 4840 Non
1065 4795 1136 4838 est
1164 4786 1358 4856 portio,
1401 4788 1480 4856 fas
1509 4800 1670 4854 neque
1696 4785 1907 4856 mentio.

387 4856 415 4895 δ
461 4858 558 4914 Ubi
589 4858 854 4923 demoliet,
883 4858 1027 4926 quod
1057 4871 1163 4910 non
1201 4864 1282 4910 est
1317 4855 1371 4910 in
1402 4855 1539 4921 usu,
1592 4872 1690 4925 pro
1735 4855 1914 4910 demo-

317 4929 470 4982 lietur
501 4928 656 4991 dicit,
683 4930 737 4982 id
769 4940 872 4993 est,
904 4929 1129 4982 destruet
1151 4943 1210 4980 ac
1238 4927 1448 4998 diripiet
1477 4945 1652 4982 muros
1676 4929 1913 4996 lapideos

319 4999 542 5055 civitatis
574 5017 771 5058 eorum.
806 4999 908 5056 Τιι.

395 5081 417 5111 ε
460 5069 671 5126 Exaudi
697 5072 952 5139 nos,lcgit
979 5069 1347 5124 Sabaticrius.

389 5139 414 5177 ἀ
445 5143 567 5196 llmc
591 5157 828 5196 cunnus.
847 5137 1032 5197 Germ.
1056 5140 1209 5195 Vcrs.
1231 5139 1359 5193 Ant.
1382 5137 1922 5211 Cecidit...magnitu-

323 5213 510 5268 dine...
533 5213 691 5282 lapis,
716 5213 878 5268 donec
900 5221 1217 5281 pertranseat
1234 5212 1465 5283 populus
1497 5223 1640 5276 tuus,
1671 5211 1908 5274 Domine,

323 5285 680 5354 usquedum...
728 5296 861 5348 tuus.
911 5283 1154 5348 Domine,
1222 5282 1360 5337 hunc
1411 5299 1561 5353 quem
1621 5284 1913 5352 acquisisti.

398 5365 420 5393 ι·
465 5355 571 5410 Pro
600 5357 696 5411 sibi
728 5355 951 5410 traditis.
985 5355 1236 5409 Gallam].

398 5365 420 5393 ο
465 5365 571 5410 Pro
600 5365 696 5410 sibi
728 5365 951 5410 traditis.
985 5365 1236 5409 Ualland.

399 5426 417 5464 ί
459 5427 568 5484 Pro
588 5439 728 5484 certo
751 5428 902 5488 scias,
927 5428 996 5479 sis
1027 5434 1222 5489 certus,
1245 5426 1384 5493 quod
1416 5425 1560 5481 Deus
1585 5426 1652 5480 ad
1692 5427 1917 5480 nihilum

322 5511 472 5562 tuam
492 5500 702 5554 reducet
727 5497 1174 5568 superbiam."l'il.

396 5583 420 5620 ες
462 5571 618 5626 Vcrs.
656 5567 798 5622 Ant.
831 5567 1456 5637 Appropinquaverunt...
1511 5583 1647 5621 nunc
1691 5584 1838 5636 ergo,
1886 5586 1916 5620 ο

324 5644 422 5714 ﬁlii
452 5643 981 5714 mattulatoi'es.._..pro
1019 5646 1318 5714 testamento
1348 5648 1556 5714 patrum
1607 5646 1913 5714 vestrarum.

394 5712 421 5752 ιι
463 5713 595 5765 Cum
647 5726 749 5768 ins.
805 5708 995 5768 Germ.
1045 5708 1200 5764 Vere.
1242 5719 1356 5765 aut.
1406 5708 1474 5764 In
1499 5710 1918 5780 generationibus

322 5802 599 5910 διαῗτϐιιιιι
629 5850 753 5910 eod.
788 5849 944 5908 Vers.
967 5852 1096 5908 Ant.
1117 5848 1354 5907 Zelando
1380 5848 1549 5907 selum
1584 5848 1698 5906 Dei.

2103 4782 2117 4832 i
2170 4781 2308 4836 Dum
2331 4781 2580 4850 implevit.
2615 4781 2772 4838 Veis.
2811 4784 2940 4840 Ant.

2096 4852 2120 4890 ιε
2167 4853 2418 4922 Receptus
2446 4864 2519 4908 est
2543 4856 2596 4909 in
2626 4855 2972 4917 ctelum.Eatl.

2103 4922 2120 4961 1
2164 4923 2296 5000 (ium
2327 4925 2542 5000 Grmcg.
2581 4926 2736 4982 Vers.
2768 4928 2900 4985 Ant.
2931 4927 3295 5000 lnﬁrmantur.

2099 5005 2137 5032 m
2174 4995 2311 5078 Fhere
2340 5013 2462 5048 cuin
2487 4996 2704 5078 Graeci),
2723 5001 2794 5061 εἰς
2811 4995 3041 5078 etrapida,
3058 5009 3140 5061 καὶ
3163 5009 3620 5074 cuminum-J7me.

2029 5068 2157 5124 Ant.
2194 5066 2404 5122 Stercus
2433 5077 2481 5147 et
2510 5071 2693 5147 uerutis
2725 5084 2817 5147 est.
2852 5066 3047 5147 Melius
3070 5066 3421 5147 legerem'iu-
3443 5066 3620 5141 Lucil;

2029 5149 2258 5264 stercora
2287 5154 2408 5192 cum
2437 5137 2692 5196 Gallaud.
2725 5143 2908 5201 Subiit.
2955 5145 3104 5216 legit,
3122 5137 3220 5206 We
3251 5137 3617 5210 tiiuueritisxl.

2029 5228 2050 5265 e
2098 5226 2308 5265 verrms.

2161 5228 2184 5262 l'
2293 5247 2308 5262 ο

2021 5228 2070 5265 ει
2095 5228 2590 5364 εϐξίέἴτηιτβθηει.
2631 5283 2784 5364 \lcrs.
2837 5286 2980 5364 Ant._
3018 5287 3087 5364 Et
3131 5296 3519 5364 cras....periit.
3555 5296 3623 5353 Et

2026 5371 2139 5408 cras
2165 5355 2334 5426 liabet
2361 5354 2501 5410 idem
2535 5355 2754 5410 Lucifer
2780 5358 2940 5426 paulo
2968 5359 3126 5416 infra.

2027 5507 2042 5549 ι
2099 5433 2123 5460 ο
2163 5425 2241 5548 ltili
2269 5425 2324 5478 in
2355 5427 2478 5483 eod.
2517 5441 2619 5484 ms.
2653 5425 2805 5486 Veis.
2845 5432 2969 5488 Aut.
3014 5429 3116 5484 Vos
3147 5447 3426 5506 ergo....et
3461 5440 3623 5495 uirili-

2048 5512 2103 5550 er
2128 5513 2211 5554 aut
2237 5512 2284 5554 e.

2099 5513 2325 5651 ficiis.
2375 5569 2502 5623 Ant.
2548 5567 2732 5651 ipsum
2774 5569 2953 5623 audite
3001 5589 3217 5646 semper,
3256 5587 3308 5633 et
3352 5580 3483 5651 ipse,
3513 5591 3622 5640 etc.

2027 5639 2246 5694 Lucifer
2275 5656 2397 5700 cum
2430 5655 2534 5696 ms.
2563 5639 2750 5695 Germ.

2101 5710 2324 5834 :ulvifrs.
2360 5716 2486 5770 Am.
2525 5709 2780 5783 Princeps
2811 5711 3030 5780 ’Μίδωνι
3059 5728 3104 5772 τί
3131 5720 3241 5790 ii)“
3269 5734 3383 5792 ααει
3429 5725 3620 5781 bellum

2028 5796 2230 5851 paputt.

2104 5859 2125 5889 τ
2170 5852 2407 5907 Stercore
2427 5851 2558 5920 eius.
2592 5851 2764 5910 Vatic.
