4094 6190
324 319 428 375 969

883 318 973 376 DE
1011 316 1150 376 NON
1190 314 1562 377 PARCENDO
1602 318 1668 373 IN
1715 317 1905 374 DEUM
1950 313 2557 382 DELINQUEM‘IBUS
2596 311 2801 370 LIBER
2839 310 3046 371 UNUS.

3527 312 3632 369 970

324 434 660 489 sentientibus
699 444 724 471 λ
753 446 926 491 autem
955 438 1214 501 omnibus,
1265 437 1603 491 accersientes
1633 451 1741 499 eos,
1790 449 1923 503 prae-
1950 436 1995 493 Α
2028 432 2418 487 minationibus
2474 432 2877 487 incredulorum
2906 474 2919 495 ,
2970 429 3065 485 sed
3096 428 3258 486 etiam
3284 427 3449 484 fuisse
3476 432 3635 485 obse-

322 539 567 597 ceperunt
596 526 700 581 illis
728 545 790 582 ne
817 531 1025 583 omnino
1058 529 1395 597 laquerentur
1427 546 1587 597 neque
1618 525 1855 581 docerent
1874 529 1925 581 in

322 620 529 674 nomine
550 618 700 675 Jesu.
738 620 1123 693 Respondentes
1169 634 1339 675 autem
1391 622 1575 675 Petrus
1613 631 1659 673 et
1696 618 1925 674 Joannes

320 714 561 767 dixerunt
583 712 610 751 ι)
639 731 658 770 :
686 714 746 769 Si
764 717 969 786 justum
997 725 1070 769 est
1101 732 1274 768 coram
1303 713 1411 768 Deo
1436 730 1521 767 vos
1548 712 1733 769 audire
1753 716 1925 785 potius

318 822 478 876 quam
513 806 696 865 Deum,
732 807 1005 879 judicate;
1057 823 1160 861 non
1205 807 1340 860 enim
1370 820 1647 877 possumus
1678 822 1770 858 nos
1810 820 1924 871 qua?

324 898 590 951 cvidimus
634 906 682 949 et
728 898 1041 965 audivimus,
1103 915 1206 952 non
1258 899 1417 969 loqui.
1466 898 1529 951 At
1582 896 1659 949 illi
1713 899 1924 950 commi-

318 998 505 1044 nantes
532 988 557 1025 ά
590 990 893 1044 dimiserunt
924 1006 1030 1055 eos,
1065 1008 1166 1045 non
1202 993 1510 1045 invenientes
1547 990 1801 1058 quomoda
1827 1007 1924 1062 pu-

316 1086 487 1137 nirent
515 1100 599 1136 eos
628 1094 839 1153 propter
874 1085 1139 1157 populum.
1190 1084 1379 1140 Omnes
1424 1086 1558 1139 enim
1603 1086 1919 1154 honori/ira-

316 1176 438 1230 bant
490 1175 658 1230 Deum
686 1178 739 1232 in
770 1182 928 1248 facto.
966 1182 1229 1235 Annorum
1269 1193 1376 1234 erat
1408 1180 1525 1251 plus
1570 1180 1920 1249 quadraginta

319 1270 496 1337 homo,
527 1272 579 1324 in
623 1286 721 1341 quo
749 1276 945 1343 factum
990 1283 1063 1327 est
1106 1274 1307 1344 signum
1342 1283 1364 1309 θ
1396 1274 1654 1327 sanitatis.
1708 1272 1921 1325 Dimissi

321 1361 341 1401 ί
376 1374 550 1417 autem
600 1373 848 1417 venerunt
892 1365 961 1417 ad
1014 1381 1160 1430 suos,
1193 1377 1239 1418 et
1272 1364 1563 1419 retulerunt
1611 1376 1809 1435 quanta
1850 1365 1918 1418 ad

317 1455 441 1509 illos
489 1456 749 1524 print-ipes
798 1458 1126 1511 sacerdotum
1175 1469 1220 1510 et
1265 1459 1491 1511 seniores
1540 1456 1802 1511 dixerunt.
1855 1459 1920 1510 At

322 1555 347 1594 8
372 1547 453 1600 illi
483 1564 600 1600 cum
629 1548 921 1613 audissent,
955 1565 1060 1602 uno
1088 1551 1259 1602 animo
1306 1548 1600 1602 levaverunt
1648 1564 1821 1602 vocem
1849 1550 1918 1601 ad

321 1636 605 1693 Dominum
653 1650 700 1692 et
742 1640 983 1693 dixerunt
1027 1656 1045 1693 :
1092 1638 1310 1693 Domine
1334 1650 1388 1693 tu
1430 1638 1569 1693 Deus
1615 1641 1701 1711 qui
1752 1639 1919 1710 fecisti

317 1731 525 1794 caelum,
556 1741 606 1783 et
631 1740 840 1796 terram,
873 1742 923 1785 et
965 1748 1129 1799 mare,
1162 1744 1208 1786 et
1240 1733 1411 1785 omnia
1437 1749 1551 1802 qua:
1581 1733 1631 1784 in
1658 1733 1731 1785 eis
1773 1744 1913 1797 sunt,

2028 536 2262 591 eratum,
2297 537 2354 580 ιιι
2384 526 2631 581 ﬁduciam
2667 526 2945 597 loquendi,
3008 525 3482 593 constantiamque
3536 524 3631 579 de-

2027 618 2279 674 fendendi
2334 619 2613 674 veritatem
2665 618 2851 673 fuisset
2907 617 3168 688 apostolis
3227 619 3339 672 suis
3381 618 3632 686 dignatus

2027 714 2268 767 tribuere
2323 713 2486 768 Deus.
2522 712 2576 767 Si
2610 712 2771 781 igitur
2798 715 2896 767 hoc
2925 724 2974 765 et
3009 712 3076 765 ab
3106 712 3368 780 aposmlis
3422 715 3619 763 tactum

2029 816 2113 860 est
2146 806 2322 859 beatis
2346 820 2394 859 et
2431 805 2642 875 pupulis
2675 804 2784 858 Deo
2823 804 3040 866 dientis,
3074 814 3127 857 et
3170 820 3275 856 non
3307 814 3428 857 Stlttl
3459 818 3634 873 nequc

2027 908 2381 952 centuutacts
2425 912 2599 966 neque
2632 898 2937 964 petulantes
2968 896 3096 949 dicti
3123 912 3151 949 a
3183 895 3317 959 Diti,
3370 894 3511 963 quod
3544 909 3632 948 re-

2024 987 2260 1042 stiteriut
2294 988 2531 1041 inimicis
2552 988 2695 1055 ejus,
2715 987 2987 1057 quomodo
3016 1002 3114 1041 nos
3134 987 3363 1041 dicimur
3390 1002 3419 1040 a
3452 996 3503 1040 te
3536 1002 3629 1041 su-

2023 1084 2199 1153 perbi,
2231 1082 2554 1151 petulantes,
2588 1081 3110 1151 contttttteliOsi,qtii,
3146 1081 3269 1133 lieet
3294 1091 3628 1149 peccatores,

2023 1180 2204 1229 tamen
2236 1186 2478 1228 sauctam
2506 1184 2783 1227 teneamus
2838 1172 2995 1226 Iidem
3026 1173 3417 1237 aposmlorum,
3467 1184 3630 1237 atque

2026 1268 2244 1320 illorum
2279 1266 2623 1333 papulorum,
2649 1266 2736 1335 qui
2769 1264 3053 1318 credentes
3085 1262 3295 1316 fuerant
3326 1265 3376 1316 iu
3411 1263 3628 1318 nuit-um

2022 1359 2118 1413 Dei
2149 1358 2386 1413 Filium?
2426 1375 2546 1414 cum
2579 1357 2841 1426 apostolis
2874 1357 3074 1411 idcirco
3104 1356 3348 1424 superbi,
3379 1357 3500 1425 quia
3530 1370 3625 1409 vo-

2021 1469 2139 1508 cem
2195 1463 2337 1506 tuaut
2382 1462 2687 1521 apustatzn,
2729 1453 2851 1519 quia
2920 1459 3158 1503 terrores
3212 1460 3335 1501 tuus
3376 1448 3623 1517 sacrilegi

2022 1542 2225 1597 Christi
2255 1542 2455 1597 milites
2478 1543 2740 1597 ducamus
2769 1558 2864 1609 pro
2899 1542 3092 1606 nihilo,
3128 1541 3251 1611 qui-
3282 1542 3373 1596 Det
3400 1541 3623 1609 Filium,

2023 1650 2211 1690 verum
2268 1634 2361 1689 Dei
2414 1635 2769 1704 prtedicemus
2803 1633 3015 1698 Filium,
3042 1634 3182 1687 sicut
3210 1635 3499 1705 pracdicth
3522 1636 3631 1687 rint

2024 1729 2323 1784 beatissimi
2352 1730 2603 1797 apostoli.
2634 1729 2725 1783 Sic
2752 1743 2853 1782 nos
2882 1728 2974 1781 liii
3002 1729 3263 1793 protervi,
3292 1727 3623 1795 petulantes.

308 1837 397 1891 qut
438 1838 530 1887 per
572 1821 831 1888 Spiritum
862 1834 1120 1887 sanctum,
1167 1834 1214 1877 et
1241 1841 1295 1877 os
1328 1824 1489 1892 patris
1541 1825 1703 1876 nostri
1750 1824 1916 1877 David
1946 1828 1993 1887 B
2022 1821 2239 1890 superbi
2274 1822 2541 1882 videmur,
2601 1830 2658 1874 ut
2692 1819 2895 1874 ,Ιιιάτείδ
2927 1819 3249 1874 videbantur
3296 1819 3627 1875 szttictissiuti

309 1916 454 1982 pueri
485 1914 558 1966 tui
588 1914 768 1967 dixisti
804 1910 831 1949 ιι
858 1930 876 1969 :
907 1914 1082 1980 Quare
1115 1918 1433 1983 {remuerunt
1468 1926 1667 1985 gentes,
1720 1925 1767 1967 et
1816 1933 1909 1984 pos

312 2005 425 2073 puli
466 2004 699 2060 meditati
748 2019 866 2059 sunt
895 2007 1115 2061 inania?
1143 2008 1453 2062 adstiterant
1498 2023 1642 2075 reges
1669 2020 1841 2073 terrae,
1867 2018 1912 2061 et

312 2096 569 2165 principes
596 2109 940 2151 convenerunt
970 2100 1021 2151 in
1063 2116 1222 2152 unum
1262 2098 1504 2152 adversus
1538 2097 1820 2152 Dominum
1863 2112 1912 2153 et

311 2191 559 2244 adversus
582 2188 845 2245 Christum
874 2192 1027 2263 ejus?
1054 2190 1409 2247 Convenerunt
1432 2194 1568 2247 enim
1598 2209 1713 2247 vere
1744 2195 1796 2247 in
1814 2196 1912 2248 hac

309 2282 511 2337 civitate
534 2285 778 2339 adversus
817 2283 832 2321 ί
866 2298 1102 2339 sanctum
1134 2285 1182 2339 F
1184 2287 1331 2341 ilium
1356 2272 1502 2341 tuum
1530 2286 1731 2348 Iesum,
1762 2306 1910 2358 quem

310 2378 526 2441 nnxtsti,
575 2374 809 2431 Herodes
849 2387 895 2431 et
941 2377 1160 2433 Pontius
1205 2377 1411 2433 Pilatus
1437 2395 1553 2433 cum
1581 2380 1818 2451 gentibus
1863 2393 1911 2437 et

314 2468 523 2536 ponatis
550 2468 563 2517 i
602 2468 797 2535 Israel,
827 2471 993 2535 {acere
1013 2488 1131 2542 qua:
1163 2470 1184 2506 υ
1220 2488 1403 2525 manus
1435 2482 1520 2526 tua
1548 2484 1593 2525 et
1637 2475 1909 2528 consilium

309 2562 576 2632 prie/iniit.
611 2561 676 2616 Et
715 2579 873 2627 nunc,
910 2564 1148 2628 Domine,
1197 2566 1394 2632 respice
1421 2566 1475 2617 in
1514 2568 1680 2619 minas
1706 2583 1906 2633 eorum,

311 2662 359 2708 et
382 2655 451 2706 da
473 2656 629 2708 servis
652 2658 754 2710 tuis
780 2672 901 2709 cum
927 2658 1065 2710 omni
1098 2656 1291 2726 ﬁducia
1314 2656 1457 2727 loqui
1498 2661 1703 2712 vcrbum
1740 2673 1907 2726 tuum,

309 2745 431 2797 dum
470 2742 484 2781 Ῑ
520 2746 755 2800 extendis
795 2765 977 2802 manus
1016 2749 1085 2801 ad
1121 2750 1388 2812 sanitates,
1429 2766 1491 2801 ac
1529 2752 1680 2820 signa
1708 2761 1752 2805 et
1784 2768 1908 2820 pro-

309 2839 446 2911 digia
468 2842 705 2911 facienda
734 2858 826 2913 per
854 2860 1037 2897 nomen
1063 2847 1227 2898 sancti
1250 2846 1348 2915 ﬁlii
1370 2846 1444 2898 tui
1466 2844 1615 2899 Jesu.
1646 2844 1715 2902 Et
1736 2865 1850 2901 cum
1868 2858 1908 2885 ιιι

306 2944 558 2997 orassent,
585 2948 755 2988 matus
777 2946 849 2989 est
874 2937 1017 2990 locus
1038 2937 1091 2990 in
1112 2954 1212 3004 quo
1234 2948 1381 2992 erant
1406 2940 1724 3009 caugregati,
1758 2948 1805 2993 et
1826 2957 1907 2994 re—

309 3028 433 3096 pleti
463 3038 581 3081 sunt
605 3044 776 3081 omnes
803 3029 1009 3098 Spiritu
1033 3040 1235 3093 sancto,
1267 3040 1314 3083 et
1343 3030 1680 3099 loquebantur
1701 3032 1908 3086 verbum

305 3115 403 3171 Dei
433 3135 551 3172 cum
577 3135 715 3173 omni
749 3120 965 3189 ﬁducia.
1022 3120 1078 3176 Si
1106 3120 1374 3192 collegisti
1401 3121 1533 3191 jam,
1588 3132 1780 3177 cuncta
1808 3138 1907 3177 cur

2014 1913 2271 1983 apostoli,
2297 1914 2511 1983 quibus,
2543 1916 2587 1966 si
2620 1912 2781 1967 hodie
2809 1915 3033 1967 fuissent
3082 1913 3131 1967 in
3164 1913 3507 1979 corporibus,
3534 1926 3629 1980 p0-

2019 2014 2204 2061 tueras
2237 2007 2351 2060 haec
2381 2007 2567 2061 dicere
2588 2022 2707 2077 quin
2739 2006 2981 2071 dignaris
3005 2005 3195 2061 dicere
3224 2006 3288 2059 ad
3326 2022 3442 2059 nos.
3473 2006 3626 2060 Inve-

2015 2101 2194 2153 nimus
2242 2099 2445 2153 etenim
2497 2114 2717 2170 semper
2747 2111 3074 2168 praeceptum
3125 2099 3201 2153 eis
3232 2116 3325 2152 ore
3356 2100 3625 2153 cnmblas-

2016 2193 2332 2263 phemurum
2366 2201 2579 2247 tuorum
2612 2191 2947 2260 Scribarum,
3002 2192 3428 2257 Pbarismorum,
3470 2193 3621 2260 priu-

2012 2287 2216 2356 cipum,
2243 2296 2405 2356 atque
2430 2286 2698 2353 poutiticis
2724 2284 3056 2349 Judteortuu,
3089 2300 3157 2339 ne
3178 2284 3464 2343 docerent.
3485 2299 3623 2339 neve

2016 2378 2375 2446 pra-dictarem
2404 2394 2622 2432 unicum
2658 2378 2747 2431 Dei
2808 2378 2999 2431 Filium
3027 2394 3040 2429 :
3075 2389 3249 2432 tamen
3284 2378 3411 2447 quid
3440 2378 3513 2430 illi
3546 2376 3623 2432 fc-

2012 2471 2206 2532 ceriut.
2261 2472 2448 2541 accipe
2488 2470 2666 2524 adhuc
2696 2487 2816 2539 quae
2860 2474 3058 2538 scripta
3110 2482 3257 2535 sunt,
3316 2486 3384 2525 ue
3413 2479 3439 2505 η
3474 2470 3613 2525 forte

2014 2560 2187 2631 possit
2235 2563 2473 2616 tenebris
2524 2562 2826 2631 saginatum
2851 2572 2994 2614 eoi-0
3026 2572 3175 2615 tuum
3220 2561 3286 2615 ad
3332 2562 3616 2616 videndam

2013 2655 2212 2711 adduci
2256 2656 2539 2711 veritatem
2573 2672 2587 2710 :
2621 2654 2725 2709 Per
2787 2672 2971 2710 manus
3024 2657 3376 2727 apostolorum
3427 2657 3618 2725 ﬁebant

2012 2750 2195 2820 signa,
2256 2759 2301 2803 et
2354 2749 2595 2819 prodigia
2642 2750 2806 2801 multa
2860 2750 2911 2801 in
2942 2760 2967 2797 ι)
3009 2750 3153 2820 plebe
3182 2766 3200 2803 :
3231 2760 3275 2803 et
3322 2760 3466 2803 erant
3514 2767 3616 2804 uno

2011 2842 2184 2894 animo
2217 2856 2392 2893 omnes
2418 2841 2471 2893 in
2500 2841 2705 2907 porticu
2730 2840 3069 2905 Salomonis;
3098 2849 3400 2893 ca'terorum
3446 2854 3616 2895 autem

2013 2947 2161 2983 nemo
2212 2930 2433 2985 audebat
2460 2932 2527 2982 ad
2558 2941 2584 2979 τι
2612 2931 2730 2984 illos
2781 2933 3023 2985 accedere
3049 2972 3063 2995 ,
3119 2933 3208 2986 sed
3251 2933 3615 3003 magnificnbat

2012 3024 2130 3077 illos
2155 3024 2296 3095 plebs
2326 3039 2344 3076 :
2372 3024 2638 3095 magisque
2674 3034 2694 3059 ν
2724 3026 3048 3078 addebantur
3083 3026 3347 3080 credentes
3388 3025 3614 3080 Domino

2013 3118 2292 3171 multitudo
2322 3119 2545 3170 virorum
2573 3136 2633 3170 ac
2660 3118 2955 3185 mulierum,
2987 3123 3059 3173 ita
3093 3130 3146 3173 ut
3168 3121 3219 3173 in
3250 3122 3435 3188 plateis
3461 3122 3615 3193 ejice-

304 3210 421 3265 btcc
470 3213 875 3279 protulerimus,
908 3215 956 3269 si
985 3214 1243 3269 imbibiin
1297 3231 1459 3270 omne
1505 3218 1721 3286 penitus
1781 3233 1911 3286 prte-
1938 3211 1985 3274 C
2016 3220 2126 3263 νεηι
2178 3211 2413 3279 inﬁrmos
2443 3218 2464 3244 ⁸
2477 3251 2492 3275 ν
2534 3221 2582 3264 ει
2612 3212 2930 3280 imponere"!
2954 3213 3005 3264 δη
3037 3211 3239 3265 [emtas
3269 3223 3314 3266 ει
3342 3213 3568 3282 grabatis
3591 3256 3606 3280 ,

305 3302 619 3374 scriptionis
646 3314 845 3360 nostra!
871 3306 1407 3372 desiderinm,dicere
1428 3309 1654 3362 audebis
1679 3308 1911 3364 ulterius

308 3412 409 3451 nos
438 3413 561 3453 esse
587 3398 935 3469 petulantes?
957 3399 1395 3469 quandoquidem
1433 3400 1619 3455 videas
1649 3416 1748 3455 nec
1772 3416 1905 3470 apo-

303 3489 475 3567 stolos
504 3491 693 3545 beatus
727 3501 1060 3561 temperasse
1088 3492 1319 3547 ducibus
1341 3492 1786 3558 Judmorummec
1811 3494 1910 3548 tui-

238 3580 249 3591 '
302 3582 386 3635 nis
413 3584 765 3639 succubui~se
792 3600 1007 3651 eorum,
1038 3585 1134 3641 sed
1161 3586 1329 3652 magis
1377 3584 1645 3654 intrepide
1691 3600 1910 3655 semper

301 3675 521 3732 duxisse
543 3677 609 3731 ad
640 3676 915 3744 effectum,
949 3678 1052 3734 sibi
1109 3678 1416 3749 delegatum
1464 3678 1689 3731 totidem
1742 3680 1903 3733 etiam

302 3767 393 3823 Dei
420 3770 674 3840 populum
700 3785 808 3827 non
840 3772 1016 3826 solum
1049 3786 1155 3825 non
1182 3770 1351 3827 fuisse
1379 3771 1725 3839 perterritum
1758 3786 1909 3827 cont-

373 3960 396 3987 ⁸
436 3949 885 4006 Consentientibus
914 3962 1086 4005 autem
1132 3950 1388 4015 omnibus,
1432 3960 1487 4005 et
1538 3960 1891 4022 prteceperunt

301 4021 428 4085 illis,
476 4040 595 4077 cum
626 4039 727 4078 ms.
759 4024 1077 4092 Cantabrig.
1130 4022 1255 4076 Hzcc
1295 4022 1491 4076 desunt
1544 4021 1713 4075 Vers
1762 4030 1889 4074 Ant.

301 4110 419 4164 qtnl'
455 4097 615 4147 liabet
652 4136 668 4147 .
699 4093 767 4147 Et
799 4096 1131 4149 urcessientes
1162 4109 1247 4149 eos
1283 4105 1637 4165 pnraperuut
1684 4108 1891 4147 omnino

297 4169 746 4292 ulélocelfsiuhut.
782 4232 1041 4290 Dixerunt
1067 4235 1137 4288 ad
1162 4251 1249 4289 eos
1280 4222 1299 4287 Ξ
1324 4234 1383 4289 Si
1407 4235 1502 4288 hoc
1532 4234 1671 4288 vobis
1687 4237 1890 4306 justum

302 4305 500 4361 videtur
530 4319 651 4361 ante
695 4318 1026 4379 conspectum
1074 4306 1191 4371 Dei,
1225 4306 1363 4360 vobis
1409 4308 1573 4375 magis
1619 4305 1889 4370 obaudire,

296 4387 401 4433 εις.

369 4460 389 4488 ε
416 4448 515 4509 Ea,
538 4448 977 4519 qute.Vers.Aut.
1003 4449 1079 4502 Ea
1103 4450 1261 4504 deest
1280 4455 1336 4501 υῐ
1364 4448 1415 4519 in
1438 4446 1755 4519 itiautabrig.
1782 4461 1883 4499 ms.

363 4521 388 4555 (ί
434 4522 494 4573 At
522 4517 600 4573 ili
629 4531 794 4575 autem
826 4522 1316 4575 administrantes...
1338 4517 1467 4571 nihil
1508 4518 1883 4570 invenientes...

294 4592 461 4662 puniri
480 4602 535 4645 nt
560 4610 666 4654 eos,
693 4592 924 4643 timentes
946 4594 1260 4663 populum...
1287 4589 1645 4663 glorzabttnt...
1664 4588 1719 4663 in
1750 4590 1885 4663 facta

293 4659 407 4716 isto.
447 4663 596 4716 Vers.
631 4669 756 4716 Ant.
790 4659 955 4715 Grmc'
998 4659 1119 4715 eum
1153 4659 1314 4716 Lucii
1370 4660 1452 4716 διὰ
1480 4662 1563 4715 τὸν
1589 4659 1733 4723 λαὸν,
1767 4661 1887 4713 abs-

291 4750 394 4804 que
425 4736 679 4809 timentes,
705 4745 762 4809 et
792 4735 980 4809 iniuriis
1003 4734 1489 4809 7:yov6m,_:_tltst|tt_e
1518 4732 1639 4783 isto.

364 4815 387 4841 ο
431 4806 650 4873 Signum
695 4806 805 4857 hoc.
876 4800 1025 4858 Vera:
1070 4800 1203 4859 'Ant.
1255 4803 1367 4856 Hoc
1413 4803 1567 4857 abest
1592 4803 1752 4855 etiam
1817 4800 1885 4855 ab

291 4874 434 4931 Irett.
469 4876 563 4929 lib.
597 4891 651 4930 Ill
694 4891 741 4929 c.
780 4874 865 4927 12.

365 4947 383 4985 ί
427 4946 659 5001 Omnino
703 4962 825 5000 cum
857 4960 958 4999 ms.
990 4944 1305 5012 Cautabrig.
1339 4942 1642 4999 Vet's.Ant.
1670 4942 1762 4999 Illi
1790 4959 1884 4997 au-

290 5026 411 5078 tem,
548 5029 594 5070 et
624 5022 1155 5071 annuntiarerunt....
1180 5017 1246 5068 nd
1276 5033 1384 5076 eos,
1416 5029 1523 5069 etc.

362 5099 386 5135 8
428 5088 619 5141 Fertne
642 5105 763 5142 cum
789 5089 911 5141 eod.
939 5104 983 5158 pi
1004 5103 1138 5142 inter
1164 5086 1629 5140 unanintiter...ad
1648 5083 1881 5138 Deum...

291 5168 345 5213 tu
371 5175 425 5212 es
478 5160 633 5212 Deus.
666 5158 824 5213 Vers.
857 5161 985 5213 Ant.
1026 5160 1125 5224 Qui
1174 5174 1385 5212 cum....
1419 5159 1729 5210 unanimiter
1771 5174 1883 5209 sus-

288 5233 513 5283 tulerunt
542 5246 712 5283 vocem
743 5248 891 5283 suum
932 5232 1001 5281 ad
1043 5227 1310 5283 Deum....
1342 5242 1394 5282 tu
1437 5227 1573 5281 Deus
1624 5229 1879 5293 fecisti....

286 5301 339 5354 in
365 5302 471 5355 illis
493 5312 634 5356 sunt.
666 5302 851 5355 Subit.
889 5300 1013 5369 legit
1042 5300 1360 5354 audivissent
1388 5318 1483 5367 pro
1512 5300 1796 5352 audissent.

360 5369 491 5495 f’dUt
536 5372 677 5427 Iren.
734 5373 829 5427 ιιι).
861 5387 937 5424 tu.
972 5388 1022 5425 c.
1062 5372 1148 5425 I2.
1190 5370 1345 5425 γει-ε.
1376 5371 1505 5425 Aut.
1552 5370 1741 5425 Dicens
1774 5384 1791 5423 :
1833 5379 1886 5422 ut

360 5460 369 5493 I
416 5482 428 5495 .

322 5459 428 5495 ωα.

286 5458 489 5570 ᾳυέαὐυ
524 5512 666 5568 idem
699 5513 790 5567 ibi.
830 5513 1021 5579 Super.
1050 5512 1209 5567 Vers.
1245 5512 1372 5565 Ant.

357 5586 371 5634 i
424 5584 655 5651 Populo.
700 5584 851 5636 Vch.
890 5590 1019 5637 Atil.

349 5652 375 5692 κ
420 5660 697 5721 Quanta...
727 5652 998 5707 consilium
1041 5664 1185 5707 tuum
1220 5651 1496 5722 pra’ﬁnivit
1520 5651 1707 5720 ﬁeri...
1733 5666 1888 5719 super

283 5727 474 5783 minus.
507 5726 733 5779 Eadem.

361 5794 379 5835 ι
423 5794 492 5850 In
523 5812 581 5852 eo
628 5794 767 5867 quod
811 5812 1019 5850 manum
1059 5806 1198 5851 tuam
1229 5794 1471 5850 extendes
1506 5795 1559 5849 in
1588 5795 1883 5862 sanitatem,

766 5892 1041 5953 Pnnon.
1091 5886 1261 5953 XIII.

2014 3315 2068 3354 ut
2095 3306 2321 3356 veniente
2353 3300 2506 3356 Petro
2532 3304 2606 3356 rel
2630 3304 2808 3356 umbra
2828 3304 3139 3357 inumbraret
3166 3306 3389 3373 aliquem
3410 3322 3609 3360 eorum:

2012 3407 2059 3452 et
2090 3398 2437 3451 liberabantur
2485 3398 2546 3451 ab
2575 3399 2874 3467 inﬁrmita'e
2904 3415 3019 3452 sua.
3056 3398 3407 3453 Concurrebat
3458 3400 3474 3436 ⁸
3526 3418 3613 3453 att-

2013 3502 2113 3545 tem
2130 3492 2407 3545 multitudo
2434 3491 2721 3543 vicinarum
2743 3492 3010 3545 civitatum
3036 3490 3332 3548 Jerusalem
3351 3538 3362 3554 ,
3394 3504 3609 3565 portan-

2013 3592 2088 3639 tes
2111 3584 2366 3650 inﬁrmos.
2389 3593 2437 3638 et
2464 3600 2549 3637 eos
2580 3584 2669 3652 qui
2697 3602 2727 3637 a
2754 3585 3021 3655 spiritibus
3048 3585 3325 3638 immundis
3348 3587 3605 3639 vexaban-

2014 3688 2118 3741 tur,
2152 3687 2199 3730 et
2229 3692 2403 3730 omnes
2460 3676 2797 3730 sanabuntur.
2850 3676 3150 3748 Exsurgens
3180 3687 3208 3713 ιι
3238 3688 3408 3730 autem
3459 3678 3605 3748 prin-

2012 3786 2131 3842 ceps
2158 3771 2500 3831 sacerdotum.
2534 3781 2581 3824 et
2612 3786 2786 3825 onmes
2832 3772 2921 3839 qui
2950 3787 3067 3825 cum
3094 3772 3185 3826 illo
3215 3782 3359 3826 erant
3399 3772 3608 3826 ltxrcsis

1999 3958 2047 4003 et
2076 3950 2245 4023 signa,
2278 3958 2327 4001 et
2357 3950 2597 4020 prodigia
2625 3952 2830 4017 ﬁeri...
2850 3953 2995 4017 pueri
3019 3954 3112 4007 tui.
3144 3954 3279 4008 Ead.

2075 4020 2221 4075 ωἘι
2252 4023 2475 4093 precatis
2504 4024 2698 4077 eis.....
2730 4039 2845 4077 cum
2872 4026 3068 4093 [iduct'a
3092 4026 3233 4079 omni
3264 4024 3459 4081 volenti
3489 4042 3602 4081 cre-

2002 4091 2141 4147 dere.
2179 4091 2313 4147 Eat].

2074 4171 2102 4199 ⁸³
2143 4163 2221 4216 Αη
2248 4168 2397 4231 forte.
2430 4163 2675 4219 Galland.

2074 4243 2097 4269 ο
2140 4234 2243 4305 Cor
2274 4245 2415 4287 tuum
2443 4238 2744 4305 aliquando.
2780 4237 2953 4293 Vatic.

2067 4316 2094 4355 ι)
2136 4304 2291 4359 Vt-rs.
2349 4311 2475 4359 Aut.
2532 4304 2597 4360 In
2642 4310 2833 4377 populo
3032 4311 3345 4366 unanimiter
3543 4313 3597 4365 in

1998 4377 2190 4452 templa
2220 4378 2541 4447 caligiegttlt',
2574 4382 2627 4431 in
2654 4383 3077 4444 portico.Sabat.
3114 4385 3243 4452 legit
3276 4384 3400 4437 eum
3438 4383 3593 4437 Vers.

1993 4454 2031 4499 Λ
2044 4460 2124 4501 nt.
2154 4447 2254 4499 l’er
2279 4463 2462 4499 manus
2485 4458 2678 4502 autem.

2066 4528 2092 4565 q
2132 4516 2455 4587 Coitjuttgere
2476 4519 2548 4569 cis
2714 4534 2799 4570 eos
2818 4520 2978 4585 plebs.
3004 4519 3155 4574 Vers.
3183 4526 3307 4575 Ant.

2065 4597 2086 4624 τ
2136 4586 2493 4663 .ilugisantem
2531 4589 2914 4663 adﬁciebantur
3121 4592 3345 4645 virorum
3394 4611 3593 4663 quoque

1989 4658 2182 4713 etmul.
2213 4654 2339 4710 liud.
2396 4654 2684 4726 Magisque.
2735 4660 2787 4713 In
2826 4663 2923 4715 Ms.
2958 4661 3212 4715 Cantabr.
3256 4654 3594 4719 Sdiaitezius

1992 4734 2141 4799 legit.
2176 4730 2225 4783 in
2253 4727 2422 4781 Lucil.
2457 4728 2726 4800 Magisque
2744 4735 3027 4802 augebatur
3056 4739 3376 4789 credentium
3401 4737 3453 4790 in
3484 4735 3594 4791 Do-

1992 4818 2132 4855 mmo
2153 4813 2260 4854 ulc.

2067 4882 2089 4909 ι
2135 4872 2285 4925 Vers.
2322 4870 2451 4944 Ant.
2486 4869 2758 4944 gratos,
2789 4882 2838 4926 et
2861 4886 3105 4944 ponerent
3134 4888 3253 4931 ante
3280 4895 3362 4933 eos
3512 4880 3593 4935 vel

1994 4943 2173 4998 umbra
2219 4946 2327 5015 ejus
2372 4943 2700 4997 obumbrnret
2740 4943 2896 5000 alicui
2927 4962 3085 5001 ....e.'
3139 4949 3478 5004 liberarentur
3528 4954 3590 5004 ab

1992 5018 2129 5069 onmi
2159 5016 2473 5079 valetudine,
2503 5031 2659 5085 quam
2715 5017 2827 5069 hab.
2847 5018 2987 5071 bant.
3023 5022 3199 5075 Graec.
3226 5024 3256 5079 ἡ
3284 5024 3407 5077 σκιά
3460 5040 3591 5074 stm-

1990 5088 2234 5211 [biliciten
2256 5086 2329 5137 ttti
2356 5087 2525 5139 Luetl'.
2559 5090 2894 5143 Sabatierius
2926 5092 3393 5160 It'gtlpOIiet‘t'nl,et
3419 5092 3592 5147 obum-

2026 5166 2185 5210 raret.

2026 5166 2185 5210 raret.

2070 5234 2086 5265 ι
2130 5228 2264 5281 Cttm
2297 5226 2511 5305 (ξι-πλεο,
2544 5230 2834 5305 συνέρχετλο
2854 5230 2927 5287 δέ.
2958 5229 3091 5285 Cum
3143 5231 3586 5305 Mss‘Cantab-ia.

1994 5296 2061 5350 Et
2090 5316 2172 5368 qui
2199 5298 2427 5351 vexaban
2452 5317 2514 5354 ur
2536 5302 2596 5353 ab
2618 5296 2883 5365 spiritibus
2910 5305 3205 5357 immundis.
3241 5302 3396 5356 νοτε.
3457 5296 3583 5359 Alit.

1998 5369 2339 5441 Quamobrem
2367 5372 2699 5426 concurrebat
2728 5384 2775 5425 et
2803 5377 3076 5426 multitudo
3098 5375 3313 5441 ronjunc
3337 5391 3482 5428 arum

1989 5442 2043 5515 in
2070 5439 2385 5501 Jerusalem,
2415 5444 2686 5515 aﬂeicntes
2714 5460 2881 5497 secum
2914 5483 2927 5497 .
3050 5459 3097 5497 et
3114 5439 3319 5498 ceratos
3337 5464 3365 5497 a
3386 5448 3583 5515 spiriti-

1990 5510 2081 5563 bus
2104 5515 2401 5573 immundis,
2424 5516 2511 5581 qui
2540 5530 2643 5566 cura
2665 5513 2837 5568 bantur
2873 5516 3117 5569 universi.

2064 5590 2089 5616 υ
2136 5582 2289 5655 Ven.
2323 5589 2427 5655 Aut
2486 5584 2549 5635 Iit
2579 5587 2689 5636 ha'c
2713 5587 2885 5638 videns
2915 5598 3058 5655 ωηεν
3111 5588 3305 5641 absunt
3336 5590 3499 5643 etiam
3533 5592 3582 5645 in

1992 5650 2091 5705 M-.
2129 5654 2385 5705 tiautabr.
2414 5651 2434 5723 )
2612 5670 2725 5707 cum
2751 5672 2811 5709 eo
2840 5650 3118 5712 constituta
3144 5661 3352 5715 hwresis
3505 5678 3583 5715 re-

1991 5724 2115 5793 pleti
2142 5733 2259 5777 sunt
2288 5724 2419 5777 zelo.

2954 5890 3027 5955 31
