4094 6190
367 279 475 339 9Ἴὸ

942 282 1034 342 DE
1070 284 1208 343 NON
1249 283 1620 341 PARCENDO
1660 281 1724 339 ΕΝ
1770 281 1958 339 ὓΕυΜ
2001 280 2598 353 DELINQllENTiBUS
2639 288 2845 348 LIBER
2883 290 3086 351 UNUS.

3555 295 3661 354 974

370 417 520 469 num,
553 403 640 457 vel
685 417 808 458 eum
839 411 948 458 tum
996 403 1114 474 ejus
1146 403 1472 471 discipulum
1497 411 1645 458 tuum
1687 403 1957 460 conscoti-
1985 400 2038 458 Α
2061 397 2336 456 Joannes?
2366 401 2599 461 Herodes
2618 417 2788 464 autem
2810 411 3066 464 telrarcha
3084 426 3200 465 cum
3227 415 3573 483 eorriperetur
3597 416 3672 472 alr

371 508 498 547 num
522 501 548 531 ει
569 536 584 560 ,
616 493 716 548 uisi
769 495 890 565 quia
923 504 977 548 tu
1003 503 1128 551 ante
1155 496 1332 550 omnia
1357 495 1536 560 dicas,
1568 495 1658 550 ille
1691 511 1818 550 vero
1844 505 1965 566 post
2063 492 2156 546 illo
2170 496 2784 566 prapterxﬂerodiadem
2797 519 3009 557 uxorem
3026 504 3206 572 fratris
3229 505 3331 573 sui,
3348 516 3396 560 et
3413 508 3477 562 de
3495 510 3660 564 omni-

371 584 579 640 omnia?
603 585 870 641 Caeterum
895 601 996 641 una
1019 586 1170 641 vobis
1193 586 1531 641 crudelitatis
1558 584 1588 624 ι)
1610 597 1773 657 atque
1792 589 1967 642 incre-

372 679 618 735 dulitatis
669 694 823 734 mens
853 689 960 746 est,
990 688 1050 734 ut
1095 681 1369 746 diceretis,
1416 695 1523 735 non
1570 678 1769 735 habere
1796 679 1965 735 Deum

379 782 401 810 ε
433 787 620 827 verum
670 771 885 826 Filium.
945 772 1148 827 Contra
1193 772 1390 838 videte,
1451 771 1724 842 quomodo
1753 773 1820 827 sit
1847 787 1969 828 cre-

375 867 512 922 dens
569 876 752 923 sancta
815 867 1064 923 ecclesia.
1113 866 1380 921 Credimus
1416 864 1444 903 ἀ
1489 867 1544 920 in
1589 883 1749 920 unum
1805 866 1968 920 Deum

379 958 589 1013 Patrem
630 959 1060 1028 omnipotentem,
1110 959 1385 1013 visibilium
1437 967 1460 998 ο
1494 967 1542 1011 et
1595 958 1972 1036 invisibilium,

372 1051 620 1120 factorem
644 1094 660 1116 ,
708 1060 758 1104 et
796 1051 849 1104 in
901 1067 1057 1105 unum
1111 1049 1388 1105 Dominum
1443 1050 1621 1104 Jesum
1657 1050 1674 1087 τ
1710 1050 1971 1104 Christum

377 1143 574 1199 Filium
625 1143 724 1198 Dei
782 1157 959 1198 natum
1007 1143 1069 1197 de
1097 1142 1259 1196 Patre
1285 1154 1331 1209 8,
1377 1145 1470 1196 hoc
1497 1153 1570 1197 est
1598 1144 1662 1196 de
1689 1143 1972 1196 substantia

375 1236 570 1302 Patris,
609 1235 772 1291 Deum
798 1237 860 1291 de
887 1235 1013 1304 Deo,
1045 1237 1214 1291 lumen
1244 1237 1306 1290 de
1347 1237 1558 1301 lumine,
1588 1235 1752 1289 Deum
1799 1250 1972 1291 verunt

376 1329 442 1384 de
499 1329 605 1384 Deo
651 1346 788 1396 vero,
840 1339 1018 1383 narunt
1069 1347 1168 1384 non
1198 1327 1225 1365 ιλ
1249 1334 1463 1400 factum,
1498 1330 1650 1383 unius
1691 1328 1975 1384 isubstan-

375 1425 464 1478 tia!
512 1440 628 1477 cum
688 1421 861 1485 Patre,
913 1423 1052 1492 quod
1097 1421 1266 1477 (ἐνωςὶ
1312 1421 1494 1475 dicunt
1527 1420 1828 1493 ὅμοούσιον,
1885 1438 1978 1489 per

375 1531 524 1586 quem
571 1514 743 1568 ontnia
799 1497 940 1584 facta
967 1524 1106 1578 sunt,
1139 1513 1276 1567 sivei
1313 1529 1430 1584 qua:
1455 1515 1507 1566 in
1537 1516 1683 1578 caelo,
1733 1515 1838 1568 sive
1863 1529 1976 1584 qua:

375 1608 587 1663 interra
613 1616 756 1673 sunt,
789 1608 878 1678 qui
899 1619 1106 1678 pr0pter
1131 1623 1222 1661 nos
1251 1606 1481 1662 homines
1508 1616 1560 1661 et
1589 1617 1798 1678 propter
1848 1624 1979 1661 nos-

377 1711 511 1757 tram
565 1701 786 1757 salutem
829 1701 1114 1768 descendit,
1171 1711 1218 1755 et
1268 1702 1572 1756 incarnatus
1621 1709 1719 1766 est,
1772 1698 1975 1755 homo"

2066 585 2157 640 bus
2172 589 2325 642 malis
2341 606 2454 658 quae
2465 593 2583 664 fecit
2605 593 2855 664 Herodes,
2883 597 3073 662 adiecit
3094 599 3189 652 hoc
3211 615 3367 670 super
3381 603 3578 667 omnia,
3597 613 3647 656 et

2067 679 2282 733 inclusit
2312 679 2567 738 Joannem
2604 686 2659 739 in
2701 688 3170 759 earcere(Luc.tn,
3209 690 3279 747 l9
3307 690 3347 761 ).
3383 691 3498 760 Qua
3525 693 3590 749 de
3605 709 3666 750 re

2069 768 2296 826 inclusit
2321 773 2585 830 Joannem
2620 777 2896 834 Herodes?
2952 791 3099 836 certe
3154 783 3278 854 quia
3305 765 3669 854 arguebantur

2069 875 2232 930 opera
2255 864 2373 934 ejus
2403 885 2413 918 :
2450 868 2520 921 ita
2553 877 2608 923 et
2637 877 2692 924 tu
2725 885 2845 925 cum
2877 873 3048 927 servis
3081 857 3182 928 Dei
3204 876 3336 946 agis,
3370 877 3493 947 quia
3521 879 3669 934 dica-

2072 967 2192 1009 mus
2222 954 2317 1009 tibi
2352 973 2364 1008 :
2400 956 2529 1012 Noli
2554 976 2728 1027 gerere
2750 978 2864 1032 qua:
2893 964 3053 1035 geris,
3098 966 3205 1020 noli
3248 983 3357 1021 esse
3382 968 3667 1039 homicida,

2072 1047 2177 1101 noli
2219 1051 2456 1128 persequi
2481 1052 2748 1106 ecclesiam
2793 1054 3024 1123 Domini,
3081 1057 3190 1111 noli
3217 1061 3558 1128 apostolicam
3586 1079 3670 1117 re-

2075 1139 2291 1208 probare
2311 1142 2487 1210 ﬁdem,
2520 1144 2743 1213 probare
2765 1161 2886 1200 vero
2919 1147 3232 1216 hwreticam,
3285 1152 3395 1205 noli
3445 1152 3672 1207 idolola-

2080 1231 2234 1283 trium
2263 1231 2591 1289 introducere
2614 1235 2667 1288 in
2690 1237 2982 1290 ecclesiam.
3035 1238 3146 1294 Nos
3197 1241 3529 1298 arbitramur
3559 1244 3674 1301 hinc

2078 1333 2300 1392 pr0pter
2341 1334 2487 1381 tuam
2535 1329 2846 1398 specialiter
2869 1331 3051 1386 dicere
3072 1333 3303 1388 salutem
3338 1352 3350 1388 :
3382 1335 3473 1408 qui
3500 1337 3546 1392 si
3575 1355 3674 1393 no-

2077 1415 2242 1472 lueris
2267 1427 2596 1489 temperare,
2621 1423 2738 1476 sine
2764 1422 2928 1478 dubio
2941 1425 3130 1479 sictibi
3149 1425 3222 1481 sis
3250 1437 3510 1484 arternam
3533 1446 3681 1500 qua:-

2078 1510 2283 1564 siturus
2332 1521 2603 1578 mortem,
2653 1516 2926 1581 quomodo
2970 1518 3248 1587 quaesierit
3296 1530 3349 1575 et
3412 1521 3678 1578 llerodes.

2077 1601 2272 1658 Joanni
2300 1605 2502 1659 ctenim
2559 1621 2761 1662 nocere
2800 1623 2906 1662 non
2938 1611 3133 1679 potuit,
3165 1611 3281 1668 sive
3307 1613 3449 1682 quod
3474 1629 3596 1670 eum
3626 1618 3680 1684 in

2079 1713 2357 1755 carcerem
2389 1699 2706 1770 coniecerit,
2732 1702 2849 1758 sive
2880 1703 3022 1772 quod
3055 1705 3412 1774 interfecerit,
3436 1709 3680 1778 quando-

380 1799 548 1869 factus
593 1805 687 1861 est,
745 1812 927 1866 passus
956 1806 1049 1862 est,
1078 1795 1357 1849 resurrexit
1393 1791 1411 1831 1
1439 1794 1589 1848 tertia
1620 1793 1724 1857 die,
1752 1792 1978 1847 ascendit
2010 1789 2056 1848 B
2084 1791 2300 1866 quidem
2327 1790 2513 1846 Videas
2542 1791 2804 1848 Joannem
2842 1793 2934 1849 θεῖ
2963 1794 3218 1862 amicum,
3256 1797 3523 1854 HcrOdcm
3547 1816 3680 1856 vero

377 1901 415 1927 ἠ
445 1892 499 1945 in
536 1891 718 1944 caelum
743 1933 756 1956 ,
816 1898 1061 1942 venturus
1086 1898 1112 1924 υ
1140 1887 1381 1960 judicare
1436 1887 1572 1940 vivos
1614 1894 1667 1941 et
1704 1894 1934 1940 mortuos
1958 1902 1977 1939 .'

381 1982 657 2039 Credimus
691 1991 716 2017 ο
740 1992 787 2035 et
813 1981 868 2034 in
900 1980 1156 2051 Spiritum
1183 1989 1438 2034 sanctum.
1488 1976 1772 2048 Conspicis
1820 1978 1980 2032 ﬁdem

384 2076 758 2146 apostolicam,
793 2074 1269 2144 evangelicamquc
1289 2087 1411 2128 esse
1441 2073 1600 2137 hanc,
1626 2087 1745 2141 quae
1767 2086 1983 2141 semper

388 2167 578 2222 Filium
606 2181 727 2221 cum
761 2165 920 2219 Patre
950 2178 1207 2234 regnasse
1236 2171 1291 2219 et
1321 2177 1547 2232 regnare
1575 2161 1982 2230 defendat,qu:e

387 2261 619 2317 fateatur
645 2269 700 2315 et
728 2258 1020 2329 perlectam
1072 2272 1193 2313 esse
1241 2256 1480 2311 divinam
1538 2255 1854 2310 Trinitatem
1883 2295 1897 2317 ,
1930 2263 1986 2308 et

387 2371 546 2410 unam
602 2353 802 2408 habere
856 2351 1241 2406 substantiam.
1273 2349 1543 2405 Ca'terum
1567 2349 1697 2418 quid
1725 2349 1868 2404 inter
1894 2362 1984 2402 ec-

384 2449 603 2505 clesiam
630 2459 683 2502 et
715 2461 810 2501 vos
839 2443 1123 2500 haereticos
1177 2443 1261 2497 vel
1308 2442 1524 2498 Judceos
1579 2451 1693 2494 erat
1745 2443 1904 2508 inter,
1939 2440 1986 2495 si

390 2557 496 2597 nou
525 2541 604 2596 sic
631 2538 882 2595 crederet
902 2537 1058 2593 beata
1087 2537 1350 2591 ecclesia?
1376 2551 1494 2604 quae
1520 2541 1707 2590 sancta
1740 2532 1893 2596 lides,
1929 2537 1987 2585 ut

391 2632 604 2690 sciretis
633 2631 762 2702 quid
783 2630 834 2685 in
860 2631 1018 2685 vobis
1044 2629 1192 2699 punit
1223 2626 1434 2682 Domini
1465 2626 1715 2691 ecclesia,
1741 2625 1876 2679 dixit
1907 2632 1987 2678 at-

390 2740 495 2798 que
545 2723 675 2779 dicit
717 2723 784 2778 de
835 2722 990 2776 vobis
1024 2738 1036 2774 :
1066 2719 1170 2774 Eos
1202 2731 1228 2770 P
1250 2729 1417 2774 autent
1477 2719 1563 2789 qui
1603 2719 1778 2771 dicunt
1807 2733 1824 2770 :
1859 2714 1986 2769 Erat

389 2819 647 2891 quando"!
676 2825 939 2881 non'erat,
963 2824 1009 2868 et
1054 2815 1353 2886 priusquam
1382 2821 1671 2866 nasceretur
1697 2827 1797 2864 non
1835 2819 1944 2863 erat
1969 2848 1984 2875 ,

391 2922 444 2966 et
478 2911 603 2982 quia
631 2926 696 2965 ea:
721 2908 741 2938 '
771 2908 930 2962 nullis
953 2905 1271 2962 exstantibus
1313 2908 1478 2976 factus
1501 2913 1592 2970 est,
1637 2903 1714 2956 rel
1750 2911 1770 2938 ⁸
1801 2918 1864 2956 ex
1884 2901 1990 2956 alia

389 3001 958 3071 substantia,dicentes
985 2999 1320 3054 mutabilemt
1353 3008 1400 3053 et
1423 3007 1450 3034 ιι
1479 2997 1864 3052 conrertibilem
1896 2995 1990 3050 Fi-

391 3097 519 3152 lium
546 3095 662 3162 Dei,
691 3094 783 3149 hos
804 3093 1204 3147 anathematizat
1245 3090 1502 3144 catholica
1525 3099 1575 3144 et
1599 3088 1883 3159 apostolica
1908 3104 1990 3141 ec-

2085 1898 2206 1938 esse
2261 1884 2355 1938 Dei
2400 1883 2703 1939 inimicum.
2756 1886 3016 1953 Quaereris
3062 1889 3302 1942 nocitum
3361 1891 3556 1959 nobis,
3590 1892 3683 1961 qui

2086 1977 2464 2032 tibimternam
2493 1977 2807 2048 sospitatem
2860 1966 3020 2033 tribui
3070 1979 3462 2049 desideramus,
3511 1985 3688 2039 omni-

2086 2068 2184 2123 bus
2209 2083 2308 2123 nos
2330 2070 2677 2138 persequeris
2703 2070 2880 2124 modis
2916 2089 2928 2124 :
2954 2071 3048 2126 sed
3078 2073 3257 2129 valere
3289 2089 3394 2129 non
3429 2085 3684 2146 poterunt

2085 2159 2227 2215 vires
2254 2162 2593 2216 auctoritatis
2624 2172 2729 2216 tua:
2759 2162 2826 2217 ad
2853 2163 2947 2218 Dei
2977 2163 3120 2220 unici
3145 2164 3266 2220 Filii
3299 2169 3688 2224 servisnocen-

2085 2251 2235 2316 dum,
2263 2253 2386 2321 quia
2417 2263 2470 2307 tu
2496 2269 2635 2308 unus
2655 2269 2774 2309 esse
2799 2271 2863 2309 ex
2888 2255 2994 2310 illis
3027 2257 3310 2326 inveniris,
3344 2277 3479 2330 quos
3526 2263 3688 2320 nobis

2086 2344 2432 2399 credentibus
2461 2345 2899 2415 subjecitdicens
2931 2365 2944 2401 :
2979 2347 3116 2404 Ecce
3144 2351 3264 2405 dedi
3288 2362 3316 2400 ι’
3336 2354 3477 2408 vobis
3507 2364 3680 2423 potes-

2088 2447 2241 2490 tatem
2264 2438 2503 2492 calcandi
2533 2455 2686 2514 super
2715 2450 2976 2512 serpentes
3003 2451 3052 2495 et
3082 2445 3400 2516 scorpiones,
3431 2456 3477 2501 et
3526 2464 3686 2517 supra

2088 2547 2289 2585 omnem
2338 2533 2576 2586 virtutem
2629 2533 2826 2588 inimici
2857 2550 2876 2587 :
2903 2544 2948 2588 et
2974 2536 3105 2590 nihil
3132 2553 3220 2593 vos
3260 2538 3466 2592 nocebit
3514 2540 3680 2612 (Ibid.

2088 2641 2142 2689 x,
2178 2624 2290 2693 i9).
2321 2623 2401 2679 Tu
2429 2625 2518 2694 qui
2550 2625 2706 2692 dicis,
2740 2626 2862 2694 quia
2895 2642 3018 2682 vera
3051 2629 3144 2684 tibi
3167 2630 3364 2697 dicam,
3395 2633 3688 2702 superbum

2088 2732 2250 2787 quem
2279 2733 2365 2772 me
2387 2719 2468 2772 vis
2492 2717 2771 2772 inveniri?
2799 2718 2950 2773 illum
2984 2735 3294 2796 nescrvum
3339 2723 3431 2794 qui
3463 2740 3692 2795 accepc.

2089 2811 2163 2865 rit
2191 2827 2352 2865 unum
2381 2810 2642 2865 talentum
2675 2821 2725 2867 et
2761 2811 3126 2882 absconderit,
3179 2824 3342 2886 atque
3391 2816 3564 2886 ipsum
3602 2835 3693 2874 so-

2091 2903 2201 2958 lum
2244 2904 2465 2959 domino
2509 2906 3020 2974 repraesentaverit;
3067 2916 3358 2984 prepterea
3408 2910 3552 2980 quod
3577 2926 3684 2965 non

2091 3012 2191 3076 per
2235 2996 2391 3052 fenus
2443 2997 2695 3052 eumdem
2754 2998 3192 3070 multiplicatum,
3237 3000 3394 3055 sicuti
3441 3003 3692 3058 conservi

2093 3091 2229 3168 ejus,
2257 3090 2477 3146 domino
2509 3092 3013 3161 reprmsentaverit,
3061 3097 3260 3148 meruit
3299 3095 3460 3150 etiam
3515 3096 3690 3166 ipsum

390 3192 567 3246 elesia.
591 3188 824 3260 Propter
876 3187 1016 3242 hanc
1061 3197 1303 3241 sanctam
1361 3184 1520 3240 fidem
1570 3183 1991 3239 recludebantur
2018 3175 2066 3237 C
2099 3183 2359 3238 talentum
2392 3187 2665 3249 amittere,
2691 3192 2746 3237 et
2771 3184 2960 3239 audire
2993 3203 3005 3238 :
3038 3184 3199 3239 Serve
3222 3195 3243 3222 κ
3273 3203 3487 3257 nequam
3520 3199 3565 3240 et
3614 3192 3694 3260 pi-

388 3282 619 3354 apostoli
645 3282 697 3335 in
721 3295 1020 3347 carcerem,
1046 3278 1260 3333 vincula
1291 3277 1648 3347 accipiebant,
1674 3275 1991 3332 verberibus

388 3382 487 3438 per
507 3367 762 3422 horarum
789 3373 1064 3420 momenta
1091 3364 1449 3427 vexabantur,
1497 3360 1575 3416 'ne
1601 3361 1804 3415 mundo
1834 3375 1992 3415 reve—

389 3458 565 3514 larent
618 3458 919 3525 veritatem,
954 3467 1008 3512 et
1061 3466 1239 3511 tamen
1267 3454 1564 3525 praedicare
1595 3468 1660 3508 eo
1704 3453 1990 3507 voluerunt

387 3567 559 3623 usque
583 3566 689 3622 quo
717 3551 882 3606 etiam
909 3550 1124 3605 mactati
1159 3550 1405 3604 fuissent.
1428 3547 1496 3602 Et
1523 3546 1661 3601 dicis
1691 3561 1788 3601 nos
1814 3547 1986 3601 maxi-

388 3661 488 3700 mae
515 3659 640 3700 esse
667 3643 913 3698 homines
939 3645 1316 3707 contumaciae,
1367 3639 1492 3710 quia
1541 3638 1796 3694 videlicet
1839 3639 1980 3693 viam

389 3744 668 3794 teneamus
695 3735 1110 3807 apostolorum?
1137 3734 1263 3804 quia
1285 3732 1378 3788 tibi
1395 3732 1661 3797 dicamus,
1686 3732 1979 3786 erraticum

389 3838 441 3886 te
491 3829 742 3887 factum?
793 3812 943 3898 Quid
990 3827 1178 3883 iecerit
1207 3834 1236 3863 ν
1266 3824 1466 3881 ilerodi
1519 3825 1709 3880 beatus
1736 3823 1976 3893 Baptista

387 4042 441 4089 ct
469 4027 535 4086 ab
555 4028 887 4085 Autiochena
906 4024 1173 4089 Ecclesia,
1189 4024 1274 4079 cui
1299 4031 1552 4093 praeerat,
1576 4021 1834 4092 depulsus
1849 4019 1920 4074 fui
1933 4031 1969 4093 t.

385 4103 600 4158 Lueiier
626 4115 760 4156 vero
781 4098 1070 4153 Photinum
1097 4097 1215 4163 ejus
1242 4091 1566 4161 discipulum
1591 4091 1741 4161 dicit,
1767 4094 1891 4162 quia
1905 4091 1974 4146 ab

385 4174 480 4232 illo
501 4171 794 4240 immetmis
819 4185 932 4227 suae.
955 4182 1220 4240 venenum
1253 4165 1452 4240 hausit.

457 4253 484 4281 κ
521 4233 624 4311 Qui
651 4251 828 4298 tecum
861 4241 913 4294 in
937 4237 1176 4294 tenebris
1201 4245 1318 4300 est;
1344 4236 1552 4300 σκότος,
1601 4234 1840 4289 tenebrat.
1894 4233 1969 4288 La

385 4313 556 4370 Cerda
569 4353 583 4368 .

457 4385 484 4424 δ
525 4382 876 4439 Credulitatis.
906 4380 1079 4438 Vatia.

463 4467 486 4497 ο
523 4455 659 4513 Nam
689 4455 764 4510 uti
792 4469 856 4507 ex
889 4451 1082 4516 Paulli,
1123 4451 1197 4508 ita
1225 4465 1292 4508 ex
1323 4447 1547 4519 Photiui
1567 4453 1621 4502 et
1642 4445 1967 4519 Arianorum
1995 4457 2051 4519 D

386 4529 653 4598 doctrina,
680 4524 1189 4598 illudisequebatttr,
1223 4520 1388 4590 quod,
1415 4517 1462 4572 si
1489 4517 1739 4598 Christus
1763 4516 1968 4598 eEHDei

387 4586 687 4656 substantia
714 4586 951 4666 genitus,
979 4604 1034 4666 et
1061 4586 1332 4666 Deus‘uau
1370 4599 1476 4666 est,
1531 4589 1772 4666 proiecto
1803 4586 1968 4642 tilium

386 4671 596 4727 nullum
621 4661 842 4740 [trepide
861 4667 932 4721 ita
964 4665 1166 4722 dictum
1199 4661 1401 4720 haheat
1430 4661 1614 4725 Pater,
1641 4669 1694 4715 et
1723 4661 1794 4714 sit
1819 4681 1971 4730 μονο-

387 4761 748 4868 πρὲσῖίζὲςὲδι
767 4808 1043 4885 Nieaenum
1067 4804 1398 4885 sy_t_nbohu‘u,
1427 4804 1540 4858 sive
1563 4801 1778 4885 _Niea:na
1823 4799 1974 4854 Fidei

389 4882 679 4953 professio,
705 4896 870 4953 quam
893 4881 980 4935 hic
1004 4873 1218 4953 Lucili»
1242 4875 1454 4953 reeita_t_,
1478 4873 1666 4953 eadem
1677 4873 1824 4953 fere,
1856 4885 1976 4953 qua:

387 4941 677 5036 ovat-istis
701 4941 980 5009 (iudicibus
1021 4949 1163 5007 edita
1191 4954 1278 5004 est
1307 4946 1359 5002 in
1404 4943 1561 5005 Tom.
1587 4945 1641 4998 2.
1670 4941 1835 5001 Cone.
1873 4941 1974 4998 Ve-

530 5025 1098 5168 gﬁt'r‘tiumjisibilium.
1129 5091 1185 5168 in
1215 5088 1385 5168 Codd.
1419 5089 1586 5145 Cone.
1619 5085 1866 5168 laudatis.

466 5166 484 5208 ε
526 5169 602 5224 ita
654 5184 722 5225 ex
760 5166 955 5223 Gratco
996 5167 1052 5220 in
1077 5165 1239 5231 epist.
1273 5160 1533 5216 Athenas.
1564 5157 1633 5212 ad
1663 5156 1972 5214 Jovianum.

389 5237 672 5296 Dominum
701 5249 933 5294 nostrum
963 5239 1016 5292 in
1039 5233 1210 5291 Cedd.
1241 5232 1477 5289 caeteris.

463 5323 487 5360 8
529 5311 606 5367 De
633 5312 791 5366 Patre
816 5309 1158 5380 unigenitum.
1182 5304 1358 5380 Crine.
1386 5311 1439 5356 et
1460 5301 1628 5380 Cod_d.
1645 5299 1832 5380 iidem.

464 5381 490 5424 ⁵³
523 5383 660 5438 Cum
689 5372 989 5447 (ἔταξα),ὀύ
1014 5377 1302 5436 ποιηθέντα.
1327 5374 1386 5429 in
1413 5387 1521 5428 uno
1546 5372 1681 5428 Cod.
1711 5387 1813 5427 non
1844 5386 1981 5426 crea-

389 5464 802 5614 ‘mg'gjusdem.
835 5480 1512 5614 Cod.|Cothrertl.Aetzii‘a£g.

464 5598 483 5646 i
533 5587 620 5660 life,
644 5605 877 5662 utroque
898 5593 948 5645 in
979 5591 1102 5646 loco
1125 5587 1300 5644 Codd.
1332 5587 1516 5642 iidem.

464 5666 488 5704 ιι
531 5667 597 5719 Et
626 5668 777 5718 homo
804 5667 988 5734 frictus.
1018 5662 1120 5734 ilid.
1221 5729 1234 5734 Α
1277 5729 1305 5734 _
1352 5729 1363 5734 _
1437 5727 1446 5734 _
1578 5723 1612 5734 ,,
1686 5725 1698 5734 ,
1928 5723 1938 5733 .

468 5738 483 5775 ι
530 5735 600 5791 Et
624 5723 922 5789 resurrexit.
953 5733 1054 5788 lid.
1080 5729 1237 5798 Apud
1267 5727 1543 5798 Gelasium
1568 5723 1898 5798 Cyzicenum
1927 5723 1977 5777 in

389 5806 483 5865 lib.
514 5809 568 5863 2.
599 5807 737 5863 Hist.
772 5805 939 5862 Cone.
963 5803 1082 5862 Nic.
1111 5794 1230 5874 cap.
1263 5799 1354 5856 26.
1413 5794 1660 5870 Sepultus
1689 5803 1783 5860 est,
1811 5805 1860 5851 et
1883 5810 1981 5852 re-

2095 3289 2184 3345 ger
2206 3272 2424 3344 (Matth.
2456 3290 2583 3340 xxv,
2617 3273 2712 3344 26)
2740 3274 2762 3325 τ
2787 3289 2854 3327 an
2885 3274 3032 3328 illum
3055 3275 3142 3344 qui
3176 3287 3451 3344 acceptam
3481 3281 3694 3346 quanti-

2096 3371 2258 3418 tatem
2290 3363 2470 3418 decies
2501 3365 2909 3434 multiplicatam
2960 3368 3454 3435 reprmsentaverit,
3490 3369 3691 3439 cuique

2091 3456 2252 3511 fuerit
2301 3457 2502 3512 dictum
2536 3474 2548 3512 :
2577 3455 2746 3528 Euge,
2793 3473 2935 3511 serve
2989 3459 3118 3512 bone
3145 3469 3194 3513 et
3242 3461 3435 3530 ﬁdelis,
3483 3464 3604 3532 quia
3631 3466 3687 3518 in

2095 3557 2120 3586 α
2152 3550 2354 3603 modico
2408 3549 2557 3618 fuisti
2605 3549 2793 3616 ﬁdelis,
2826 3560 2872 3603 rt
2908 3550 2962 3604 in
2992 3551 3229 3619 plurimis
3255 3562 3302 3605 te
3326 3555 3639 3609 constituant
3668 3573 3686 3620 ;

2090 3641 2230 3694 intra
2255 3641 2308 3695 in
2329 3641 2577 3712 gaudium
2604 3641 2801 3695 domini
2828 3643 2902 3696 tui
2931 3641 3096 3712 (Ibid.
3118 3644 3254 3710 ειη
3285 3644 3390 3700 Sed
3415 3646 3555 3700 istud
3589 3663 3688 3703 un-

2089 3733 2155 3787 dc
2184 3733 2372 3788 audire
2427 3742 2636 3803 potero,
2687 3732 2731 3788 si
2780 3741 2833 3790 te
2888 3745 3152 3801 metuens,
3203 3752 3322 3805 quae
3359 3737 3454 3792 tibi
3489 3736 3692 3793 fuerint

2088 3825 2287 3896 placita
2318 3825 2545 3882 fecero?
2575 3824 2793 3881 Intuere
2826 3826 2876 3880 in
2908 3826 3187 3897 evangelio
3209 3826 3343 3897 quid
3367 3841 3464 3884 nos
3503 3828 3687 3887 facere

2077 4023 2326 4077 surrexit.

2075 4103 2192 4219 (rm.
2230 4094 2303 4148 Ita
2333 4093 2454 4217 fed.
2485 4093 2649 4149 Hard.
2681 4093 2775 4148 alii
2801 4108 2991 4150 omnes
3013 4109 3136 4150 cum
3161 4094 3372 4164 Grieco,
3407 4095 3472 4150 Et
3501 4115 3680 4155 ascen-

2113 4176 2150 4218 ιι
2176 4182 2230 4218 m
2259 4181 2332 4219 εοε
2356 4182 2433 4219 0.8.
3353 4184 3356 4188 ’

2113 4167 2150 4218 it
2176 4165 2230 4218 in
2259 4165 2433 4221 calas.
3353 4184 3356 4188 ‘

2149 4244 2175 4272 η
2216 4236 2347 4291 Cutn
2370 4235 2494 4291 eod.
2529 4237 2615 4292 cui
2644 4235 2882 4298 additur,
2936 4248 3180 4291 venturus
3207 4239 3345 4293 inde.
3384 4239 3462 4295 Ex
3491 4241 3672 4298 Gelas.

2073 4306 2145 4359 Et
2173 4307 2357 4360 iterum
2403 4317 2650 4362 uenturus
2698 4317 2794 4362 est.
2838 4307 2996 4362 Colb.
3058 4308 3182 4363 eod.
3235 4308 3384 4363 Unde
3426 4321 3672 4368 venturus

2074 4387 2170 4431 est.

2144 4447 2166 4466 °
2205 4446 2339 4500 Cum
2363 4446 2488 4500 cod.
2523 4445 2760 4502 Colbert.
2795 4445 3064 4501 Credimus
3090 4447 3243 4501 abest
3269 4463 3300 4501 a
3331 4452 3562 4506 caneris.

2149 4527 2175 4565 ιι
2213 4517 2525 4592 Sequuntur
2555 4517 2899 4592 anathemata
2929 4516 3108 4592 cidem
3137 4518 3385 4592 symbolo
3403 4519 3670 4592 subjecta,

2075 4597 2265 4658 contra
2287 4586 2561 4658 capitales
2574 4584 2793 4658 Ariona:
2819 4584 3042 4658 ᾕρει-θεῖε
3069 4584 3488 4658 propositiones.

2149 4669 2175 4707 (ι
2214 4657 2387 4735 Chiae-tt.
2415 4668 2466 4710 et
2492 4657 2585 4735 alii
2617 4657 2778 4735 codd.
2803 4656 2941 4735 Erat
2965 4655 3288 4735 aliquando;
3315 4660 3625 4735 al._tempus.

2151 4739 2172 4766 ι’
2219 4726 2393 4782 Nullis
2422 4728 2772 4783 existentibus.
2797 4725 2930 4790 Cod.
2965 4725 3131 4784 Hard.
3156 4729 3239 4783 Ex
3287 4729 3445 4788 nullis
3476 4725 3666 4791 subsis-

2075 4799 2315 4854 tentibus.
2346 4799 2500 4852 Colb.

2152 4879 2172 4905 ³
2216 4870 2406 4923 Antea:
2437 4869 2542 4923 alia
2566 4870 2874 4934 substantia,
2925 4869 3003 4924 vel
3049 4873 3268 4927 essentia
3311 4874 3491 4930 dicunt
3537 4893 3664 4932 esse.

2078 4941 2241 4998 Hard.
2275 4950 2327 4994 et
2343 4940 2497 4995 Colb.
2527 4956 2647 4995 cum
2675 4942 2887 4997 Gnaeo.

2155 5014 2171 5047 ι
2218 5011 2657 5066 Contmutabilem.
2684 5010 2839 5067 Colb.

2150 5092 2177 5120 ιι
2217 5082 2339 5136 Aut.
2368 5081 2606 5138 Colbert.
2638 5091 2692 5137 et
2718 5083 2884 5140 ilard.
2909 5085 3200 5141 exGraeco.

2151 5165 2177 5190 ν
2219 5151 2385 5207 Fecit.
2412 5153 2587 5209 Latin.
2617 5163 2672 5209 et
2701 5153 2946 5209 Galland.

2080 5296 2126 5352 ν
2153 5234 2176 5261 κ
2221 5223 2304 5350 DX
2333 5223 2634 5349 l'lerodt'ada
2662 5241 2823 5281 uxore
2851 5227 3031 5296 fratris
3054 5226 3236 5281 sui
3267 5226 3456 5309 adjecit
3479 5239 3526 5282 et
3554 5231 3670 5286 hoc.

2129 5311 2234 5352 crs.
2311 5313 2340 5349 n
2374 5335 2387 5348 .

2129 5311 2234 5352 crs.
2260 5303 2387 5350 Ant.
3341 5303 3346 5309 ”

2151 5377 2179 5416 y
2218 5366 2394 5423 Graec.
2436 5366 2652 5432 δέδωκα,
2700 5368 2756 5420 in
2814 5366 3312 5436 Mss.quibusdam.
3360 5368 3515 5424 Vere.
3547 5370 3690 5428 Ant.

2082 5436 2185 5500 Do.
2218 5449 2272 5494 et
2293 5455 2448 5506 super
2479 5455 2700 5492 omnem.

2157 5509 2298 5592 {Ita
2324 5505 2375 5564 in
2406 5510 2500 5563 Ms.
2533 5508 2695 5563 Corb.
2723 5507 2879 5562 Vcrs.
2905 5506 3032 5560 Ant.
3066 5505 3306 5578 Nequam
3327 5525 3487 5579 sertae,
3519 5513 3676 5577 male,

2081 5589 2129 5636 et
2413 5652 2536 5703 Ant.
2563 5649 2736 5713 Super
2763 5665 2927 5717 pauca
3057 5667 3213 5718 super
3252 5650 3435 5705 multa.
3464 5652 3683 5711 Lttciler

2083 5723 2332 5797 congruit
2386 5721 2674 5797 etuitlreu.
2713 5720 2804 5797 lib.
2840 5721 2891 5797 li.
2925 5735 2976 5774 c.
3000 5722 3104 5797 _ll1
3135 5730 3332 5797 pr_a_~tcr
3363 5721 3481 5780 haec
3528 5743 3686 5797 super

2084 5791 2266 5857 multa,
2291 5809 2406 5861 qua:
2435 5790 2619 5847 Sabat.
2651 5789 2779 5860 legit
2808 5790 2968 5846 etiam
3000 5792 3052 5848 in
3083 5789 3317 5851 Lucifer.
