4094 6190
385 276 488 332 977

942 272 1034 330 DE
1069 273 1211 331 NON
1248 273 1620 330 PARCENDO
1658 273 1726 330 IN
1768 274 1960 331 DEUM
1998 274 2604 346 DELINQUENTIBUS
2643 275 2851 333 LIBER
2893 276 3097 335 UNUS.

3571 275 3677 335 978

381 389 597 460 angelis,
630 396 686 441 ut
717 388 823 442 hac
845 387 1105 442 custodias
1131 390 1241 442 sine
1263 389 1580 446 discrimine.
1615 388 1746 442 nihil
1779 388 1976 456 faciens
2007 396 2050 456 Α
2083 399 2204 444 sent
2226 388 2424 456 Iudaei,
2474 392 2634 461 digne
2663 393 3257 446 suntcommolicoutra
3281 392 3686 448 sanetissimum

379 483 433 537 in
464 483 621 536 aliam
656 494 853 552 partem
893 482 1204 536 declinando
1231 492 1256 518 ει
1285 481 1452 548 (Ibid.
1480 483 1543 536 Ἡ
1572 485 1613 549 >.
1670 482 1805 536 llinc
1833 494 1983 536 certe

381 574 476 628 libi
528 575 716 628 videor
746 589 867 630 esse
900 575 1338 638 contumeliosus,
1399 574 1523 644 quia
1571 585 1834 644 pra-cepta
1892 583 1978 627 tua

382 665 482 720 Dei
519 667 800 736 pr:rceptis
833 683 938 720 non
969 668 1394 736 anteposuerim.
1424 667 1480 722 In
1507 665 1731 721 Artibus
1758 676 1976 735 aposto-

382 757 562 814 lorum
622 761 741 828 legu
783 759 970 812 beatos
994 762 1272 827 apostolos
1295 767 1478 827 raptos
1504 759 1572 813 ab
1611 760 1714 823 eis,
1748 774 1978 828 quorum

383 868 446 908 es
475 855 744 922 part‘ceps
776 867 882 905 non
914 854 1090 906 solum
1120 853 1170 906 in
1202 852 1600 910 incredulitate.
1651 851 1744 905 sed
1773 859 1828 905 et
1857 866 1980 904 cru-

384 946 629 1008 delitate,
660 955 714 1000 et
745 954 1075 1015 prteceptum
1107 945 1272 998 luisse
1303 945 1409 998 illis
1442 960 1508 998 ne.
1533 944 1977 998 docerentinno-

383 1037 528 1092 tuine
555 1037 768 1090 Domini
803 1037 971 1091 nostri
998 1036 1124 1092 Iesu
1155 1035 1381 1091 Christi.
1416 1035 1522 1091 Sed
1572 1035 1850 1090 videamus
1881 1050 1978 1104 pa-

379 1131 512 1186 riter
540 1132 712 1200 ipsam
738 1147 906 1186 sacra:
935 1131 1216 1202 scriptura:
1246 1142 1476 1201 partem,
1510 1132 1553 1185 si
1583 1130 1810 1201 apostoli
1838 1147 1977 1200 prae-

377 1224 556 1294 ceptis
590 1225 681 1278 Dei
716 1224 862 1279 unici
897 1223 1016 1278 Filii
1042 1223 1383 1278 inimictirum
1418 1225 1866 1288 temperaverint,
1908 1239 1975 1276 an

382 1333 446 1375 ea
477 1335 596 1388 quze
631 1318 902 1387 implenda
927 1333 1299 1389 susceperant,
1354 1320 1742 1373 instantissitlte
1776 1319 1976 1373 fuerint

380 1410 769 1480 praelinientes.
825 1410 1078 1466 Vocantes
1105 1410 1132 1448 δ
1167 1453 1182 1475 ,
1217 1411 1414 1478 inquit,
1465 1414 1752 1476 apostolus,
1813 1427 1976 1466 ecesas

379 1517 464 1557 eos
488 1502 817 1564 dimiserunt,
853 1503 1208 1570 prtecipientes
1240 1518 1303 1554 ne
1331 1503 1659 1572 loquerentur
1687 1503 1741 1554 in
1772 1505 1976 1556 nomine

376 1598 503 1654 Iesu
550 1599 642 1652 ulli
686 1599 970 1651 hominum.
1027 1596 1119 1651 Illi
1164 1613 1287 1668 ergo
1310 1599 1451 1652 ibant
1480 1597 1759 1667 gaudentes
1787 1614 1818 1648 a
1845 1613 1959 1650 con-

377 1699 550 1753 spectu
599 1690 828 1754 concilii,
886 1688 1025 1759 quod
1058 1699 1079 1725 ο
1114 1705 1207 1748 pro
1249 1690 1454 1742 nomine
1483 1690 1624 1758 digni
1671 1688 1830 1742 habiti
1853 1697 1973 1741 sunt

2086 498 2378 558 martyrem
2418 486 2774 554 Stephanum,
2807 502 2874 540 an
2910 485 3173 554 indigne?
3214 486 3268 543 Si
3303 485 3544 556 indigne,
3577 487 3682 542 uli-

2085 595 2189 650 que
2217 589 2271 634 et
2300 589 2350 632 te
2397 579 2613 646 indigne
2657 581 2863 649 inspice
2915 579 3116 634 moveri
3143 588 3327 633 contra
3361 593 3479 642 eos,
3507 579 3595 647 qui
3625 587 3680 636 te

2085 673 2290 725 salvum
2340 671 2528 725 velint.
2582 672 2814 726 Adverte
2846 675 2896 725 in
2928 687 2987 727 ea
3021 681 3072 726 te.
3117 681 3267 741 parte
3299 681 3446 727 stare
3478 683 3673 729 cutura

2089 763 2180 818 Dei
2215 764 2518 816 ecclesiam.
2558 763 2611 817 in
2641 780 2744 833 qua
2774 774 2828 816 et
2853 775 2976 818 tunc
3004 764 3276 829 steterint,
3309 772 3364 818 et
3394 780 3536 818 nunc
3562 773 3690 818 sunt

2083 855 2252 910 Judaei
2293 866 2521 918 Stantes,
2552 857 2630 909 sic
2660 864 2711 909 te
2743 871 2866 910 esse
2918 856 3068 908 dura-
3097 856 3348 918 cervicis,
3397 857 3475 910 sic
3527 857 3689 910 incir-

2083 963 2383 1003 ciiuictsnm
2409 948 2573 1002 corde
2603 959 2652 998 et
2681 947 2904 1002 auribus
2933 967 2944 1001 :
2982 947 3106 1002 inde
3128 959 3213 1003 est
3241 949 3408 1018 quod,
3439 949 3572 1002 sicut
3605 946 3683 1005 illi

2084 1039 2372 1092 audientes
2419 1053 2541 1092 vera
2577 1053 2684 1090 non
2717 1039 3098 1101 sustinui-rint,
3128 1038 3221 1092 sed
3255 1038 3320 1090 ad
3370 1053 3555 1093 necem
3586 1038 3683 1094 Dei

2080 1132 2303 1184 cultoris
2354 1128 2712 1196 prosilierint,
2767 1131 2841 1184 sis
2873 1130 3036 1184 etiam
3083 1139 3135 1184 tu
3170 1130 3459 1200 prosiliens
3482 1132 3546 1184 ad
3585 1146 3681 1185 nov

2079 1236 2246 1280 stram
2271 1226 2474 1291 integra
2500 1222 2526 1261 ἢ
2557 1236 2607 1279 et
2642 1225 2922 1280 manifesta
2977 1226 3072 1279 tibi
3115 1226 3411 1281 dicentium
3465 1241 3678 1282 nectam.

2077 1319 2203 1373 Cum
2235 1318 2250 1355 ί
2279 1331 2445 1372 autem
2471 1319 2578 1372 lucc
2606 1319 2894 1384 audissent,
2945 1319 3118 1386 inquit
3161 1318 3342 1372 divina
3393 1321 3683 1388 scriptura,

2078 1414 2358 1484 fremebant
2387 1413 2437 1465 in
2461 1412 2699 1466 cordibus
2719 1413 2900 1473 suis,et
2926 1412 3208 1465 stridebant
3236 1411 3473 1466 dentibus
3495 1412 3547 1464 in
3563 1428 3684 1466 eum

2080 1505 2360 1574 (IbidiiM.
2386 1503 2449 1557 Et
2469 1503 2604 1556 infra
2637 1522 2648 1556 :
2682 1501 2974 1558 Clamantes
2991 1513 3300 1557 autemecce
3321 1521 3529 1573 magna,
3550 1521 3685 1557 comv

2071 1607 2364 1668 presserunt
2399 1595 2411 1646 i
2452 1613 2599 1650 aures
2624 1613 2766 1660 suas,
2801 1607 2845 1650 et
2873 1598 3117 1664 impetum
3138 1601 3486 1666 feceruutuno
3508 1598 3684 1652 aninto

2071 1690 2124 1742 in
2143 1688 2583 1762 cunuetkejectum
2605 1704 2750 1743 extra
2771 1690 3021 1743 civitatcm
3047 1689 3349 1755 lapidabant
3367 1689 3682 1762 (Ibid..56).

376 1784 738 1837 contumeliam
769 1783 896 1850 pati.
933 1782 1089 1836 Omni
1118 1779 1142 1819 ἀ
1175 1793 1346 1836 autem
1377 1784 1522 1835 diein
1557 1784 1743 1853 templo
1773 1793 1818 1837 et
1840 1783 1977 1836 domi
2014 1778 2055 1837 Β
2085 1781 2176 1837 Sic
2199 1793 2252 1835 tu
2279 1782 2446 1835 corde
2471 1781 2728 1844 fiemeus,
2755 1783 3006 1836 dentibus
3034 1781 3272 1838 stridens
3298 1785 3374 1836 sis
3397 1784 3687 1839 adversum

377 1892 475 1930 non
493 1875 778 1940 cessabant,
799 1876 1034 1929 docentes
1057 1885 1102 1928 et
1123 1877 1532 1947 euangelizantes
1559 1875 1832 1930 Dominum
1859 1893 1986 1930 nos-

373 1978 506 2022 trum
525 1965 703 2022 Iesum
725 1965 1466 2038 Christum(Act.v,40).Cum
1481 1969 1595 2022 IlIBt‘.
1619 1969 1811 2022 referat
1848 1985 1977 2038 apo-

378 2061 551 2115 stolos
581 2061 771 2115 beatos
800 2061 977 2129 egisse
1003 2075 1156 2114 sacra
1189 2063 1476 2129 scriptura,
1509 2070 1559 2114 te
1582 2060 1647 2115 ad
1672 2062 1977 2130 negandum

374 2154 465 2209 Dei
491 2152 686 2208 Filium
707 2154 948 2206 otnnium
972 2153 1288 2206 invitantem
1307 2153 1553 2217 corda,et
1569 2152 1817 2207 lizrresim
1835 2164 1977 2208 luam

373 2245 592 2299 ﬁrmare
622 2244 755 2298 satis
786 2252 1058 2313 agentem,
1092 2243 1246 2297 nobis
1269 2245 1372 2298 erit
1399 2245 1679 2298 tacendum
1712 2245 1974 2314 prmposi-

371 2339 442 2392 tis
469 2338 562 2390 Ιὶεί
592 2336 970 2402 ecclesiarum,
998 2350 1065 2389 ue
1091 2335 1345 2390 videlicet
1377 2337 1471 2390 tibi
1500 2336 1838 2406 blasphemo,
1875 2336 1974 2391 bo-

375 2429 610 2495 micidze,
645 2427 972 2483 destructori
1003 2427 1093 2481 Dei
1125 2427 1403 2495 religionis
1460 2427 1801 2482 inveniamur
1845 2444 1976 2482 eon-

373 2521 650 2578 tumeliosi
677 2521 994 2578 exsutisse?
1025 2522 1318 2590 Apostolus
1367 2521 1603 2590 loquitur
1631 2534 1785 2575 sacra
1839 2521 1975 2575 scri-

307 2627 312 2635 '
383 2625 536 2688 ptura
589 2632 688 2672 nec
734 2616 985 2681 verbera,
1044 2630 1144 2670 nec
1175 2615 1348 2669 minas
1371 2615 1600 2669 ﬁliorum
1629 2615 1968 2684 pestilentiae,

372 2712 637 2774 timuisse,
671 2711 766 2766 sed
798 2725 1017 2780 semper
1039 2709 1294 2764 docuisse
1328 2727 1342 2768 ;
1373 2725 1471 2762 nos
1498 2710 1682 2763 cuduei
1717 2709 1864 2779 regni
1897 2709 1970 2764 tui

375 2803 630 2858 decuerat
660 2802 837 2872 frangi
861 2803 1068 2871 vigore,
1114 2816 1222 2868 quo
1248 2811 1301 2854 tu
1326 2815 1515 2854 mnties
1548 2801 1756 2871 iniquos
1784 2815 1971 2870 posses

372 2907 492 2952 tuos
524 2896 750 2964 implere
777 2894 1047 2950 conatus?
1073 2892 1440 2949 Contuioaces
1472 2895 1809 2948 .rstitnanuir
1833 2909 1862 2947 a
1895 2905 1965 2958 te,

370 2992 492 3058 quia
527 3005 650 3044 vera
685 2988 781 3043 tibi
803 2987 1060 3043 dicantur
1085 3005 1111 3040 a
1139 2988 1313 3042 nobis.
1353 2987 1441 3043 Sic
1469 2987 1968 3054 etcomhlssiahemi

370 3080 447 3137 tui
505 3080 836 3150 Stephanum
891 3079 1264 3135 beatis~imum
1317 3080 1859 3149 judicaverunt,quia
1889 3082 1968 3135 eis

2089 1889 2188 1928 nos
2219 1875 2360 1927 nulla
2393 1874 2495 1926 alia
2527 1873 2594 1927 de
2624 1889 2699 1928 re.
2731 1875 2830 1928 nisi
2860 1875 2982 1944 quia
3019 1884 3069 1927 te
3105 1887 3509 1941 persecutorem
3540 1875 3688 1930 dica—

2086 1981 2206 2019 mus
2242 1965 2334 2019 Dei
2368 1966 2582 2028 domus,
2609 1965 2710 2020 nisi
2745 1967 2867 2035 quia
2905 1968 3302 2022 destructorem
3343 1968 3436 2022 Dei
3472 1969 3692 2037 religio-

2086 2059 2197 2119 nis.
2232 2059 2354 2128 quia
2387 2057 2624 2112 lusorem
2659 2058 2937 2128 sanguinis
2967 2075 3250 2114 servorum
3283 2059 3486 2116 Christi
3513 2104 3527 2125 ,
3557 2063 3685 2133 quia

2083 2151 2404 2216 Sacrilegum
2431 2165 2688 2205 vocemus
2721 2157 2885 2216 iuste,
2916 2154 3116 2223 quippe
3148 2153 3546 2224 hlasphemum,
3578 2155 3688 2210 bte-

2081 2242 2344 2306 reticum,
2380 2245 2579 2311 quippe
2609 2242 2768 2297 litletn
2809 2244 3165 2313 apostolicam
3208 2246 3686 2314 evangelicamque

2079 2344 2502 2406 expugnantem.
2531 2335 2647 2391 N0n
2685 2336 2915 2390 Itlt'lllllh‘
2945 2353 3058 2391 rem
3097 2339 3203 2391 Deo
3233 2337 3490 2392 odibilem
3518 2338 3563 2392 si
3590 2339 3686 2394 tibi

2078 2428 2186 2482 isto
2215 2427 2399 2490 modo,
2429 2445 2537 2497 quo
2564 2438 2739 2483 tecum
2767 2429 3009 2492 conlido,
3039 2437 3288 2499 agentes,
3313 2432 3457 2499 quod
3491 2439 3542 2484 te
3565 2445 3690 2486 esse

2076 2520 2432 2591 intelligimus
2453 2560 2470 2586 ,
2512 2520 2782 2576 dicamus.
2817 2521 3130 2576 Invenimus
3159 2522 3361 2576 etenim
3393 2524 3474 2578 sic
3503 2524 3681 2590 egisse

2076 2616 2232 2674 lales,
2265 2614 2444 2683 qualis
2473 2615 2550 2668 sis
2581 2627 2667 2678 tu,
2697 2624 2887 2670 contra
2919 2615 3214 2685 gloriosum
3248 2613 3293 2668 ι.
3326 2613 3674 2670 Deservienti-

2075 2708 2167 2760 bus
2193 2716 2232 2744 ιη
2265 2718 2433 2760 autem
2459 2707 2564 2760 illis
2585 2705 2744 2776 (Ibid.
2775 2723 2892 2771 xm,
2925 2709 3002 2772 2),
3037 2706 3168 2759 dicit
3192 2721 3344 2759 sacra
3370 2707 3639 2776 scriptura
3661 2749 3675 2772 ,

2073 2812 2123 2857 et
2141 2800 2502 2875 jejunantibus
2539 2801 2794 2862 Domino,
2843 2800 2978 2854 dixit
3026 2799 3257 2870 Spiritus
3285 2811 3496 2853 sanctus
3527 2819 3545 2854 .'
3580 2800 3680 2855 Se-

2072 2905 2279 2966 gregate
2304 2896 2432 2948 mihi
2475 2892 2775 2947 Barnubem
2803 2901 2849 2944 et
2881 2890 3104 2946 Saulum
3148 2893 3200 2945 in
3236 2908 3388 2964 opus,
3429 2892 3498 2944 ad
3541 2895 3679 2961 quod

2072 2986 2248 3038 vocavi
2275 3003 2377 3039 eos.
2434 2984 2576 3038 Tunc
2614 2984 2912 3054 jejunantes
2962 2991 3007 3034 et
3054 2992 3259 3036 orantes
3315 2983 3677 3050 imposuerunt

2073 3086 2098 3114 η
2121 3079 2192 3131 eis
2220 3093 2424 3138 manus,
2450 3087 2496 3130 et
2521 3077 2827 3130 dimiserunt
2859 3091 2964 3128 eos.
2993 3072 3061 3129 Et
3085 3083 3109 3109 ο
3138 3076 3218 3129 illi
3245 3077 3452 3141 quidem
3477 3076 3678 3132 dimissi

371 3173 576 3229 diceret
600 3191 612 3226 :
653 3173 797 3227 Dura
823 3173 1036 3239 cerriee,
1059 3182 1106 3227 et
1126 3189 1226 3226 non
1257 3182 1279 3208 ο
1312 3174 1600 3226 circumcisi
1622 3175 1777 3227 coi'de
1797 3183 1843 3226 et
1872 3191 1964 3226 aa-
1992 3167 2035 3227 C
2069 3190 2100 3227 α
2127 3184 2300 3227 sancto
2333 3172 2556 3240 Spiritu,
2593 3170 2962 3224 descenderunt
2994 3169 3308 3234 Seleuciam,
3333 3180 3380 3223 et
3402 3171 3508 3224 illic
3531 3181 3557 3219 Ρ
3581 3188 3674 3224 na-

369 3267 538 3330 ribus,
569 3283 654 3320 vos
685 3280 882 3338 semper
906 3264 1130 3336 Spiritui
1161 3275 1338 3319 sancto
1360 3265 1640 3325 restitistis,
1664 3267 1793 3319 sicut
1809 3277 1978 3336 patres

375 3361 549 3422 vestri,
579 3369 625 3413 et
645 3376 750 3414 vos.
773 3360 940 3425 Quem
963 3358 1329 3428 praplietatum
1352 3375 1454 3412 non
1472 3370 1590 3411 sunt
1613 3359 1864 3430 persecuti
1882 3375 1976 3428 pa-

374 3463 472 3507 tres
501 3455 649 3506 restri
669 3451 756 3504 ἵει
785 3452 1078 3505 occiderunt
1101 3467 1185 3504 eos
1198 3451 1669 3520 quianuuntiabant
1691 3451 1756 3503 de
1778 3449 1972 3505 adven-

372 3554 425 3598 tu
440 3545 571 3614 justi
599 3547 748 3616 cujus
781 3561 916 3597 nunc
939 3559 1025 3597 ros
1055 3543 1346 3615 proditores
1374 3541 1391 3580 τ
1422 3555 1468 3598 et
1493 3544 1842 3612 interfectores
1874 3545 1977 3614 fui-

371 3641 482 3702 stis,
521 3640 645 3710 quia
673 3640 875 3710 cepistis
902 3641 1064 3709 legem
1111 3639 1165 3692 in
1214 3639 1591 3691 ordinationem
1619 3646 1644 3683 ε
1672 3638 1971 3708 angelorum

375 3742 562 3787 etnon
618 3732 912 3786 custodistis
947 3730 1111 3802 (Ibid.
1171 3730 1406 3800 vu,5l).
1461 3728 1585 3783 Ηευο
1611 3744 1732 3783 cum
1789 3727 1973 3784 audis-

444 3887 472 3916 ·
514 3885 834 3942 Deciinando
857 3901 980 3942 cum
1013 3885 1168 3942 Vers.
1199 3885 1326 3939 Ant.
1361 3884 1505 3957 quod
1538 3885 1698 3954 paulo
1715 3886 1966 3954 superius

374 3960 575 4015 Omisit.

446 4029 472 4067 δ
515 4029 582 4085 Et
611 4038 910 4084 vocaverunt
1061 4038 1110 4082 et
1130 4043 1284 4082 caesos
1323 4045 1405 4082 eos
1462 4027 1828 4099 pt'wcipiebant

374 4102 470 4155 ulli
500 4103 550 4152 in
697 4111 742 4154 et
773 4102 1076 4153 dimiserunt
1106 4117 1208 4152 eos.
1247 4099 1396 4154 Vers.
1429 4099 1554 4153 Ant.

448 4183 469 4210 ο
515 4170 602 4224 Illi
629 4173 784 4239 igitur
820 4212 830 4222 .
862 4212 897 4224 ..
929 4172 1168 4239 quoniam
1220 4172 1543 4232 pronomine
1577 4170 1784 4222 Domini
1838 4168 1965 4224 Iesu

376 4243 572 4312 dignati
600 4254 784 4296 essent.
820 4243 947 4295 Ead.
980 4242 1152 4296 Lucil.
1183 4243 1437 4294 convenit
1473 4256 1595 4312 eum
1629 4241 1728 4312 llis.
1763 4242 1959 4293 Canta-

379 4310 512 4384 Iirig.
547 4328 596 4367 et
633 4316 682 4364 iu
707 4313 896 4368 (ἑτερου
913 4312 1095 4384 [.otld.
1120 4313 1484 4384 quorumdam
1537 4310 1733 4379 legitur
1762 4313 1966 4380 simpli-

375 4381 508 4439 citer
534 4401 624 4440 oro
651 4385 874 4437 nomine.
904 4381 1036 4453 Ejus
1065 4383 1215 4436 addit
1247 4382 1512 4437 Saliatier.

446 4455 472 4493 ά
513 4454 645 4511 Cum
677 4456 770 4508 Ms.
804 4451 1112 4522 Lantubrig.
1144 4456 1194 4505 in
1245 4469 1353 4516 quo
1399 4451 1773 4506 tantummodo
1803 4454 1966 4506 demi-

377 4536 459 4581 tur
487 4538 739 4580 nostrum.
777 4525 930 4580 Vers.
964 4525 1093 4579 Aut.
1121 4525 1335 4578 Omnem
1361 4535 1534 4578 autem
1559 4525 1690 4575 (lieni
1822 4524 1958 4576 circa

378 4600 560 4651 domos
710 4607 754 4650 ct
783 4598 905 4649 bene
927 4597 1220 4649 nuntiantes
1251 4595 1426 4649 .Iesum
1463 4593 1745 4648 Christum.

451 4679 474 4706 ε
515 4668 673 4722 ναι-ε.
704 4669 828 4722 Au'.
859 4665 1216 4720 Incircumcisi
1357 4668 1590 4720 resistitis
1757 4666 1884 4717 sicut
1915 4676 1963 4718 et

379 4752 548 4803 patres
575 4748 680 4792 etc.
715 4738 779 4792 Et
799 4739 951 4792 deest
983 4743 1031 4790 ili
1061 4737 1274 4796 Gen-eo,
1306 4747 1368 4790 ttt
1397 4737 1446 4788 in
1483 4737 1570 4790 Lu!
1595 4736 1650 4788 il'.
1676 4735 1964 4804 δυτψ-11111

381 4812 518 4864 forte
541 4811 756 4864 Lucifer
782 4811 1016 4862 resistitis
1045 4808 1194 4874 juxta
1218 4806 1391 4862 Grn-c.
1438 4811 1789 4863 ἀντιπίπτετε.
1837 4806 1963 4861 Gal-

380 4881 524 4936 laud.
559 4882 643 4934 Ita
673 4893 717 4934 et
745 4897 831 4934 vos
859 4883 984 4946 legit
1008 4880 1192 4934 Salial.
1224 4880 1272 4931 in
1304 4878 1476 4932 Lucil.

453 4953 470 4990 Γ
513 4953 677 5010 Cuius
700 4969 784 5004 vos
818 4952 933 5004 irad
957 4962 1091 5004 tores
1113 4961 1159 5003 et
1190 4950 1463 5003 Ιιυιηίισὶτιτε
1484 4950 1621 5000 es'is.
1641 4947 1795 5002 Vers.
1828 4946 1956 5002 Aut.

456 5034 478 5071 8
522 5024 586 5078 Ul
619 5027 668 5078 ilt
701 5023 889 5078 GI‘KBCO
917 5021 1076 5076 ullius
1098 5021 1194 5075 Ms.
1222 5023 1292 5083 εἰς
1318 5019 1580 5090 diaetae/riu.
1627 5018 1778 5090 Vers.
1830 5017 1958 5090 ᾼηι.

384 5095 484 5162 Qui
511 5096 778 5155 accep-istis
912 5094 965 5146 in
987 5103 1273 5163 praeceptis.
1306 5088 1490 5146 Sabatl
1520 5108 1598 5143 SlC
1646 5088 1807 5145 habet
1832 5088 1920 5144 hic
1953 5108 1965 5143 :

385 5170 485 5232 Qui
508 5169 781 5231 accepistis
815 5167 976 5235 legem
1001 5165 1053 5215 in
1086 5163 1431 5235 ordinatione.
1457 5169 1562 5235 etc.

454 5235 480 5274 ¹ι
523 5238 596 5290 Es
631 5237 806 5291 Latin.
866 5232 1037 5289 'Autea
1091 5234 1363 5298 integram.
1398 5233 1806 5303 Lugdunenses,
1840 5232 1970 5286 inte-

381 5325 528 5377 gram
555 5319 602 5359 et
633 5310 978 5376 manifestam,
1010 5306 1168 5358 male.
1201 5304 1447 5377 Galland.

460 5378 474 5415 ί
525 5379 678 5433 Vers.
706 5373 832 5432 Aut.
874 5377 1146 5428 Audientes
1192 5386 1362 5426 autent
1392 5373 1520 5435 lure,
1550 5374 1830 5443 fremebant
1859 5389 1973 5426 cor-

383 5450 531 5504 dibus
552 5466 660 5503 suis
683 5461 728 5502 et
759 5449 1035 5518 fremebant
1065 5445 1300 5518 dentibus
1347 5460 1451 5494 suis
1478 5460 1632 5518 super
1679 5461 1811 5518 eum.
1849 5445 1973 5499 Suis

380 5525 526 5576 abest
555 5537 582 5572 a
613 5514 932 5587 quibitsdom
967 5517 1093 5570 M~s.
1128 5514 1393 5587 in__Gt-:eco
1418 5525 1476 5564 ut
1503 5516 1552 5587 iii
1583 5514 1752 5566 Lucil“.

458 5596 471 5640 ι
523 5583 655 5643 Cum
687 5606 786 5643 ius.
822 5587 1136 5656 Cantabrig.
1173 5585 1329 5640 Vers.
1356 5589 1482 5638 Ant.
1505 5583 1898 5654 Continuerunt,
1925 5596 1980 5643 et

384 5662 670 5716 unanimes.

460 5734 485 5768 ¹ι
524 5732 661 5786 Cum
695 5729 886 5784 eodem
911 5769 927 5795 ,
962 5730 1054 5783 tibi
1101 5727 1321 5782 additur
1359 5743 1472 5779 eum
1504 5737 1623 5794 post
1660 5729 1976 5800 lapidabant.

386 5796 540 5861 Vere.
579 5809 701 5858 Ant.
737 5801 800 5856 Et
832 5803 1256 5871 expulerunt.....
1292 5800 1614 5869 lapidabant.

1990 4605 2043 4664 D

2079 3269 2373 3339 vigaverunt
2406 3263 2633 3335 Cyprum
2658 3279 2676 3316 :
2699 3274 2744 3315 et
2767 3279 2880 3315 cum
2910 3263 3160 3314 venissent
3183 3261 3451 3316 Salamina
3471 3272 3517 3324 (ι,
3549 3277 3682 3331 pra:-

2078 3357 2319 3410 dicabant
2348 3355 2552 3410 uerbum
2590 3353 2799 3406 Domini
2828 3355 2878 3405 in
2905 3354 3182 3424 synngogis
3201 3350 3512 3406 Juda’orum
3536 3371 3554 3407 :
3583 3358 3678 3409 lm-

2075 3449 2258 3502 bebant
2302 3457 2470 3501 autem
2514 3446 2769 3500 Joannem
2815 3447 3107 3498 ministrum
3137 3461 3154 3498 :
3183 3457 3229 3497 et
3259 3462 3375 3498 cuin
3405 3448 3679 3513 perambu-

2075 3542 2264 3596 lassent
2293 3551 2315 3578 τ
2338 3541 2623 3594 universam
2652 3539 2874 3592 insulam
2904 3554 3058 3606 usque
3080 3535 3322 3604 Paphum
3341 3581 3354 3603 ,
3377 3540 3681 3596 invenerunt

2076 3639 2346 3706 quemdam
2369 3635 2530 3688 virum
2561 3635 3067 3705 pseudoprophetam
3093 3630 3362 3699 Jutla'unt,
3386 3635 3470 3687 cui
3495 3651 3681 3690 nomen

2078 3739 2188 3784 erat
2211 3729 2530 3784 Bariesuban
2561 3737 2607 3795 ⁸,
2633 3727 2768 3799 quod
2791 3728 3160 3798 interpretatur
3189 3725 3435 3789 Paratus,
3458 3730 3547 3799 qui
3563 3737 3681 3782 erat

2149 3886 2165 3926 ι
2209 3889 2493 3943 Gloriosus.
2528 3888 2704 3941 Vatie.
2738 3887 2831 3941 sed
2859 3897 2980 3940 utro
3014 3889 3164 3951 legas
3189 3885 3371 3947 modo,
3407 3887 3680 3942 subintel-

2073 3960 2178 4025 lige
2222 3962 2303 4014 vel
2346 3961 2611 4023 Paullum,
2647 3961 2730 4011 vel
2766 3959 3056 4028 Apostolos.
3112 3958 3500 4022 Lugdunenses
3546 3974 3676 4014 vero

2071 4031 2246 4084 locum
2300 4031 2441 4085 hunc
2489 4033 2562 4084 ita
2616 4030 3015 4083 reformandum
3070 4043 3338 4084 censuere.
3376 4047 3388 4080 :
3425 4029 3485 4083 Si
3529 4043 3576 4083 te
3605 4045 3670 4084 ac

2070 4111 2234 4156 tecum
2259 4115 2464 4169 agentes
2493 4103 2619 4154 tales
2650 4102 2904 4163 dicamus,
2933 4100 3110 4169 quales
3137 4115 3223 4154 vos
3254 4117 3362 4153 esse
3392 4100 3550 4165 probe
3570 4117 3667 4154 no-

2069 4174 2309 4226 verimus.
2349 4173 2646 4226 Invenimus
2683 4175 2819 4226 enim
2849 4189 2922 4224 sic
2957 4173 3082 4225 talia
3110 4173 3272 4240 egisse
3307 4171 3481 4236 qualia
3518 4188 3570 4224 es
3613 4180 3672 4225 tu

2071 4256 2250 4298 contra
2280 4244 2571 4298 Gloriosum
2601 4260 2619 4298 :
2649 4243 2741 4297 sed
2778 4244 3038 4296 audenter
3067 4241 3256 4306 nimis;
3283 4259 3404 4294 nam
3439 4242 3670 4296 Lut-il't-ri

2071 4329 2264 4368 Sumus
2311 4316 2476 4382 probe
2525 4315 2860 4382 dignam-itur
2903 4330 2918 4366 :
2971 4323 3052 4366 est.
3089 4323 3268 4366 autem
3301 4330 3315 4366 :
3353 4312 3414 4366 Si
3461 4322 3668 4372 aaentes

2071 4386 2168 4438 isto
2199 4387 2350 4437 modo
2378 4427 2391 4444 ,
2423 4403 2522 4450 quo
2567 4397 2732 4437 tecum
2772 4402 2863 4454 ego
2894 4385 3098 4435 conlido
3119 4423 3133 4442 ,
3175 4383 3408 4454 dicamus
3439 4382 3530 4434 tibi
3573 4382 3629 4434 id
3651 4423 3666 4444 ,

2068 4459 2204 4521 quod
2235 4456 2569 4522 intelligimus
2596 4465 2643 4507 te
2682 4453 2811 4507 esse.
2843 4455 3047 4507 Cuitera
3079 4467 3178 4506 nec
3207 4453 3479 4520 rejicimus
3500 4493 3515 4517 ,
3563 4466 3666 4506 nec

2071 4530 2383 4649 “ﬂuidis:
2405 4596 2528 4649 Aul.
2559 4593 2969 4648 Ministrautibus
2997 4602 3164 4647 autem
3190 4593 3294 4647 illis
3319 4590 3666 4648 Domino.....

2077 4666 2206 4720 dixit
2234 4667 2421 4720 eis.....
2453 4677 2687 4734 separate
2716 4681 2949 4718 νίνου...
2984 4666 3121 4734 quod
3149 4665 3392 4719 advocavi
3417 4681 3525 4719 eos.
3563 4663 3671 4717 Vo-

2075 4754 2196 4791 Cem
2251 4738 2467 4790 Domino
2519 4747 2640 4805 pOst
2694 4736 3091 4790 deset'rienttbus
3135 4737 3368 4792 collocat
3416 4734 3666 4791 Galland.

2073 4825 2195 4861 eum
2223 4809 2432 4862 lira-eo.

2144 4887 2170 4914 τι
2212 4878 2366 4934 Vers.
2400 4881 2528 4936 Ant.
2562 4877 2631 4931 Et
2659 4879 2974 4948 impatientes
3005 4879 3076 4933 eis
3105 4895 3289 4933 manus
3314 4920 3328 4944 ,
3357 4879 3662 4932 dimiserunt

2071 4965 2155 5002 €08
2167 4989 2178 5000 .

2144 5031 2167 5056 υ
2210 5020 2321 5092 Ipsi
2349 5023 2554 5092 quidem
2585 5020 2846 5076 emissi....
2879 5023 2932 5075 in
2977 5021 3269 5078 Seleuciam
3293 5060 3308 5085 ,
3357 5028 3406 5073 et
3445 5017 3659 5073 inde....

2070 5092 2125 5145 in
2155 5092 2400 5164 Cyprum.
2433 5094 2566 5148 Emi.

2149 5175 2173 5213 P
2216 5164 2390 5217 Illinc.
2427 5165 2602 5219 Latin.
2628 5165 2812 5221 Sabat.
2844 5164 2973 5222 lecit.
2999 5165 3137 5218 inde.

2147 5245 2174 5284 (ι
2219 5235 2370 5291 Vers.
2425 5237 2552 5292 Ant.
2607 5235 2672 5290 In
2715 5237 3076 5290 Salamina....
3110 5233 3314 5287 uerbum
3345 5229 3536 5285 Dei....
3582 5232 3672 5286 lia-

2075 5306 2246 5360 bentes
2295 5324 2464 5362 secum
2518 5319 2566 5362 et
2615 5310 2868 5360 Joannem
2918 5308 2971 5358 in
3023 5304 3380 5356 ministerium.
3439 5302 3567 5357 Htcc
3620 5301 3675 5356 in

2075 5376 2267 5450 Grtceo
2291 5393 2412 5432 cum
2449 5377 2620 5433 Lllcll.
2661 5375 2816 5450 Εἶχον
2842 5376 2896 5432 δέ
2933 5379 3014 5430 καὶ
3289 5374 3543 5450 ὑπηρέτην
3572 5391 3584 5426 ε
3621 5383 3678 5428 et

2078 5447 2129 5501 in
2161 5449 2280 5502 evd.
2323 5449 2498 5504 Graec.
2527 5445 2819 5514 Cantabria
2883 5451 3021 5498 aoud
3058 5445 3281 5500 Mtllium
3314 5445 3506 5511 legitur
3533 5459 3671 5510 p112-

2085 5518 2322 5593 dienbnut
2355 5520 2554 5593 rei-bum
2584 5519 2768 5593 κρριου
2794 5558 2808 5582 ,
2855 5516 3098 5581 Domini,
3133 5527 3188 5570 ut
3230 5522 3383 5570 n0tat
3422 5515 3673 5571 Galland.

2085 5590 2419 5644 Sahmierius
2450 5591 2572 5652 legit
2609 5590 2954 5644 Salaminam.

2161 5671 2182 5697 τ
2228 5661 2382 5714 Vers.
2421 5666 2541 5713 .\ltl.
2584 5661 2708 5713 Cum
2757 5657 3152 5728 pet-transissent
3197 5668 3368 5713 autem
3415 5668 3670 5716 totum...

2085 5735 2245 5787 virum
2278 5748 2483 5800 magum
2507 5735 2688 5801 pseud.
3625 5791 3628 5793 _

2165 5811 2184 5836 ⁸
2229 5801 2467 5867 Bariesu.
2506 5805 2687 5858 Latin.
2722 5819 2845 5858 eum
2877 5802 3027 5858 Vera.
3068 5805 3192 5857 Aut.
3230 5802 3517 5867 Barihcsnr
3548 5802 3685 5869 mind
