4094 6190
882 227 972 288 DE
1007 229 1145 288 NON
1180 227 1554 288 PARCENDO
1588 228 1657 288 1N
1699 231 1891 290 DEUM
1931 231 2536 302 DELlNQUENTlBUS
2574 234 2783 294 LIBER
2819 182 3026 296 UNDS.

3501 236 3609 296 982

316 345 787 418 psbttdopmpheta
809 388 824 415 ,
851 355 908 402 et
935 348 1076 403 nblls
1102 356 1157 404 te
1186 348 1294 402 illis
1327 347 1594 404 nominari
1631 348 1909 404 vocabulis
1939 358 1984 414 Λ
2015 347 2177 404 istum
2204 348 2532 405 Antiochum
2566 351 2618 405 in
2651 359 2916 406 aeternam
2947 366 3162 422 plenam
3202 352 3442 410 futurum
3465 394 3482 421 ,
3511 370 3612 408 no-

315 440 600 496 noml‘num
629 471 644 505 ,
674 442 870 511 quibus
902 441 1068 496 fuerit
1115 448 1170 497 cl
1214 442 1307 497 illo
1334 451 1580 498 vocatus.
1622 441 1820 498 lterum
1857 454 1914 499 et

2015 440 2097 496 bis
2125 457 2258 499 vero
2289 443 2704 513 pr0pitiaturum
2753 445 3062 501 Dominum.
3113 447 3319 502 Dolens
3363 463 3422 502 cs
3453 489 3468 513 ,
3517 464 3614 522 cur

315 534 507 589 hortor
536 543 594 590 et
618 531 910 604 deprecor,
943 543 1088 591 utet
1117 547 1335 604 moneo;
1381 546 1436 590 ut
1479 535 1575 592 tibi
1602 537 1740 592 velis
1779 551 1915 592 con-
2012 535 2322 590 commissis
2363 535 2522 590 nobis
2549 545 2623 601 te,
2669 545 2723 591 et
2765 537 3012 605 quisnam
3061 539 3136 593 sis
3185 538 3527 622 revelemus,
3558 550 3615 596 et

314 624 522 692 solere,
554 637 624 680 ne
651 634 857 681 aeterna
891 633 945 681 te
973 626 1204 699 accipiat
1233 641 1414 697 ptena.
1449 626 1505 682 Si
1529 629 1675 682 enim
1719 627 1811 682 ille
1837 627 1908 682 ita

313 717 516 771 meruit
544 718 806 772 esczccari
833 757 848 783 ,
893 716 1020 787 quia
1051 719 1269 772 tentsrlt
1313 719 1572 774 resistere
1595 758 1610 782 ,
1653 719 1908 789 conspice

312 824 437 879 quin
467 808 560 864 tibi
593 806 915 873 homicidae,
947 825 1067 879 (ιιιςυ
1107 809 1408 882 sacrilego,
1447 809 1771 866 destructori
1813 807 1906 866 Dei

311 900 596 971 religionis
625 900 840 970 possint
869 901 1008 954 mala
1041 901 1421 971 repraesentari
1467 911 1521 956 et
1561 901 1616 955 in
1663 901 1765 956 hac
1793 902 1906 956 vita

309 1005 358 1050 et
391 995 444 1049 in
477 1003 821 1065 perpetuum.
849 993 1052 1064 Accipe
1082 993 1260 1049 adhuc
1305 1009 1369 1049 ea
1412 1008 1532 1063 quas
1573 1002 1625 1047 te
1668 992 1907 1051 formare

307 1094 562 1155 possunt,
602 1091 711 1139 non
751 1101 874 1142 esse
901 1087 1330 1141 contumeliosos
1362 1101 1458 1140 nos
1481 1127 1497 1151 ,
1528 1085 1622 1140 scil
1655 1101 1901 1142 veraces.

303 1174 579 1230 Antiocho
605 1185 815 1244 septem
843 1176 918 1230 illi
943 1176 1318 1245 gloriosissimi
1345 1176 1537 1231 fratres
1561 1177 1900 1243 restiterunt,

303 1283 505 1337 nempe
533 1279 591 1322 ut
639 1281 782 1322 nunc
822 1267 918 1322 tibi
960 1282 1058 1323 nos
1098 1269 1416 1324 restitimus.
1450 1267 1650 1339 Legisti
1679 1277 1903 1338 quartus

300 1360 429 1430 quid
478 1360 828 1430 responderit
853 1359 1260 1429 compestilenti
1294 1370 1384 1414 tuo
1406 1400 1420 1426 ,
1458 1360 1548 1430 qui
1589 1375 1675 1414 me
1705 1368 1900 1415 contu-

301 1453 592 1508 meliosum
624 1453 867 1524 dignaris
895 1453 1200 1514 clamitare,
1230 1454 1354 1524 quia
1384 1452 1560 1508 dicam
1590 1453 1721 1518 tibi,
1756 1453 1899 1522 quod

302 1547 725 1602 nisiconversus
739 1545 909 1602 lucris
938 1545 1004 1600 ad
1032 1546 1223 1613 Deum,
1255 1547 1307 1600 in
1337 1555 1599 1600 aeternum
1633 1546 1707 1600 sis
1730 1546 1900 1601 inter-

302 1639 508 1705 iturus;
545 1653 742 1708 nempe
771 1639 904 1694 dicit
957 1657 972 1693 :
1005 1638 1189 1692 Potius
1218 1648 1290 1692 est
1328 1638 1390 1692 ab
1418 1638 1708 1693 hominibus
1747 1638 1901 1692 morti

2010 627 2153 694 quod
2196 627 2268 681 sit
2315 628 2536 698 dignum
2585 629 2894 686 antichristi
2942 633 3188 688 umbram
3243 642 3293 688 te
3334 631 3534 689 calcari
3583 650 3614 689 a

2009 721 2220 775 cunctis
2246 720 2444 777 Christi
2475 723 2742 777 militibus
2777 744 2790 780 :
2821 727 2909 796 qui
2937 743 3033 793 me,
3067 727 3267 798 inquis,
3293 730 3495 784 calcare
3523 748 3617 800 po-

2009 814 2252 866 tuerunt?
2279 814 2358 868 illi
2400 813 2448 882 h,
2495 830 2655 886 quos,
2690 834 2785 870 cur
2815 834 2874 872 se
2922 818 3264 876 Christianos
3312 821 3608 891 fateantur,

2005 905 2320 961 carceribus
2350 907 2556 962 retines
2591 909 2864 977 reclusos,
2899 913 3225 980 patrimonio
3249 915 3452 983 privas,
3478 915 3610 972 facis

2007 1004 2293 1065 extorres,
2348 1008 2567 1070 torques
2595 1042 2611 1068 ,
2659 1003 2945 1058 interﬁcis.
2993 1005 3131 1062 Hinc
3175 1022 3275 1061 nos
3307 1009 3610 1066 insoleutcs

2004 1102 2127 1144 esse
2152 1103 2379 1154 censes.
2410 1092 2553 1160 quod
2585 1104 2816 1148 cunctos
2864 1096 3023 1150 nobis
3066 1097 3301 1153 creditos
3338 1099 3604 1168 deprece-

2005 1199 2126 1239 mur
2153 1183 2356 1239 diaboli
2399 1185 2616 1239 calcare
2645 1195 2810 1256 caput
2833 1230 2847 1255 ,
2882 1188 3179 1259 sacrilegos
3226 1201 3456 1247 conatus
3490 1200 3609 1247 tuos

2003 1277 2202 1332 virtute
2234 1276 2542 1346 passionum
2570 1292 2794 1334 suarum
2824 1280 3102 1336 illatarum
3133 1297 3231 1351 pro
3259 1281 3476 1338 Christo
3508 1284 3605 1340 Dei

2004 1371 2164 1426 unico
2193 1371 2333 1426 Filio
2362 1371 2635 1428 deducere
2661 1374 2729 1428 ad
2763 1375 3012 1430 nihilum.
3049 1377 3132 1433 Sit
3163 1379 3256 1433 tibi
3287 1389 3338 1435 et
3371 1380 3461 1434 illa
3487 1381 3607 1451 glo-

2003 1462 2298 1516 riosissima
2331 1472 2505 1518 mater
2544 1477 2752 1534 septem
2801 1467 2995 1522 horum
3044 1469 3277 1524 ﬁliorum
3327 1471 3605 1540 insolens,

2001 1553 2126 1623 quia
2156 1554 2223 1608 ad
2273 1565 2612 1610 coamentem
2655 1555 2669 1594 ί
2716 1567 2865 1612 tuum
2896 1559 3221 1615 vincendum
3263 1562 3600 1618 Antiochum

2000 1659 2129 1700 suos
2166 1646 2374 1702 illicere
2405 1647 2622 1715 dignata
2657 1647 2669 1699 ἱ
2723 1649 2866 1706 ﬁlios
2891 1651 3084 1707 dicens
3121 1671 3132 1706 :
3168 1653 3358 1710 Nescio
3383 1658 3606 1726 qualiter

300 1732 447 1785 datos
480 1748 623 1800 spent
663 1741 959 1800 exspectare
987 1748 1018 1784 α
1063 1730 1194 1797 Deo,
1226 1732 1412 1786 iterum
1437 1731 1499 1784 ab
1537 1731 1649 1801 ipso
1676 1730 1898 1784 resusci-
1927 1745 1972 1806 Β
2000 1735 2054 1790 in
2081 1747 2224 1791 utero
2254 1754 2367 1792 meo
2391 1741 2736 1810 apparuistis,
2767 1759 2930 1813 neque
2959 1761 3050 1814 ego
3080 1747 3324 1815 spiritum
3355 1746 3380 1784 ¹ί
3412 1748 3602 1802 donavi

299 1826 398 1880 tari
422 1833 448 1862 ⁸
478 1841 497 1880 :
526 1827 620 1880 tibi
643 1826 779 1878 enim
802 1825 1105 1878 resurrectio
1125 1823 1194 1876 ad
1212 1824 1363 1878 vitam
1385 1839 1486 1878 non
1506 1824 1602 1876 erit
1623 1823 1690 1894 (ll
1716 1821 1764 1875 bl
1771 1823 1886 1877 ach.

297 1935 394 1986 vit,
425 1920 537 1994 14).
568 1922 623 1979 Si
647 1935 679 1977 a
705 1923 864 1977 nobis
889 1930 947 1977 tu
978 1931 1237 1992 tyrannus
1261 1920 1412 1976 audis
1442 1920 1586 1992 quod
1622 1920 1686 1974 ad
1727 1921 1889 1975 vitam

295 2015 374 2072 sis
403 2017 864 2072 resurrectionem
898 2031 1006 2071 non
1038 2025 1361 2085 accepturus
1381 2055 1395 2081 ,
1424 2015 1468 2069 si
1503 2016 1556 2070 in
1591 2014 1692 2070 hac
1718 2015 1893 2070 incre-

295 2112 522 2168 dulitate
550 2113 842 2175 manseris,
871 2112 1016 2182 quod
1051 2111 1246 2166 nonad
1275 2109 1539 2180 requiem,
1562 2110 1657 2166 sed
1685 2109 1750 2164 ad
1772 2124 1892 2180 pte-

296 2221 422 2260 nam
456 2207 532 2261 sis
557 2215 970 2260 resurrecturus
1000 2205 1387 2271 sempiternam
1415 2245 1430 2270 ,
1464 2219 1582 2272 quae
1609 2212 1889 2259 contumeo

293 2301 361 2354 lia
385 2309 472 2355 est
486 2300 508 2353 ?
521 2299 758 2368 Quintus
774 2309 991 2370 quoque
1010 2314 1132 2354 cum
1158 2297 1409 2352 admotus
1433 2296 1621 2352 fuisset
1645 2305 1700 2350 et
1723 2310 1885 2350 vexa-

294 2404 400 2460 tus,
429 2395 638 2450 dixisse
653 2393 893 2462 loquitur
918 2393 1190 2463 scriptura
1213 2392 1327 2461 regi
1360 2407 1374 2444 :
1406 2389 1723 2444 Potestatem
1751 2390 1886 2444 inter

292 2488 524 2542 homines
548 2487 705 2543 babes
730 2486 758 2526 ι)
787 2504 902 2541 cum
918 2487 990 2540 sis
1017 2485 1393 2559 corruptibilis,
1433 2486 1566 2555 facis
1597 2484 1737 2556 quod
1757 2485 1830 2538 uis
1862 2501 1882 2539 :

291 2581 400 2634 noti
429 2591 600 2633 autem
621 2590 801 2650 putare
821 2580 994 2650 fgenus
1024 2588 1255 2632 nostrum
1299 2595 1332 2632 (ι
1364 2577 1472 2632 Deo
1513 2593 1622 2630 esse
1662 2575 1884 2630 derelic-

291 2683 443 2739 tum;
473 2673 720 2741 patienter
751 2683 774 2710 ο
803 2672 1017 2738 sustine,
1049 2681 1095 2724 et
1120 2671 1256 2733 vide,
1282 2685 1470 2742 magna
1491 2677 1712 2740 potestas
1737 2668 1880 2722 illius

291 2764 516 2836 qualiter
545 2774 592 2817 te
632 2773 680 2818 et
724 2776 894 2818 semen
923 2773 1067 2816 tuum
1106 2763 1352 2832 torquebit
1397 2760 1567 2832 (Ibid.
1600 2759 1710 2829 16).
1738 2760 1876 2829 Quid

291 2858 388 2912 tibi
412 2858 647 2922 videtur,
675 2857 800 2927 quia
832 2856 924 2911 tali
952 2855 1256 2910 constantia
1287 2853 1386 2910 Dei
1413 2867 1604 2908 set-vus
1631 2854 1880 2910 invectus

287 2949 453 3004 fuerit
482 2951 533 3003 in
560 2956 956 3020 conty‘ronnutn
985 2949 1175 3002 tuum?
1211 2946 1611 3017 Numquidnam
1654 2945 1880 3013 iniurio-

291 3054 408 3093 sum
441 3039 608 3095 fuisse
645 3041 912 3096 cultorem
965 3039 1058 3094 Dei
1108 3037 1307 3093 diaboli
1355 3037 1622 3108 iudicabis
1665 3037 1877 3093 cultor?

1997 1830 2136 1886 vobis
2163 1841 2210 1884 cl
2240 1834 2433 1901 vitam,
2469 1844 2515 1888 et
2542 1835 2864 1906 singulorum
2896 1839 3300 1894 membraturam
3338 1858 3444 1895 non
3487 1843 3601 1911 ipsa

1992 1924 2223 1993 compegi
2245 1939 2264 1977 :
2288 1925 2378 1977 sed
2405 1925 2538 1978 enim
2571 1927 2752 1980 mundi
2784 1938 3010 1994 creator,
3039 1930 3132 1998 qui
3158 1932 3404 1999 {armavit
3433 1933 3600 1986 homi-

1992 2014 2073 2069 nis
2125 2016 2471 2084 nativitatem,
2522 2019 2710 2088 quique
2761 2022 2991 2074 omnium
3046 2031 3303 2077 scrutator
3363 2023 3379 2061 1
3440 2027 3601 2096 origi-

1989 2121 2115 2159 num
2145 2147 2161 2172 ,
2215 2117 2265 2161 et
2319 2109 2558 2179 spiritum
2623 2110 2766 2165 vobis
2822 2128 2940 2166 cum
2994 2115 3350 2169 misericordia
3408 2117 3597 2172 iterum

1989 2198 2172 2253 reddet
2228 2210 2278 2254 et
2346 2202 2532 2268 vitam,
2589 2203 2723 2256 sicut
2791 2222 2931 2259 nunc
2989 2223 3074 2261 vos
3126 2210 3266 2278 ipsos
3329 2210 3593 2280 despicitis

1987 2301 2194 2362 propter
2238 2293 2372 2364 leges
2411 2297 2525 2365 ejus
2571 2294 2738 2365 (Ibid.
2761 2297 2876 2368 22).
2934 2298 3059 2354 Hzec
3098 2301 3282 2357 dicere
3332 2319 3441 2358 non
3491 2306 3591 2360 de-

1983 2385 2123 2439 stitit
2167 2386 2293 2440 ﬁliis
2326 2388 2578 2458 religiosa
2610 2401 2803 2457 mater;
2853 2391 3075 2448 fortiter
3121 2394 3264 2449 ﬁlios
3315 2395 3588 2466 diligens,
3680 2457 3693 2468 ,

1982 2478 2163 2547 quoad
2213 2494 2383 2550 usque
2425 2492 2654 2536 cunctos
2702 2482 3029 2540 advertisset
3088 2487 3425 2544 interfectos.
3483 2490 3595 2547 Nos

1982 2579 2168 2625 contra
2194 2613 2208 2636 ,
2241 2587 2377 2642 quos
2408 2573 2736 2642 prtedixerat
2763 2591 2860 2631 ore
2901 2577 3188 2646 propheta:
3215 2579 3428 2637 futuros
3461 2599 3588 2653 pas-

1983 2670 2127 2718 tores
2152 2665 2301 2733 gregi
2330 2680 2431 2719 suo
2457 2665 2669 2720 dicens.
2697 2665 2766 2720 Et
2794 2668 2929 2722 tlabo
2958 2670 3098 2724 vobis
3137 2684 3378 2740 pastores
3406 2691 3591 2730 secun-

1981 2755 2106 2808 dum
2135 2771 2227 2809 cor
2254 2772 2422 2809 meum
2449 2795 2463 2820 ,
2508 2767 2559 2810 et
2589 2769 2798 2827 pascant
2844 2775 2932 2814 vos
2966 2773 3231 2830 pascentes
3277 2783 3394 2819 cum
3433 2768 3595 2822 disci-

1979 2847 2121 2917 plina
2147 2847 2282 2917 (Jrr.
2309 2864 2388 2914 ιιι,
2424 2848 2513 2922 15)
2535 2887 2551 2916 ,
2583 2860 2764 2906 tacere
2789 2852 3073 2922 decuerat,
3109 2872 3178 2912 ne
3211 2858 3304 2912 tibi
3333 2860 3400 2914 ad
3440 2877 3587 2917 mac-

1979 2939 2172 2994 tandas
2209 2941 2447 2996 venienti
2495 2942 2684 2998 rabido
2732 2944 2863 3016 lupo
2913 2948 3007 3003 Dei
3082 2964 3214 3006 oves
3286 2942 3585 3010 fuissemus

1979 3031 2078 3086 visi
2109 3033 2445 3088 insolentes?
2469 3035 2662 3092 Mulier
2687 3052 2753 3094 eo
2782 3053 2957 3110 usque
2997 3043 3161 3097 corda
3202 3044 3444 3101 incendit
3486 3047 3580 3103 Dei

285 3131 439 3186 Illum
469 3143 595 3187 vera
623 3131 898 3187 dicentem
930 3131 1150 3202 negabis
1175 3129 1504 3199 superbum?
1536 3146 1636 3186 nec
1665 3145 1750 3186 me
1777 3131 1876 3186 «ιθ.
1905 3134 1951 3199 C
1983 3138 2166 3178 amOI'e
2197 3125 2458 3193 ﬁliorum.
2507 3137 2567 3182 ιιι
2609 3143 2800 3185 eorum
2849 3133 3070 3190 interitu
3107 3135 3277 3205 gladii
3321 3148 3361 3175 ω
3391 3139 3585 3196 fuisset

291 3223 383 3279 hes
410 3223 656 3293 judicare
685 3223 1030 3289 insolentem,
1058 3223 1184 3292 quia
1215 3222 1388 3277 dicam
1417 3221 1546 3289 tibi,
1581 3238 1688 3277 non
1722 3222 1880 3279 dere-

289 3315 459 3388 linqui
492 3323 644 3371 'no'sa
678 3317 811 3382 Deo,
844 3325 1065 3386 propter
1089 3331 1249 3386 quem
1275 3313 1300 3351 ά
1333 3314 1450 3370 Ιιπιο
1477 3315 1796 3379 sustineam,
1828 3323 1880 3370 te

286 3415 499 3475 contra,
523 3411 627 3464 nisi
663 3407 828 3464 fueris
855 3416 1158 3472 correctus,
1187 3423 1308 3461 cum
1342 3408 1681 3477 corruptibili
1707 3408 1880 3477 gloria

290 3509 376 3553 tua
409 3499 474 3553 ad
508 3500 733 3554 nihilum
763 3511 1046 3554 venturus.
1077 3499 1214 3566 Quid
1258 3499 1417 3552 etiam
1454 3513 1639 3553 sextus
1683 3499 1880 3554 dixerit

287 3593 515 3664 inspice,
549 3603 605 3650 ct
634 3591 878 3650 invenies
919 3609 1021 3649 nos
1056 3609 1121 3648 eo
1146 3601 1319 3648 ctt'nco
1351 3591 1512 3647 reniti
1546 3591 1636 3646 tibi
1659 3581 1878 3648 lbrliido

289 3683 539 3753 procellae
563 3727 577 3750 ,
623 3700 731 3756 quo
783 3669 858 3739 illi
907 3686 1122 3739 fuerunt
1156 3685 1491 3738 renitentes:
1525 3673 1654 3736 Noli
1684 3684 1880 3753 frustra

287 3781 460 3833 ert-ure
500 3775 664 3850 (Ibid.
711 3767 824 3847 18);
873 3794 964 3832 nos
995 3777 1132 3832 enim
1162 3783 1372 3846 prapter
1405 3776 1741 3847 nosmetipsos
1769 3776 1877 3830 [nec

285 3871 532 3942 patimur,
561 3879 828 3939 peccantes
857 3871 910 3923 in
939 3868 1105 3922 Deum
1134 3879 1367 3922 nostrum
1385 3909 1401 3934 ,
1432 3877 1479 3922 et
1518 3867 1675 3938 digna
1701 3868 1880 3923 admo-

287 3964 477 4018 nitione
505 3974 529 4001 ε
562 3968 702 4035 facta
729 3974 846 4017 sunt
873 3982 882 4016 :
916 3973 970 4015 tu
995 3972 1168 4017 autent
1204 3978 1266 4016 ne
1301 3971 1346 4014 te
1374 3961 1629 4015 existimes
1673 3961 1880 4031 impune

291 4054 309 4091 ί
329 4049 588 4124 futurum,
611 4068 725 4109 cum
751 4063 930 4109 contra
961 4054 1126 4108 Deum
1155 4067 1392 4125 pugnare
1424 4057 1709 4109 tentavcris.
1745 4053 1878 4108 Pro-

283 4145 411 4200 bant
439 4143 683 4217 epistola:
726 4156 748 4194 ε
795 4151 930 4202 "metu
963 4142 1356 4202 mediocritatis
1382 4189 1396 4211 ,
1425 4153 1480 4201 et
1521 4147 1644 4201 libri
1673 4145 1878 4201 rustico

284 4236 409 4292 licet
439 4254 691 4293 sermone
722 4221 1001 4308 descripti,
1035 4237 1121 4292 tne
1152 4253 1296 4307 saepe
1328 4227 1552 4302 dixisse,
1579 4219 1722 4307 quod
1754 4235 1881 4307 pec-

282 4341 398 4387 cata
417 4332 636 4402 quidem
655 4332 885 4388 iecerint
903 4343 1108 4396 nostra,
1129 4333 1253 4385 utin
1268 4340 1388 4385 tuas
1413 4329 1721 4384 antichristi
1742 4343 1879 4398 praes

281 4425 520 4478 cursoris
549 4425 858 4480 veniremus
883 4433 1099 4491 manus,
1131 4431 1183 4478 te
1211 4425 1388 4478 lallle‘n
1423 4425 1659 4494 pugnare
1683 4429 1874 4477 contra

283 4513 476 4580 Deum,
507 4526 561 4571 et
584 4493 792 4573 itlcit'co
819 4515 918 4572 nisi
947 4506 1041 4570 tihi
1075 4493 1444 4588 prospexeris,
1475 4513 1529 4570 l‘c
1561 4511 1778 4584 quidcin
1823 4523 1881 4569 ut

356 4640 378 4669 ο
420 4630 594 4686 Grrec.
624 4634 1029 4694 ἀναστήσεσθαι.
1065 4631 1220 4688 Vcrs.
1251 4633 1378 4686 Ant.
1411 4632 1810 4688 resuscitandas.

355 4699 381 4739 δ
421 4703 610 4758 Bahal.
640 4705 773 4768 legit
797 4705 1008 4766 habens,
1045 4713 1100 4756 ut
1125 4705 1177 4756 iri
1210 4701 1362 4758 Vers.
1415 4708 1540 4758 Mil.

353 4778 379 4846 ἓ
401 4773 553 4828 vlt-rs.
572 4774 679 4846 Ait!
689 4761 794 4828 (Tu
806 4761 1019 4846 autem
1032 4816 1045 4829 .
1063 4785 1110 4828 et
1122 4775 1312 4828 videbis
1324 4787 1565 4845 magnam
1575 4785 1875 4846 potestatem

278 4844 462 4917 ἱρείωέ
483 4855 587 4899 etc.
613 4845 799 4902 Subat.
819 4839 1030 4899 videtur
1043 4847 1240 4913 legisse
1257 4839 1481 4900 etiamin
1496 4839 1670 4900 Lucil.
1690 4847 1872 4917 ipsius:

349 4913 377 4952 δ
422 4913 643 4988 Propter
671 4923 817 4988 quem
847 4919 954 4969 lucc
986 4918 1262 4988 sustineam
1291 4958 1301 4974 ,
1329 4927 1398 4978 te,
1418 4925 1526 4972 etc.
1561 4917 1629 4970 ad
1653 4913 1878 4971 nihilum

277 4983 568 5042 venturum.
595 4983 844 5057 Latinjet
861 4983 1090 5042 Peneius
1108 4987 1252 5054 apud
1279 4987 1456 5051 illum;
1489 4989 1559 5042 ita
1590 4990 1734 5042 enim
1754 5003 1879 5044 scn-

277 5065 399 5114 sum
425 5059 1052 5134 eﬂiciunt;_Qn_iu_tlicam
1079 5057 1188 5123 tibi,
1212 5071 1317 5112 non
1339 5060 1628 5134 tlet‘ttlinqui
1645 5101 1658 5123 ,
1682 5071 1788 5113 etc.
1808 5059 1880 5134 te

278 5141 475 5195 contra,
513 5143 617 5184 etc.
645 5131 713 5183 ad
761 5131 982 5183 nihilum
1024 5139 1308 5182 uernarum.
1355 5131 1542 5184 PoteSL
1581 5140 1756 5184 tamen
1803 5131 1878 5186 ἰώ

277 5200 440 5256 etiam
462 5203 659 5271 corrigi
692 5201 842 5255 locus
870 5201 1006 5266 iste;
1031 5198 1161 5254 Hart:
1187 5202 1465 5255 sustineam
1489 5211 1671 5256 contra
1684 5209 1750 5263 te,
1770 5203 1878 5271 qui,

277 5283 383 5326 etc.
416 5273 486 5326 sis
513 5273 580 5326 ad
606 5273 820 5326 nihilum
847 5281 1103 5324 venturus.

353 5352 376 5380 θ
419 5343 576 5398 V‘ers.
607 5344 732 5398 Ant.
760 5341 933 5412 Digna
955 5341 1296 5396 admiratione
1315 5343 1454 5412 facta
1477 5353 1594 5397 sunt
1612 5343 1669 5397 in
1693 5343 1841 5398 nobis
1863 5360 1882 5397 :

278 5415 432 5468 abest
481 5425 662 5468 tamen
698 5413 774 5484 in,
809 5412 956 5484 nobis
1003 5423 1034 5465 a
1085 5412 1296 5467 Graeco.
1347 5413 1704 5468 Admiratione
1741 5415 1881 5484 legit

275 5487 438 5540 etiam
469 5487 524 5538 in
551 5483 722 5539 Lucif.
755 5482 940 5538 Snbat.

351 5556 372 5594 τ
419 5556 574 5609 Vers.
624 5554 754 5608 Aut.
777 5551 894 5605 Tibi
915 5554 1137 5624 impune.
1153 5593 1164 5606 .
1181 5593 1214 5607 ..
1247 5553 1386 5624 quod
1406 5563 1586 5606 contra
1609 5594 1623 5618 ,
1647 5564 1751 5609 etc.
1775 5553 1882 5609 sa-

281 5628 397 5683 bat.
429 5627 561 5694 legit
603 5624 692 5678 tibi
723 5624 888 5676 etiam
915 5623 970 5676 in
1001 5623 1176 5678 ιυιςῐῑ.
1205 5623 1298 5677 sed
1326 5624 1478 5678 deest
1511 5629 1560 5678 et
1607 5628 1657 5679 in
1703 5624 1881 5681 Graec.

351 5706 375 5743 8
418 5696 588 5750 Nullae
626 5703 920 5761 supersunt
950 5694 1182 5750 Luciferi
1209 5695 1456 5764 epistolae
1482 5706 1686 5764 prmter
1721 5709 1880 5752 uuam

276 5766 557 5860 Florentio
587 5766 875 5838 scriptam:
906 5775 1139 5824 caeteras
1164 5774 1435 5829 vetustate
1457 5767 1684 5842 periisse
1712 5768 1884 5825 maxi-

1984 3216 2150 3286 potita
2197 3217 2545 3274 victoriarum
2592 3240 2604 3276 :
2648 3214 2707 3277 et
2735 3238 2832 3278 nos
2861 3223 3063 3280 Christi
3093 3228 3278 3285 dicere
3314 3217 3580 3289 militibus

1982 3307 2152 3363 fuisse
2179 3323 2473 3380 congruum
2503 3313 2797 3368 arbitratus
2829 3330 2889 3370 es
2922 3335 2935 3370 :
2969 3316 3148 3372 Nolite
3191 3337 3338 3374 arma
3376 3339 3599 3378 sumere.

1980 3413 2161 3458 contra
2189 3403 2543 3460 Constantium
2570 3408 2766 3464 diaboli
2793 3413 3066 3467 satellitem
3087 3453 3104 3480 ,
3147 3417 3307 3470 nolite
3340 3420 3578 3474 resistere

1978 3497 2170 3563 templo
2213 3500 2440 3553 omnium
2470 3500 2763 3557 daemonum
2795 3521 2814 3558 :
2851 3507 3014 3578 magis
3035 3519 3202 3562 autem
3244 3512 3400 3579 facile
3428 3529 3573 3583 qua:-

1978 3588 2191 3661 cumque
2214 3592 2330 3661 ﬁeri
2350 3596 2669 3663 praeceperit.
2695 3596 2824 3666 Quae
2851 3601 2965 3656 hare
2989 3609 3271 3658 estnostra
3288 3599 3574 3660 contuma-

1977 3681 2079 3748 cia,
2113 3679 2155 3736 si
2186 3683 2423 3741 ofﬁcium
2452 3687 2608 3741 nobis
2633 3681 2940 3759 delegatum
2971 3707 2999 3745 a
3046 3693 3159 3749 Deo
3203 3695 3440 3751 nitamur
3471 3679 3575 3752 im-

1980 3775 2147 3843 plere,
2181 3778 2222 3830 si
2255 3778 2485 3848 denique
2513 3780 2668 3835 istius
2699 3783 2943 3838 mulieris
2980 3785 3285 3841 imitatores
3307 3786 3578 3844 fuerimus

1978 3866 2218 3923 inventi?
2239 3867 2317 3924 Tu
2345 3868 2430 3925 vis
2457 3863 2675 3928 diabolo
2697 3873 2942 3944 placere,
2969 3876 3128 3947 cujus
3151 3883 3289 3950 opus
3315 3882 3579 3936 inveniris

1977 3961 2258 4018 celebrare
2281 4005 2298 4029 η,
2333 3963 2434 4020 nos
2461 3964 2718 4036 minimc;
2770 3970 2851 4025 vis
2902 3955 3014 4025 Deo
3063 3965 3182 4027 inec
3237 3982 3289 4028 te
3327 3958 3576 4044 gerendo

1977 4057 2162 4108 contra
2191 4054 2307 4109 ﬁeri
2335 4057 2762 4125 acceptissitnos.
2807 4060 2864 4115 Si
2905 4070 2966 4116 te
3009 4061 3187 4118 adhuc
3217 4073 3421 4130 movet,
3451 4081 3572 4132 cur,

1978 4145 2116 4212 quod
2148 4159 2230 4213 es,
2258 4148 2470 4203 voceris
2511 4157 2537 4202 s
2565 4151 2728 4206 nobis
2753 4193 2768 4217 ,
2803 4153 2991 4222 accipe
3017 4155 3183 4210 etiam
3213 4156 3284 4210 ab
3322 4157 3419 4212 illo
3446 4166 3573 4229 'sep-

1979 4240 2110 4316 timo
2131 4239 2292 4310 hujus
2315 4241 2561 4298 mulieris
2581 4245 2661 4300 sic
2687 4245 3019 4301 clamitatum
3041 4257 3228 4303 contra
3245 4249 3573 4306 Att'liocht'tm

1974 4328 2088 4384 ﬁlio
2119 4349 2131 4382 :
2163 4327 2444 4387 Antiochus
2469 4345 2638 4388 autem
2665 4339 2920 4390 contemni
2949 4338 3225 4393 arbitratus
3250 4349 3278 4375 ιι
3311 4341 3376 4408 (ll
3393 4342 3571 4394 Mat-lt.

1977 4434 2069 4485 vn,
2105 4420 2216 4490 24),
2247 4432 2293 4476 et
2319 4427 2430 4495 ejus
2455 4442 2571 4494 qua:
2606 4427 2900 4494 increpabat
2926 4443 3097 4482 vocem
3128 4429 3438 4499 despiciens,
3459 4438 3576 4487 cuni

1995 4514 2168 4568 adhuc
2201 4516 2576 4570 adolescentior
2620 4516 2937 4588 superesset,
2961 4527 3064 4575 non
3086 4515 3250 4577 verbis
3275 4523 3579 4580 hertabatttr

1903 4631 1956 4691 Ι)
1981 4641 2068 4684 me
2099 4630 2411 4686 dolendum.

2051 4699 2078 4738 ιι
2106 4701 2281 4756 lnnnit
2303 4702 2737 4772 persecutionem
2767 4717 2795 4755 a
2822 4701 3150 4762 Constantio
3177 4708 3232 4762 in
3256 4703 3575 4770 Catholicae

1979 4773 2276 4848 steyissim'e
2306 4776 2621 4848 excitatam;
2645 4773 2712 4829 de
2741 4787 2841 4848 qua
2867 4775 2922 4830 in
2949 4775 3087 4830 libro
3119 4794 3216 4848 pro
3235 4781 3297 4838 ‘s.
3332 4783 3532 4840 Athan.

2057 4845 2073 4880 ί
2119 4843 2192 4899 Ita
2225 4845 2356 4916 legit
2393 4846 2626 4902 Peneius
2677 4843 2815 4917 apud
2855 4847 3036 4903 Latin.
3090 4843 3259 4907 lintea
3300 4865 3577 4910 Conamen“-

1981 4922 2107 4969 tum.

2056 4987 2069 5059 i
2109 4986 2345 5059 Dignata
2372 4988 2474 5059 sit._
2487 4987 2662 5059 Latin.

2056 5055 2078 5094 ¹ί
2109 5055 2264 5135 Veis.
2292 5058 2418 5112 Ant.
2448 5057 2627 5135 Neque
2647 5057 2786 5114 enim
2801 5075 2901 5134 ego
2923 5063 3163 5135 spirith
3181 5065 3232 5119 et
3255 5067 3573 5120 «Manu...

1980 5128 2299 5204 singulorum
2329 5131 2558 5184 membra
2586 5143 2690 5204 non
2713 5128 2977 5204 tegoftetc'.
3008 5136 3247 5190 .Anirnam
3267 5149 3377 5191 non
3407 5145 3493 5192 εει
3523 5140 3574 5192 in

1981 5197 2190 5254 Graeco.
2225 5201 2456 5255 Membra
2479 5217 2574 5266 pro
2604 5197 3002 5258 nimbi-antrum
3033 5205 3194 5262 habet
3221 5208 3405 5262 Sabat.

2059 5268 2074 5308 ι
2119 5271 2275 5327 Vers.
2308 5274 2436 5329 Aut.
2474 5274 2720 5328 Omnium
2757 5274 2946 5329 invertit
2971 5276 3250 5344 originem,
3273 5287 3329 5334 et
3353 5288 3575 5333 uosmet-

1979 5340 2157 5408 ipsos,-
2213 5359 2332 5414 qttte
2359 5345 2547 5402 Sabnt.
2581 5346 2708 5417 legit
2739 5346 2984 5402 etiamin
3016 5340 3185 5402 Lucif.

2053 5423 2090 5448 ω
2133 5414 2341 5469 Gaudii.
2367 5415 2617 5472 Galland.

2180 5433 2341 5469 αιιαιι.
2367 5433 2617 5471 uattana.

2051 5491 2079 5519 ¹¹
2122 5484 2276 5562 vers.
2327 5486 2451 5541 Ant.
2488 5487 2559 5542 Se
2585 5487 2865 5562 arbitratus
2889 5489 3093 5562 ,simul
3131 5499 3179 5544 et
3223 5487 3580 5562 exprobrantis

1986 5570 2104 5608 uoce
2128 5558 2383 5625 despecta.
2485 5574 2584 5611 non
2606 5558 2773 5612 solum
2795 5561 2958 5615 verbis
2983 5558 3302 5627 hortdbatur,
3328 5564 3419 5616 sed
3440 5573 3578 5618 et....

1984 5637 2038 5706 se
2063 5628 2378 5706 _¢_li't'itern....
2431 5639 2477 5706 et
2499 5629 2812 5706 translatum
2853 5647 2904 5706 a_
2928 5633 3107 5706 patriis
3135 5635 3329 5706 legibus
3357 5636 3581 5689 amicum

1987 5698 2370 5769 habiturum...
2401 5700 2450 5753 ei
2479 5700 2834 5766 prwbiturum.
2869 5698 2940 5758 δὲ
2960 5698 3256 5769 arbitratus,
3287 5713 3342 5760 et
3369 5721 3422 5759 se
3450 5706 3582 5763 divi-

1985 5777 2084 5826 tem
2113 5768 2244 5841 legit
2271 5771 2434 5824 etiam
2459 5770 2727 5826 Sabatier.
