4094 6190
253 275 360 332 989

829 272 920 330 DE
957 271 1097 330 NON
1134 271 1506 329 macesco
1545 271 1609 327 lN
1646 271 1846 328 osuu
1883 243 2486 341 θιιιιιδριιιῖιιτίιιιιε
2524 272 2735 329 uasa
2775 271 2981 331 unus.

3444 269 3552 342 eoo

255 389 456 443 bonum
481 395 632 464 potes
655 387 856 444 habere
889 387 1222 444 thesaurum.
1253 385 1512 441 Petulans
1533 400 1685 452 sum,
1719 385 1844 455 quia
1877 389 1927 448 Α
1956 387 2220 442 latronem
2247 388 2329 442 vel
2347 386 2734 458 gladiatorem.
2767 389 3008 454 Interea,
3060 387 3314 458 quoniam
3357 388 3558 443 reeita-

258 481 437 535 dicam
473 480 626 557 tibi,
661 480 913 534 tenebras
940 490 1032 535 tuo
1067 478 1310 534 habitare
1356 478 1409 532 in
1455 474 1663 541 corde;
1722 475 1848 532 inde

255 588 322 628 ex
359 571 821 626 tenebrosissimis
848 571 1100 626 sensibus
1147 569 1288 633 tuis,
1339 578 1398 624 ut
1435 583 1496 624 es
1519 607 1536 634 ,
1572 567 1852 642 immunda

261 666 661 733 tenebrosaque
690 663 858 718 audes
883 665 1148 732 proferre.
1176 661 1340 729 Ecce,
1363 661 1527 716 etiam
1558 658 1692 714 illud
1709 657 1854 729 quod

259 739 464 813 dictum
494 767 576 810 est
599 755 758 811 beato
785 754 950 811 Petro
979 770 1009 809 a
1038 755 1273 810 Domino
1295 756 1338 808 si
1363 753 1586 820 audias,
1610 753 1857 810 dicturus

256 841 376 908 Sine
402 841 565 906 dubio
606 865 692 905 me
721 849 1203 905 contumeliosum.
1238 848 1525 904 Matthazus
1572 847 1858 902 sanctissi-

259 958 383 999 mus
403 985 420 1011 ,
451 928 656 1008 Adhuc,
681 929 877 1012 inquit,
905 942 1018 1010 ipso
1048 940 1302 1008 loquente,
1354 957 1470 994 ecce
1504 939 1679 993 Iudas
1720 953 1856 992 unus

259 1019 325 1088 de
346 1019 620 1087 duodecim
653 1041 700 1099 ⁸,
726 1044 913 1086 etcum
941 1048 998 1085 eo
1029 1031 1192 1087 turbat
1233 1015 1409 1086 multa:
1430 1048 1548 1085 cum
1580 1031 1766 1102 gladiis
1807 1040 1857 1084 et

261 1125 504 1194 fustibus,
533 1123 676 1177 missi
701 1140 732 1177 a
763 1124 1083 1194 principibus
1113 1123 1460 1189 sacerdotum,
1485 1133 1531 1177 et
1571 1123 1858 1177 senioribus

255 1216 418 1288 plebis
442 1231 460 1268 :
479 1214 568 1282 qui
584 1225 754 1268 autem
777 1215 994 1269 tradidit
1025 1231 1143 1268 eum
1163 1213 1214 1280 δ,
1257 1215 1400 1268 dedit
1441 1215 1514 1268 eis
1537 1215 1741 1287 signum
1776 1214 1859 1269 di-

258 1325 377 1362 rens
402 1307 831 1387 :Quemcumque
860 1310 1122 1365 osculatus
1165 1311 1311 1380 [uero
1339 1351 1355 1377 ,
1404 1312 1511 1383 ipse
1536 1320 1610 1365 est
1629 1351 1645 1377 ,
1693 1321 1858 1387 tenete

259 1416 400 1455 eum.
423 1385 488 1454 Et
511 1403 780 1474 confestim
798 1402 1045 1457 accedens
1068 1405 1136 1456 ad
1160 1401 1341 1457 Iesum
1362 1403 1432 1480 ait
1459 1419 1477 1457 :
1517 1403 1619 1456 Ave
1662 1385 1851 1456 Rabbi.

259 1492 327 1546 Et
357 1493 616 1548 osculatus
665 1504 737 1549 est
779 1511 914 1549 eum.
946 1492 1096 1550 Dixit
1129 1505 1151 1532 ο
1182 1503 1353 1548 autem
1377 1493 1532 1549 Iesus
1555 1511 1573 1548 :
1620 1494 1700 1549 Ad
1727 1495 1852 1562 quid

259 1585 446 1640 renisti
472 1586 635 1640 amice
657 1586 682 1640 ?
706 1585 853 1640 Tunc
876 1596 1239 1654 accesserunt,
1291 1593 1337 1642 e‘t
1361 1604 1544 1641 manus
1571 1588 1861 1660 injecerunt

260 1675 314 1731 in
339 1673 549 1740 Iesum,
581 1689 630 1732 et
659 1687 932 1732 tenuerunt
954 1695 1089 1732 eum.
1120 1661 1324 1732 Εἰρεσέ
1361 1695 1496 1733 unus
1544 1695 1612 1733 ea:
1651 1661 1730 1732 liis
1769 1679 1860 1749 qui

1957 483 2154 548 vimus,
2177 482 2448 551 quomodo
2472 497 2729 538 coemens
2761 493 2884 538 tuus
2913 483 3163 540 Scarioth
3195 482 3365 538 Iudas
3388 482 3556 537 tradi-

1955 573 2098 629 derit
2121 575 2402 629 Dominum
2423 615 2438 641 ,
2489 574 2592 630 isto
2638 574 2691 628 in
2745 578 2865 631 loco
2901 576 3021 646 ejus
3050 575 3265 646 penitus
3291 583 3557 630 retracte-

1957 681 2079 721 mus
2099 667 2367 736 sacrilegii
2397 681 2594 721 causas
2651 678 2705 721 et
2740 678 2861 722 tuas
2882 710 2896 734 ,
2925 681 2977 724 et
3004 669 3248 723 invenies
3274 683 3437 722 unum
3467 681 3564 721 vos

1957 772 2078 812 esse
2109 766 2161 813 te
2192 767 2248 812 et
2266 757 2458 813 Iudam
2483 758 2846 814 Scariotham.
2877 761 2971 816 Ille
2999 761 3224 815 tradidit
3270 760 3558 815 Dominum

1959 849 2158 905 Iudaeis
2177 889 2192 914 ,
2220 852 2344 921 quia
2373 867 2478 905 non
2529 854 2698 905 fuerat
2728 851 2963 906 credens
2991 891 3007 918 ,
3037 852 3139 906 nisi
3185 849 3459 919 quomodo
3488 850 3560 904 sit

1959 955 2104 996 nunc
2131 940 2362 995 credens
2385 943 2738 994 conscotinus
2771 951 2895 994 tuus
2916 939 3292 995 Sirmiensium
3311 981 3326 1004 ,
3351 941 3440 1008 qui
3472 938 3558 993 di—

1959 1035 2182 1091 cebatur
2217 1050 2281 1090 ac
2325 1035 2520 1089 dicitur
2575 1033 2791 1104 indigne
2831 1033 3118 1088 Photinus.
3181 1033 3260 1086 Tu
3286 1030 3555 1086 tradidisti

1959 1145 2120 1194 cum,
2159 1136 2216 1182 et
2256 1127 2472 1197 quidem
2503 1127 2597 1181 toti
2625 1126 2781 1191 orbi,
2829 1135 2884 1178 ut
2937 1125 3115 1178 cuncti
3168 1122 3288 1192 ejus
3339 1122 3549 1191 possint

1960 1235 2162 1292 negare
2181 1221 2538 1275 divinitatem.
2589 1218 2721 1287 Quis
2751 1227 2992 1272 vestrum
3049 1218 3101 1270 in
3130 1216 3339 1270 scelere
3385 1215 3559 1284 major

1960 1326 2043 1369 est
2067 1313 2090 1364 ?
2124 1313 2235 1383 Ego
2264 1312 2502 1366 arbitror
2518 1309 2644 1380 quia
2680 1321 2756 1363 tu.
2789 1309 2969 1363 Omnis
2998 1317 3022 1354 ες
3045 1309 3179 1362 enim
3206 1307 3296 1377 qui
3321 1322 3560 1375 peccave-

1959 1409 2025 1462 rit
2048 1409 2102 1462 in
2132 1406 2327 1460 Filium
2355 1405 2575 1458 hominis
2601 1444 2617 1472 ,
2648 1403 2934 1456 dimittetur
2961 1403 3008 1457 ei
3035 1420 3052 1456 .'
3083 1403 3170 1468 qui
3201 1410 3372 1454 autem
3422 1400 3561 1453 blas-

1963 1499 2276 1570 phemavcrit
2305 1499 2358 1550 in
2406 1495 2662 1566 Spiritum
2684 1504 2955 1560 sanctum,
3008 1509 3110 1546 non
3154 1493 3446 1546 dimittetur
3478 1493 3557 1559 ei,

1963 1608 2123 1664 neque
2142 1591 2224 1645 hic
2253 1608 2410 1663 neque
2436 1592 2488 1644 in
2513 1591 2692 1659 futuro
2719 1588 2884 1659 (Ibid.
2911 1603 2985 1642 xu
3003 1631 3018 1654 ,
3043 1587 3113 1641 5‘2
3137 1586 3180 1658 ).
3209 1587 3273 1641 Et
3301 1597 3355 1640 ιιι
3385 1585 3562 1640 deita-

1963 1685 2032 1739 tis
2056 1684 2202 1738 illius
2223 1725 2238 1748 ,
2267 1699 2376 1754 quo
2399 1681 2584 1738 cuncti
2613 1691 2841 1751 possunt
2861 1677 2890 1715 ιι
2915 1695 3136 1750 negare,
3163 1678 3422 1736 exstitisti
3457 1688 3559 1731 tra-

262 1779 408 1824 rrant
440 1786 556 1823 cum
578 1767 706 1824 Iesu
731 1810 746 1836 ,
795 1769 1074 1825 extendens
1127 1787 1361 1837 manum,
1389 1773 1575 1825 exemit
1625 1771 1859 1843 gladium
1890 1783 1938 1843 Β
1963 1775 2128 1830 ditor.
2159 1775 2432 1844 Quantum
2453 1773 2597 1828 enim
2623 1773 2766 1842 apud
2791 1784 2842 1828 te
2867 1781 2950 1827 est
2978 1813 2992 1837 ,
3017 1769 3290 1825 tradidisti
3321 1785 3469 1835 eum,
3495 1768 3565 1824 de

260 1863 431 1924 Suum,
452 1874 502 1916 et
530 1863 782 1931 percussit
797 1861 1001 1917 servum
1021 1863 1269 1935 principis
1292 1863 1614 1918 sacerdotum
1636 1903 1652 1932 ,
1675 1874 1726 1918 et
1746 1881 1860 1918 ant-

258 1946 458 2022 putavit
481 1955 776 2008 auriculam
825 1958 958 2026 ejus.
991 1953 1139 2008 Tunc
1177 1938 1247 2009 ait
1275 1954 1355 2008 illi
1384 1937 1582 2010 Iesus:
1616 1954 1864 2011 Converte

263 2047 498 2117 gladium
522 2058 666 2101 tuum
694 2048 746 2101 in
771 2048 940 2101 losum
963 2064 1112 2102 suum
1134 2045 1195 2113 (ις
1226 2064 1400 2103 omnes
1422 2049 1556 2102 enim
1600 2049 1688 2119 qui
1729 2050 1865 2104 acci-

265 2140 408 2209 piunt
429 2139 684 2211 gladium,
710 2138 886 2210 gladio
907 2139 1144 2211 peribunt
1169 2139 1332 2211 (Ibid.
1359 2156 1511 2206 xxvr,
1557 2141 1620 2196 ΓΙ
1643 2139 1685 2211 ).
1719 2139 1864 2196 Con-

267 2232 616 2288 tumeliosum
660 2247 744 2287 me
798 2219 949 2289 dicas
997 2249 1226 2290 necesse
1268 2244 1381 2302 est,
1429 2250 1553 2290 cum
1584 2235 1863 2301 audieris,

263 2327 432 2396 quia,
482 2327 525 2380 si
553 2315 738 2397 gladio
781 2327 986 2393 utaris,
1043 2327 1124 2402 ‘sis
1175 2326 1450 2398 periturus
1499 2327 1703 2399 gladio.
1761 2329 1868 2384 Ant

267 2409 527 2486 numquid
573 2434 680 2472 non
747 2432 806 2472 es
851 2432 981 2471 usus
1007 2417 1193 2488 gladio
1227 2429 1248 2454 ε
1280 2413 1716 2474 Christianorum
1749 2405 1776 2473 "t
1806 2419 1864 2475 Si

267 2507 474 2562 nullum
498 2503 676 2578 gladio
705 2491 1028 2562 intercmisti
1049 2550 1068 2584 .,
1097 2508 1142 2563 si
1181 2493 1391 2563 nullum
1423 2508 1487 2563 ad
1517 2521 1746 2564 mortem
1775 2524 1866 2564 us-

265 2597 372 2670 que
402 2610 724 2672 persecutus
750 2616 808 2656 es
834 2643 849 2668 ,
901 2617 999 2656 cur
1048 2601 1145 2657 Dei
1191 2603 1408 2656 unicum
1448 2602 1645 2656 Filium
1674 2618 1864 2658 verum

267 2693 461 2749 Filium
495 2687 661 2748 fuerit
681 2707 803 2749 esse
825 2691 1110 2748 confessus
1129 2735 1144 2760 ,
1193 2709 1292 2749 cur
1320 2693 1675 2763 apostolicam
1705 2693 1867 2763 atque

265 2775 634 2855 evangelicam
670 2783 905 2839 tenuerit
937 2782 1129 2852 fidem,
1175 2800 1272 2840 cur
1307 2784 1418 2839 non
1465 2801 1586 2841 esse
1630 2773 1866 2842 Arianus

269 2880 494 2933 voluerit
516 2921 530 2945 ,
555 2867 759 2949 poti-ris
784 2877 894 2933 non
920 2879 1333 2950 perire'gladio?
1383 2877 1551 2935 Audis
1589 2881 1730 2935 enim
1754 2873 1868 2936 dic-

269 2983 378 3025 tum
403 2971 562 3026 beato
609 2959 770 3026 Petro
813 2981 869 3026 et
923 2957 1162 3042 utiquea
1205 2967 1318 3027 Deo
1351 2959 1448 3026 Dei
1483 2973 1644 3029 unico
1689 2973 1866 3040 Filio,

269 3067 477 3132 tinnis,
507 3065 599 3134 qui
629 3063 811 3136 gladio
843 3067 1034 3133 utitur,
1087 3067 1230 3136 quod
1259 3049 1440 3138 gladio
1468 3069 1534 3123 sit
1565 3065 1865 3140 periturus.

1965 1877 2148 1937 quoet
2175 1869 2342 1923 libros
2377 1866 2389 1904 ί
2428 1868 2660 1934 scriptos
2685 1864 2888 1921 dedisti
2918 1906 2931 1928 ,
2967 1875 3022 1918 et
3054 1864 3440 1934 pratdicatores
3467 1862 3563 1918 be-

1965 1957 2113 2029 nigni
2139 1960 2246 2013 voti
2281 1961 2354 2013 tui
2398 1961 2542 2013 omni
2596 1959 2648 2012 in
2695 1957 2817 2012 loco
2869 1955 3227 2011 constituisti.
3263 1956 3431 2019 Quem
3457 1968 3566 2024 quo

1964 2060 2185 2121 possent
2216 2066 2408 2106 omnes
2437 2065 2636 2120 negare
2655 2064 2842 2104 verum
2875 2049 3025 2102 illum
3051 2062 3173 2102 esse
3207 2046 3304 2101 Dei
3336 2046 3560 2112 Filium,

1965 2143 2320 2212 apostolicam
2350 2153 2513 2212 atque
2551 2140 2919 2210 evangelicam
2949 2148 3138 2193 contra
3164 2152 3259 2193 vos
3281 2137 3566 2192 haereticos

1964 2239 2106 2309 apud
2132 2221 2337 2294 Niciam
2368 2236 2698 2307 descriptam
2729 2235 2888 2289 ﬁdem
2923 2233 3100 2288 fecisti
3138 2231 3150 2282 ι
3178 2231 3426 2302 judicare
3458 2231 3570 2284 ha:-

1965 2333 2190 2387 reticam
2213 2372 2228 2397 ,
2246 2341 2300 2386 et
2319 2315 2708 2398 blaSphemiam
2735 2338 2876 2381 luam
2895 2325 3067 2379 fecisti
3085 2323 3192 2377 dici
3212 2321 3560 2377 catholicam.

1967 2424 2026 2478 Et
2060 2433 2238 2478 tamen
2270 2424 2370 2476 iste
2398 2401 2597 2486 Iudas,
2629 2419 2720 2490 qui
2751 2434 2873 2472 eum
2911 2414 3244 2478 tradiderat,
3281 2413 3474 2466 videns
3505 2411 3562 2465 in

1965 2531 2075 2571 sua:
2106 2516 2293 2571 Salutis
2323 2532 2380 2569 se
2411 2520 2692 2583 operatum
2723 2525 2914 2565 necem
2940 2550 2954 2575 ,
3000 2507 3298 2577 paenitentia
3330 2506 3520 2558 ductus
3549 2545 3565 2571 ,

1966 2611 2138 2663 retulit
2162 2610 2371 2680 triginta
2389 2619 2660 2677 argenteos
2685 2603 3006 2674 principibus
3036 2599 3365 2654 sacerdotum
3403 2607 3449 2652 et
3480 2613 3563 2651 se-

1967 2702 2192 2757 nioribus
2216 2703 2388 2754 dicens
2417 2716 2435 2754 :
2465 2699 2684 2752 Peccavi
2709 2740 2723 2763 ,
2753 2695 2888 2765 quod
2919 2692 3227 2747 tradiderim
3263 2691 3567 2761 sanguinem

1957 2799 2184 2868 justum.
2214 2795 2279 2846 At
2307 2794 2384 2847 illi
2412 2793 2650 2846 dixerunt
2684 2797 2712 2836 k
2747 2806 2764 2844 :
2801 2788 2938 2853 Quid
2969 2786 3036 2840 ad
3066 2786 3204 2840 nos?
3257 2795 3312 2838 tu
3364 2785 3571 2838 videris.

1969 2886 2037 2940 Et
2065 2888 2302 2959 projectis
2333 2885 2590 2954 argenteis
2619 2887 2672 2936 in
2696 2882 2906 2954 templo,
2951 2882 3194 2944 secessit;
3227 2887 3273 2932 et
3321 2877 3446 2931 abiit
3471 2919 3486 2943 ,
3521 2889 3571 2931 et

1971 2981 2154 3050 laqueo
2183 2995 2238 3033 se
2266 2977 2530 3048 suspendit
2583 2975 2602 3047 (
2629 2975 2765 3030 Ibid.
2819 2989 2963 3028 χχιιι
2989 3016 3003 3040 ,
3035 2973 3068 3027 '5
3090 2972 3129 3042 ).
3185 2971 3281 3025 Ille
3312 2971 3435 3025 licet
3461 2984 3571 3024 uno

1973 3083 2250 3129 momento
2275 3072 2527 3142 pmnituit
2551 3113 2565 3138 ,
2609 3079 2661 3124 et
2695 3069 2928 3139 pretium
2960 3066 3103 3136 quod
3133 3074 3418 3134 acceperat
3442 3062 3567 3117 red-

267 3157 712 3238 Contuineliosus
766 3175 885 3214 sum
944 3162 1072 3231 quia
1115 3155 1352 3217 dixerim
1399 3163 1531 3222 tibi:
1561 3161 1866 3218 Christianis
1893 3159 1936 3219 C
1971 3166 2100 3221 didit
2131 3182 2146 3230 ;
2177 3157 2236 3219 tu
2265 3165 2392 3232 quid
2417 3165 2524 3217 tale
2545 3163 2566 3215 ?
2598 3162 2687 3231 qui
2743 3168 3044 3216 conventus
3071 3157 3343 3226 piaculum
3393 3163 3444 3210 te
3489 3153 3568 3209 fa-

270 3267 370 3303 non
399 3250 515 3303 licet
552 3251 838 3314 interﬁcere
871 3295 884 3318 ,
931 3255 1052 3324 quia
1089 3257 1197 3323 pati
1225 3297 1237 3318 ,
1285 3274 1387 3311 non
1429 3261 1600 3330 facere
1647 3259 1865 3330 dignum

268 3343 334 3396 sit
362 3344 613 3412 injuriam
634 3333 972 3412 Christianos,
1002 3333 1226 3415 interﬁci
1258 3349 1275 3388 ί
1311 3368 1328 3405 ;
1359 3352 1508 3406 debes
1547 3353 1734 3406 etenim
1767 3371 1863 3422 pro

269 3435 472 3489 Christo
500 3454 600 3490 non
623 3436 942 3493 Christianos
977 3458 1031 3495 se
1049 3443 1366 3498 clamitantes
1401 3445 1704 3510 interﬁcere.
1738 3446 1865 3501 llzec

271 3525 422 3584 nobis
463 3529 614 3584 dedit
642 3517 891 3588 mandata
920 3515 1208 3601 Dominus;
1249 3537 1295 3592 si
1325 3539 1588 3592 custodita
1616 3529 1821 3593 fuerint
1845 3580 1862 3607 ,

272 3629 394 3674 tunc
417 3617 707 3676 Christiani
737 3639 862 3680 esse
890 3621 1379 3696 perseverabimus.
1417 3630 1616 3684 Contra
1647 3639 1698 3684 ιιι
1731 3646 1857 3686 cum

273 3711 454 3791 gladio
492 3697 736 3785 digneris
763 3701 879 3786 ejus
920 3719 1170 3788 persequi
1197 3715 1419 3787 Servos,
1451 3736 1560 3776 non
1591 3733 1642 3776 te
1675 3721 1860 3792 utique

265 3803 376 3872 jatn
402 3805 770 3898 Christianum
823 3801 1124 3880 poterimus
1148 3827 1462 3884 nuncupare
1491 3857 1504 3881 ,
1547 3813 1641 3871 sed
1697 3816 1858 3885 plane

343 4007 548 4132 :IIXers.
581 4008 709 4064 Ant.
773 4019 831 4067 et
878 4011 1063 4069 Sabat.
1125 4012 1306 4083 Venit,
1359 4027 1550 4072 etcum
1599 4033 1659 4072 eo
1716 4019 1868 4073 turbta

273 4095 452 4132 ηιιιιια.

277 4149 557 4272 ᾱὲῇνιιινς.
609 4150 738 4206 Ant.
795 4151 994 4219 Illum,
1043 4155 1187 4210 dedit
1238 4156 1364 4211 illis.

315 4237 330 4272 t
413 4263 430 4272 -

315 4231 430 4278 mit.
514 4272 519 4276 .
792 4277 796 4278 ν
984 4277 990 4278 ,
1247 4275 1252 4278 .

674 4291 754 4347 illi
780 4277 957 4349 Iesus.
982 4277 1212 4356 Eadem.
1237 4275 1388 4354 Dixit
1436 4299 1519 4353 illi
1565 4299 1735 4354 I‘esus.
1767 4300 1871 4356 Sa-

270 4345 538 4438 ltit'lir_ritis
564 4345 748 4418 hic.“—
983 4345 1212 4356 Mum.
1232 4345 1366 4438 ‘—

343 4423 368 4515 ᾖ
500 4433 611 4515 loco
639 4451 734 4515 suo
759 4477 785 4515 ,_
810 4437 862 4490 in
889 4425 983 4491 lib.
1015 4455 1072 4493 ll.
1103 4454 1202 4515 pro
1220 4433 1278 4496 S.
1308 4427 1624 4515 Athanasio.

293 4573 298 4576 _
348 4512 371 4540 ε’
397 4503 492 4558 llic
523 4505 722 4579 aliquid
753 4507 944 4562 deesse
965 4503 1315 4579 comperitur.
1341 4513 1478 4579 Quid
1511 4515 1554 4566 si
1590 4513 1829 4578 legamus
1853 4554 1868 4578 ,

271 4574 325 4627 in
357 4591 526 4653 necem
551 4575 955 4653 Christianorum
979 4581 1005 4633 ?
1035 4574 1103 4653 id;
1111 4595 1251 4653 sane
1279 4574 1516 4653 velvquid
1543 4574 1722 4640 simile
1741 4574 1870 4639 con;-

278 4641 457 4727 textus
477 4641 765 4727 Possm-lare
792 4647 1024 4727 videtur.
1057 4651 1304 4727 Galland.

347 4714 374 4784 ,τ
411 4714 827 4792 adjiciendum,
849 4714 892 4774 et
916 4722 1154 4792 interﬁci.

350 4795 375 4832 8
414 4787 563 4869 Vers.
600 4792 723 4843 Ant.
783 4790 848 4844 Is‘t
897 4787 1203 4869 quicumque
1244 4795 1433 4850 disserit
1461 4797 1666 4852 verbum
1694 4809 1874 4853 contra

405 4863 715 4914 remittetur.
745 4900 758 4914 .
787 4901 800 4914 .
830 4900 846 4916 .
890 4863 1079 4920 dixerit
1108 4873 1380 4920 contra....
1411 4869 1787 4923 remittetun...
1817 4871 1872 4924 in

276 4926 373 5005 hoc
397 4929 583 5005 Ψυιο
613 4931 774 5005 neque
800 4933 852 4986 in
879 4935 994 5005 [uti
1329 4995 1332 4998 λ
1355 4995 1361 4999 .

348 4996 375 5034 ιι
407 4998 568 5078 Forte
597 4996 791 5070 possint
806 5044 835 5078 ,_
851 4996 908 5058 ιιί
937 4997 1009 5059 sit
1035 5021 1229 5061 sensus
1255 5025 1269 5062 :
1307 4996 1369 5062 Et
1400 5017 1453 5062 tu
1475 4999 1680 5063 deitutis
1700 5008 1867 5078 illius,

276 5079 332 5122 ut
354 5072 532 5151 functi
562 5088 672 5151 eam
697 5075 892 5151 possint
923 5093 1140 5148 negare,
1189 5080 1425 5151 exstitisti
1450 5080 1691 5134 traditur.
1723 5081 1828 5134 'l‘il.

273 5137 370 5214 qui
403 5139 532 5214 Vide
558 5137 758 5214 librum
805 5145 868 5214 de
919 5137 1020 5201 non
1061 5137 1407 5212 conreniendo
1453 5167 1569 5204 cum
1615 5151 1868 5204 licerelicis

277 5210 384 5290 (hic
406 5213 506 5293 col.
533 5213 683 5293 ’ἵβολ2
700 5223 752 5269 et
768 5210 925 5293 notas
936 5218 1101 5293 inlib.
1122 5210 1448 5293 Moriendum
1471 5237 1564 5293 pro
1593 5221 1726 5276 Filio
1743 5220 1858 5277 Dei.

278 5273 295 5364 ξ
354 5282 366 5330 ι
411 5273 534 5336 Hmc
556 5273 872 5364 deﬁynodo
915 5286 1250 5364 _At‘_in_tinenSi
1294 5273 1860 5364 intelligendasunt,

276 5355 330 5405 in
355 5367 461 5421 qua
486 5369 573 5408 an.
610 5355 734 5410 559.
768 5355 1250 5416 unanimiPatrnm
1282 5355 1552 5416 con~en§n
1583 5355 1860 5421 ὁμοουσίού

277 5437 382 5477 vox
409 5464 424 5488 ,
453 5440 481 5477 a
509 5426 754 5499 Concilio
784 5427 1002 5483 Nicmno
1049 5433 1282 5492 stabilita
1309 5473 1324 5493 ,
1375 5448 1494 5499 qua:
1539 5426 1702 5487 veluti
1738 5435 1860 5489 fidei

277 5500 484 5569 tessera
517 5505 640 5569 erat
666 5495 731 5549 ad
765 5503 1144 5569 secernendos
1175 5502 1243 5556 ab
1288 5495 1500 5556 Arianis
1528 5502 1856 5569 Catholicos,

277 5564 504 5646 silentio
535 5565 736 5646 omissa
758 5565 900 5646 fuit_:
927 5569 1064 5646 hinc
1086 5571 1449 5646 Hiertuiymns
1472 5572 1728 5646 adversus
1755 5564 1859 5630 Lu;

275 5634 569 5710 tiifcrianos
584 5633 649 5688 de
681 5637 815 5710 act_is
829 5636 1206 5710 AAriminensis
1222 5633 1447 5710 Co'ncilii
1473 5643 1592 5708 haec
1610 5645 1855 5709 scripsit:

277 5703 451 5790 Tunc
474 5704 704 5790 Merena;
733 5705 895 5790 Fidei
915 5709 1178 5790 damnatio
1202 5703 1528 5790 conclamata
1558 5725 1654 5772 est.
1707 5703 1860 5790 Inge-

275 5777 409 5858 muit
433 5784 567 5836 totus
588 5777 756 5850 orbis,
789 5788 835 5836 et
861 5781 1108 5843 Arianum
1134 5803 1186 5848 se
1213 5803 1321 5846 esse
1341 5787 1558 5845 miratus
1602 5799 1696 5846 est.
1726 5777 1859 5846 Pos-

1402 4199 1416 4212 .
1450 4197 1464 4211 .
1495 4197 1510 4213 .
1541 4161 1608 4212 ad
1633 4159 1817 4214 Iesum
1849 4199 1867 4226 ,

1895 4624 1947 4684 D

1970 3275 2095 3315 cere
2121 3259 2189 3313 ab
2209 3259 2324 3330 ejus
2353 3257 2523 3312 servis
2567 3272 2672 3310 non
2710 3255 2884 3308 solum
2923 3269 3028 3305 non
3071 3249 3394 3321 pmnitueris
3415 3290 3430 3315 ,
3464 3246 3563 3302 sed

1971 3365 2021 3407 et
2050 3353 2218 3422 magis
2250 3353 2300 3404 in
2325 3349 2716 3405 centumaciam
2744 3344 3020 3408 creveris;
3049 3353 3100 3396 tu
3129 3341 3258 3412 quid
3290 3341 3437 3394 tale?
3477 3339 3567 3408 qni

1970 3446 2044 3499 sis
2070 3445 2204 3499 dans
2227 3458 2416 3497 omnes
2443 3442 2628 3510 copias
2647 3438 2794 3508 regni
2827 3438 2920 3501 tui,
2950 3446 3003 3488 nt
3024 3435 3200 3504 possis
3222 3432 3562 3500 sacrilegium

1973 3550 2122 3594 tuum
2155 3540 2370 3592 firmare
2394 3576 2410 3604 ,
2439 3538 2564 3605 qui,
2596 3548 2733 3602 quos
2760 3519 2865 3585 alio
2893 3531 3054 3584 modo
3076 3542 3427 3596 corrumpere
3457 3539 3566 3578 non

1973 3631 2213 3701 potueris
2242 3644 2270 3682 a
2298 3629 2531 3682 veritate
2560 3668 2574 3691 ,
2601 3607 2892 3679 nonnullos
2920 3623 3120 3692 ingenti
3149 3620 3373 3691 praaniio
3401 3615 3569 3670 facul-

1967 3733 2135 3778 tatum
2169 3725 2376 3777 tuarum
2404 3717 2743 3787 corruperis,
2771 3717 2859 3786 qui
2879 3727 3091 3770 certum
3123 3727 3410 3766 numerum
3437 3723 3566 3779 cge-

1964 3829 2155 3869 norum
2187 3807 2257 3868 ita
2285 3803 2702 3879 locupletaveris
2724 3851 2738 3877 ,
2766 3803 3133 3862 utcomilibus
3168 3803 3182 3840 ¹
3223 3801 3328 3857 tuis
3365 3801 3431 3856 de
3475 3797 3564 3855 di-

1976 4027 2097 4073 sunt
2129 4025 2305 4071 tamen
2321 4013 2554 4070 Luciferi
2587 4011 2751 4067 verba
2780 4009 2968 4066 referri
2991 4009 3056 4063 ad
3078 4007 3352 4077 Synodum
3386 4004 3562 4077 Nicae-

1979 4105 2100 4142 nam
2133 4087 2377 4155 ejusdem
2407 4086 2532 4140 anui
2557 4125 2569 4137 .
2597 4085 2661 4136 ad
2688 4099 2847 4152 quam
2880 4075 3387 4155 plurimijCatliolici
3437 4075 3565 4155 Ειιίτ

1979 4160 2128 4227 scopi
2162 4148 2211 4213 vi
2242 4158 2492 4220 adducti,
2523 4164 2579 4209 et
2605 4148 2801 4209 callide
2844 4153 2913 4207 ab
2941 4152 3157 4227 Arionis
3204 4148 3559 4227 circumfcnti

1977 4219 2187 4294 οὐσῖας,
2235 4245 2299 4284 ac
2357 4229 2630 4300 ὁμοουσίου
2685 4240 2846 4300 voces
2881 4223 3202 4293 rejcccrnnt.
3234 4219 3565 4300 Vide'l‘hco-

1977 4302 2098 4354 dor.
2134 4290 2229 4354 lib.
2261 4316 2316 4354 ιι.
2343 4290 2484 4356 Hist.
2533 4315 2655 4366 cap.
2707 4297 2798 4351 2i.
2829 4295 2884 4366 lin
2915 4290 3142 4362 utraque
3185 4306 3312 4346 vero
3340 4290 3562 4366 Synodo

1980 4370 2151 4425 Filius
2179 4369 2326 4424 Patri
2356 4370 2539 4424 similis
2570 4360 2801 4421 subdolo
2831 4360 3152 4419 Arianorum
3184 4377 3344 4415 sensu
3376 4360 3563 4414 decla-

1978 4453 2126 4496 ratus
2151 4451 2272 4505 est;
2307 4442 2358 4493 in
2393 4437 2718 4494 Ariminensi
2753 4444 2931 4488 tamen
2983 4432 3192 4505 Ursacii
3223 4445 3285 4484 ac
3321 4429 3557 4482 Valentis

1979 4511 2166 4566 fraude
2193 4503 2274 4565 me
2305 4520 2563 4578 printer-ea
2607 4503 3173 4578 fornitila_:_proposita:
3212 4508 3335 4578 situt
3355 4539 3367 4563 ,
3399 4508 3560 4568 atque

1982 4568 2367 4651 Episcopal-um
2395 4577 2723 4632 anathemati
2752 4568 3051 4651 subjectm__,
3079 4588 3197 4640 quae
3227 4568 3423 4651 Filium
3454 4585 3561 4622 non

1976 4643 2242 4723 negabant
2263 4659 2551 4723 creaturam
2573 4663 2694 4723 esse
2714 4688 2727 4707 ,
2757 4648 2848 4723 sed
2892 4645 3128 4723 similem
3161 4643 3374 4723 caeteris
3404 4657 3559 4696 crea-

1977 4713 2108 4778 turTis
2134 4741 2150 4786 ;
2181 4737 2349 4792 quare
2377 4721 2572 4792 Ariana
2604 4716 2936 4792 blasphemia
2982 4713 3380 4792 quodammodo
3435 4725 3558 4780 pro-

1974 4796 2087 4850 bari
2124 4785 2426 4849 videbatur.
2465 4791 2592 4856 Vide
2623 4785 2782 4844 etiam
2811 4788 3007 4842 Baron.
3039 4787 3104 4838 ad
3131 4785 3271 4837 hunc
3297 4799 3518 4838 annum.

2043 4865 2069 4904 ιι
2101 4866 2356 4919 Dixerunt
2407 4866 2450 4918 ei
2483 4862 2638 4917 Vers.
2691 4860 2820 4914 Ant.
2871 4859 2975 4915 Sed
3025 4858 3074 4911 ei
3123 4856 3278 4911 abest
3328 4855 3486 4909 etiam
3517 4869 3546 4909 a

1972 4937 2184 4994 Graeco.
3290 4991 3295 4998 ,

2050 5006 2334 5062 1Comites
2368 5015 2492 5058 tunc
2519 5013 2673 5056 erant
2723 5000 2978 5070 prmcipui
3033 4994 3380 5070 magistratus
3415 4994 3556 5064 apud

1973 5079 2266 5132 (Imsarem.
2301 5075 2402 5129 Til.
2430 5075 2535 5130 Sed
2573 5067 2928 5127 liauil'reeteV
2963 5081 3119 5125 erant
3147 5069 3287 5122 enim
3319 5067 3558 5134 impera-

1975 5148 2298 5218 toriipalatii
2335 5160 2619 5215 proceres,
2651 5143 3003 5218 qniComites
3047 5143 3168 5194 ideo
3216 5136 3558 5202 dicebantur,

1972 5222 2096 5289 quia
2118 5215 2510 5288 imperatorem
2541 5215 3307 5289 comitabanturquocumque
3325 5247 3340 5272 ,
3379 5223 3556 5289 neque

1973 5280 2040 5343 ab
2099 5280 2219 5361 ejus
2256 5290 2434 5361 latere
2475 5302 2724 5356 umquam
2770 5280 3556 5361 dle'Ctit‘ilEl-tll-I.IlthHCllillll

1971 5349 2192 5416 nomine
2246 5357 2438 5415 iidicti
2502 5349 2735 5412 fuerunt.
2772 5356 2859 5424 qui
2888 5352 3069 5424 palatii
3096 5349 3437 5424 iiiiiiisterjis,
3493 5364 3557 5403 ac

1969 5432 2164 5485 officiis
2205 5438 2503 5500 praeerant,
2557 5438 2613 5480 at
2666 5418 3285 5500 nullamulmeistratns.
3315 5418 3558 5500 “fortnam

1967 5487 2242 5570 gerehani.
2270 5487 2506 5556 Comites
2535 5513 2664 5552 vero
2694 5489 3050 5570 provinciales
3075 5534 3090 5556 ,
3126 5493 3169 5570 _ii
3203 5490 3419 5569 quidem
3445 5505 3555 5570 suo

1967 5562 2311 5642 magistratus
2343 5584 2569 5642 munere
2618 5565 3003 5642 l'_u_ngebanlt_tr_,
3049 5562 3200 5642 sed,
3235 5564 3307 5642 uti
3343 5578 3407 5614 ex
3443 5562 3556 5642 Dii:

1963 5633 2167 5711 Catigio
2188 5642 2506 5711 conjiciinns
2532 5641 2582 5692 in
2616 5633 2821 5711 Gloss,
2855 5634 2956 5690 sub
2987 5633 3211 5711 imperio
3243 5633 3554 5711 (IIonStanlii

1968 5702 2204 5780 nondum
2235 5702 2461 5769 instituti
2487 5711 2714 5780 fortasse
2748 5707 2983 5780 fuerunt.
3019 5703 3241 5780 Brittios
3262 5702 3348 5780 hic
3378 5702 3559 5780 innuit

1967 5775 2205 5860 Lucifer,
2238 5798 2466 5861 quarunt
2498 5777 2713 5840 divitias
2743 5778 2857 5839 fere
2885 5776 3171 5852 aequabant
3195 5775 3556 5850 abjectissimi
