4094 6190
572 256 675 314 991

1659 250 1980 308 LUCIFERI
2020 251 2327 311 EPISCOPI
2364 252 2784 311 CALARITANI

3777 254 3889 311 992

573 375 824 429 vitiarum
858 370 1236 440 magnitudine
1264 368 1472 441 possint
1500 369 1724 439 aequari.
1758 368 1927 424 Judas
1961 378 2175 437 postea-
2203 375 2249 433 Α
2281 370 2483 425 laboris
2516 370 2872 442 perpendere.
2917 370 3062 427 Dicis
3114 386 3201 425 me
3253 371 3705 427 contumeliomm
3727 416 3742 435 ,
3789 373 3892 441 qui

580 480 742 537 quam
778 464 985 519 [acinus
1008 478 1163 516 suum
1196 462 1475 526 advertit,
1510 464 1704 529 laqueo
1739 460 1907 515 linivit
1964 462 2130 516 vitam
2159 482 2172 517 :

572 568 628 613 tu
651 560 740 628 qui
773 572 868 624 pro
901 555 1271 623 magnitudine
1295 554 1545 608 malelicii
1595 555 1669 607 tui
1728 552 1921 622 majori
1949 555 2177 608 mereris

572 654 734 723 plecn
759 650 1023 721 ‘upplicio
1051 691 1065 714 ,
1098 650 1225 718 quid
1258 650 1364 703 eris
1389 657 1609 703 acturus
1631 690 1645 713 ,
1693 664 1815 703 cum
1845 649 1985 702 male
2018 660 2069 702 te
2100 648 2177 703 fe-

574 745 717 800 cisse
742 758 868 799 sero
897 745 1021 797 licet
1046 742 1368 812 cognoveris
1394 742 1413 794 ?
1442 758 1563 795 Ctttll
1595 757 1656 796 ea
1676 782 1690 805 ,
1719 758 1839 811 quae
1866 757 2009 796 nunc
2050 757 2176 809 pos-

576 846 697 891 sunt
731 838 1050 903 coospicere
1076 876 1091 899 ,
1128 834 1349 886 minime
1378 834 1659 903 siippui-ati
1685 849 1893 887 veneno
1921 835 2177 889 Iiwretico

575 930 718 985 oculi
745 931 817 981 tui
843 929 1026 982 videre
1055 927 1360 996 caeperint?
1390 938 1441 980 et
1466 936 1641 980 tamen
1662 969 1674 992 ,
1701 926 1745 979 si
1769 926 1899 981 velis
1927 926 2173 992 credere,

577 1020 883 1075 dimittatur
914 1018 1006 1072 tibi
1042 1035 1261 1073 necesse
1288 1027 1371 1071 est
1403 1017 1453 1070 id
1477 1018 1617 1085 quod
1648 1034 1712 1071 ex
1741 1017 2045 1087 ignorantia
2075 1033 2173 1088 ge-

578 1112 654 1167 ris
676 1153 689 1173 ,
720 1112 878 1165 sicuti
907 1111 1188 1165 dimissum
1210 1111 1367 1165 beato
1398 1110 1585 1165 Paullo
1612 1112 1863 1179 apostolo
1891 1111 2132 1167 advertis
2160 1130 2173 1165 :

579 1205 662 1259 sin
690 1220 839 1264 vero.
865 1204 942 1258 sic
971 1205 1081 1258 eris
1112 1214 1168 1256 ut
1193 1202 1359 1258 Judas
1388 1205 1753 1259 descensurus
1792 1204 1857 1258 ad
1907 1203 2175 1259 infernam

584 1312 834 1363 not-tem,
880 1311 1003 1352 tunc
1027 1298 1275 1352 dicturus
1305 1300 1384 1353 eis
1410 1340 1423 1359 ,
1483 1300 1571 1366 qui
1600 1312 1650 1353 te
1678 1315 1817 1352 nunc
1850 1298 1963 1352 luei-
1998 1298 2177 1355 facere

580 1393 990 1463 compulerunt.
1026 1390 1128 1443 hoc
1158 1399 1241 1445 est
1272 1389 1540 1444 coarianis
1571 1393 1705 1445 tuis:
1742 1389 1961 1445 Peccavi
2009 1393 2176 1444 vobis-

581 1501 723 1547 cum,
774 1500 966 1551 negans
995 1484 1204 1536 unicum
1237 1481 1331 1535 Dei
1372 1480 1600 1549 Filium;
1652 1486 1856 1555 peccavi
1909 1484 2178 1538 tribuendo

581 1577 724 1631 vobis
750 1578 1108 1630 auctoritatem
1132 1578 1199 1627 ad
1232 1577 1346 1645 ejus
1362 1585 1606 1629 cateruam
1637 1578 1925 1643 negandum
1954 1578 2174 1629 clemen-

581 1670 728 1724 tiam.
758 1670 911 1722 Tunc
940 1684 1061 1722 cum
1086 1683 1419 1739 Cognoscere
1445 1670 1675 1737 imperis
1701 1669 1873 1724 Patris
1893 1681 1943 1723 et
1978 1669 2094 1723 Filii
2125 1680 2179 1723 et

2280 474 2332 517 et
2367 477 2452 516 me
2479 471 2535 516 et
2566 464 2694 516 milii
2718 465 3043 517 commiSsos
3070 463 3169 517 sini
3199 464 3428 530 cupiens
3458 479 3561 519 non
3590 474 3677 517 tua
3710 466 3895 532 pesti-

2278 558 2389 613 fera
2422 559 2663 612 doctrina
2698 558 3011 621 vulnerari,
3054 558 3177 628 quia
3212 558 3384 613 dicam
3432 559 3527 613 tibi
3577 562 3781 614 morbo
3833 572 3893 617 te

2279 651 2498 718 plenum
2520 691 2534 709 .
2563 660 2614 703 et
2648 651 2846 703 iccirco
2869 666 2990 705 es~e
3011 648 3039 688 ι’
3066 666 3093 703 a
3131 650 3225 705 Dei
3256 651 3534 705 vitandum
3556 666 3745 706 servis
3771 696 3787 715 ,
3820 669 3891 709 ne

2272 742 2385 812 jam
2412 744 2509 808 ipsi
2544 742 2779 797 morbidi
2805 742 2981 797 ell‘ccti
3014 759 3115 797 una
3152 743 3251 796 hac
3285 753 3369 797 tua
3396 760 3688 811 pereamus
3707 754 3890 813 peste.

2283 834 2529 897 Utinam,
2582 837 2749 905 inquit
2820 835 3115 889 Corinthiis
3172 824 3484 905 apostolus,
3551 839 3895 892 sustinentis

2284 942 2304 969 ε
2338 931 2580 998 pusillum
2631 931 2939 999 insipientia:
2987 947 3113 983 mete
3140 972 3154 993 ,
3213 930 3305 983 sed
3344 941 3392 983 et
3439 940 3756 1001 supportute
3787 948 3889 985 me.

2281 1023 2562 1077 lEmu/aus
2592 1022 2616 1059 ά
2644 1023 2778 1075 enim
2809 1039 2895 1075 vos
2930 1021 3036 1074 Deo
3062 1024 3298 1076 remulor.
3360 1021 3533 1077 Statui
3590 1023 3736 1076 enim
3806 1039 3896 1075 ros

2280 1118 2369 1169 ιιιιὶ
2397 1116 2501 1167 viro
2532 1116 2983 1184 rirgiuemcastum
3006 1111 3474 1167 exhibereChristo.
3504 1112 3683 1166 Timeo
3708 1124 3896 1166 autem

2281 1228 2342 1263 ne
2372 1212 2501 1263 sicut
2524 1225 2729 1277 serpens
2766 1209 2923 1262 Evam
2953 1207 3153 1262 seduxit
3177 1208 3367 1261 astutia
3400 1216 3423 1243 θ
3454 1224 3547 1259 sua
3570 1249 3587 1272 ,
3643 1223 3891 1260 corrum-

2283 1312 2468 1372 pantur
2493 1318 2671 1353 sensus
2704 1302 2856 1353 vestri
2883 1318 2915 1353 a
2939 1302 3174 1353 castitate
3188 1316 3302 1370 quw
3331 1309 3403 1353 est
3436 1301 3485 1353 in
3514 1298 3726 1353 Christo
3760 1299 3893 1352 Jesu

2285 1395 2351 1462 (ll
2373 1393 2491 1447 Car.
2528 1409 2606 1457 ιι,
2640 1395 2661 1447 1
2695 1393 2734 1461 ).
2769 1392 2970 1473 lccirco
3001 1392 3093 1445 tibi
3119 1392 3305 1447 videor
3331 1407 3453 1446 esse
3505 1392 3891 1445 contumelio-

2282 1504 2375 1543 sus
2398 1530 2411 1547 ,
2439 1488 2559 1557 quia
2592 1488 2690 1539 sim
2719 1489 2945 1550 tium-ns,
2973 1502 3039 1539 ne
3068 1502 3165 1555 per
3206 1485 3574 1555 blasphemias
3602 1494 3727 1538 tuas
3757 1501 3887 1539 cor-

2282 1596 2504 1648 t'nmpas
2526 1580 2827 1634 castitatem
2862 1596 3020 1650 quam
3054 1579 3320 1634 habemus
3351 1580 3402 1631 in
3434 1578 3655 1634 Christo
3698 1579 3840 1633 Jesu
3870 1622 3887 1645 ,

2282 1672 2403 1742 quia
2429 1688 2614 1727 sumus
2640 1680 2943 1726 metuentes
2996 1686 3063 1723 ne
3094 1672 3231 1724 sicut
3261 1685 3485 1735 serpens
3518 1670 3894 1725 cltarissiunus

585 1766 821 1835 ειμι-ηιμ
846 1766 1017 1821 saueii
1043 1780 1314 1820 unamuos
1338 1776 1485 1820 recte
1511 1766 1758 1820 molituri
1783 1768 2169 1825 aeternitatem.
2204 1771 2253 1831 Β
2279 1773 2401 1819 tuus
2428 1766 2588 1818 Evam
2618 1764 2832 1817 seduxit
2857 1763 3050 1817 astutia
3077 1778 3169 1816 sua
3197 1805 3213 1830 ,
3243 1762 3472 1819 scducas
3506 1778 3606 1818 nos
3635 1780 3665 1817 a
3734 1765 3851 1818 Deo
3873 1804 3891 1830 ,

583 1872 705 1913 cum
731 1856 915 1912 videre
943 1859 1176 1926 ('(Bpel‘is
1198 1857 1341 1929 quod
1374 1874 1477 1911 una
1512 1859 1575 1912 sit
1612 1859 1925 1927 magnitudo
1957 1875 2172 1929 unaque

583 1953 896 2021 potentiain
930 1950 1117 2015 Patre,
1148 1963 1199 2005 et
1228 1952 1456 2004 inunico
1475 1949 1616 2004 Filio
1635 1951 1753 2019 ejus
1778 1992 1792 2016 ,
1825 1963 1876 2005 et
1912 1954 1960 2004 in
1985 1961 2173 2006 sancto

583 2046 866 2113 paracleto
888 2043 1095 2113 Spiritu
1130 2085 1145 2109 ,
1176 2045 1265 2097 ubi
1294 2056 1417 2098 tunc
1439 2056 1595 2098 erunt
1628 2045 1716 2114 qui
1749 2055 1801 2098 te
1844 2046 2174 2115 impulerunt

582 2138 647 2191 ad
679 2136 781 2191 hoc
814 2137 1240 2207 perpetrandum
1265 2137 1606 2207 sacrilegium
1633 2180 1648 2202 ,
1684 2147 1739 2191 ut
1770 2140 1921 2193 dicas
1948 2140 2012 2191 ad
2037 2154 2129 2193 eos
2160 2157 2173 2193 :

584 2229 865 2295 Paeaiteor,
884 2233 1006 2303 quia
1036 2232 1289 2286 vobiscum
1319 2230 1417 2285 Dei
1440 2234 1659 2286 inimicis
1686 2234 2025 2301 cucurrerim,
2058 2236 2177 2305 quia

584 2326 843 2380 vobiscum
865 2328 1056 2397 fuerim
1076 2334 1373 2397 persecutus
1405 2324 1500 2378 Dei
1521 2326 1772 2380 domum?
1813 2339 1989 2381 tecum
2022 2336 2179 2382 erunt

582 2421 700 2475 sine
730 2418 896 2473 duliio
919 2420 969 2472 in
993 2422 1262 2487 gebenua.
1291 2417 1394 2473 Ubi
1438 2428 1563 2472 tunc
1610 2419 1995 2473 ernntdivitizc
2029 2422 2177 2489 regni

584 2518 692 2579 tui,
717 2530 837 2585 qua:
863 2516 955 2569 tibi
988 2531 1091 2569 non
1124 2516 1188 2567 ad
1214 2515 1466 2577 salutem,
1490 2514 1583 2567 sed
1616 2514 1904 2583 proﬁciunt
1926 2514 1991 2567 ad
2016 2526 2178 2569 mter-

584 2624 709 2662 num
741 2618 888 2661 tuum
915 2608 1239 2662 interitum?
1282 2607 1542 2673 Optamus
1565 2607 1783 2677 quidem
1814 2649 1827 2672 ,
1880 2618 1934 2661 ut
1967 2608 2061 2661 tibi
2093 2623 2181 2663 sa—

584 2699 710 2753 lutis
738 2710 843 2754 tua:
876 2701 1096 2755 inimico
1124 2698 1375 2768 dignetur
1408 2699 1651 2754 revelare
1681 2700 1822 2754 Deus
1845 2696 2126 2754 veritatem
2156 2744 2171 2767 ,

584 2807 936 2862 entergasque
959 2810 989 2845 e
1018 2792 1180 2847 tantis
1213 2793 1487 2861 periculis.
1528 2790 1799 2847 Caeterum
1832 2803 2091 2862 quantum
2126 2794 2178 2847 in

587 2886 795 2941 scelere
824 2888 899 2939 sis
920 2888 1245 2941 eminentior
1267 2886 1334 2939 ab
1360 2885 1608 2940 Scarioth
1642 2885 1778 2939 Juda
1804 2927 1819 2951 ,
1856 2903 1960 2940 non
1994 2895 2077 2939 est
2109 2887 2184 2938 la-

588 2978 735 3033 boris
758 2979 1059 3043 :estimare;
1090 2980 1528 3049 quandoquidem
1558 2989 1613 3033 tu
1638 2988 1662 3015 τι
1688 2981 1752 3032 ad
1783 2980 1898 3049 ejus
1927 2980 2183 3034 divinita-

589 3080 696 3125 tem
722 3070 1018 3139 uegandam
1051 3085 1266 3123 omnem
1299 3072 1682 3125 convocaveris
1735 3072 1957 3136 orbem;
2012 3071 2182 3126 Judas

2278 1867 2329 1911 et
2364 1858 2525 1909 lacias
2556 1872 2682 1911 reos
2711 1857 2920 1909 mortis.
2946 1854 3092 1909 Dicis
3138 1870 3223 1909 me
3273 1869 3653 1910 cuntttmacem
3686 1898 3701 1922 ,
3765 1857 3897 1926 quia

2278 1950 2450 2006 dicam
2510 1960 2560 2005 te
2607 1952 2916 2016 onerarium
2972 1949 3221 2003 dolosuni
3277 1949 3890 2019 pseudocliriStizinuin.

2279 2045 2395 2100 Non
2427 2055 2552 2099 sunt
2582 2046 2810 2113 primum
2837 2059 2934 2109 per
2965 2058 3049 2098 me
3074 2043 3358 2097 adversum
3417 2054 3469 2098 tc
3498 2045 3743 2113 prolata.
3784 2046 3900 2097 Au-

2280 2138 2363 2193 dis
2377 2137 2571 2191 etenim
2599 2138 2811 2190 beatum
2832 2134 3457 2203 apostolumoperarium
3490 2146 3539 2188 te
3564 2134 3897 2202 designasse

2280 2230 2523 2285 dolosum
2540 2229 3048 2299 pseudoapostolunt
3068 2246 3079 2279 :
3099 2244 3219 2280 nam
3239 2226 3498 2296 ejusmodi
3546 2227 3901 2295 pseudoapn-

2281 2325 2402 2378 stoli
2424 2335 2543 2377 sunt
2563 2325 2791 2391 Ollt'l'dl‘il
2807 2321 3591 2391 dolosi,transiigurantessein
3610 2322 3901 2389 apostolos

2282 2416 2504 2471 Christi.
2529 2415 2635 2469 Nec
2656 2416 2850 2468 mirum
2881 2415 3029 2482 :ipse
3051 2415 3192 2467 enim
3222 2422 3436 2467 satanas
3460 2416 3819 2479 transﬁgurat
3842 2428 3901 2468 se

2283 2508 2421 2564 sient
2475 2508 2698 2578 angelus
2761 2508 2925 2562 lucis:
2979 2522 3084 2560 non
3129 2522 3382 2576 magnum
3416 2508 3459 2560 si
3495 2506 3733 2559 ministri
3778 2506 3902 2576 ejus

2286 2609 2764 2675 transligurantur,
2788 2607 2922 2660 sicut
2950 2607 3181 2659 ministri
3206 2605 3429 2674 jnstitite
3454 2647 3467 2661 .
3502 2620 3737 2671 quorum
3778 2604 3903 2659 ﬁnis

2284 2710 2365 2755 est
2389 2699 2680 2754 secundum
2710 2700 3075 2767 operationem
3102 2697 3361 2765 ipsorum.
3390 2696 3524 2751 Hinc
3572 2696 3668 2752 tibi
3702 2698 3902 2753 videor

2285 2810 2408 2849 esse
2462 2793 2756 2862 superbus,
2810 2792 2930 2860 quia
2963 2790 3137 2844 dicam
3199 2800 3250 2844 te
3303 2804 3641 2858 cognoscens
3692 2806 3765 2843 ex
3815 2805 3902 2844 ac-

2287 2890 2431 2942 tilms
2481 2890 2584 2941 tuis
2633 2903 2695 2940 ex
2745 2886 2851 2940 illis
2882 2899 3032 2947 esse,
3082 2899 3217 2952 quos
3249 2885 3383 2937 tale:
3411 2884 3619 2937 iuturus
3654 2884 3903 2950 Spiritus

2287 2989 2508 3034 Sanctus
2542 2995 2637 3048 per
2666 2978 2972 3047 apostolum
3002 2975 3439 3045 pra‘ostcnderit.
3482 2975 3541 3029 Si
3591 2992 3704 3028 non
3740 2992 3805 3028 es
3845 2986 3901 3029 tu

2287 3072 2569 3141 Operarins
2596 3071 2849 3135 dolosus,
2885 3070 3105 3124 revince
3138 3086 3243 3123 me.
3282 3068 3393 3139 Ego
3425 3070 3569 3122 cnim
3603 3069 3723 3121 scio
3754 3068 3901 3136 quod

590 3177 721 3216 vero
744 3162 875 3215 solis
900 3162 1005 3216 illis
1036 3161 1321 3217 Dominmn
1354 3162 1633 3217 tradiderit
1661 3204 1674 3228 ,
1723 3163 1814 3234 qui
1848 3165 1899 3217 in
1932 3178 2053 3217 eum
2084 3180 2182 3219 nec
2209 3167 2253 3229 C
2290 3165 2443 3229 lingis
2476 3172 2527 3217 te
2548 3163 2922 3217 Christianum
2947 3202 2960 3225 ,
2990 3176 3111 3215 cum
3138 3161 3373 3214 Arianus
3404 3160 3475 3213 sis
3500 3200 3515 3225 ,
3553 3175 3756 3213 omnes
3805 3176 3904 3214 nos

587 3256 713 3310 dum
737 3255 1111 3321 crediderant;
1147 3266 1200 3309 tu
1228 3264 1415 3309 contra
1439 3256 1598 3309 etiam
1621 3271 1713 3309 eos
1762 3272 2067 3326 provocare
2098 3257 2182 3310 di-

588 3360 783 3418 gnatus
812 3364 871 3401 es
894 3348 958 3399 ad
992 3348 1290 3417 negantiam
1313 3348 1432 3415 ejus
1462 3348 1716 3402 deitatem
1740 3392 1753 3411 .
1801 3350 1890 3419 qui
1918 3350 2030 3416 jam
2064 3365 2185 3404 cre—

590 3442 862 3495 diderant.
907 3440 1072 3496 Judas
1102 3444 1235 3496 nulli
1279 3443 1383 3496 vim
1418 3442 1598 3496 intulit
1637 3454 1695 3496 ut
1725 3458 1908 3497 sei-um
1941 3444 2184 3512 periret,

590 3543 648 3587 ιιι
675 3542 864 3586 contra
896 3548 1019 3587 cum
1048 3533 1270 3587 militari
1299 3550 1459 3588 manu
1478 3535 1551 3589 sis
1576 3551 1819 3605 pugnans
1842 3546 2029 3589 contra
2064 3552 2185 3601 nos,

589 3643 724 3698 quos
757 3628 1042 3696 cognoscis
1066 3628 1292 3682 credere
1314 3671 1326 3689 ,
1358 3629 1632 3697 quomodo
1680 3629 2022 3697 patriarcha),
2059 3646 2186 3700 pro-

591 3724 769 3793 phetae
795 3765 808 3784 ,
843 3723 1113 3795 apostoli,
1166 3740 1227 3778 ac
1275 3736 1545 3797 martyres
1572 3726 1964 3792 crediderunt;
2000 3728 2185 3796 utique

589 3824 854 3888 quantum
883 3816 1045 3870 distet
1077 3817 1216 3871 inter
1249 3826 1300 3873 te
1329 3828 1490 3886 atque
1519 3817 1709 3873 Judam
1741 3834 1847 3874 non
1892 3832 1970 3875 est
2006 3821 2186 3890 magni

590 4010 620 4047 e
640 3992 769 4047 nece
800 3994 1118 4047 Arianorum
1145 3993 1389 4045 homines
1411 4008 1438 4044 a
1461 3992 1782 4045 Constantio
1806 3991 1960 4045 ditati
1985 3990 2181 4043 Catho-

594 4063 817 4117 lirurum
843 4065 998 4115 bonis
1020 4074 1073 4113 et
1099 4064 1313 4131 opibus,
1339 4079 1474 4128 quos
1499 4078 1586 4114 aut
1619 4062 1825 4115 exsiliis
1853 4103 1867 4124 ,
1892 4073 1983 4113 aut
2011 4072 2183 4114 morte

595 4137 882 4202 plectebat.
914 4132 1179 4185 Nonnulla
1206 4136 1257 4185 in
1291 4136 1427 4185 lianc
1455 4149 1567 4186 rem
1596 4134 1899 4185 notavimus
1918 4134 1969 4185 in
2004 4133 2094 4187 lib.
2122 4148 2179 4186 Il.

592 4220 691 4275 pro
722 4206 777 4258 S.
814 4203 1007 4275 Athan.

672 4286 695 4311 ιι
715 4276 845 4328 (Iuni
875 4274 1128 4328 nimirum
1146 4274 1509 4329 Ariniinensis
1529 4314 1544 4339 ,
1575 4274 1659 4327 cui
1689 4274 2096 4338 Occidentales,
2130 4284 2184 4329 et

595 4347 961 4401 Seleuciensis
992 4346 1263 4419 Synudus,
1293 4350 1381 4419 cui
1402 4345 1983 4419 7iii‘iﬂiliiiltfsAEtiiSt’Opi
2018 4357 2185 4419 mter-

597 4419 814 4473 l'ueruut
840 4460 855 4483 ,
904 4416 1096 4473 eodem
1145 4434 1286 4471 anno
1317 4416 1441 4471 559.
1478 4428 1662 4470 Coacta
1722 4417 1815 4470 fuit
1862 4418 2016 4484 jussu
2044 4418 2184 4471 Con-

595 4490 797 4547 smntii.
836 4501 893 4544 ut
920 4506 1111 4543 oinues
1139 4492 1352 4543 tandem
1373 4489 1751 4543 contentiones
1789 4491 2016 4541 Arianm
2044 4491 2184 4541 inter

594 4575 647 4617 et
677 4562 987 4616 tzziiliolicos
1030 4562 1446 4620 dirimerentur:
1493 4561 1588 4614 sed
1637 4561 1850 4613 usitatis
1901 4559 2185 4613 it:t‘l‘t‘.liC0-

601 4650 715 4684 rom
765 4634 1076 4695 ii'aiidibos,
1122 4649 1349 4702 quarum
1397 4632 1650 4701 prarsidno
1702 4632 1972 4684 Ntcmnam
2024 4630 2183 4684 fidem

599 4715 848 4756 evertere
916 4708 1283 4766 eonatiantnr;
1348 4714 1401 4755 ct
1452 4704 1502 4755 in
1549 4702 1796 4754 Concilio
1849 4703 2184 4756 Ariminensi

600 4776 724 4842 quid
753 4788 962 4842 gesmm
987 4774 1149 4826 fuerit
1176 4775 1443 4836 diximus;
1477 4773 1528 4825 in
1561 4772 1896 4826 ὃσιΙιιιινίθιιεί
1933 4789 2061 4827 vero
2083 4772 2183 4827 Ses-

602 4844 848 4896 tmartani
893 4844 1331 4911 triumpharunt.
1392 4852 1445 4896 ιιι
1490 4844 1777 4916 ὁμοιούσιον
1827 4843 2015 4916 Filium
2066 4860 2188 4897 esse

600 4916 997 4981 ili-erexerunt,
1029 4917 1343 4969 conﬁrmata
1391 4915 1624 4968 Secunda
1657 4915 1869 4967 At'tanze
1903 4915 2026 4970 lidei
2080 4916 2189 4967 l'or-

602 4990 765 5049 mula,
800 5002 918 5053 qua:
948 5006 977 5039 e
1006 4986 1176 5040 tribus
1202 4986 1346 5039 edita
1381 4988 1555 5039 fuerat
1581 5001 1633 5039 in
1662 4985 2008 5041 Atiiiuclieno
2039 4987 2188 5040 tion~

601 5058 857 5113 ciliabulo
888 5074 977 5111 an.
1011 5058 1135 5111 ΞΗ.

674 5127 701 5166 δ
732 5128 804 5181 Te
832 5146 956 5183 esse.
994 5128 1165 5182 Valic.

676 5211 698 5238 ε
735 5201 883 5254 Vers.
912 5211 1035 5254 Ant.
1062 5198 1362 5253 Portaretis.
1400 5236 1413 5249 .
1434 5200 1778 5269 insipientiam
1804 5214 1987 5249 nteant.
2006 5196 2186 5251 Graec.

605 5271 656 5325 itt
690 5289 803 5346 ius;
826 5271 1050 5346 Borttet‘.
1082 5289 1200 5346 cum
1233 5270 1401 5346 Lucii.
1434 5273 1615 5346 μικρὸν
1634 5270 2038 5346 τῆςλᾷφροσύνης
2061 5290 2187 5340 μου.

674 5342 700 5379 ά
732 5341 1012 5396 /Emulans
1038 5344 1171 5397 enim
1206 5358 1289 5394 v-is
1321 5340 1692 5395 Deo—aemuler.
1735 5340 1950 5392 Vidi-tur
2011 5355 2193 5408 itaque

602 5414 799 5488 legisse
847 5414 1063 5469 LIICIfCI‘
1093 5433 1106 5467 :
1141 5414 1305 5488 Ζηλῷν
1349 5416 1449 5488 γὰρ
1471 5414 1631 5488 guttai;
1669 5414 1764 5488 θεῷ
1811 5412 1960 5477 ζηλῶ.
2018 5418 2193 5488 Atque

604 5488 741 5540 lianc
790 5486 1073 5541 lectionem
1126 5483 1429 5553 prdit-iniit
1462 5483 1632 5538 Codd.
1684 5484 1921 5537 Clarum.
1954 5496 2003 5538 et
2057 5487 2193 5537 San-

602 5573 773 5627 gcrtn.
808 5560 946 5625 apud
978 5558 1216 5611 Militum.
1253 5554 1479 5610 Gallaud

675 5637 698 5665 θ
733 5626 810 5679 De
836 5628 1023 5682 astutia
1049 5646 1235 5682 sum...
1267 5646 1297 5680 a
1329 5634 1583 5693 castitate,
1614 5636 1658 5681 et
1705 5626 2051 5695 simplicitate.
2082 5639 2195 5695 qua

675 5644 698 5665 υ
733 5644 810 5679 ue
836 5644 1023 5682 astutia
1049 5646 1235 5682 sum...
1267 5646 1297 5680 a
1329 5644 1583 5693 castitate,
1614 5644 1658 5681 et
1705 5644 1795 5680 sim
1840 5644 2051 5683 ttcimte.
2082 5644 2194 5695 qua:

601 5706 674 5747 est
705 5698 756 5749 iu
805 5696 1026 5751 Christo.
1067 5699 1221 5753 Vers.
1254 5699 1379 5752 Aut.
1420 5699 1735 5754 Lei-teonem
1793 5644 2194 5752 {:ICirt‘l'lillttiln

604 5780 635 5812 α
661 5769 891 5819 castitate
918 5770 1175 5825 exhibent
1202 5784 1418 5839 quoque
1453 5770 1797 5837 AnibrOsius,
1831 5770 2188 5841 Augustinus,

2289 3257 2531 3311 volueris
2558 3271 2745 3309 servos
2765 3256 2920 3321 cujus
2945 3265 2998 3308 tu
3030 3254 3235 3309 satellis
3263 3254 3279 3290 ί
3316 3268 3373 3307 es
3398 3252 3601 3307 facere.
3646 3253 3765 3307 Nisi
3794 3270 3903 3308 non

2290 3366 2351 3407 es
2377 3352 2658 3419 opt-rarius
2680 3350 2902 3402 dolosus
2930 3390 2942 3412 ,
2986 3358 3038 3401 tu
3066 3348 3228 3415 proba
3256 3364 3373 3401 nos.
3400 3346 3615 3400 Etenim
3646 3347 3901 3401 videmus

2292 3444 2345 3499 in
2377 3443 2695 3514 quibusdam
2726 3442 2869 3509 piuin
2902 3450 2926 3486 ετ
2954 3450 3003 3496 te
3029 3441 3233 3508 lingere
3262 3480 3276 3503 ,
3300 3456 3421 3493 cum
3468 3454 3693 3494 omnem
3739 3454 3900 3493 εκεῖ-

2293 3552 2417 3592 cens
2443 3538 2492 3588 in
2524 3551 2620 3589 nos
2650 3534 2989 3588 Christianos
3023 3532 3353 3602 impietatem
3395 3544 3562 3586 tuam.
3595 3530 3657 3585 Si
3696 3549 3808 3584 non
3840 3532 3898 3584 es

2297 3638 2352 3683 tu
2381 3629 2662 3699 operarius
2685 3628 2905 3682 dolosus
2924 3669 2939 3693 ,
2986 3626 3259 3699 quomodo
3308 3628 3514 3695 (ingens
3569 3641 3765 3695 pacem
3794 3624 3821 3662 ιι
3848 3636 3898 3680 te

2296 3724 2546 3783 ﬁrmare.
2593 3730 2817 3776 cenatus
2850 3720 3033 3774 fueras
3082 3719 3148 3773 ad
3192 3734 3409 3773 omnem
3452 3719 3546 3773 Dei
3596 3719 3895 3773 eccle~iam

2295 3815 2679 3872 destruendam
2701 3858 2715 3882 ,
2749 3813 2813 3867 ad
2846 3828 3035 3883 pacem
3065 3813 3114 3867 ei
3148 3827 3239 3882 per
3272 3811 3486 3866 Unicum
3514 3809 3714 3867 Filium
3756 3812 3770 3847 λ
3799 3823 3898 3866 tra-

2289 3988 2544 4045 Prosner.
2575 3987 2912 4041 Gatnlentins
2937 4028 2950 4051 ,
2977 4001 3042 4039 ex
3089 3986 3577 4053 interpretameuto
3629 3986 3889 4041 nimirum

2286 4068 2379 4115 τοῦ
2432 4061 2736 4119 ἁπλότητος.
2794 4060 2923 4110 \tde
2974 4056 3194 4111 Mtllitttn
3242 4057 3307 4109 ad
3360 4056 3501 4109 hunc
3534 4058 3738 4109 locum.
3774 4058 3894 4109 Gal-

2288 4129 2433 4184 lartd.
2476 4133 2669 4184 Verum
2705 4134 2753 4182 in
2790 4129 2963 4184 Gra'c.
2995 4130 3126 4182 Cod.
3158 4128 3399 4180 (loltu-rt.
3434 4144 3482 4184 ι,
3518 4143 3629 4179 ιιιιιι
3668 4126 3804 4187 Βηιιι.
3835 4143 3897 4183 ac

2291 4203 2570 4257 Ssttiaertn.
2604 4202 2742 4267 apud
2791 4202 2974 4254 Sabat.
3009 4200 3203 4265 legitur
3226 4198 3520 4269 ἁγιότητος,
3546 4202 3631 4252 καὶ
3675 4201 3896 4256 ἁπλότη-

2286 4296 2395 4337 τος,
2425 4284 2479 4328 et
2528 4274 2579 4327 in
2628 4274 2849 4327 Burner.
2885 4269 3225 4324 Gnaeo-Lat.
3260 4274 3400 4333 apud
3434 4273 3691 4323 eumdem
3740 4272 3895 4326 ἁπλό-

2288 4367 2462 4409 τητος,
2491 4350 2574 4399 sui
2596 4346 2903 4417 ityvérn'rog;
2932 4342 3384 4417 cutiiquco'qvom;
3415 4339 3605 4417 Graece
3638 4346 3715 4393 stt
3741 4346 3898 4393 casti-

2290 4425 2366 4468 tas
2397 4418 2585 4469 Latino
2615 4413 2852 4471 nomine.
2887 4414 2919 4465 it
2952 4414 3158 4467 Patres.
3192 4414 3280 4478 qui
3312 4430 3343 4464 a
3368 4413 3604 4463 catitate
3658 4427 3897 4479 εει-ινδε-

2291 4498 2415 4539 runt
2459 4488 2509 4540 in
2563 4499 2709 4540 textu
2743 4484 3008 4541 Paullum,
3044 4499 3149 4537 non
3182 4499 3244 4535 ex
3300 4484 3757 4551 interpret-tmte
3806 4492 3892 4538 τοῦ

2288 4557 2591 4618 ἁπλότητος.
2628 4559 2721 4609 si-d
2750 4572 2814 4609 ex
2850 4556 2966 4623 ipso
2994 4555 3185 4609 Cra-co
3215 4560 3431 4608 nomine
3480 4552 3786 4625 ἁγιότητος,
3818 4571 3897 4605 ax-

2288 4644 2392 4696 q=ie
2419 4645 2484 4682 ex
2532 4630 2722 4682 Grmco
2756 4639 2901 4679 textu
2956 4626 3281 4680 locutionem
3318 4626 3460 4696 illam
3513 4641 3804 4685 accc-pere.
3843 4626 3897 4679 In

2288 4695 2448 4759 Cul.,
2484 4716 2589 4766 quo
2618 4698 2833 4752 Lucifer
2866 4708 3113 4763 ususest,
3146 4701 3333 4752 deerat
3356 4695 3495 4750 forte
3522 4696 3715 4756 τὸ.καὶ
3737 4696 3899 4751 ἁπλό-

2288 4792 2461 4832 τητος,
2490 4780 2536 4823 et
2565 4771 2914 4831 simplicitate.

2366 4842 2383 4877 ί
2418 4845 2519 4895 l’ro
2550 4842 2771 4903 satelles,
2807 4840 3056 4901 minister,
3091 4847 3168 4911 ut;
3184 4837 3477 4911 PrOphetis,
3507 4838 3622 4891 sive
3668 4839 3900 4909 praplze-

2293 4921 2386 4979 tes,
2422 4928 2517 4983 pro
2544 4912 2814 4985 propheta.
2840 4910 2948 4966 Til.
2978 4922 3032 4962 et
3062 4914 3105 4963 la
3131 4908 3325 4985 βιιτιιςδ.

2366 4978 2389 5030 8
2423 4978 2814 5053 Eli-e'iiiulynis,
2846 4999 2909 5036 ac
2941 4983 3255 5035 muneribus
3284 4983 3475 5045 sacris,
3505 4978 3573 5033 de
3600 4979 3811 5048 quibus
3846 4982 3893 5035 in

2291 5053 2383 5108 lib.
2420 5071 2457 5113 ι.
2492 5072 2588 5122 pro
2615 5055 2673 5109 S.
2713 5054 2908 5108 Alban.

2364 5123 2389 5161 δ
2424 5126 2570 5178 Dicta
2598 5127 2664 5179 de
2692 5125 2795 5178 hoc
2841 5130 2990 5192 plura
3019 5122 3083 5176 ad
3128 5122 3245 5177 libr.
3281 5122 3344 5175 de
3385 5140 3485 5176 non
3529 5139 3748 5176 concert.
3785 5141 3895 5176 cum

2291 5196 2468 5251 lueret.
2486 5196 2593 5250 Sed
2621 5212 2740 5250 cum
2777 5197 2913 5249 liber
2940 5197 3002 5248 de
3029 5211 3127 5247 non
3154 5195 3412 5265 parcendo
3442 5194 3493 5247 iu
3530 5194 3699 5248 Deum
3726 5194 3893 5247 delin-

2290 5272 2561 5333 quentibus
2589 5269 2819 5333 scriptns
2850 5266 3010 5320 luerit
3039 5281 3152 5334 post
3186 5268 3531 5321 Ariuuneuse
3556 5268 3890 5327 Concdinm,

2293 5336 2525 5390 fortasse
2557 5338 2607 5390 id
2642 5340 2809 5389 inuqu
2844 5338 3089 5393 Lucifer.
3127 5336 3267 5402 quod
3311 5338 3361 5388 in
3394 5337 3620 5389 Socrate
3667 5340 3891 5403 legimus

2294 5408 2389 5461 lib.
2446 5424 2512 5468 tt,
2560 5424 2678 5473 cap.
2728 5409 2817 5472 '57,
2868 5409 2999 5462 edit.
3040 5408 3215 5462 Vales.
3263 5406 3639 5461 Cunstantiuin
3684 5411 3891 5461 sentient

2293 5480 2583 5533 comantia:
2625 5497 2781 5533 causa
2810 5480 2917 5534 duo
2967 5480 3055 5532 illa
3095 5480 3405 5533 decrevisse
3452 5479 3731 5539 toncilia,
3764 5480 3891 5530 alte-

2298 5566 2416 5605 rum
2450 5551 2679 5606 Arimini
2704 5592 2719 5615 ,
2749 5555 2980 5605 alterum
3026 5550 3288 5604 Seleucia:
3334 5550 3575 5605 habitum
3613 5569 3624 5603 :
3655 5552 3749 5603 sed
3779 5552 3888 5620 ejus

2295 5625 2569 5679 consilium
2603 5621 2737 5689 {ilict
2766 5638 3005 5677 successu
3030 5625 3220 5677 caruit.

2376 5694 2391 5731 ί
2430 5695 2522 5748 Dei
2550 5692 2770 5751 Filium.
2806 5695 2977 5750 Vatic.
