  <div class='ocr_page' id='page_1' title='image "/cluster/home/n/w/nwhite01/storage/ocr_20150623/13/hvd.32044096580428/505.png"; bbox 0 0 4094 6190; ppageno 0'>
   <div class='ocr_carea' id='block_1_1' title="bbox 509 232 615 290">
    <p class='ocr_par' dir='ltr' id='par_1_1' title="bbox 509 232 615 290">
     <span class='ocr_line' id='line_1_1' title="bbox 509 232 615 290; baseline 0 0"><span class='ocrx_word' id='word_1_1' title='bbox 509 232 615 290; x_wconf 85' lang='lat'><strong>999</strong></span> 
     </span>
    </p>
   </div>
   <div class='ocr_carea' id='block_1_2' title="bbox 1577 226 2718 291">
    <p class='ocr_par' dir='ltr' id='par_1_2' title="bbox 1577 226 2718 291">
     <span class='ocr_line' id='line_1_2' title="bbox 1577 226 2718 291; baseline 0.004 -5"><span class='ocrx_word' id='word_1_2' title='bbox 1577 226 1906 288; x_wconf 77' lang='lat' dir='ltr'><strong><em>LUCIFERI</em></strong></span> <span class='ocrx_word' id='word_1_3' title='bbox 1949 229 2261 288; x_wconf 78' lang='lat' dir='ltr'><strong><em>EPISCOPI</em></strong></span> <span class='ocrx_word' id='word_1_4' title='bbox 2299 230 2718 291; x_wconf 79' lang='lat' dir='ltr'><strong><em>CALARITANI</em></strong></span> 
     </span>
    </p>
   </div>
   <div class='ocr_carea' id='block_1_3' title="bbox 3682 231 3833 291">
    <p class='ocr_par' dir='ltr' id='par_1_3' title="bbox 3682 231 3833 291">
     <span class='ocr_line' id='line_1_3' title="bbox 3682 231 3833 291; baseline 0.013 -1"><span class='ocrx_word' id='word_1_5' title='bbox 3682 231 3833 291; x_wconf 67' lang='lat'><strong>£000</strong></span> 
     </span>
    </p>
   </div>
   <div class='ocr_carea' id='block_1_4' title="bbox 508 345 3830 421">
    <p class='ocr_par' dir='ltr' id='par_1_4' title="bbox 508 345 3830 421">
     <span class='ocr_line' id='line_1_4' title="bbox 508 345 3830 421; baseline 0 -20"><span class='ocrx_word' id='word_1_6' title='bbox 508 357 534 385; x_wconf 71' lang='grc'>⁸</span> <span class='ocrx_word' id='word_1_7' title='bbox 557 349 610 403; x_wconf 93' lang='lat' dir='ltr'><strong><em>in</em></strong></span> <span class='ocrx_word' id='word_1_8' title='bbox 635 364 778 402; x_wconf 91' lang='lat' dir='ltr'><strong><em>mare</em></strong></span> <span class='ocrx_word' id='word_1_9' title='bbox 795 358 1079 419; x_wconf 87' lang='lat' dir='ltr'><strong><em>magnum:</em></strong></span> <span class='ocrx_word' id='word_1_10' title='bbox 1107 351 1154 401; x_wconf 91' lang='lat' dir='ltr'><strong><em>et</em></strong></span> <span class='ocrx_word' id='word_1_11' title='bbox 1179 352 1405 418; x_wconf 88' lang='lat' dir='ltr'><strong><em>quatuor</em></strong></span> <span class='ocrx_word' id='word_1_12' title='bbox 1431 345 1651 402; x_wconf 70' lang='lat' dir='ltr'><strong><em>bestiazb</em></strong></span> <span class='ocrx_word' id='word_1_13' title='bbox 1670 348 1733 400; x_wconf 79' lang='lat' dir='ltr'><strong><em>de</em></strong></span> <span class='ocrx_word' id='word_1_14' title='bbox 1753 347 1885 402; x_wconf 86' lang='lat' dir='ltr'><strong><em>mari</em></strong></span> <span class='ocrx_word' id='word_1_15' title='bbox 1905 389 1920 411; x_wconf 89' lang='lat'><strong><em>,</em></strong></span> <span class='ocrx_word' id='word_1_16' title='bbox 1945 347 2112 400; x_wconf 53' lang='lat' dir='ltr'><strong><em>altnra</em></strong></span> <span class='ocrx_word' id='word_1_17' title='bbox 2139 353 2188 410; x_wconf 77' lang='grc' dir='ltr'>Α</span> <span class='ocrx_word' id='word_1_18' title='bbox 2217 351 2354 403; x_wconf 86' lang='lat' dir='ltr'><strong><em>visus</em></strong></span> <span class='ocrx_word' id='word_1_19' title='bbox 2385 351 2568 421; x_wconf 85' lang='lat' dir='ltr'><strong><em>capitis</em></strong></span> <span class='ocrx_word' id='word_1_20' title='bbox 2598 349 2699 402; x_wconf 90' lang='lat' dir='ltr'><strong><em>mei</em></strong></span> <span class='ocrx_word' id='word_1_21' title='bbox 2729 347 3065 404; x_wconf 90' lang='lat' dir='ltr'><strong><em>conturbabat</em></strong></span> <span class='ocrx_word' id='word_1_22' title='bbox 3094 363 3176 404; x_wconf 88' lang='lat' dir='ltr'><strong><em>me</em></strong></span> <span class='ocrx_word' id='word_1_23' title='bbox 3199 365 3219 403; x_wconf 90' lang='lat'><strong><em>:</em></strong></span> <span class='ocrx_word' id='word_1_24' title='bbox 3246 357 3294 404; x_wconf 89' lang='lat' dir='ltr'><strong><em>et</em></strong></span> <span class='ocrx_word' id='word_1_25' title='bbox 3319 349 3513 403; x_wconf 75' lang='lat' dir='ltr'><strong><em>accessi</em></strong></span> <span class='ocrx_word' id='word_1_26' title='bbox 3551 350 3619 403; x_wconf 88' lang='lat' dir='ltr'><strong><em>ad</em></strong></span> <span class='ocrx_word' id='word_1_27' title='bbox 3656 365 3830 402; x_wconf 77' lang='lat' dir='ltr'><strong><em>unum</em></strong></span> 
     </span>
    </p>
   </div>
   <div class='ocr_carea' id='block_1_5' title="bbox 502 439 2110 512">
    <p class='ocr_par' dir='ltr' id='par_1_5' title="bbox 502 439 2110 512">
     <span class='ocr_line' id='line_1_5' title="bbox 502 439 2110 512; baseline -0.002 -16"><span class='ocrx_word' id='word_1_28' title='bbox 502 443 720 496; x_wconf 90' lang='lat' dir='ltr'><strong><em>alteram</em></strong></span> <span class='ocrx_word' id='word_1_29' title='bbox 742 441 1096 511; x_wconf 77' lang='lat' dir='ltr'><strong><em>magnitudine</em></strong></span> <span class='ocrx_word' id='word_1_30' title='bbox 1119 440 1455 495; x_wconf 73' lang='lat' dir='ltr'><strong><em>antecedens.</em></strong></span> <span class='ocrx_word' id='word_1_31' title='bbox 1489 439 1669 495; x_wconf 86' lang='lat' dir='ltr'><strong><em>Prima</em></strong></span> <span class='ocrx_word' id='word_1_32' title='bbox 1696 451 1751 495; x_wconf 89' lang='lat' dir='ltr'><strong><em>ut</em></strong></span> <span class='ocrx_word' id='word_1_33' title='bbox 1777 442 1856 495; x_wconf 90' lang='lat' dir='ltr'><strong><em>leo</em></strong></span> <span class='ocrx_word' id='word_1_34' title='bbox 1877 451 1897 478; x_wconf 74' lang='grc' dir='ltr'><strong><em>ο</em></strong></span> <span class='ocrx_word' id='word_1_35' title='bbox 1921 452 1967 494; x_wconf 95' lang='lat' dir='ltr'><strong><em>et</em></strong></span> <span class='ocrx_word' id='word_1_36' title='bbox 1996 441 2110 512; x_wconf 86' lang='lat' dir='ltr'><strong><em>pin-</em></strong></span> 
     </span>
    </p>
   </div>
   <div class='ocr_carea' id='block_1_6' title="bbox 507 532 2108 606">
    <p class='ocr_par' dir='ltr' id='par_1_6' title="bbox 507 532 2108 606">
     <span class='ocr_line' id='line_1_6' title="bbox 507 532 2108 606; baseline -0.001 -19"><span class='ocrx_word' id='word_1_37' title='bbox 507 551 587 587; x_wconf 61' lang='lat' dir='ltr'><strong><em>nat</em></strong></span> <span class='ocrx_word' id='word_1_38' title='bbox 605 537 740 606; x_wconf 89' lang='lat' dir='ltr'><strong><em>ejus.</em></strong></span> <span class='ocrx_word' id='word_1_39' title='bbox 767 532 831 586; x_wconf 84' lang='lat' dir='ltr'><strong><em>Et</em></strong></span> <span class='ocrx_word' id='word_1_40' title='bbox 848 535 1072 587; x_wconf 72' lang='lat' dir='ltr'><strong><em>surrexit</em></strong></span> <span class='ocrx_word' id='word_1_41' title='bbox 1095 550 1126 586; x_wconf 93' lang='lat' dir='ltr'><strong><em>a</em></strong></span> <span class='ocrx_word' id='word_1_42' title='bbox 1147 544 1282 587; x_wconf 74' lang='lat' dir='ltr'><strong><em>terra</em></strong></span> <span class='ocrx_word' id='word_1_43' title='bbox 1303 543 1347 588; x_wconf 90' lang='lat' dir='ltr'><strong><em>et</em></strong></span> <span class='ocrx_word' id='word_1_44' title='bbox 1363 550 1521 605; x_wconf 82' lang='lat' dir='ltr'><strong><em>super</em></strong></span> <span class='ocrx_word' id='word_1_45' title='bbox 1539 535 1761 588; x_wconf 78' lang='lat' dir='ltr'><strong><em>hominis</em></strong></span> <span class='ocrx_word' id='word_1_46' title='bbox 1780 533 1932 601; x_wconf 82' lang='lat' dir='ltr'><strong><em>pedes</em></strong></span> <span class='ocrx_word' id='word_1_47' title='bbox 1950 534 2108 595; x_wconf 87' lang='lat' dir='ltr'><strong><em>stetit,</em></strong></span> 
     </span>
    </p>
   </div>
   <div class='ocr_carea' id='block_1_7' title="bbox 506 625 2111 681">
    <p class='ocr_par' dir='ltr' id='par_1_7' title="bbox 506 625 2111 681">
     <span class='ocr_line' id='line_1_7' title="bbox 506 625 2111 681; baseline -0.002 0"><span class='ocrx_word' id='word_1_48' title='bbox 506 637 551 681; x_wconf 92' lang='lat' dir='ltr'><strong><em>et</em></strong></span> <span class='ocrx_word' id='word_1_49' title='bbox 583 643 671 680; x_wconf 86' lang='lat' dir='ltr'><strong><em>cor</em></strong></span> <span class='ocrx_word' id='word_1_50' title='bbox 703 625 928 680; x_wconf 80' lang='lat' dir='ltr'><strong><em>hominis</em></strong></span> <span class='ocrx_word' id='word_1_51' title='bbox 957 626 1136 679; x_wconf 87' lang='lat' dir='ltr'><strong><em>datunt</em></strong></span> <span class='ocrx_word' id='word_1_52' title='bbox 1164 637 1236 681; x_wconf 90' lang='lat' dir='ltr'><strong><em>est</em></strong></span> <span class='ocrx_word' id='word_1_53' title='bbox 1263 628 1328 680; x_wconf 89' lang='lat' dir='ltr'><strong><em>ei.</em></strong></span> <span class='ocrx_word' id='word_1_54' title='bbox 1366 625 1432 679; x_wconf 80' lang='lat' dir='ltr'><strong><em>Et</em></strong></span> <span class='ocrx_word' id='word_1_55' title='bbox 1457 643 1572 681; x_wconf 91' lang='lat' dir='ltr'><strong><em>ecce</em></strong></span> <span class='ocrx_word' id='word_1_56' title='bbox 1599 627 1706 680; x_wconf 88' lang='lat' dir='ltr'><strong><em>alia</em></strong></span> <span class='ocrx_word' id='word_1_57' title='bbox 1733 626 1896 680; x_wconf 79' lang='lat' dir='ltr'><strong><em>bestia</em></strong></span> <span class='ocrx_word' id='word_1_58' title='bbox 1921 625 2111 680; x_wconf 92' lang='lat' dir='ltr'><strong><em>similis</em></strong></span> 
     </span>
    </p>
   </div>
   <div class='ocr_carea' id='block_1_8' title="bbox 505 703 2112 790">
    <p class='ocr_par' dir='ltr' id='par_1_8' title="bbox 505 703 2112 790">
     <span class='ocr_line' id='line_1_8' title="bbox 505 703 2112 790; baseline -0.001 -18"><span class='ocrx_word' id='word_1_59' title='bbox 505 735 624 773; x_wconf 90' lang='lat' dir='ltr'><strong><em>urso</em></strong></span> <span class='ocrx_word' id='word_1_60' title='bbox 641 703 692 785; x_wconf 65' lang='grc' dir='ltr'><strong><em>δ,</em></strong></span> <span class='ocrx_word' id='word_1_61' title='bbox 709 730 755 772; x_wconf 89' lang='lat' dir='ltr'><strong><em>et</em></strong></span> <span class='ocrx_word' id='word_1_62' title='bbox 779 721 830 771; x_wconf 90' lang='lat' dir='ltr'><strong><em>in</em></strong></span> <span class='ocrx_word' id='word_1_63' title='bbox 854 736 956 773; x_wconf 92' lang='lat' dir='ltr'><strong><em>una</em></strong></span> <span class='ocrx_word' id='word_1_64' title='bbox 979 732 1124 786; x_wconf 86' lang='lat' dir='ltr'><strong><em>parte</em></strong></span> <span class='ocrx_word' id='word_1_65' title='bbox 1147 721 1284 772; x_wconf 91' lang='lat' dir='ltr'><strong><em>stetit</em></strong></span> <span class='ocrx_word' id='word_1_66' title='bbox 1311 735 1330 772; x_wconf 89' lang='lat'><strong><em>:</em></strong></span> <span class='ocrx_word' id='word_1_67' title='bbox 1353 729 1401 772; x_wconf 91' lang='lat' dir='ltr'><strong><em>et</em></strong></span> <span class='ocrx_word' id='word_1_68' title='bbox 1426 731 1526 772; x_wconf 90' lang='lat' dir='ltr'><strong><em>trta</em></strong></span> <span class='ocrx_word' id='word_1_69' title='bbox 1549 723 1712 772; x_wconf 87' lang='lat' dir='ltr'><strong><em>latera</em></strong></span> <span class='ocrx_word' id='word_1_70' title='bbox 1736 719 1786 771; x_wconf 89' lang='lat' dir='ltr'><strong><em>in</em></strong></span> <span class='ocrx_word' id='word_1_71' title='bbox 1811 734 1899 772; x_wconf 89' lang='lat' dir='ltr'><strong><em>ore</em></strong></span> <span class='ocrx_word' id='word_1_72' title='bbox 1919 721 2032 790; x_wconf 86' lang='lat' dir='ltr'><strong><em>ejus</em></strong></span> <span class='ocrx_word' id='word_1_73' title='bbox 2059 718 2112 770; x_wconf 89' lang='lat' dir='ltr'><strong><em>in</em></strong></span> 
     </span>
    </p>
   </div>
   <div class='ocr_carea' id='block_1_9' title="bbox 509 812 2112 884">
    <p class='ocr_par' dir='ltr' id='par_1_9' title="bbox 509 812 2112 884">
     <span class='ocr_line' id='line_1_9' title="bbox 509 812 2112 884; baseline 0 -21"><span class='ocrx_word' id='word_1_74' title='bbox 509 820 532 848; x_wconf 83' lang='grc' dir='ltr'><strong><em>ο</em></strong></span> <span class='ocrx_word' id='word_1_75' title='bbox 565 812 732 865; x_wconf 88' lang='lat' dir='ltr'><strong><em>medio</em></strong></span> <span class='ocrx_word' id='word_1_76' title='bbox 764 813 996 865; x_wconf 87' lang='lat' dir='ltr'><strong><em>dentium</em></strong></span> <span class='ocrx_word' id='word_1_77' title='bbox 1025 815 1140 884; x_wconf 87' lang='lat' dir='ltr'><strong><em>ejus</em></strong></span> <span class='ocrx_word' id='word_1_78' title='bbox 1163 854 1176 875; x_wconf 91' lang='lat'><strong><em>,</em></strong></span> <span class='ocrx_word' id='word_1_79' title='bbox 1210 820 1260 866; x_wconf 88' lang='lat' dir='ltr'><strong><em>et</em></strong></span> <span class='ocrx_word' id='word_1_80' title='bbox 1289 813 1364 865; x_wconf 87' lang='lat' dir='ltr'><strong><em>sic</em></strong></span> <span class='ocrx_word' id='word_1_81' title='bbox 1393 812 1525 866; x_wconf 64' lang='lat' dir='ltr'><strong><em>dixit</em></strong></span> <span class='ocrx_word' id='word_1_82' title='bbox 1553 813 1604 866; x_wconf 90' lang='lat' dir='ltr'><strong><em>ei</em></strong></span> <span class='ocrx_word' id='word_1_83' title='bbox 1635 828 1653 866; x_wconf 86' lang='lat'><strong><em>.&#39;</em></strong></span> <span class='ocrx_word' id='word_1_84' title='bbox 1690 812 1858 883; x_wconf 81' lang='lat' dir='ltr'><strong><em>Surge</em></strong></span> <span class='ocrx_word' id='word_1_85' title='bbox 1883 821 1932 866; x_wconf 92' lang='lat' dir='ltr'><strong><em>et</em></strong></span> <span class='ocrx_word' id='word_1_86' title='bbox 1964 827 2112 864; x_wconf 89' lang='lat' dir='ltr'><strong><em>man-</em></strong></span> 
     </span>
    </p>
   </div>
   <div class='ocr_carea' id='block_1_10' title="bbox 506 901 2114 967">
    <p class='ocr_par' dir='ltr' id='par_1_10' title="bbox 506 901 2114 967">
     <span class='ocr_line' id='line_1_10' title="bbox 506 901 2114 967; baseline -0.001 -11"><span class='ocrx_word' id='word_1_87' title='bbox 506 903 641 956; x_wconf 91' lang='lat' dir='ltr'><strong><em>duca</em></strong></span> <span class='ocrx_word' id='word_1_88' title='bbox 670 919 850 956; x_wconf 86' lang='lat' dir='ltr'><strong><em>carnes</em></strong></span> <span class='ocrx_word' id='word_1_89' title='bbox 891 904 1102 956; x_wconf 89' lang='lat' dir='ltr'><strong><em>multas.</em></strong></span> <span class='ocrx_word' id='word_1_90' title='bbox 1141 903 1269 956; x_wconf 92' lang='lat' dir='ltr'><strong><em>Post</em></strong></span> <span class='ocrx_word' id='word_1_91' title='bbox 1306 901 1323 940; x_wconf 67' lang='grc' dir='ltr'>ί</span> <span class='ocrx_word' id='word_1_92' title='bbox 1356 903 1487 957; x_wconf 90' lang='lat' dir='ltr'><strong><em>hanc</em></strong></span> <span class='ocrx_word' id='word_1_93' title='bbox 1516 903 1728 956; x_wconf 86' lang='lat' dir='ltr'><strong><em>bestiam</em></strong></span> <span class='ocrx_word' id='word_1_94' title='bbox 1756 903 2018 967; x_wconf 82' lang='lat' dir='ltr'><strong><em>videbam,</em></strong></span> <span class='ocrx_word' id='word_1_95' title='bbox 2063 912 2114 957; x_wconf 87' lang='lat' dir='ltr'><strong><em>et</em></strong></span> 
     </span>
    </p>
   </div>
   <div class='ocr_carea' id='block_1_11' title="bbox 507 994 2111 1067">
    <p class='ocr_par' dir='ltr' id='par_1_11' title="bbox 507 994 2111 1067">
     <span class='ocr_line' id='line_1_11' title="bbox 507 994 2111 1067; baseline 0 -19"><span class='ocrx_word' id='word_1_96' title='bbox 507 1011 622 1048; x_wconf 92' lang='lat' dir='ltr'><strong><em>ecce</em></strong></span> <span class='ocrx_word' id='word_1_97' title='bbox 649 995 755 1048; x_wconf 70' lang='lat' dir='ltr'><strong><em>alia</em></strong></span> <span class='ocrx_word' id='word_1_98' title='bbox 780 994 939 1048; x_wconf 82' lang='lat' dir='ltr'><strong><em>bestia</em></strong></span> <span class='ocrx_word' id='word_1_99' title='bbox 967 1005 1020 1046; x_wconf 90' lang='lat' dir='ltr'><strong><em>ut</em></strong></span> <span class='ocrx_word' id='word_1_100' title='bbox 1049 995 1347 1064; x_wconf 81' lang='lat' dir='ltr'><strong><em>le0pardus,</em></strong></span> <span class='ocrx_word' id='word_1_101' title='bbox 1380 1005 1426 1050; x_wconf 92' lang='lat' dir='ltr'><strong><em>et</em></strong></span> <span class='ocrx_word' id='word_1_102' title='bbox 1454 995 1498 1048; x_wconf 86' lang='lat' dir='ltr'><strong><em>ei</em></strong></span> <span class='ocrx_word' id='word_1_103' title='bbox 1527 997 1625 1048; x_wconf 75' lang='lat' dir='ltr'><strong><em>ala:</em></strong></span> <span class='ocrx_word' id='word_1_104' title='bbox 1645 1005 1870 1067; x_wconf 63' lang='lat' dir='ltr'><strong><em>quatuor</em></strong></span> <span class='ocrx_word' id='word_1_105' title='bbox 1890 995 2111 1048; x_wconf 68' lang='lat' dir='ltr'><strong><em>uolucris</em></strong></span> 
     </span>
    </p>
   </div>
   <div class='ocr_carea' id='block_1_12' title="bbox 507 1086 2113 1159">
    <p class='ocr_par' dir='ltr' id='par_1_12' title="bbox 507 1086 2113 1159">
     <span class='ocr_line' id='line_1_12' title="bbox 507 1086 2113 1159; baseline 0 -19"><span class='ocrx_word' id='word_1_106' title='bbox 507 1102 662 1157; x_wconf 85' lang='lat' dir='ltr'><strong><em>super</em></strong></span> <span class='ocrx_word' id='word_1_107' title='bbox 697 1103 810 1139; x_wconf 91' lang='lat' dir='ltr'><strong><em>eam</em></strong></span> <span class='ocrx_word' id='word_1_108' title='bbox 834 1127 847 1147; x_wconf 93' lang='lat'><strong><em>,</em></strong></span> <span class='ocrx_word' id='word_1_109' title='bbox 878 1095 925 1140; x_wconf 89' lang='lat' dir='ltr'><strong><em>et</em></strong></span> <span class='ocrx_word' id='word_1_110' title='bbox 952 1097 1176 1155; x_wconf 81' lang='lat' dir='ltr'><strong><em>quatuor</em></strong></span> <span class='ocrx_word' id='word_1_111' title='bbox 1205 1089 1378 1156; x_wconf 90' lang='lat' dir='ltr'><strong><em>capita</em></strong></span> <span class='ocrx_word' id='word_1_112' title='bbox 1408 1086 1615 1150; x_wconf 79' lang='lat' dir='ltr'><strong><em>bestiw,</em></strong></span> <span class='ocrx_word' id='word_1_113' title='bbox 1659 1100 1704 1141; x_wconf 90' lang='lat' dir='ltr'><strong><em>et</em></strong></span> <span class='ocrx_word' id='word_1_114' title='bbox 1735 1096 1960 1159; x_wconf 86' lang='lat' dir='ltr'><strong><em>potestas</em></strong></span> <span class='ocrx_word' id='word_1_115' title='bbox 1991 1088 2113 1140; x_wconf 88' lang='lat' dir='ltr'><strong><em>data</em></strong></span> 
     </span>
    </p>
   </div>
   <div class='ocr_carea' id='block_1_13' title="bbox 505 1185 2110 1257">
    <p class='ocr_par' dir='ltr' id='par_1_13' title="bbox 505 1185 2110 1257">
     <span class='ocr_line' id='line_1_13' title="bbox 505 1185 2110 1257; baseline -0.001 -17"><span class='ocrx_word' id='word_1_116' title='bbox 505 1198 582 1241; x_wconf 91' lang='lat' dir='ltr'><strong><em>est</em></strong></span> <span class='ocrx_word' id='word_1_117' title='bbox 606 1187 676 1241; x_wconf 87' lang='lat' dir='ltr'><strong><em>ei.</em></strong></span> <span class='ocrx_word' id='word_1_118' title='bbox 718 1185 847 1240; x_wconf 87' lang='lat' dir='ltr'><strong><em>Post</em></strong></span> <span class='ocrx_word' id='word_1_119' title='bbox 875 1197 899 1234; x_wconf 82' lang='lat'>8</span> <span class='ocrx_word' id='word_1_120' title='bbox 922 1186 1057 1240; x_wconf 87' lang='lat' dir='ltr'><strong><em>hanc</em></strong></span> <span class='ocrx_word' id='word_1_121' title='bbox 1088 1185 1322 1242; x_wconf 82' lang='lat' dir='ltr'><strong><em>videbunt</em></strong></span> <span class='ocrx_word' id='word_1_122' title='bbox 1345 1227 1360 1251; x_wconf 93' lang='lat'><strong><em>,</em></strong></span> <span class='ocrx_word' id='word_1_123' title='bbox 1385 1195 1431 1239; x_wconf 90' lang='lat' dir='ltr'><strong><em>et</em></strong></span> <span class='ocrx_word' id='word_1_124' title='bbox 1460 1202 1574 1240; x_wconf 84' lang='lat' dir='ltr'><strong><em>ecce</em></strong></span> <span class='ocrx_word' id='word_1_125' title='bbox 1595 1185 1758 1240; x_wconf 90' lang='lat' dir='ltr'><strong><em>bestia</em></strong></span> <span class='ocrx_word' id='word_1_126' title='bbox 1779 1197 1966 1257; x_wconf 86' lang='lat' dir='ltr'><strong><em>quarta</em></strong></span> <span class='ocrx_word' id='word_1_127' title='bbox 1991 1186 2110 1239; x_wconf 89' lang='lat' dir='ltr'><strong><em>hor-</em></strong></span> 
     </span>
    </p>
   </div>
   <div class='ocr_carea' id='block_1_14' title="bbox 507 1276 2115 1350">
    <p class='ocr_par' dir='ltr' id='par_1_14' title="bbox 507 1276 2115 1350">
     <span class='ocr_line' id='line_1_14' title="bbox 507 1276 2115 1350; baseline -0.001 -18"><span class='ocrx_word' id='word_1_128' title='bbox 507 1280 697 1343; x_wconf 88' lang='lat' dir='ltr'><strong><em>ribilis,</em></strong></span> <span class='ocrx_word' id='word_1_129' title='bbox 728 1278 1088 1342; x_wconf 80' lang='lat' dir='ltr'><strong><em>admirabilis,</em></strong></span> <span class='ocrx_word' id='word_1_130' title='bbox 1119 1290 1165 1334; x_wconf 91' lang='lat' dir='ltr'><strong><em>et</em></strong></span> <span class='ocrx_word' id='word_1_131' title='bbox 1197 1279 1350 1349; x_wconf 81' lang='lat' dir='ltr'><strong><em>fortis</em></strong></span> <span class='ocrx_word' id='word_1_132' title='bbox 1390 1277 1754 1332; x_wconf 68' lang='lat' dir='ltr'><strong><em>vehementer:</em></strong></span> <span class='ocrx_word' id='word_1_133' title='bbox 1795 1276 1974 1331; x_wconf 81' lang='lat' dir='ltr'><strong><em>dentes</em></strong></span> <span class='ocrx_word' id='word_1_134' title='bbox 2005 1280 2115 1350; x_wconf 90' lang='lat' dir='ltr'><strong><em>ejus</em></strong></span> 
     </span>
    </p>
   </div>
   <div class='ocr_carea' id='block_1_15' title="bbox 508 1370 2114 1443">
    <p class='ocr_par' dir='ltr' id='par_1_15' title="bbox 508 1370 2114 1443">
     <span class='ocr_line' id='line_1_15' title="bbox 508 1370 2114 1443; baseline -0.001 -18"><span class='ocrx_word' id='word_1_135' title='bbox 508 1375 661 1443; x_wconf 80' lang='lat' dir='ltr'><strong><em>ferrei</em></strong></span> <span class='ocrx_word' id='word_1_136' title='bbox 687 1373 1072 1425; x_wconf 87' lang='lat' dir='ltr'><strong><em>mandacabant</em></strong></span> <span class='ocrx_word' id='word_1_137' title='bbox 1092 1384 1140 1426; x_wconf 90' lang='lat' dir='ltr'><strong><em>et</em></strong></span> <span class='ocrx_word' id='word_1_138' title='bbox 1157 1372 1601 1429; x_wconf 89' lang='lat' dir='ltr'><strong><em>comminuebant.</em></strong></span> <span class='ocrx_word' id='word_1_139' title='bbox 1620 1383 1667 1426; x_wconf 89' lang='lat' dir='ltr'><strong><em>et</em></strong></span> <span class='ocrx_word' id='word_1_140' title='bbox 1685 1372 1884 1441; x_wconf 91' lang='lat' dir='ltr'><strong><em>reliqua</em></strong></span> <span class='ocrx_word' id='word_1_141' title='bbox 1903 1370 2114 1433; x_wconf 73' lang='lat' dir='ltr'><strong><em>pedibus</em></strong></span> 
     </span>
    </p>
   </div>
   <div class='ocr_carea' id='block_1_16' title="bbox 505 1461 2113 1528">
    <p class='ocr_par' dir='ltr' id='par_1_16' title="bbox 505 1461 2113 1528">
     <span class='ocr_line' id='line_1_16' title="bbox 505 1461 2113 1528; baseline -0.002 -11"><span class='ocrx_word' id='word_1_142' title='bbox 505 1465 614 1517; x_wconf 83' lang='lat' dir='ltr'><strong><em>suis</em></strong></span> <span class='ocrx_word' id='word_1_143' title='bbox 636 1462 1008 1517; x_wconf 88' lang='lat' dir='ltr'><strong><em>conculcabant</em></strong></span> <span class='ocrx_word' id='word_1_144' title='bbox 1038 1461 1090 1516; x_wconf 74' lang='lat' dir='ltr'><strong><em>b:</em></strong></span> <span class='ocrx_word' id='word_1_145' title='bbox 1122 1474 1166 1517; x_wconf 91' lang='lat' dir='ltr'><strong><em>et</em></strong></span> <span class='ocrx_word' id='word_1_146' title='bbox 1195 1462 1306 1517; x_wconf 84' lang='lat' dir='ltr'><strong><em>luec</em></strong></span> <span class='ocrx_word' id='word_1_147' title='bbox 1333 1463 1495 1517; x_wconf 84' lang='lat' dir='ltr'><strong><em>bestia</em></strong></span> <span class='ocrx_word' id='word_1_148' title='bbox 1527 1463 1694 1528; x_wconf 85' lang='lat' dir='ltr'><strong><em>maior</em></strong></span> <span class='ocrx_word' id='word_1_149' title='bbox 1716 1465 1912 1516; x_wconf 61' lang='lat' dir='ltr'><strong><em>caeteris</em></strong></span> <span class='ocrx_word' id='word_1_150' title='bbox 1938 1462 2113 1516; x_wconf 82' lang='lat' dir='ltr'><strong><em>bestiis</em></strong></span> 
     </span>
    </p>
   </div>
   <div class='ocr_carea' id='block_1_17' title="bbox 504 1553 2113 1626">
    <p class='ocr_par' dir='ltr' id='par_1_17' title="bbox 504 1553 2113 1626">
     <span class='ocr_line' id='line_1_17' title="bbox 504 1553 2113 1626; baseline -0.001 -16"><span class='ocrx_word' id='word_1_151' title='bbox 504 1570 622 1626; x_wconf 69' lang='lat' dir='ltr'><strong><em>quo?</em></strong></span> <span class='ocrx_word' id='word_1_152' title='bbox 641 1567 796 1609; x_wconf 84' lang='lat' dir='ltr'><strong><em>antea</em></strong></span> <span class='ocrx_word' id='word_1_153' title='bbox 822 1557 944 1610; x_wconf 71' lang='lat' dir='ltr'><strong><em>siste</em></strong></span> <span class='ocrx_word' id='word_1_154' title='bbox 958 1565 1091 1622; x_wconf 90' lang='lat' dir='ltr'><strong><em>sunt,</em></strong></span> <span class='ocrx_word' id='word_1_155' title='bbox 1113 1564 1162 1610; x_wconf 90' lang='lat' dir='ltr'><strong><em>et</em></strong></span> <span class='ocrx_word' id='word_1_156' title='bbox 1184 1572 1381 1609; x_wconf 91' lang='lat' dir='ltr'><strong><em>cornua</em></strong></span> <span class='ocrx_word' id='word_1_157' title='bbox 1404 1555 1580 1609; x_wconf 83' lang='lat' dir='ltr'><strong><em>decem</em></strong></span> <span class='ocrx_word' id='word_1_158' title='bbox 1602 1556 1670 1609; x_wconf 92' lang='lat' dir='ltr'><strong><em>ei.</em></strong></span> <span class='ocrx_word' id='word_1_159' title='bbox 1698 1553 1763 1609; x_wconf 85' lang='lat' dir='ltr'><strong><em>Et</em></strong></span> <span class='ocrx_word' id='word_1_160' title='bbox 1783 1555 2113 1608; x_wconf 83' lang='lat' dir='ltr'><strong><em>intendebum</em></strong></span> 
     </span>
    </p>
   </div>
   <div class='ocr_carea' id='block_1_18' title="bbox 509 1647 2111 1718">
    <p class='ocr_par' dir='ltr' id='par_1_18' title="bbox 509 1647 2111 1718">
     <span class='ocr_line' id='line_1_18' title="bbox 509 1647 2111 1718; baseline 0 -18"><span class='ocrx_word' id='word_1_161' title='bbox 509 1647 564 1700; x_wconf 87' lang='lat' dir='ltr'><strong><em>in</em></strong></span> <span class='ocrx_word' id='word_1_162' title='bbox 603 1662 800 1700; x_wconf 80' lang='lat' dir='ltr'><strong><em>cornua</em></strong></span> <span class='ocrx_word' id='word_1_163' title='bbox 830 1648 974 1718; x_wconf 82' lang='lat' dir='ltr'><strong><em>ejus,</em></strong></span> <span class='ocrx_word' id='word_1_164' title='bbox 1007 1657 1055 1700; x_wconf 88' lang='lat' dir='ltr'><strong><em>et</em></strong></span> <span class='ocrx_word' id='word_1_165' title='bbox 1086 1663 1200 1701; x_wconf 88' lang='lat' dir='ltr'><strong><em>ecce</em></strong></span> <span class='ocrx_word' id='word_1_166' title='bbox 1228 1663 1389 1700; x_wconf 90' lang='lat' dir='ltr'><strong><em>cornu</em></strong></span> <span class='ocrx_word' id='word_1_167' title='bbox 1417 1648 1562 1700; x_wconf 85' lang='lat' dir='ltr'><strong><em>aliud</em></strong></span> <span class='ocrx_word' id='word_1_168' title='bbox 1594 1649 1765 1700; x_wconf 87' lang='lat' dir='ltr'><strong><em>minus</em></strong></span> <span class='ocrx_word' id='word_1_169' title='bbox 1795 1648 2028 1700; x_wconf 89' lang='lat' dir='ltr'><strong><em>ascendit</em></strong></span> <span class='ocrx_word' id='word_1_170' title='bbox 2057 1650 2111 1700; x_wconf 89' lang='lat' dir='ltr'><strong><em>in</em></strong></span> 
     </span>
    </p>
   </div>
   <div class='ocr_carea' id='block_1_19' title="bbox 2213 443 3833 514">
    <p class='ocr_par' dir='ltr' id='par_1_19' title="bbox 2213 443 3833 514">
     <span class='ocr_line' id='line_1_19' title="bbox 2213 443 3833 514; baseline -0.001 -18"><span class='ocrx_word' id='word_1_171' title='bbox 2213 443 2696 507; x_wconf 87' lang='lat' dir='ltr'><strong><em>circumstantium,</em></strong></span> <span class='ocrx_word' id='word_1_172' title='bbox 2729 454 2776 496; x_wconf 89' lang='lat' dir='ltr'><strong><em>et</em></strong></span> <span class='ocrx_word' id='word_1_173' title='bbox 2807 443 3072 497; x_wconf 82' lang='lat' dir='ltr'><strong><em>veritatem</em></strong></span> <span class='ocrx_word' id='word_1_174' title='bbox 3098 443 3392 514; x_wconf 79' lang='lat' dir='ltr'><strong><em>qaterebam</em></strong></span> <span class='ocrx_word' id='word_1_175' title='bbox 3417 443 3483 496; x_wconf 93' lang='lat' dir='ltr'><strong><em>ab</em></strong></span> <span class='ocrx_word' id='word_1_176' title='bbox 3511 459 3573 498; x_wconf 93' lang='lat' dir='ltr'><strong><em>eo</em></strong></span> <span class='ocrx_word' id='word_1_177' title='bbox 3603 443 3669 497; x_wconf 91' lang='lat' dir='ltr'><strong><em>de</em></strong></span> <span class='ocrx_word' id='word_1_178' title='bbox 3707 459 3833 497; x_wconf 85' lang='lat' dir='ltr'><strong><em>om-</em></strong></span> 
     </span>
    </p>
   </div>
   <div class='ocr_carea' id='block_1_20' title="bbox 2213 533 3830 605">
    <p class='ocr_par' dir='ltr' id='par_1_20' title="bbox 2213 533 3830 605">
     <span class='ocr_line' id='line_1_20' title="bbox 2213 533 3830 605; baseline 0.001 -17"><span class='ocrx_word' id='word_1_179' title='bbox 2213 537 2364 590; x_wconf 88' lang='lat' dir='ltr'><strong><em>nibus</em></strong></span> <span class='ocrx_word' id='word_1_180' title='bbox 2394 538 2494 591; x_wconf 85' lang='lat' dir='ltr'><strong><em>his.</em></strong></span> <span class='ocrx_word' id='word_1_181' title='bbox 2529 533 2596 589; x_wconf 87' lang='lat' dir='ltr'><strong><em>Et</em></strong></span> <span class='ocrx_word' id='word_1_182' title='bbox 2625 537 2758 590; x_wconf 76' lang='lat' dir='ltr'><strong><em>dixit</em></strong></span> <span class='ocrx_word' id='word_1_183' title='bbox 2783 537 2914 590; x_wconf 84' lang='lat' dir='ltr'><strong><em>mihi</em></strong></span> <span class='ocrx_word' id='word_1_184' title='bbox 2941 537 3238 602; x_wconf 70' lang='lat' dir='ltr'><strong><em>veritatem,</em></strong></span> <span class='ocrx_word' id='word_1_185' title='bbox 3264 546 3312 591; x_wconf 91' lang='lat' dir='ltr'><strong><em>et</em></strong></span> <span class='ocrx_word' id='word_1_186' title='bbox 3337 537 3830 605; x_wconf 81' lang='lat' dir='ltr'><strong><em>interpretationem</em></strong></span> 
     </span>
    </p>
   </div>
   <div class='ocr_carea' id='block_1_21' title="bbox 2214 629 3830 704">
    <p class='ocr_par' dir='ltr' id='par_1_21' title="bbox 2214 629 3830 704">
     <span class='ocr_line' id='line_1_21' title="bbox 2214 629 3830 704; baseline 0.001 -20"><span class='ocrx_word' id='word_1_187' title='bbox 2214 646 2504 684; x_wconf 87' lang='lat' dir='ltr'><strong><em>sermonum</em></strong></span> <span class='ocrx_word' id='word_1_188' title='bbox 2535 630 2815 684; x_wconf 82' lang='lat' dir='ltr'><strong><em>declaravit</em></strong></span> <span class='ocrx_word' id='word_1_189' title='bbox 2841 629 2969 684; x_wconf 88' lang='lat' dir='ltr'><strong><em>mihi</em></strong></span> <span class='ocrx_word' id='word_1_190' title='bbox 2993 646 3012 684; x_wconf 90' lang='lat'><strong><em>:</em></strong></span> <span class='ocrx_word' id='word_1_191' title='bbox 3038 629 3141 685; x_wconf 77' lang='lat' dir='ltr'><strong><em>Hie</em></strong></span> <span class='ocrx_word' id='word_1_192' title='bbox 3169 631 3344 686; x_wconf 66' lang='lat' dir='ltr'><strong><em>bestiis</em></strong></span> <span class='ocrx_word' id='word_1_193' title='bbox 3369 640 3591 700; x_wconf 84' lang='lat' dir='ltr'><strong><em>quatuor</em></strong></span> <span class='ocrx_word' id='word_1_194' title='bbox 3614 646 3830 704; x_wconf 61' lang='lat' dir='ltr'><strong><em>magna</em></strong></span> 
     </span>
    </p>
   </div>
   <div class='ocr_carea' id='block_1_22' title="bbox 2212 725 3833 796">
    <p class='ocr_par' dir='ltr' id='par_1_22' title="bbox 2212 725 3833 796">
     <span class='ocr_line' id='line_1_22' title="bbox 2212 725 3833 796; baseline 0 -19"><span class='ocrx_word' id='word_1_195' title='bbox 2212 738 2434 794; x_wconf 83' lang='lat' dir='ltr'><strong><em>quatuor</em></strong></span> <span class='ocrx_word' id='word_1_196' title='bbox 2461 733 2485 792; x_wconf 68' lang='lat'>9</span> <span class='ocrx_word' id='word_1_197' title='bbox 2510 741 2672 796; x_wconf 88' lang='lat' dir='ltr'><strong><em>regna</em></strong></span> <span class='ocrx_word' id='word_1_198' title='bbox 2699 733 2912 795; x_wconf 89' lang='lat' dir='ltr'><strong><em>surgent</em></strong></span> <span class='ocrx_word' id='word_1_199' title='bbox 2939 725 2994 778; x_wconf 91' lang='lat' dir='ltr'><strong><em>in</em></strong></span> <span class='ocrx_word' id='word_1_200' title='bbox 3021 734 3158 778; x_wconf 89' lang='lat' dir='ltr'><strong><em>terra</em></strong></span> <span class='ocrx_word' id='word_1_201' title='bbox 3178 765 3194 788; x_wconf 91' lang='lat'><strong><em>,</em></strong></span> <span class='ocrx_word' id='word_1_202' title='bbox 3228 733 3276 778; x_wconf 90' lang='lat' dir='ltr'><strong><em>et</em></strong></span> <span class='ocrx_word' id='word_1_203' title='bbox 3314 725 3566 793; x_wconf 81' lang='lat' dir='ltr'><strong><em>accipient</em></strong></span> <span class='ocrx_word' id='word_1_204' title='bbox 3603 741 3833 794; x_wconf 82' lang='lat' dir='ltr'><strong><em>regnum</em></strong></span> 
     </span>
    </p>
   </div>
   <div class='ocr_carea' id='block_1_23' title="bbox 2214 815 3835 882">
    <p class='ocr_par' dir='ltr' id='par_1_23' title="bbox 2214 815 3835 882">
     <span class='ocr_line' id='line_1_23' title="bbox 2214 815 3835 882; baseline 0.001 -14"><span class='ocrx_word' id='word_1_205' title='bbox 2214 817 2379 869; x_wconf 88' lang='lat' dir='ltr'><strong><em>sancti</em></strong></span> <span class='ocrx_word' id='word_1_206' title='bbox 2404 817 2644 869; x_wconf 82' lang='lat' dir='ltr'><strong><em>altissimi</em></strong></span> <span class='ocrx_word' id='word_1_207' title='bbox 2672 815 2771 870; x_wconf 85' lang='lat' dir='ltr'><strong><em>Dei</em></strong></span> <span class='ocrx_word' id='word_1_208' title='bbox 2801 820 2860 878; x_wconf 79' lang='grc' dir='ltr'><strong><em>ι),</em></strong></span> <span class='ocrx_word' id='word_1_209' title='bbox 2888 832 2938 871; x_wconf 90' lang='lat' dir='ltr'><strong><em>et</em></strong></span> <span class='ocrx_word' id='word_1_210' title='bbox 2965 816 3263 870; x_wconf 89' lang='lat' dir='ltr'><strong><em>obtinebunt</em></strong></span> <span class='ocrx_word' id='word_1_211' title='bbox 3289 815 3425 869; x_wconf 87' lang='lat' dir='ltr'><strong><em>illud</em></strong></span> <span class='ocrx_word' id='word_1_212' title='bbox 3453 833 3611 882; x_wconf 88' lang='lat' dir='ltr'><strong><em>usque</em></strong></span> <span class='ocrx_word' id='word_1_213' title='bbox 3640 817 3696 869; x_wconf 86' lang='lat' dir='ltr'><strong><em>in</em></strong></span> <span class='ocrx_word' id='word_1_214' title='bbox 3724 832 3835 870; x_wconf 78' lang='lat' dir='ltr'><strong><em>sa:-</em></strong></span> 
     </span>
    </p>
   </div>
   <div class='ocr_carea' id='block_1_24' title="bbox 2213 908 3833 983">
    <p class='ocr_par' dir='ltr' id='par_1_24' title="bbox 2213 908 3833 983">
     <span class='ocr_line' id='line_1_24' title="bbox 2213 908 3833 983; baseline -0.001 -19"><span class='ocrx_word' id='word_1_215' title='bbox 2213 910 2407 964; x_wconf 88' lang='lat' dir='ltr'><strong><em>culum.</em></strong></span> <span class='ocrx_word' id='word_1_216' title='bbox 2438 908 2504 963; x_wconf 87' lang='lat' dir='ltr'><strong><em>Et</em></strong></span> <span class='ocrx_word' id='word_1_217' title='bbox 2531 911 2817 976; x_wconf 72' lang='lat' dir='ltr'><strong><em>quazrebam</em></strong></span> <span class='ocrx_word' id='word_1_218' title='bbox 2847 909 3125 983; x_wconf 82' lang='lat' dir='ltr'><strong><em>diligenter</em></strong></span> <span class='ocrx_word' id='word_1_219' title='bbox 3152 912 3216 962; x_wconf 92' lang='lat' dir='ltr'><strong><em>de</em></strong></span> <span class='ocrx_word' id='word_1_220' title='bbox 3242 910 3400 964; x_wconf 78' lang='lat' dir='ltr'><strong><em>bestia</em></strong></span> <span class='ocrx_word' id='word_1_221' title='bbox 3425 919 3615 980; x_wconf 88' lang='lat' dir='ltr'><strong><em>quarta</em></strong></span> <span class='ocrx_word' id='word_1_222' title='bbox 3639 954 3654 971; x_wconf 88' lang='lat'><strong><em>,</em></strong></span> <span class='ocrx_word' id='word_1_223' title='bbox 3680 910 3833 978; x_wconf 77' lang='lat' dir='ltr'><strong><em>quod</em></strong></span> 
     </span>
    </p>
   </div>
   <div class='ocr_carea' id='block_1_25' title="bbox 2214 999 3836 1068">
    <p class='ocr_par' dir='ltr' id='par_1_25' title="bbox 2214 999 3836 1068">
     <span class='ocr_line' id='line_1_25' title="bbox 2214 999 3836 1068; baseline -0.001 -12"><span class='ocrx_word' id='word_1_224' title='bbox 2214 1013 2322 1056; x_wconf 88' lang='lat' dir='ltr'><strong><em>erat</em></strong></span> <span class='ocrx_word' id='word_1_225' title='bbox 2353 1013 2538 1068; x_wconf 77' lang='lat' dir='ltr'><strong><em>prwtcr</em></strong></span> <span class='ocrx_word' id='word_1_226' title='bbox 2566 1013 2776 1057; x_wconf 79' lang='lat' dir='ltr'><strong><em>cwteras</em></strong></span> <span class='ocrx_word' id='word_1_227' title='bbox 2803 1004 2992 1056; x_wconf 84' lang='lat' dir='ltr'><strong><em>bestias</em></strong></span> <span class='ocrx_word' id='word_1_228' title='bbox 3021 1000 3283 1056; x_wconf 74' lang='lat' dir='ltr'><strong><em>horribilis</em></strong></span> <span class='ocrx_word' id='word_1_229' title='bbox 3309 999 3458 1055; x_wconf 76' lang='lat' dir='ltr'><strong><em>valde</em></strong></span> <span class='ocrx_word' id='word_1_230' title='bbox 3482 1017 3501 1056; x_wconf 89' lang='lat'><strong><em>:</em></strong></span> <span class='ocrx_word' id='word_1_231' title='bbox 3521 1007 3698 1056; x_wconf 85' lang='lat' dir='ltr'><strong><em>dentes</em></strong></span> <span class='ocrx_word' id='word_1_232' title='bbox 3723 1012 3752 1051; x_wconf 73' lang='grc' dir='ltr'><strong><em>ιι</em></strong></span> <span class='ocrx_word' id='word_1_233' title='bbox 3783 1001 3836 1056; x_wconf 89' lang='lat' dir='ltr'><strong><em>ei</em></strong></span> 
     </span>
    </p>
   </div>
   <div class='ocr_carea' id='block_1_26' title="bbox 2215 1096 3831 1168">
    <p class='ocr_par' dir='ltr' id='par_1_26' title="bbox 2215 1096 3831 1168">
     <span class='ocr_line' id='line_1_26' title="bbox 2215 1096 3831 1168; baseline -0.001 -20"><span class='ocrx_word' id='word_1_234' title='bbox 2215 1096 2370 1165; x_wconf 80' lang='lat' dir='ltr'><strong><em>ferrei</em></strong></span> <span class='ocrx_word' id='word_1_235' title='bbox 2389 1128 2404 1159; x_wconf 54' lang='grc' dir='ltr'>ε</span> <span class='ocrx_word' id='word_1_236' title='bbox 2434 1105 2482 1149; x_wconf 92' lang='lat' dir='ltr'><strong><em>et</em></strong></span> <span class='ocrx_word' id='word_1_237' title='bbox 2508 1113 2706 1166; x_wconf 88' lang='lat' dir='ltr'><strong><em>ungues</em></strong></span> <span class='ocrx_word' id='word_1_238' title='bbox 2733 1098 2849 1168; x_wconf 88' lang='lat' dir='ltr'><strong><em>ejus</em></strong></span> <span class='ocrx_word' id='word_1_239' title='bbox 2877 1096 3000 1150; x_wconf 71' lang='lat' dir='ltr'><strong><em>terei</em></strong></span> <span class='ocrx_word' id='word_1_240' title='bbox 3022 1113 3040 1150; x_wconf 90' lang='lat'><strong><em>:</em></strong></span> <span class='ocrx_word' id='word_1_241' title='bbox 3067 1096 3408 1149; x_wconf 89' lang='lat' dir='ltr'><strong><em>manducabat</em></strong></span> <span class='ocrx_word' id='word_1_242' title='bbox 3437 1104 3482 1148; x_wconf 88' lang='lat' dir='ltr'><strong><em>ct</em></strong></span> <span class='ocrx_word' id='word_1_243' title='bbox 3506 1111 3677 1148; x_wconf 89' lang='lat' dir='ltr'><strong><em>comm</em></strong></span> <span class='ocrx_word' id='word_1_244' title='bbox 3697 1110 3831 1147; x_wconf 38' lang='lat' dir='ltr'><strong><em>nue.</em></strong></span> 
     </span>
    </p>
   </div>
   <div class='ocr_carea' id='block_1_27' title="bbox 2216 1187 3832 1260">
    <p class='ocr_par' dir='ltr' id='par_1_27' title="bbox 2216 1187 3832 1260">
     <span class='ocr_line' id='line_1_27' title="bbox 2216 1187 3832 1260; baseline -0.001 -18"><span class='ocrx_word' id='word_1_245' title='bbox 2216 1189 2302 1243; x_wconf 89' lang='lat' dir='ltr'><strong><em>bat</em></strong></span> <span class='ocrx_word' id='word_1_246' title='bbox 2323 1231 2336 1253; x_wconf 93' lang='lat'><strong><em>,</em></strong></span> <span class='ocrx_word' id='word_1_247' title='bbox 2370 1200 2417 1243; x_wconf 90' lang='lat' dir='ltr'><strong><em>et</em></strong></span> <span class='ocrx_word' id='word_1_248' title='bbox 2444 1189 2644 1260; x_wconf 88' lang='lat' dir='ltr'><strong><em>reliqua</em></strong></span> <span class='ocrx_word' id='word_1_249' title='bbox 2673 1189 2888 1260; x_wconf 86' lang='lat' dir='ltr'><strong><em>pedibus</em></strong></span> <span class='ocrx_word' id='word_1_250' title='bbox 2917 1190 3026 1243; x_wconf 87' lang='lat' dir='ltr'><strong><em>suis</em></strong></span> <span class='ocrx_word' id='word_1_251' title='bbox 3058 1189 3393 1242; x_wconf 89' lang='lat' dir='ltr'><strong><em>conculcabat</em></strong></span> <span class='ocrx_word' id='word_1_252' title='bbox 3418 1204 3438 1241; x_wconf 91' lang='lat'><strong><em>:</em></strong></span> <span class='ocrx_word' id='word_1_253' title='bbox 3467 1197 3511 1240; x_wconf 91' lang='lat' dir='ltr'><strong><em>et</em></strong></span> <span class='ocrx_word' id='word_1_254' title='bbox 3548 1187 3613 1239; x_wconf 88' lang='lat' dir='ltr'><strong><em>de</em></strong></span> <span class='ocrx_word' id='word_1_255' title='bbox 3651 1203 3832 1240; x_wconf 75' lang='lat' dir='ltr'><strong><em>cornu</em></strong></span> 
     </span>
    </p>
   </div>
   <div class='ocr_carea' id='block_1_28' title="bbox 2215 1281 3831 1353">
    <p class='ocr_par' dir='ltr' id='par_1_28' title="bbox 2215 1281 3831 1353">
     <span class='ocr_line' id='line_1_28' title="bbox 2215 1281 3831 1353; baseline 0.001 -18"><span class='ocrx_word' id='word_1_256' title='bbox 2215 1283 2327 1353; x_wconf 86' lang='lat' dir='ltr'><strong><em>ejus</em></strong></span> <span class='ocrx_word' id='word_1_257' title='bbox 2373 1281 2602 1346; x_wconf 88' lang='lat' dir='ltr'><strong><em>decinto,</em></strong></span> <span class='ocrx_word' id='word_1_258' title='bbox 2647 1282 2785 1352; x_wconf 82' lang='lat' dir='ltr'><strong><em>quod</em></strong></span> <span class='ocrx_word' id='word_1_259' title='bbox 2829 1292 2939 1337; x_wconf 90' lang='lat' dir='ltr'><strong><em>erat</em></strong></span> <span class='ocrx_word' id='word_1_260' title='bbox 2979 1283 3031 1336; x_wconf 90' lang='lat' dir='ltr'><strong><em>in</em></strong></span> <span class='ocrx_word' id='word_1_261' title='bbox 3071 1282 3242 1347; x_wconf 85' lang='lat' dir='ltr'><strong><em>capite</em></strong></span> <span class='ocrx_word' id='word_1_262' title='bbox 3275 1284 3416 1348; x_wconf 81' lang='lat' dir='ltr'><strong><em>eius,</em></strong></span> <span class='ocrx_word' id='word_1_263' title='bbox 3460 1291 3510 1336; x_wconf 88' lang='lat' dir='ltr'><strong><em>et</em></strong></span> <span class='ocrx_word' id='word_1_264' title='bbox 3550 1281 3613 1336; x_wconf 87' lang='lat' dir='ltr'><strong><em>de</em></strong></span> <span class='ocrx_word' id='word_1_265' title='bbox 3658 1281 3831 1336; x_wconf 79' lang='lat' dir='ltr'><strong><em>altera</em></strong></span> 
     </span>
    </p>
   </div>
   <div class='ocr_carea' id='block_1_29' title="bbox 2215 1373 3829 1444">
    <p class='ocr_par' dir='ltr' id='par_1_29' title="bbox 2215 1373 3829 1444">
     <span class='ocr_line' id='line_1_29' title="bbox 2215 1373 3829 1444; baseline -0.001 -18"><span class='ocrx_word' id='word_1_266' title='bbox 2215 1389 2377 1427; x_wconf 91' lang='lat' dir='ltr'><strong><em>cornu</em></strong></span> <span class='ocrx_word' id='word_1_267' title='bbox 2403 1374 2543 1444; x_wconf 90' lang='lat' dir='ltr'><strong><em>quod</em></strong></span> <span class='ocrx_word' id='word_1_268' title='bbox 2568 1373 2840 1436; x_wconf 88' lang='lat' dir='ltr'><strong><em>ascendit,</em></strong></span> <span class='ocrx_word' id='word_1_269' title='bbox 2879 1383 2925 1427; x_wconf 89' lang='lat' dir='ltr'><strong><em>et</em></strong></span> <span class='ocrx_word' id='word_1_270' title='bbox 2965 1375 3140 1443; x_wconf 86' lang='lat' dir='ltr'><strong><em>priora</em></strong></span> <span class='ocrx_word' id='word_1_271' title='bbox 3178 1373 3279 1426; x_wconf 81' lang='lat' dir='ltr'><strong><em>tria</em></strong></span> <span class='ocrx_word' id='word_1_272' title='bbox 3316 1389 3513 1426; x_wconf 87' lang='lat' dir='ltr'><strong><em>cornua</em></strong></span> <span class='ocrx_word' id='word_1_273' title='bbox 3553 1374 3829 1439; x_wconf 70' lang='lat' dir='ltr'><strong><em>excussit,</em></strong></span> 
     </span>
    </p>
   </div>
   <div class='ocr_carea' id='block_1_30' title="bbox 2217 1465 3832 1538">
    <p class='ocr_par' dir='ltr' id='par_1_30' title="bbox 2217 1465 3832 1538">
     <span class='ocr_line' id='line_1_30' title="bbox 2217 1465 3832 1538; baseline 0 -20"><span class='ocrx_word' id='word_1_274' title='bbox 2217 1465 2368 1532; x_wconf 85' lang='lat' dir='ltr'><strong><em>cujus</em></strong></span> <span class='ocrx_word' id='word_1_275' title='bbox 2397 1465 2534 1518; x_wconf 84' lang='lat' dir='ltr'><strong><em>oculi</em></strong></span> <span class='ocrx_word' id='word_1_276' title='bbox 2562 1474 2609 1518; x_wconf 87' lang='lat' dir='ltr'><strong><em>et</em></strong></span> <span class='ocrx_word' id='word_1_277' title='bbox 2633 1480 2688 1518; x_wconf 91' lang='lat' dir='ltr'><strong><em>os</em></strong></span> <span class='ocrx_word' id='word_1_278' title='bbox 2719 1465 2932 1530; x_wconf 86' lang='lat' dir='ltr'><strong><em>loquens</em></strong></span> <span class='ocrx_word' id='word_1_279' title='bbox 2973 1482 3161 1537; x_wconf 89' lang='lat' dir='ltr'><strong><em>magna</em></strong></span> <span class='ocrx_word' id='word_1_280' title='bbox 3181 1506 3196 1528; x_wconf 93' lang='lat'><strong><em>,</em></strong></span> <span class='ocrx_word' id='word_1_281' title='bbox 3239 1476 3286 1519; x_wconf 92' lang='lat' dir='ltr'><strong><em>et</em></strong></span> <span class='ocrx_word' id='word_1_282' title='bbox 3327 1467 3470 1518; x_wconf 77' lang='lat' dir='ltr'><strong><em>nisus</em></strong></span> <span class='ocrx_word' id='word_1_283' title='bbox 3502 1469 3617 1538; x_wconf 80' lang='lat' dir='ltr'><strong><em>ejus</em></strong></span> <span class='ocrx_word' id='word_1_284' title='bbox 3649 1469 3832 1538; x_wconf 85' lang='lat' dir='ltr'><strong><em>major</em></strong></span> 
     </span>
    </p>
   </div>
   <div class='ocr_carea' id='block_1_31' title="bbox 2217 1557 3832 1626">
    <p class='ocr_par' dir='ltr' id='par_1_31' title="bbox 2217 1557 3832 1626">
     <span class='ocr_line' id='line_1_31' title="bbox 2217 1557 3832 1626; baseline 0.001 -16"><span class='ocrx_word' id='word_1_285' title='bbox 2217 1557 2413 1610; x_wconf 83' lang='lat' dir='ltr'><strong><em>cceteris</em></strong></span> <span class='ocrx_word' id='word_1_286' title='bbox 2443 1567 2463 1593; x_wconf 90' lang='grc' dir='ltr'>ι’</span> <span class='ocrx_word' id='word_1_287' title='bbox 2495 1557 2784 1617; x_wconf 82' lang='lat' dir='ltr'><strong><em>uidebatur,</em></strong></span> <span class='ocrx_word' id='word_1_288' title='bbox 2811 1567 2856 1610; x_wconf 91' lang='lat' dir='ltr'><strong><em>et</em></strong></span> <span class='ocrx_word' id='word_1_289' title='bbox 2886 1573 3046 1610; x_wconf 89' lang='lat' dir='ltr'><strong><em>cornu</em></strong></span> <span class='ocrx_word' id='word_1_290' title='bbox 3076 1557 3211 1611; x_wconf 89' lang='lat' dir='ltr'><strong><em>illud</em></strong></span> <span class='ocrx_word' id='word_1_291' title='bbox 3237 1558 3457 1626; x_wconf 77' lang='lat' dir='ltr'><strong><em>faciebat</em></strong></span> <span class='ocrx_word' id='word_1_292' title='bbox 3487 1557 3675 1612; x_wconf 83' lang='lat' dir='ltr'><strong><em>bellum</em></strong></span> <span class='ocrx_word' id='word_1_293' title='bbox 3705 1575 3832 1611; x_wconf 79' lang='lat' dir='ltr'><strong><em>cum</em></strong></span> 
     </span>
    </p>
   </div>
   <div class='ocr_carea' id='block_1_32' title="bbox 2217 1648 3833 1718">
    <p class='ocr_par' dir='ltr' id='par_1_32' title="bbox 2217 1648 3833 1718">
     <span class='ocr_line' id='line_1_32' title="bbox 2217 1648 3833 1718; baseline 0.001 -17"><span class='ocrx_word' id='word_1_294' title='bbox 2217 1650 2410 1701; x_wconf 84' lang='lat' dir='ltr'><strong><em>sanctis</em></strong></span> <span class='ocrx_word' id='word_1_295' title='bbox 2433 1689 2447 1713; x_wconf 95' lang='lat'><strong><em>,</em></strong></span> <span class='ocrx_word' id='word_1_296' title='bbox 2475 1658 2522 1701; x_wconf 92' lang='lat' dir='ltr'><strong><em>et</em></strong></span> <span class='ocrx_word' id='word_1_297' title='bbox 2549 1648 2749 1701; x_wconf 84' lang='lat' dir='ltr'><strong><em>valebat</em></strong></span> <span class='ocrx_word' id='word_1_298' title='bbox 2781 1658 2802 1684; x_wconf 76' lang='grc'><strong>⁸</strong></span> <span class='ocrx_word' id='word_1_299' title='bbox 2832 1649 3076 1703; x_wconf 82' lang='lat' dir='ltr'><strong><em>adversus</em></strong></span> <span class='ocrx_word' id='word_1_300' title='bbox 3105 1665 3220 1713; x_wconf 90' lang='lat' dir='ltr'><strong><em>eos,</em></strong></span> <span class='ocrx_word' id='word_1_301' title='bbox 3247 1648 3586 1718; x_wconf 85' lang='lat' dir='ltr'><strong><em>quoadusque</em></strong></span> <span class='ocrx_word' id='word_1_302' title='bbox 3613 1649 3833 1702; x_wconf 72' lang='lat' dir='ltr'><strong><em>adt-erait</em></strong></span> 
     </span>
    </p>
   </div>
   <div class='ocr_carea' id='block_1_33' title="bbox 509 1736 3824 1810">
    <p class='ocr_par' dir='ltr' id='par_1_33' title="bbox 509 1736 3824 1810">
     <span class='ocr_line' id='line_1_33' title="bbox 509 1736 3824 1810; baseline 0.001 -18"><span class='ocrx_word' id='word_1_303' title='bbox 509 1739 682 1792; x_wconf 89' lang='lat' dir='ltr'><strong><em>medio</em></strong></span> <span class='ocrx_word' id='word_1_304' title='bbox 714 1754 890 1792; x_wconf 70' lang='lat' dir='ltr'><strong><em>eorum</em></strong></span> <span class='ocrx_word' id='word_1_305' title='bbox 915 1779 930 1802; x_wconf 86' lang='lat'><strong><em>,</em></strong></span> <span class='ocrx_word' id='word_1_306' title='bbox 959 1751 1006 1791; x_wconf 93' lang='lat' dir='ltr'><strong><em>et</em></strong></span> <span class='ocrx_word' id='word_1_307' title='bbox 1040 1739 1138 1791; x_wconf 86' lang='lat' dir='ltr'><strong><em>tria</em></strong></span> <span class='ocrx_word' id='word_1_308' title='bbox 1162 1755 1362 1792; x_wconf 90' lang='lat' dir='ltr'><strong><em>cornua</em></strong></span> <span class='ocrx_word' id='word_1_309' title='bbox 1393 1736 1436 1803; x_wconf 80' lang='grc' dir='ltr'><strong><em>ί,</em></strong></span> <span class='ocrx_word' id='word_1_310' title='bbox 1462 1755 1579 1809; x_wconf 67' lang='lat' dir='ltr'><strong><em>quae</em></strong></span> <span class='ocrx_word' id='word_1_311' title='bbox 1599 1748 1742 1792; x_wconf 91' lang='lat' dir='ltr'><strong><em>erant</em></strong></span> <span class='ocrx_word' id='word_1_312' title='bbox 1769 1750 1888 1790; x_wconf 90' lang='lat' dir='ltr'><strong><em>ante</em></strong></span> <span class='ocrx_word' id='word_1_313' title='bbox 1919 1737 2068 1791; x_wconf 87' lang='lat' dir='ltr'><strong><em>illum</em></strong></span> <span class='ocrx_word' id='word_1_314' title='bbox 2096 1780 2110 1806; x_wconf 94' lang='lat'><strong><em>,</em></strong></span> <span class='ocrx_word' id='word_1_315' title='bbox 2145 1740 2187 1800; x_wconf 83' lang='grc' dir='ltr'>Β</span> <span class='ocrx_word' id='word_1_316' title='bbox 2217 1749 2443 1794; x_wconf 83' lang='lat' dir='ltr'><strong><em>vetustus</em></strong></span> <span class='ocrx_word' id='word_1_317' title='bbox 2463 1740 2691 1800; x_wconf 85' lang='lat' dir='ltr'><strong><em>dierum,</em></strong></span> <span class='ocrx_word' id='word_1_318' title='bbox 2715 1750 2763 1794; x_wconf 91' lang='lat' dir='ltr'><strong><em>et</em></strong></span> <span class='ocrx_word' id='word_1_319' title='bbox 2777 1742 3038 1810; x_wconf 82' lang='lat' dir='ltr'><strong><em>judicium</em></strong></span> <span class='ocrx_word' id='word_1_320' title='bbox 3059 1739 3198 1794; x_wconf 88' lang='lat' dir='ltr'><strong><em>dedit</em></strong></span> <span class='ocrx_word' id='word_1_321' title='bbox 3219 1743 3413 1796; x_wconf 89' lang='lat' dir='ltr'><strong><em>sanctis</em></strong></span> <span class='ocrx_word' id='word_1_322' title='bbox 3433 1742 3678 1796; x_wconf 64' lang='lat' dir='ltr'><strong><em>altissimi</em></strong></span> <span class='ocrx_word' id='word_1_323' title='bbox 3697 1741 3824 1806; x_wconf 82' lang='lat' dir='ltr'><strong><em>Dei,</em></strong></span> 
     </span>
    </p>
   </div>
   <div class='ocr_carea' id='block_1_34' title="bbox 509 1830 2113 1902">
    <p class='ocr_par' dir='ltr' id='par_1_34' title="bbox 509 1830 2113 1902">
     <span class='ocr_line' id='line_1_34' title="bbox 509 1830 2113 1902; baseline 0.001 -18"><span class='ocrx_word' id='word_1_324' title='bbox 509 1830 773 1885; x_wconf 89' lang='lat' dir='ltr'><strong><em>eradicata</em></strong></span> <span class='ocrx_word' id='word_1_325' title='bbox 814 1842 934 1885; x_wconf 89' lang='lat' dir='ltr'><strong><em>sunt</em></strong></span> <span class='ocrx_word' id='word_1_326' title='bbox 976 1848 1007 1884; x_wconf 91' lang='lat' dir='ltr'><strong><em>a</em></strong></span> <span class='ocrx_word' id='word_1_327' title='bbox 1048 1833 1180 1902; x_wconf 77' lang='lat' dir='ltr'><strong><em>facie</em></strong></span> <span class='ocrx_word' id='word_1_328' title='bbox 1220 1833 1334 1902; x_wconf 85' lang='lat' dir='ltr'><strong><em>ejus</em></strong></span> <span class='ocrx_word' id='word_1_329' title='bbox 1357 1848 1375 1885; x_wconf 88' lang='lat'><em>:</em></span> <span class='ocrx_word' id='word_1_330' title='bbox 1415 1841 1462 1885; x_wconf 90' lang='lat' dir='ltr'><strong><em>et</em></strong></span> <span class='ocrx_word' id='word_1_331' title='bbox 1495 1849 1610 1886; x_wconf 88' lang='lat' dir='ltr'><strong><em>ecce</em></strong></span> <span class='ocrx_word' id='word_1_332' title='bbox 1635 1831 1774 1886; x_wconf 90' lang='lat' dir='ltr'><strong><em>oculi</em></strong></span> <span class='ocrx_word' id='word_1_333' title='bbox 1803 1833 2026 1887; x_wconf 74' lang='lat' dir='ltr'><strong><em>hominis</em></strong></span> <span class='ocrx_word' id='word_1_334' title='bbox 2058 1833 2113 1886; x_wconf 89' lang='lat' dir='ltr'><strong><em>in</em></strong></span> 
     </span>
    </p>
   </div>
   <div class='ocr_carea' id='block_1_35' title="bbox 507 1921 2113 1995">
    <p class='ocr_par' dir='ltr' id='par_1_35' title="bbox 507 1921 2113 1995">
     <span class='ocr_line' id='line_1_35' title="bbox 507 1921 2113 1995; baseline 0.002 -19"><span class='ocrx_word' id='word_1_335' title='bbox 507 1938 670 1976; x_wconf 89' lang='lat' dir='ltr'><strong><em>cornu</em></strong></span> <span class='ocrx_word' id='word_1_336' title='bbox 699 1921 796 1975; x_wconf 84' lang='lat' dir='ltr'><strong><em>hoc</em></strong></span> <span class='ocrx_word' id='word_1_337' title='bbox 820 1963 837 1987; x_wconf 93' lang='lat'><strong><em>,</em></strong></span> <span class='ocrx_word' id='word_1_338' title='bbox 859 1933 906 1977; x_wconf 87' lang='lat' dir='ltr'><strong><em>et</em></strong></span> <span class='ocrx_word' id='word_1_339' title='bbox 930 1939 986 1977; x_wconf 92' lang='lat' dir='ltr'><strong><em>os</em></strong></span> <span class='ocrx_word' id='word_1_340' title='bbox 1010 1924 1222 1994; x_wconf 88' lang='lat' dir='ltr'><strong><em>loquens</em></strong></span> <span class='ocrx_word' id='word_1_341' title='bbox 1252 1941 1461 1995; x_wconf 91' lang='lat' dir='ltr'><strong><em>magna.</em></strong></span> <span class='ocrx_word' id='word_1_342' title='bbox 1500 1923 1743 1978; x_wconf 72' lang='lat' dir='ltr'><strong><em>Videbam</em></strong></span> <span class='ocrx_word' id='word_1_343' title='bbox 1774 1924 2113 1995; x_wconf 87' lang='lat' dir='ltr'><strong><em>quoadusque</em></strong></span> 
     </span>
    </p>
   </div>
   <div class='ocr_carea' id='block_1_36' title="bbox 505 2017 2111 2084">
    <p class='ocr_par' dir='ltr' id='par_1_36' title="bbox 505 2017 2111 2084">
     <span class='ocr_line' id='line_1_36' title="bbox 505 2017 2111 2084; baseline 0.002 -14"><span class='ocrx_word' id='word_1_344' title='bbox 505 2018 650 2070; x_wconf 82' lang='lat' dir='ltr'><strong><em>sedes</em></strong></span> <span class='ocrx_word' id='word_1_345' title='bbox 681 2017 860 2084; x_wconf 82' lang='lat' dir='ltr'><strong><em>posin</em></strong></span> <span class='ocrx_word' id='word_1_346' title='bbox 881 2027 999 2070; x_wconf 90' lang='lat' dir='ltr'><strong><em>sunt</em></strong></span> <span class='ocrx_word' id='word_1_347' title='bbox 1018 2059 1033 2083; x_wconf 93' lang='lat'><strong><em>,</em></strong></span> <span class='ocrx_word' id='word_1_348' title='bbox 1065 2027 1112 2071; x_wconf 90' lang='lat' dir='ltr'><strong><em>et</em></strong></span> <span class='ocrx_word' id='word_1_349' title='bbox 1142 2026 1370 2072; x_wconf 73' lang='lat' dir='ltr'><strong><em>vetustus</em></strong></span> <span class='ocrx_word' id='word_1_350' title='bbox 1397 2019 1599 2072; x_wconf 87' lang='lat' dir='ltr'><strong><em>dierum</em></strong></span> <span class='ocrx_word' id='word_1_351' title='bbox 1625 2017 1831 2073; x_wconf 86' lang='lat' dir='ltr'><strong><em>sedebat</em></strong></span> <span class='ocrx_word' id='word_1_352' title='bbox 1855 2034 1872 2071; x_wconf 90' lang='lat'><em>:</em></span> <span class='ocrx_word' id='word_1_353' title='bbox 1899 2019 2111 2073; x_wconf 78' lang='lat' dir='ltr'><strong><em>uestitus</em></strong></span> 
     </span>
    </p>
   </div>
   <div class='ocr_carea' id='block_1_37' title="bbox 509 2108 2108 2185">
    <p class='ocr_par' dir='ltr' id='par_1_37' title="bbox 509 2108 2108 2185">
     <span class='ocr_line' id='line_1_37' title="bbox 509 2108 2108 2185; baseline 0.001 -23"><span class='ocrx_word' id='word_1_354' title='bbox 509 2113 626 2183; x_wconf 87' lang='lat' dir='ltr'><strong><em>ejus</em></strong></span> <span class='ocrx_word' id='word_1_355' title='bbox 647 2108 794 2164; x_wconf 88' lang='lat' dir='ltr'><strong><em>albus</em></strong></span> <span class='ocrx_word' id='word_1_356' title='bbox 823 2123 877 2164; x_wconf 91' lang='lat' dir='ltr'><strong><em>ut</em></strong></span> <span class='ocrx_word' id='word_1_357' title='bbox 901 2112 992 2166; x_wconf 75' lang='lat' dir='ltr'><strong><em>nix</em></strong></span> <span class='ocrx_word' id='word_1_358' title='bbox 1010 2153 1026 2178; x_wconf 96' lang='lat'><strong><em>,</em></strong></span> <span class='ocrx_word' id='word_1_359' title='bbox 1052 2121 1101 2166; x_wconf 89' lang='lat' dir='ltr'><strong><em>et</em></strong></span> <span class='ocrx_word' id='word_1_360' title='bbox 1121 2113 1346 2181; x_wconf 85' lang='lat' dir='ltr'><strong><em>capillus</em></strong></span> <span class='ocrx_word' id='word_1_361' title='bbox 1372 2112 1560 2178; x_wconf 87' lang='lat' dir='ltr'><strong><em>capitis</em></strong></span> <span class='ocrx_word' id='word_1_362' title='bbox 1583 2115 1697 2185; x_wconf 87' lang='lat' dir='ltr'><strong><em>ejus</em></strong></span> <span class='ocrx_word' id='word_1_363' title='bbox 1724 2122 1778 2165; x_wconf 86' lang='lat' dir='ltr'><strong><em>ut</em></strong></span> <span class='ocrx_word' id='word_1_364' title='bbox 1809 2110 1932 2164; x_wconf 89' lang='lat' dir='ltr'><strong><em>lana</em></strong></span> <span class='ocrx_word' id='word_1_365' title='bbox 1962 2127 2108 2164; x_wconf 84' lang='lat' dir='ltr'><strong><em>mun-</em></strong></span> 
     </span>
    </p>
   </div>
   <div class='ocr_carea' id='block_1_38' title="bbox 511 2203 2112 2281">
    <p class='ocr_par' dir='ltr' id='par_1_38' title="bbox 511 2203 2112 2281">
     <span class='ocr_line' id='line_1_38' title="bbox 511 2203 2112 2281; baseline 0.004 -26"><span class='ocrx_word' id='word_1_366' title='bbox 511 2203 581 2256; x_wconf 90' lang='lat' dir='ltr'><strong><em>da</em></strong></span> <span class='ocrx_word' id='word_1_367' title='bbox 597 2245 611 2271; x_wconf 89' lang='lat'><strong><em>,</em></strong></span> <span class='ocrx_word' id='word_1_368' title='bbox 637 2215 684 2258; x_wconf 89' lang='lat' dir='ltr'><strong><em>et</em></strong></span> <span class='ocrx_word' id='word_1_369' title='bbox 708 2207 853 2260; x_wconf 90' lang='lat' dir='ltr'><strong><em>sedes</em></strong></span> <span class='ocrx_word' id='word_1_370' title='bbox 877 2209 991 2279; x_wconf 89' lang='lat' dir='ltr'><strong><em>ejus</em></strong></span> <span class='ocrx_word' id='word_1_371' title='bbox 1013 2208 1226 2277; x_wconf 79' lang='lat' dir='ltr'><strong><em>ﬂamma</em></strong></span> <span class='ocrx_word' id='word_1_372' title='bbox 1250 2207 1408 2278; x_wconf 82' lang='lat' dir='ltr'><strong><em>ignis,</em></strong></span> <span class='ocrx_word' id='word_1_373' title='bbox 1433 2217 1561 2262; x_wconf 73' lang='lat' dir='ltr'><strong><em>rotw</em></strong></span> <span class='ocrx_word' id='word_1_374' title='bbox 1590 2211 1704 2280; x_wconf 84' lang='lat' dir='ltr'><strong><em>ejus</em></strong></span> <span class='ocrx_word' id='word_1_375' title='bbox 1727 2209 1861 2281; x_wconf 91' lang='lat' dir='ltr'><strong><em>ignis</em></strong></span> <span class='ocrx_word' id='word_1_376' title='bbox 1882 2207 2071 2262; x_wconf 88' lang='lat' dir='ltr'><strong><em>ardens</em></strong></span> <span class='ocrx_word' id='word_1_377' title='bbox 2092 2223 2112 2261; x_wconf 78' lang='grc'><strong><em>.-</em></strong></span> 
     </span>
    </p>
   </div>
   <div class='ocr_carea' id='block_1_39' title="bbox 508 2295 2109 2367">
    <p class='ocr_par' dir='ltr' id='par_1_39' title="bbox 508 2295 2109 2367">
     <span class='ocr_line' id='line_1_39' title="bbox 508 2295 2109 2367; baseline 0.004 -21"><span class='ocrx_word' id='word_1_378' title='bbox 508 2295 698 2364; x_wconf 81' lang='lat' dir='ltr'><strong><em>ﬂuvias</em></strong></span> <span class='ocrx_word' id='word_1_379' title='bbox 729 2298 864 2367; x_wconf 86' lang='lat' dir='ltr'><strong><em>ignis</em></strong></span> <span class='ocrx_word' id='word_1_380' title='bbox 907 2297 1104 2352; x_wconf 90' lang='lat' dir='ltr'><strong><em>lucebat</em></strong></span> <span class='ocrx_word' id='word_1_381' title='bbox 1145 2310 1266 2352; x_wconf 90' lang='lat' dir='ltr'><strong><em>ante</em></strong></span> <span class='ocrx_word' id='word_1_382' title='bbox 1293 2315 1444 2364; x_wconf 89' lang='lat' dir='ltr'><strong><em>eum,</em></strong></span> <span class='ocrx_word' id='word_1_383' title='bbox 1476 2296 1642 2351; x_wconf 69' lang='lat' dir='ltr'><strong><em>millia</em></strong></span> <span class='ocrx_word' id='word_1_384' title='bbox 1671 2297 1890 2352; x_wconf 65' lang='lat' dir='ltr'><strong><em>millium</em></strong></span> <span class='ocrx_word' id='word_1_385' title='bbox 1918 2299 2109 2352; x_wconf 88' lang='lat' dir='ltr'><strong><em>servic-</em></strong></span> 
     </span>
    </p>
   </div>
   <div class='ocr_carea' id='block_1_40' title="bbox 504 2386 2112 2451">
    <p class='ocr_par' dir='ltr' id='par_1_40' title="bbox 504 2386 2112 2451">
     <span class='ocr_line' id='line_1_40' title="bbox 504 2386 2112 2451; baseline 0.002 -12"><span class='ocrx_word' id='word_1_386' title='bbox 504 2386 626 2440; x_wconf 88' lang='lat' dir='ltr'><strong><em>bant</em></strong></span> <span class='ocrx_word' id='word_1_387' title='bbox 655 2388 737 2451; x_wconf 91' lang='lat' dir='ltr'><strong><em>ei,</em></strong></span> <span class='ocrx_word' id='word_1_388' title='bbox 766 2397 813 2440; x_wconf 87' lang='lat' dir='ltr'><strong><em>et</em></strong></span> <span class='ocrx_word' id='word_1_389' title='bbox 853 2388 985 2441; x_wconf 87' lang='lat' dir='ltr'><strong><em>dena</em></strong></span> <span class='ocrx_word' id='word_1_390' title='bbox 1025 2386 1193 2441; x_wconf 88' lang='lat' dir='ltr'><strong><em>millia</em></strong></span> <span class='ocrx_word' id='word_1_391' title='bbox 1229 2390 1418 2442; x_wconf 86' lang='lat' dir='ltr'><strong><em>denum</em></strong></span> <span class='ocrx_word' id='word_1_392' title='bbox 1457 2390 1680 2441; x_wconf 88' lang='lat' dir='ltr'><strong><em>millium</em></strong></span> <span class='ocrx_word' id='word_1_393' title='bbox 1719 2391 1958 2442; x_wconf 88' lang='lat' dir='ltr'><strong><em>astabant</em></strong></span> <span class='ocrx_word' id='word_1_394' title='bbox 1989 2399 2112 2442; x_wconf 89' lang='lat' dir='ltr'><strong><em>ante</em></strong></span> 
     </span>
    </p>
   </div>
   <div class='ocr_carea' id='block_1_41' title="bbox 505 2479 2111 2550">
    <p class='ocr_par' dir='ltr' id='par_1_41' title="bbox 505 2479 2111 2550">
     <span class='ocr_line' id='line_1_41' title="bbox 505 2479 2111 2550; baseline 0 -16"><span class='ocrx_word' id='word_1_395' title='bbox 505 2495 620 2534; x_wconf 87' lang='lat' dir='ltr'><strong><em>eum</em></strong></span> <span class='ocrx_word' id='word_1_396' title='bbox 643 2496 660 2534; x_wconf 89' lang='lat'><em>:</em></span> <span class='ocrx_word' id='word_1_397' title='bbox 684 2481 736 2533; x_wconf 90' lang='lat' dir='ltr'><strong><em>in</em></strong></span> <span class='ocrx_word' id='word_1_398' title='bbox 751 2479 1011 2550; x_wconf 75' lang='lat' dir='ltr'><strong><em>judicium</em></strong></span> <span class='ocrx_word' id='word_1_399' title='bbox 1036 2479 1049 2529; x_wconf 85' lang='lat' dir='ltr'><strong><em>i</em></strong></span> <span class='ocrx_word' id='word_1_400' title='bbox 1085 2480 1252 2542; x_wconf 89' lang='lat' dir='ltr'><strong><em>sedit,</em></strong></span> <span class='ocrx_word' id='word_1_401' title='bbox 1277 2492 1323 2533; x_wconf 89' lang='lat' dir='ltr'><strong><em>et</em></strong></span> <span class='ocrx_word' id='word_1_402' title='bbox 1349 2480 1464 2533; x_wconf 90' lang='lat' dir='ltr'><strong><em>libri</em></strong></span> <span class='ocrx_word' id='word_1_403' title='bbox 1492 2481 1660 2549; x_wconf 86' lang='lat' dir='ltr'><strong><em>aperti</em></strong></span> <span class='ocrx_word' id='word_1_404' title='bbox 1682 2491 1829 2534; x_wconf 92' lang='lat' dir='ltr'><strong><em>sunt.</em></strong></span> <span class='ocrx_word' id='word_1_405' title='bbox 1862 2479 2111 2534; x_wconf 82' lang='lat' dir='ltr'><strong><em>Videbam</em></strong></span> 
     </span>
    </p>
   </div>
   <div class='ocr_carea' id='block_1_42' title="bbox 509 2571 2112 2644">
    <p class='ocr_par' dir='ltr' id='par_1_42' title="bbox 509 2571 2112 2644">
     <span class='ocr_line' id='line_1_42' title="bbox 509 2571 2112 2644; baseline -0.002 -15"><span class='ocrx_word' id='word_1_406' title='bbox 509 2584 631 2629; x_wconf 87' lang='lat' dir='ltr'><strong><em>tunc</em></strong></span> <span class='ocrx_word' id='word_1_407' title='bbox 668 2590 700 2627; x_wconf 90' lang='lat' dir='ltr'><strong><em>a</em></strong></span> <span class='ocrx_word' id='word_1_408' title='bbox 734 2589 853 2628; x_wconf 82' lang='lat' dir='ltr'><strong><em>voce</em></strong></span> <span class='ocrx_word' id='word_1_409' title='bbox 890 2589 1182 2628; x_wconf 85' lang='lat' dir='ltr'><strong><em>sermonum</em></strong></span> <span class='ocrx_word' id='word_1_410' title='bbox 1226 2588 1531 2644; x_wconf 88' lang='lat' dir='ltr'><strong><em>magnorunt</em></strong></span> <span class='ocrx_word' id='word_1_411' title='bbox 1555 2613 1568 2636; x_wconf 98' lang='lat'><strong><em>,</em></strong></span> <span class='ocrx_word' id='word_1_412' title='bbox 1612 2589 1740 2643; x_wconf 90' lang='lat' dir='ltr'><strong><em>quos</em></strong></span> <span class='ocrx_word' id='word_1_413' title='bbox 1777 2589 1936 2626; x_wconf 86' lang='lat' dir='ltr'><strong><em>cornu</em></strong></span> <span class='ocrx_word' id='word_1_414' title='bbox 1977 2571 2112 2625; x_wconf 88' lang='lat' dir='ltr'><strong><em>illud</em></strong></span> 
     </span>
    </p>
   </div>
   <div class='ocr_carea' id='block_1_43' title="bbox 507 2663 2114 2738">
    <p class='ocr_par' dir='ltr' id='par_1_43' title="bbox 507 2663 2114 2738">
     <span class='ocr_line' id='line_1_43' title="bbox 507 2663 2114 2738; baseline -0.001 -20"><span class='ocrx_word' id='word_1_415' title='bbox 507 2663 835 2738; x_wconf 77' lang='lat' dir='ltr'><strong><em>loqucbatur,</em></strong></span> <span class='ocrx_word' id='word_1_416' title='bbox 883 2666 1218 2737; x_wconf 82' lang='lat' dir='ltr'><strong><em>quoadusque</em></strong></span> <span class='ocrx_word' id='word_1_417' title='bbox 1260 2666 1457 2719; x_wconf 87' lang='lat' dir='ltr'><strong><em>interiit</em></strong></span> <span class='ocrx_word' id='word_1_418' title='bbox 1499 2665 1699 2728; x_wconf 82' lang='lat' dir='ltr'><strong><em>bestia,</em></strong></span> <span class='ocrx_word' id='word_1_419' title='bbox 1741 2675 1789 2719; x_wconf 93' lang='lat' dir='ltr'><strong><em>et</em></strong></span> <span class='ocrx_word' id='word_1_420' title='bbox 1835 2665 2018 2735; x_wconf 88' lang='lat' dir='ltr'><strong><em>periit,</em></strong></span> <span class='ocrx_word' id='word_1_421' title='bbox 2066 2674 2114 2717; x_wconf 76' lang='lat' dir='ltr'><strong><em>et</em></strong></span> 
     </span>
    </p>
   </div>
   <div class='ocr_carea' id='block_1_44' title="bbox 509 2760 2111 2833">
    <p class='ocr_par' dir='ltr' id='par_1_44' title="bbox 509 2760 2111 2833">
     <span class='ocr_line' id='line_1_44' title="bbox 509 2760 2111 2833; baseline -0.002 -19"><span class='ocrx_word' id='word_1_422' title='bbox 509 2775 697 2832; x_wconf 71' lang='lat' dir='ltr'><strong><em>Corpus</em></strong></span> <span class='ocrx_word' id='word_1_423' title='bbox 733 2762 843 2833; x_wconf 88' lang='lat' dir='ltr'><strong><em>ejus</em></strong></span> <span class='ocrx_word' id='word_1_424' title='bbox 879 2760 1060 2814; x_wconf 84' lang='lat' dir='ltr'><strong><em>datum</em></strong></span> <span class='ocrx_word' id='word_1_425' title='bbox 1100 2770 1173 2814; x_wconf 88' lang='lat' dir='ltr'><strong><em>est</em></strong></span> <span class='ocrx_word' id='word_1_426' title='bbox 1216 2770 1272 2814; x_wconf 89' lang='lat' dir='ltr'><strong><em>ut</em></strong></span> <span class='ocrx_word' id='word_1_427' title='bbox 1311 2761 1646 2814; x_wconf 90' lang='lat' dir='ltr'><strong><em>comburatur</em></strong></span> <span class='ocrx_word' id='word_1_428' title='bbox 1668 2776 1686 2813; x_wconf 82' lang='lat'><strong><em>.&#39;</em></strong></span> <span class='ocrx_word' id='word_1_429' title='bbox 1714 2767 1760 2812; x_wconf 93' lang='lat' dir='ltr'><strong><em>et</em></strong></span> <span class='ocrx_word' id='word_1_430' title='bbox 1793 2761 2111 2828; x_wconf 90' lang='lat' dir='ltr'><strong><em>reliquarum</em></strong></span> 
     </span>
    </p>
   </div>
   <div class='ocr_carea' id='block_1_45' title="bbox 509 2853 2110 2926">
    <p class='ocr_par' dir='ltr' id='par_1_45' title="bbox 509 2853 2110 2926">
     <span class='ocr_line' id='line_1_45' title="bbox 509 2853 2110 2926; baseline -0.001 -20"><span class='ocrx_word' id='word_1_431' title='bbox 509 2853 784 2908; x_wconf 89' lang='lat' dir='ltr'><strong><em>bestiarum</em></strong></span> <span class='ocrx_word' id='word_1_432' title='bbox 831 2871 1049 2924; x_wconf 83' lang='lat' dir='ltr'><strong><em>regnum</em></strong></span> <span class='ocrx_word' id='word_1_433' title='bbox 1095 2853 1402 2907; x_wconf 89' lang='lat' dir='ltr'><strong><em>translatum</em></strong></span> <span class='ocrx_word' id='word_1_434' title='bbox 1441 2861 1550 2913; x_wconf 89' lang='lat' dir='ltr'><strong><em>est.</em></strong></span> <span class='ocrx_word' id='word_1_435' title='bbox 1593 2863 1640 2905; x_wconf 90' lang='lat' dir='ltr'><strong><em>et</em></strong></span> <span class='ocrx_word' id='word_1_436' title='bbox 1679 2853 1954 2926; x_wconf 79' lang='lat' dir='ltr'><strong><em>longitudo</em></strong></span> <span class='ocrx_word' id='word_1_437' title='bbox 1993 2853 2110 2905; x_wconf 71' lang='lat' dir='ltr'><strong><em>vita:</em></strong></span> 
     </span>
    </p>
   </div>
   <div class='ocr_carea' id='block_1_46' title="bbox 506 2939 2108 3013">
    <p class='ocr_par' dir='ltr' id='par_1_46' title="bbox 506 2939 2108 3013">
     <span class='ocr_line' id='line_1_46' title="bbox 506 2939 2108 3013; baseline -0.001 -16"><span class='ocrx_word' id='word_1_438' title='bbox 506 2944 629 2997; x_wconf 91' lang='lat' dir='ltr'><strong><em>data</em></strong></span> <span class='ocrx_word' id='word_1_439' title='bbox 671 2955 745 2997; x_wconf 89' lang='lat' dir='ltr'><strong><em>est</em></strong></span> <span class='ocrx_word' id='word_1_440' title='bbox 789 2945 862 2998; x_wconf 89' lang='lat' dir='ltr'><strong><em>eis</em></strong></span> <span class='ocrx_word' id='word_1_441' title='bbox 907 2961 1067 3013; x_wconf 89' lang='lat' dir='ltr'><strong><em>usque</em></strong></span> <span class='ocrx_word' id='word_1_442' title='bbox 1095 2946 1163 2997; x_wconf 89' lang='lat' dir='ltr'><strong><em>ad</em></strong></span> <span class='ocrx_word' id='word_1_443' title='bbox 1194 2944 1221 2980; x_wconf 73' lang='grc' dir='ltr'><strong><em>ι</em></strong></span> <span class='ocrx_word' id='word_1_444' title='bbox 1252 2957 1475 3010; x_wconf 87' lang='lat' dir='ltr'><strong><em>tempus.</em></strong></span> <span class='ocrx_word' id='word_1_445' title='bbox 1514 2941 1766 2997; x_wconf 69' lang='lat' dir='ltr'><strong><em>Videbam</em></strong></span> <span class='ocrx_word' id='word_1_446' title='bbox 1801 2946 1853 2996; x_wconf 90' lang='lat' dir='ltr'><strong><em>in</em></strong></span> <span class='ocrx_word' id='word_1_447' title='bbox 1892 2939 1910 2979; x_wconf 73' lang='grc' dir='ltr'>ί</span> <span class='ocrx_word' id='word_1_448' title='bbox 1946 2945 2108 2996; x_wconf 80' lang='lat' dir='ltr'><strong><em>visunt</em></strong></span> 
     </span>
    </p>
   </div>
   <div class='ocr_carea' id='block_1_47' title="bbox 507 3034 2109 3104">
    <p class='ocr_par' dir='ltr' id='par_1_47' title="bbox 507 3034 2109 3104">
     <span class='ocr_line' id='line_1_47' title="bbox 507 3034 2109 3104; baseline -0.002 -13"><span class='ocrx_word' id='word_1_449' title='bbox 507 3038 671 3092; x_wconf 89' lang='lat' dir='ltr'><strong><em>noctis</em></strong></span> <span class='ocrx_word' id='word_1_450' title='bbox 693 3079 708 3097; x_wconf 91' lang='lat'><strong><em>,</em></strong></span> <span class='ocrx_word' id='word_1_451' title='bbox 741 3048 787 3091; x_wconf 89' lang='lat' dir='ltr'><strong><em>et</em></strong></span> <span class='ocrx_word' id='word_1_452' title='bbox 813 3053 928 3091; x_wconf 87' lang='lat' dir='ltr'><strong><em>ecce</em></strong></span> <span class='ocrx_word' id='word_1_453' title='bbox 957 3053 1072 3091; x_wconf 88' lang='lat' dir='ltr'><strong><em>cum</em></strong></span> <span class='ocrx_word' id='word_1_454' title='bbox 1103 3035 1321 3090; x_wconf 88' lang='lat' dir='ltr'><strong><em>nubibus</em></strong></span> <span class='ocrx_word' id='word_1_455' title='bbox 1347 3036 1461 3090; x_wconf 71' lang='lat' dir='ltr'><strong><em>caeli</em></strong></span> <span class='ocrx_word' id='word_1_456' title='bbox 1500 3046 1557 3089; x_wconf 89' lang='lat' dir='ltr'><strong><em>ut</em></strong></span> <span class='ocrx_word' id='word_1_457' title='bbox 1595 3037 1736 3104; x_wconf 83' lang='lat' dir='ltr'><strong><em>ﬁlius</em></strong></span> <span class='ocrx_word' id='word_1_458' title='bbox 1773 3034 1997 3088; x_wconf 86' lang='lat' dir='ltr'><strong><em>hominis</em></strong></span> <span class='ocrx_word' id='word_1_459' title='bbox 2025 3050 2109 3088; x_wconf 80' lang='lat' dir='ltr'><strong><em>ve-</em></strong></span> 
     </span>
    </p>
   </div>
   <div class='ocr_carea' id='block_1_48' title="bbox 2213 1832 3831 1905">
    <p class='ocr_par' dir='ltr' id='par_1_48' title="bbox 2213 1832 3831 1905">
     <span class='ocr_line' id='line_1_48' title="bbox 2213 1832 3831 1905; baseline 0.004 -22"><span class='ocrx_word' id='word_1_460' title='bbox 2213 1843 2259 1884; x_wconf 92' lang='lat' dir='ltr'><strong><em>et</em></strong></span> <span class='ocrx_word' id='word_1_461' title='bbox 2284 1832 2587 1900; x_wconf 83' lang='lat' dir='ltr'><strong><em>anticipavit</em></strong></span> <span class='ocrx_word' id='word_1_462' title='bbox 2613 1841 2813 1901; x_wconf 89' lang='lat' dir='ltr'><strong><em>tempus</em></strong></span> <span class='ocrx_word' id='word_1_463' title='bbox 2832 1873 2848 1900; x_wconf 92' lang='lat'><strong><em>,</em></strong></span> <span class='ocrx_word' id='word_1_464' title='bbox 2873 1843 2919 1886; x_wconf 92' lang='lat' dir='ltr'><strong><em>et</em></strong></span> <span class='ocrx_word' id='word_1_465' title='bbox 2942 1850 3158 1905; x_wconf 84' lang='lat' dir='ltr'><strong><em>regnum</em></strong></span> <span class='ocrx_word' id='word_1_466' title='bbox 3185 1834 3515 1889; x_wconf 86' lang='lat' dir='ltr'><strong><em>obtinuerunt</em></strong></span> <span class='ocrx_word' id='word_1_467' title='bbox 3536 1838 3726 1890; x_wconf 87' lang='lat' dir='ltr'><strong><em>sancti.</em></strong></span> <span class='ocrx_word' id='word_1_468' title='bbox 3758 1835 3831 1890; x_wconf 81' lang='lat' dir='ltr'><strong><em>Et</em></strong></span> 
     </span>
    </p>
   </div>
   <div class='ocr_carea' id='block_1_49' title="bbox 2213 1927 3824 2001">
    <p class='ocr_par' dir='ltr' id='par_1_49' title="bbox 2213 1927 3824 2001">
     <span class='ocr_line' id='line_1_49' title="bbox 2213 1927 3824 2001; baseline 0.002 -21"><span class='ocrx_word' id='word_1_469' title='bbox 2213 1927 2384 1983; x_wconf 72' lang='lat' dir='ltr'><strong><em>dixit:</em></strong></span> <span class='ocrx_word' id='word_1_470' title='bbox 2417 1928 2590 1982; x_wconf 86' lang='lat' dir='ltr'><strong><em>Bestia</em></strong></span> <span class='ocrx_word' id='word_1_471' title='bbox 2619 1940 2832 2000; x_wconf 90' lang='lat' dir='ltr'><strong><em>quarta,</em></strong></span> <span class='ocrx_word' id='word_1_472' title='bbox 2881 1941 3120 1997; x_wconf 86' lang='lat' dir='ltr'><strong><em>quartum</em></strong></span> <span class='ocrx_word' id='word_1_473' title='bbox 3157 1947 3371 2001; x_wconf 81' lang='lat' dir='ltr'><strong><em>regnum</em></strong></span> <span class='ocrx_word' id='word_1_474' title='bbox 3408 1932 3501 1984; x_wconf 91' lang='lat' dir='ltr'><strong><em>erit</em></strong></span> <span class='ocrx_word' id='word_1_475' title='bbox 3543 1932 3595 1983; x_wconf 91' lang='lat' dir='ltr'><strong><em>in</em></strong></span> <span class='ocrx_word' id='word_1_476' title='bbox 3639 1942 3786 1984; x_wconf 85' lang='lat' dir='ltr'><strong><em>terra</em></strong></span> <span class='ocrx_word' id='word_1_477' title='bbox 3808 1971 3824 1994; x_wconf 90' lang='lat'><strong><em>,</em></strong></span> 
     </span>
    </p>
   </div>
   <div class='ocr_carea' id='block_1_50' title="bbox 2211 2021 3819 2095">
    <p class='ocr_par' dir='ltr' id='par_1_50' title="bbox 2211 2021 3819 2095">
     <span class='ocr_line' id='line_1_50' title="bbox 2211 2021 3819 2095; baseline 0.002 -21"><span class='ocrx_word' id='word_1_478' title='bbox 2211 2021 2350 2091; x_wconf 89' lang='lat' dir='ltr'><strong><em>quod</em></strong></span> <span class='ocrx_word' id='word_1_479' title='bbox 2389 2023 2628 2075; x_wconf 90' lang='lat' dir='ltr'><strong><em>eminebit</em></strong></span> <span class='ocrx_word' id='word_1_480' title='bbox 2668 2025 2843 2075; x_wconf 89' lang='lat' dir='ltr'><strong><em>omnia</em></strong></span> <span class='ocrx_word' id='word_1_481' title='bbox 2876 2022 2892 2057; x_wconf 70' lang='grc' dir='ltr'>ί</span> <span class='ocrx_word' id='word_1_482' title='bbox 2927 2039 3118 2095; x_wconf 89' lang='lat' dir='ltr'><strong><em>regna,</em></strong></span> <span class='ocrx_word' id='word_1_483' title='bbox 3152 2033 3198 2077; x_wconf 92' lang='lat' dir='ltr'><strong><em>et</em></strong></span> <span class='ocrx_word' id='word_1_484' title='bbox 3232 2023 3569 2077; x_wconf 86' lang='lat' dir='ltr'><strong><em>manducabit</em></strong></span> <span class='ocrx_word' id='word_1_485' title='bbox 3607 2041 3819 2078; x_wconf 76' lang='lat' dir='ltr'><strong><em>omnem</em></strong></span> 
     </span>
    </p>
   </div>
   <div class='ocr_carea' id='block_1_51' title="bbox 2213 2115 3829 2178">
    <p class='ocr_par' dir='ltr' id='par_1_51' title="bbox 2213 2115 3829 2178">
     <span class='ocr_line' id='line_1_51' title="bbox 2213 2115 3829 2178; baseline 0.003 -14"><span class='ocrx_word' id='word_1_486' title='bbox 2213 2122 2435 2177; x_wconf 88' lang='lat' dir='ltr'><strong><em>terram,</em></strong></span> <span class='ocrx_word' id='word_1_487' title='bbox 2468 2123 2516 2168; x_wconf 90' lang='lat' dir='ltr'><strong><em>et</em></strong></span> <span class='ocrx_word' id='word_1_488' title='bbox 2551 2115 2874 2168; x_wconf 88' lang='lat' dir='ltr'><strong><em>conculcabit</em></strong></span> <span class='ocrx_word' id='word_1_489' title='bbox 2912 2131 3056 2178; x_wconf 88' lang='lat' dir='ltr'><strong><em>eam,</em></strong></span> <span class='ocrx_word' id='word_1_490' title='bbox 3096 2123 3145 2168; x_wconf 88' lang='lat' dir='ltr'><strong><em>et</em></strong></span> <span class='ocrx_word' id='word_1_491' title='bbox 3180 2115 3448 2169; x_wconf 90' lang='lat' dir='ltr'><strong><em>concident</em></strong></span> <span class='ocrx_word' id='word_1_492' title='bbox 3493 2116 3666 2169; x_wconf 87' lang='lat' dir='ltr'><strong><em>decem</em></strong></span> <span class='ocrx_word' id='word_1_493' title='bbox 3705 2133 3829 2170; x_wconf 82' lang='lat' dir='ltr'><strong><em>car-</em></strong></span> 
     </span>
    </p>
   </div>
   <div class='ocr_carea' id='block_1_52' title="bbox 2213 2201 3822 2277">
    <p class='ocr_par' dir='ltr' id='par_1_52' title="bbox 2213 2201 3822 2277">
     <span class='ocr_line' id='line_1_52' title="bbox 2213 2201 3822 2277; baseline 0.002 -20"><span class='ocrx_word' id='word_1_494' title='bbox 2213 2220 2317 2257; x_wconf 87' lang='lat' dir='ltr'><strong><em>nua</em></strong></span> <span class='ocrx_word' id='word_1_495' title='bbox 2347 2207 2480 2277; x_wconf 81' lang='lat' dir='ltr'><strong><em>ejus.</em></strong></span> <span class='ocrx_word' id='word_1_496' title='bbox 2511 2201 2700 2258; x_wconf 90' lang='lat' dir='ltr'><strong><em>Decem</em></strong></span> <span class='ocrx_word' id='word_1_497' title='bbox 2726 2219 2870 2274; x_wconf 83' lang='lat' dir='ltr'><strong><em>reges</em></strong></span> <span class='ocrx_word' id='word_1_498' title='bbox 2901 2214 3210 2275; x_wconf 74' lang='lat' dir='ltr'><strong><em>exsurgent,</em></strong></span> <span class='ocrx_word' id='word_1_499' title='bbox 3240 2215 3287 2258; x_wconf 90' lang='lat' dir='ltr'><strong><em>et</em></strong></span> <span class='ocrx_word' id='word_1_500' title='bbox 3311 2215 3424 2272; x_wconf 87' lang='lat' dir='ltr'><strong><em>post</em></strong></span> <span class='ocrx_word' id='word_1_501' title='bbox 3451 2221 3538 2259; x_wconf 87' lang='lat' dir='ltr'><strong><em>eos</em></strong></span> <span class='ocrx_word' id='word_1_502' title='bbox 3571 2216 3822 2276; x_wconf 68' lang='lat' dir='ltr'><strong><em>exsurget</em></strong></span> 
     </span>
    </p>
   </div>
   <div class='ocr_carea' id='block_1_53' title="bbox 2213 2294 3820 2367">
    <p class='ocr_par' dir='ltr' id='par_1_53' title="bbox 2213 2294 3820 2367">
     <span class='ocr_line' id='line_1_53' title="bbox 2213 2294 3820 2367; baseline 0.002 -19"><span class='ocrx_word' id='word_1_503' title='bbox 2213 2295 2348 2349; x_wconf 88' lang='lat' dir='ltr'><strong><em>alias</em></strong></span> <span class='ocrx_word' id='word_1_504' title='bbox 2375 2297 2465 2367; x_wconf 89' lang='lat' dir='ltr'><strong><em>qui</em></strong></span> <span class='ocrx_word' id='word_1_505' title='bbox 2491 2296 2752 2363; x_wconf 85' lang='lat' dir='ltr'><strong><em>superabit</em></strong></span> <span class='ocrx_word' id='word_1_506' title='bbox 2786 2294 2936 2351; x_wconf 88' lang='lat' dir='ltr'><strong><em>malis</em></strong></span> <span class='ocrx_word' id='word_1_507' title='bbox 2967 2313 3140 2351; x_wconf 89' lang='lat' dir='ltr'><strong><em>omnes</em></strong></span> <span class='ocrx_word' id='word_1_508' title='bbox 3164 2298 3253 2367; x_wconf 78' lang='lat' dir='ltr'><strong><em>qui</em></strong></span> <span class='ocrx_word' id='word_1_509' title='bbox 3278 2308 3401 2350; x_wconf 90' lang='lat' dir='ltr'><strong><em>ante</em></strong></span> <span class='ocrx_word' id='word_1_510' title='bbox 3421 2313 3534 2349; x_wconf 89' lang='lat' dir='ltr'><strong><em>eum</em></strong></span> <span class='ocrx_word' id='word_1_511' title='bbox 3567 2301 3820 2367; x_wconf 77' lang='lat' dir='ltr'><strong><em>fuerunt,</em></strong></span> 
     </span>
    </p>
   </div>
   <div class='ocr_carea' id='block_1_54' title="bbox 2213 2385 3822 2457">
    <p class='ocr_par' dir='ltr' id='par_1_54' title="bbox 2213 2385 3822 2457">
     <span class='ocr_line' id='line_1_54' title="bbox 2213 2385 3822 2457; baseline 0 -16"><span class='ocrx_word' id='word_1_512' title='bbox 2213 2397 2260 2441; x_wconf 89' lang='lat' dir='ltr'><strong><em>et</em></strong></span> <span class='ocrx_word' id='word_1_513' title='bbox 2291 2399 2393 2441; x_wconf 89' lang='lat' dir='ltr'><strong><em>tres</em></strong></span> <span class='ocrx_word' id='word_1_514' title='bbox 2423 2395 2451 2422; x_wconf 83' lang='grc' dir='ltr'><strong><em>ιι</em></strong></span> <span class='ocrx_word' id='word_1_515' title='bbox 2482 2385 2706 2440; x_wconf 87' lang='lat' dir='ltr'><strong><em>humiles</em></strong></span> <span class='ocrx_word' id='word_1_516' title='bbox 2737 2388 2927 2457; x_wconf 76' lang='lat' dir='ltr'><strong><em>faciet,</em></strong></span> <span class='ocrx_word' id='word_1_517' title='bbox 2957 2396 3005 2441; x_wconf 90' lang='lat' dir='ltr'><strong><em>et</em></strong></span> <span class='ocrx_word' id='word_1_518' title='bbox 3035 2387 3187 2441; x_wconf 83' lang='lat' dir='ltr'><strong><em>verba</em></strong></span> <span class='ocrx_word' id='word_1_519' title='bbox 3219 2386 3466 2442; x_wconf 86' lang='lat' dir='ltr'><strong><em>adversus</em></strong></span> <span class='ocrx_word' id='word_1_520' title='bbox 3497 2388 3822 2442; x_wconf 83' lang='lat' dir='ltr'><strong><em>altissimum</em></strong></span> 
     </span>
    </p>
   </div>
   <div class='ocr_carea' id='block_1_55' title="bbox 2215 2479 3816 2550">
    <p class='ocr_par' dir='ltr' id='par_1_55' title="bbox 2215 2479 3816 2550">
     <span class='ocr_line' id='line_1_55' title="bbox 2215 2479 3816 2550; baseline 0.002 -17"><span class='ocrx_word' id='word_1_521' title='bbox 2215 2479 2381 2534; x_wconf 91' lang='lat' dir='ltr'><strong><em>Deum</em></strong></span> <span class='ocrx_word' id='word_1_522' title='bbox 2408 2481 2664 2550; x_wconf 85' lang='lat' dir='ltr'><strong><em>loquetur,</em></strong></span> <span class='ocrx_word' id='word_1_523' title='bbox 2697 2489 2746 2533; x_wconf 87' lang='lat' dir='ltr'><strong><em>et</em></strong></span> <span class='ocrx_word' id='word_1_524' title='bbox 2775 2489 2977 2534; x_wconf 87' lang='lat' dir='ltr'><strong><em>sanctos</em></strong></span> <span class='ocrx_word' id='word_1_525' title='bbox 3007 2479 3251 2535; x_wconf 89' lang='lat' dir='ltr'><strong><em>altissimi</em></strong></span> <span class='ocrx_word' id='word_1_526' title='bbox 3284 2482 3376 2534; x_wconf 92' lang='lat' dir='ltr'><strong><em>Dei</em></strong></span> <span class='ocrx_word' id='word_1_527' title='bbox 3404 2483 3708 2538; x_wconf 82' lang='lat' dir='ltr'><strong><em>inveterabit</em></strong></span> <span class='ocrx_word' id='word_1_528' title='bbox 3739 2493 3769 2519; x_wconf 69' lang='grc' dir='ltr'><strong><em>τ</em></strong></span> <span class='ocrx_word' id='word_1_529' title='bbox 3801 2526 3816 2549; x_wconf 84' lang='grc'><strong>,</strong></span> 
     </span>
    </p>
   </div>
   <div class='ocr_carea' id='block_1_56' title="bbox 2213 2572 3820 2645">
    <p class='ocr_par' dir='ltr' id='par_1_56' title="bbox 2213 2572 3820 2645">
     <span class='ocr_line' id='line_1_56' title="bbox 2213 2572 3820 2645; baseline 0.002 -18"><span class='ocrx_word' id='word_1_530' title='bbox 2213 2583 2260 2628; x_wconf 89' lang='lat' dir='ltr'><strong><em>et</em></strong></span> <span class='ocrx_word' id='word_1_531' title='bbox 2291 2572 2603 2645; x_wconf 75' lang='lat' dir='ltr'><strong><em>excogitabit</em></strong></span> <span class='ocrx_word' id='word_1_532' title='bbox 2642 2584 2843 2625; x_wconf 89' lang='lat' dir='ltr'><strong><em>mutare</em></strong></span> <span class='ocrx_word' id='word_1_533' title='bbox 2873 2583 3106 2644; x_wconf 89' lang='lat' dir='ltr'><strong><em>tempora</em></strong></span> <span class='ocrx_word' id='word_1_534' title='bbox 3132 2583 3180 2626; x_wconf 89' lang='lat' dir='ltr'><strong><em>et</em></strong></span> <span class='ocrx_word' id='word_1_535' title='bbox 3210 2573 3406 2644; x_wconf 89' lang='lat' dir='ltr'><strong><em>legem,</em></strong></span> <span class='ocrx_word' id='word_1_536' title='bbox 3441 2586 3489 2629; x_wconf 91' lang='lat' dir='ltr'><strong><em>et</em></strong></span> <span class='ocrx_word' id='word_1_537' title='bbox 3517 2575 3730 2629; x_wconf 81' lang='lat' dir='ltr'><strong><em>dabitur</em></strong></span> <span class='ocrx_word' id='word_1_538' title='bbox 3759 2577 3820 2630; x_wconf 81' lang='lat' dir='ltr'><strong><em>in</em></strong></span> 
     </span>
    </p>
   </div>
   <div class='ocr_carea' id='block_1_57' title="bbox 2215 2665 3822 2738">
    <p class='ocr_par' dir='ltr' id='par_1_57' title="bbox 2215 2665 3822 2738">
     <span class='ocr_line' id='line_1_57' title="bbox 2215 2665 3822 2738; baseline 0.002 -19"><span class='ocrx_word' id='word_1_539' title='bbox 2215 2681 2368 2719; x_wconf 90' lang='lat' dir='ltr'><strong><em>manu</em></strong></span> <span class='ocrx_word' id='word_1_540' title='bbox 2410 2668 2524 2738; x_wconf 87' lang='lat' dir='ltr'><strong><em>ejus</em></strong></span> <span class='ocrx_word' id='word_1_541' title='bbox 2566 2681 2726 2736; x_wconf 89' lang='lat' dir='ltr'><strong><em>usque</em></strong></span> <span class='ocrx_word' id='word_1_542' title='bbox 2768 2665 2836 2719; x_wconf 87' lang='lat' dir='ltr'><strong><em>ad</em></strong></span> <span class='ocrx_word' id='word_1_543' title='bbox 2877 2676 3078 2734; x_wconf 87' lang='lat' dir='ltr'><strong><em>tempus</em></strong></span> <span class='ocrx_word' id='word_1_544' title='bbox 3115 2675 3433 2736; x_wconf 87' lang='lat' dir='ltr'><strong><em>temporum,</em></strong></span> <span class='ocrx_word' id='word_1_545' title='bbox 3462 2679 3510 2720; x_wconf 87' lang='lat' dir='ltr'><strong><em>et</em></strong></span> <span class='ocrx_word' id='word_1_546' title='bbox 3538 2669 3822 2722; x_wconf 84' lang='lat' dir='ltr'><strong><em>dimidium</em></strong></span> 
     </span>
    </p>
   </div>
   <div class='ocr_carea' id='block_1_58' title="bbox 2214 2755 3820 2830">
    <p class='ocr_par' dir='ltr' id='par_1_58' title="bbox 2214 2755 3820 2830">
     <span class='ocr_line' id='line_1_58' title="bbox 2214 2755 3820 2830; baseline 0.004 -21"><span class='ocrx_word' id='word_1_547' title='bbox 2214 2758 2458 2826; x_wconf 86' lang='lat' dir='ltr'><strong><em>temporis</em></strong></span> <span class='ocrx_word' id='word_1_548' title='bbox 2483 2773 2501 2822; x_wconf 90' lang='lat'><em>;</em></span> <span class='ocrx_word' id='word_1_549' title='bbox 2529 2768 2576 2810; x_wconf 92' lang='lat' dir='ltr'><strong><em>et</em></strong></span> <span class='ocrx_word' id='word_1_550' title='bbox 2595 2756 2859 2830; x_wconf 80' lang='lat' dir='ltr'><strong><em>judicium</em></strong></span> <span class='ocrx_word' id='word_1_551' title='bbox 2883 2755 3108 2822; x_wconf 89' lang='lat' dir='ltr'><strong><em>sedebit,</em></strong></span> <span class='ocrx_word' id='word_1_552' title='bbox 3138 2767 3185 2811; x_wconf 90' lang='lat' dir='ltr'><strong><em>et</em></strong></span> <span class='ocrx_word' id='word_1_553' title='bbox 3215 2774 3429 2829; x_wconf 88' lang='lat' dir='ltr'><strong><em>regnum</em></strong></span> <span class='ocrx_word' id='word_1_554' title='bbox 3453 2763 3727 2830; x_wconf 76' lang='lat' dir='ltr'><strong><em>transferet</em></strong></span> <span class='ocrx_word' id='word_1_555' title='bbox 3758 2771 3820 2815; x_wconf 82' lang='lat' dir='ltr'><strong><em>ut</em></strong></span> 
     </span>
    </p>
   </div>
   <div class='ocr_carea' id='block_1_59' title="bbox 2214 2836 3821 2922">
    <p class='ocr_par' dir='ltr' id='par_1_59' title="bbox 2214 2836 3821 2922">
     <span class='ocr_line' id='line_1_59' title="bbox 2214 2836 3821 2922; baseline 0 -18"><span class='ocrx_word' id='word_1_556' title='bbox 2214 2851 2516 2904; x_wconf 73' lang='lat' dir='ltr'><strong><em>exterminet</em></strong></span> <span class='ocrx_word' id='word_1_557' title='bbox 2555 2862 2599 2903; x_wconf 92' lang='lat' dir='ltr'><strong><em>et</em></strong></span> <span class='ocrx_word' id='word_1_558' title='bbox 2640 2851 2821 2920; x_wconf 87' lang='lat' dir='ltr'><strong><em>perdat</em></strong></span> <span class='ocrx_word' id='word_1_559' title='bbox 2867 2865 3032 2921; x_wconf 90' lang='lat' dir='ltr'><strong><em>usque</em></strong></span> <span class='ocrx_word' id='word_1_560' title='bbox 3059 2849 3127 2901; x_wconf 89' lang='lat' dir='ltr'><strong><em>ad</em></strong></span> <span class='ocrx_word' id='word_1_561' title='bbox 3177 2836 3374 2920; x_wconf 78' lang='lat' dir='ltr'><strong><em>finem:</em></strong></span> <span class='ocrx_word' id='word_1_562' title='bbox 3405 2859 3454 2906; x_wconf 88' lang='lat' dir='ltr'><strong><em>et</em></strong></span> <span class='ocrx_word' id='word_1_563' title='bbox 3485 2868 3738 2922; x_wconf 86' lang='lat' dir='ltr'><strong><em>regnum,</em></strong></span> <span class='ocrx_word' id='word_1_564' title='bbox 3769 2865 3821 2906; x_wconf 84' lang='lat' dir='ltr'><strong><em>et</em></strong></span> 
     </span>
    </p>
   </div>
   <div class='ocr_carea' id='block_1_60' title="bbox 2215 2944 3825 3014">
    <p class='ocr_par' dir='ltr' id='par_1_60' title="bbox 2215 2944 3825 3014">
     <span class='ocr_line' id='line_1_60' title="bbox 2215 2944 3825 3014; baseline 0.001 -16"><span class='ocrx_word' id='word_1_565' title='bbox 2215 2955 2439 3014; x_wconf 80' lang='lat' dir='ltr'><strong><em>potestas</em></strong></span> <span class='ocrx_word' id='word_1_566' title='bbox 2461 2985 2476 3008; x_wconf 94' lang='lat'><strong><em>,</em></strong></span> <span class='ocrx_word' id='word_1_567' title='bbox 2510 2953 2557 2996; x_wconf 91' lang='lat' dir='ltr'><strong><em>et</em></strong></span> <span class='ocrx_word' id='word_1_568' title='bbox 2587 2944 2886 3014; x_wconf 81' lang='lat' dir='ltr'><strong><em>magnitudo</em></strong></span> <span class='ocrx_word' id='word_1_569' title='bbox 2917 2959 3097 3014; x_wconf 87' lang='lat' dir='ltr'><strong><em>regunt</em></strong></span> <span class='ocrx_word' id='word_1_570' title='bbox 3125 2952 3152 2980; x_wconf 75' lang='grc' dir='ltr'><strong><em>ι</em></strong></span> <span class='ocrx_word' id='word_1_571' title='bbox 3185 2947 3307 2997; x_wconf 87' lang='lat' dir='ltr'><strong><em>data</em></strong></span> <span class='ocrx_word' id='word_1_572' title='bbox 3337 2954 3414 2998; x_wconf 89' lang='lat' dir='ltr'><strong><em>est</em></strong></span> <span class='ocrx_word' id='word_1_573' title='bbox 3445 2948 3636 2999; x_wconf 89' lang='lat' dir='ltr'><strong><em>sanctis</em></strong></span> <span class='ocrx_word' id='word_1_574' title='bbox 3666 2948 3825 3000; x_wconf 80' lang='lat' dir='ltr'><strong><em>altis-</em></strong></span> 
     </span>
    </p>
   </div>
   <div class='ocr_carea' id='block_1_61' title="bbox 2213 3033 3816 3108">
    <p class='ocr_par' dir='ltr' id='par_1_61' title="bbox 2213 3033 3816 3108">
     <span class='ocr_line' id='line_1_61' title="bbox 2213 3033 3816 3108; baseline 0.002 -19"><span class='ocrx_word' id='word_1_575' title='bbox 2213 3037 2333 3090; x_wconf 88' lang='lat' dir='ltr'><strong><em>sinti</em></strong></span> <span class='ocrx_word' id='word_1_576' title='bbox 2371 3033 2467 3088; x_wconf 75' lang='lat' dir='ltr'><strong><em>Dei</em></strong></span> <span class='ocrx_word' id='word_1_577' title='bbox 2493 3077 2508 3099; x_wconf 89' lang='lat'><strong><em>,</em></strong></span> <span class='ocrx_word' id='word_1_578' title='bbox 2548 3045 2595 3090; x_wconf 90' lang='lat' dir='ltr'><strong><em>et</em></strong></span> <span class='ocrx_word' id='word_1_579' title='bbox 2631 3051 2846 3104; x_wconf 82' lang='lat' dir='ltr'><strong><em>regnum</em></strong></span> <span class='ocrx_word' id='word_1_580' title='bbox 2882 3036 2998 3103; x_wconf 82' lang='lat' dir='ltr'><strong><em>ejus</em></strong></span> <span class='ocrx_word' id='word_1_581' title='bbox 3035 3036 3404 3108; x_wconf 86' lang='lat' dir='ltr'><strong><em>sempiternum</em></strong></span> <span class='ocrx_word' id='word_1_582' title='bbox 3431 3077 3448 3103; x_wconf 89' lang='lat'><strong><em>,</em></strong></span> <span class='ocrx_word' id='word_1_583' title='bbox 3481 3049 3527 3091; x_wconf 87' lang='lat' dir='ltr'><strong><em>et</em></strong></span> <span class='ocrx_word' id='word_1_584' title='bbox 3558 3053 3736 3092; x_wconf 80' lang='lat' dir='ltr'><strong><em>omnes</em></strong></span> <span class='ocrx_word' id='word_1_585' title='bbox 3764 3040 3816 3092; x_wconf 88' lang='lat' dir='ltr'><strong><em>ei</em></strong></span> 
     </span>
    </p>
   </div>
   <div class='ocr_carea' id='block_1_62' title="bbox 501 3124 3824 3211">
    <p class='ocr_par' dir='ltr' id='par_1_62' title="bbox 501 3124 3824 3211">
     <span class='ocr_line' id='line_1_62' title="bbox 501 3124 3824 3211; baseline -0 -27"><span class='ocrx_word' id='word_1_586' title='bbox 501 3130 646 3184; x_wconf 88' lang='lat' dir='ltr'><strong><em>niens</em></strong></span> <span class='ocrx_word' id='word_1_587' title='bbox 684 3130 818 3184; x_wconf 84' lang='lat' dir='ltr'><strong><em>uenit</em></strong></span> <span class='ocrx_word' id='word_1_588' title='bbox 861 3145 1020 3199; x_wconf 89' lang='lat' dir='ltr'><strong><em>usque</em></strong></span> <span class='ocrx_word' id='word_1_589' title='bbox 1059 3131 1126 3182; x_wconf 88' lang='lat' dir='ltr'><strong><em>ad</em></strong></span> <span class='ocrx_word' id='word_1_590' title='bbox 1164 3138 1419 3182; x_wconf 85' lang='lat' dir='ltr'><strong><em>vetustum</em></strong></span> <span class='ocrx_word' id='word_1_591' title='bbox 1447 3129 1688 3211; x_wconf 66' lang='lat' dir='ltr'><strong><em>dierum.‘</em></strong></span> <span class='ocrx_word' id='word_1_592' title='bbox 1719 3127 2021 3196; x_wconf 85' lang='lat' dir='ltr'><strong><em>anticipavit</em></strong></span> <span class='ocrx_word' id='word_1_593' title='bbox 2049 3139 2098 3180; x_wconf 90' lang='lat' dir='ltr'><strong><em>et</em></strong></span> <span class='ocrx_word' id='word_1_594' title='bbox 2130 3127 2174 3189; x_wconf 89' lang='lat' dir='ltr'>C</span> <span class='ocrx_word' id='word_1_595' title='bbox 2206 3131 2422 3184; x_wconf 86' lang='lat' dir='ltr'><strong><em>servient</em></strong></span> <span class='ocrx_word' id='word_1_596' title='bbox 2447 3137 2496 3182; x_wconf 86' lang='lat' dir='ltr'><strong><em>et</em></strong></span> <span class='ocrx_word' id='word_1_597' title='bbox 2525 3127 2758 3182; x_wconf 76' lang='lat' dir='ltr'><strong><em>obedient</em></strong></span> <span class='ocrx_word' id='word_1_598' title='bbox 2792 3129 2809 3197; x_wconf 94' lang='lat'>(</span> <span class='ocrx_word' id='word_1_599' title='bbox 2835 3126 2970 3180; x_wconf 91' lang='lat' dir='ltr'><strong><em>Dan.</em></strong></span> <span class='ocrx_word' id='word_1_600' title='bbox 2999 3143 3096 3194; x_wconf 78' lang='lat' dir='ltr'><strong><em>vn,</em></strong></span> <span class='ocrx_word' id='word_1_601' title='bbox 3130 3124 3212 3199; x_wconf 87' lang='lat' dir='ltr'><strong><em>l).</em></strong></span> <span class='ocrx_word' id='word_1_602' title='bbox 3249 3127 3558 3183; x_wconf 66' lang='lat' dir='ltr'><strong><em>Debueram</em></strong></span> <span class='ocrx_word' id='word_1_603' title='bbox 3590 3130 3824 3200; x_wconf 84' lang='lat' dir='ltr'><strong><em>quidem</em></strong></span> 
     </span>
    </p>
   </div>
   <div class='ocr_carea' id='block_1_63' title="bbox 501 3221 2104 3294">
    <p class='ocr_par' dir='ltr' id='par_1_63' title="bbox 501 3221 2104 3294">
     <span class='ocr_line' id='line_1_63' title="bbox 501 3221 2104 3294; baseline -0.002 -14"><span class='ocrx_word' id='word_1_604' title='bbox 501 3224 704 3280; x_wconf 88' lang='lat' dir='ltr'><strong><em>oblatus</em></strong></span> <span class='ocrx_word' id='word_1_605' title='bbox 747 3235 823 3279; x_wconf 90' lang='lat' dir='ltr'><strong><em>est</em></strong></span> <span class='ocrx_word' id='word_1_606' title='bbox 862 3226 951 3279; x_wconf 88' lang='lat' dir='ltr'><strong><em>ei:</em></strong></span> <span class='ocrx_word' id='word_1_607' title='bbox 982 3233 1030 3278; x_wconf 86' lang='lat' dir='ltr'><strong><em>et</em></strong></span> <span class='ocrx_word' id='word_1_608' title='bbox 1060 3225 1240 3278; x_wconf 89' lang='lat' dir='ltr'><strong><em>datum</em></strong></span> <span class='ocrx_word' id='word_1_609' title='bbox 1266 3234 1340 3278; x_wconf 76' lang='lat' dir='ltr'><strong><em>est</em></strong></span> <span class='ocrx_word' id='word_1_610' title='bbox 1367 3225 1414 3278; x_wconf 90' lang='lat' dir='ltr'><strong><em>ei</em></strong></span> <span class='ocrx_word' id='word_1_611' title='bbox 1441 3239 1656 3294; x_wconf 89' lang='lat' dir='ltr'><strong><em>regnum</em></strong></span> <span class='ocrx_word' id='word_1_612' title='bbox 1676 3265 1690 3286; x_wconf 91' lang='lat'><strong><em>,</em></strong></span> <span class='ocrx_word' id='word_1_613' title='bbox 1733 3233 1780 3277; x_wconf 90' lang='lat' dir='ltr'><strong><em>et</em></strong></span> <span class='ocrx_word' id='word_1_614' title='bbox 1820 3221 2010 3288; x_wconf 88' lang='lat' dir='ltr'><strong><em>honor,</em></strong></span> <span class='ocrx_word' id='word_1_615' title='bbox 2057 3232 2104 3277; x_wconf 92' lang='lat' dir='ltr'><strong><em>et</em></strong></span> 
     </span>
    </p>
   </div>
   <div class='ocr_carea' id='block_1_64' title="bbox 494 3315 2104 3388">
    <p class='ocr_par' dir='ltr' id='par_1_64' title="bbox 494 3315 2104 3388">
     <span class='ocr_line' id='line_1_64' title="bbox 494 3315 2104 3388; baseline 0.002 -19"><span class='ocrx_word' id='word_1_616' title='bbox 494 3317 803 3384; x_wconf 88' lang='lat' dir='ltr'><strong><em>imperium,</em></strong></span> <span class='ocrx_word' id='word_1_617' title='bbox 844 3329 893 3370; x_wconf 90' lang='lat' dir='ltr'><strong><em>et</em></strong></span> <span class='ocrx_word' id='word_1_618' title='bbox 932 3333 1106 3372; x_wconf 89' lang='lat' dir='ltr'><strong><em>omnes</em></strong></span> <span class='ocrx_word' id='word_1_619' title='bbox 1145 3318 1325 3388; x_wconf 82' lang='lat' dir='ltr'><strong><em>pOpuli</em></strong></span> <span class='ocrx_word' id='word_1_620' title='bbox 1347 3357 1362 3382; x_wconf 95' lang='lat'><strong><em>,</em></strong></span> <span class='ocrx_word' id='word_1_621' title='bbox 1405 3317 1602 3381; x_wconf 88' lang='lat' dir='ltr'><strong><em>tribus,</em></strong></span> <span class='ocrx_word' id='word_1_622' title='bbox 1635 3315 1833 3387; x_wconf 80' lang='lat' dir='ltr'><strong><em>lingua:</em></strong></span> <span class='ocrx_word' id='word_1_623' title='bbox 1875 3318 2104 3372; x_wconf 84' lang='lat' dir='ltr'><strong><em>serviunt</em></strong></span> 
     </span>
    </p>
   </div>
   <div class='ocr_carea' id='block_1_65' title="bbox 499 3410 2105 3481">
    <p class='ocr_par' dir='ltr' id='par_1_65' title="bbox 499 3410 2105 3481">
     <span class='ocr_line' id='line_1_65' title="bbox 499 3410 2105 3481; baseline -0.001 -19"><span class='ocrx_word' id='word_1_624' title='bbox 499 3417 539 3444; x_wconf 64' lang='grc' dir='ltr'><strong><em>ππ</em></strong></span> <span class='ocrx_word' id='word_1_625' title='bbox 566 3410 633 3475; x_wconf 86' lang='lat' dir='ltr'><strong><em>ei,</em></strong></span> <span class='ocrx_word' id='word_1_626' title='bbox 664 3419 711 3461; x_wconf 90' lang='lat' dir='ltr'><strong><em>et</em></strong></span> <span class='ocrx_word' id='word_1_627' title='bbox 738 3418 964 3476; x_wconf 83' lang='lat' dir='ltr'><strong><em>potestas</em></strong></span> <span class='ocrx_word' id='word_1_628' title='bbox 989 3413 1100 3481; x_wconf 91' lang='lat' dir='ltr'><strong><em>ejus</em></strong></span> <span class='ocrx_word' id='word_1_629' title='bbox 1130 3419 1357 3479; x_wconf 86' lang='lat' dir='ltr'><strong><em>potestas</em></strong></span> <span class='ocrx_word' id='word_1_630' title='bbox 1389 3417 1656 3479; x_wconf 85' lang='lat' dir='ltr'><strong><em>perpetua,</em></strong></span> <span class='ocrx_word' id='word_1_631' title='bbox 1686 3423 1800 3476; x_wconf 75' lang='lat' dir='ltr'><strong><em>qua:</em></strong></span> <span class='ocrx_word' id='word_1_632' title='bbox 1825 3423 2105 3474; x_wconf 70' lang='lat' dir='ltr'><strong><em>numquam</em></strong></span> 
     </span>
    </p>
   </div>
   <div class='ocr_carea' id='block_1_66' title="bbox 495 3500 2099 3571">
    <p class='ocr_par' dir='ltr' id='par_1_66' title="bbox 495 3500 2099 3571">
     <span class='ocr_line' id='line_1_66' title="bbox 495 3500 2099 3571; baseline 0.002 -20"><span class='ocrx_word' id='word_1_633' title='bbox 495 3500 760 3563; x_wconf 76' lang='lat' dir='ltr'><strong><em>transibit,</em></strong></span> <span class='ocrx_word' id='word_1_634' title='bbox 817 3507 868 3553; x_wconf 83' lang='lat' dir='ltr'><strong><em>et</em></strong></span> <span class='ocrx_word' id='word_1_635' title='bbox 907 3500 1178 3566; x_wconf 89' lang='lat' dir='ltr'><strong><em>imperium</em></strong></span> <span class='ocrx_word' id='word_1_636' title='bbox 1231 3501 1344 3564; x_wconf 81' lang='lat' dir='ltr'><strong><em>eius</em></strong></span> <span class='ocrx_word' id='word_1_637' title='bbox 1393 3515 1672 3570; x_wconf 86' lang='lat' dir='ltr'><strong><em>numquam</em></strong></span> <span class='ocrx_word' id='word_1_638' title='bbox 1719 3512 2099 3571; x_wconf 86' lang='lat' dir='ltr'><strong><em>corrumpetur.</em></strong></span> 
     </span>
    </p>
   </div>
   <div class='ocr_carea' id='block_1_67' title="bbox 501 3587 2102 3661">
    <p class='ocr_par' dir='ltr' id='par_1_67' title="bbox 501 3587 2102 3661">
     <span class='ocr_line' id='line_1_67' title="bbox 501 3587 2102 3661; baseline 0 -17"><span class='ocrx_word' id='word_1_639' title='bbox 501 3589 722 3646; x_wconf 83' lang='lat' dir='ltr'><strong><em>Horruit</em></strong></span> <span class='ocrx_word' id='word_1_640' title='bbox 743 3591 959 3661; x_wconf 86' lang='lat' dir='ltr'><strong><em>spiritus</em></strong></span> <span class='ocrx_word' id='word_1_641' title='bbox 986 3608 1127 3647; x_wconf 89' lang='lat' dir='ltr'><strong><em>meus</em></strong></span> <span class='ocrx_word' id='word_1_642' title='bbox 1147 3591 1200 3646; x_wconf 91' lang='lat' dir='ltr'><strong><em>in</em></strong></span> <span class='ocrx_word' id='word_1_643' title='bbox 1223 3590 1402 3646; x_wconf 87' lang='lat' dir='ltr'><strong><em>habitu</em></strong></span> <span class='ocrx_word' id='word_1_644' title='bbox 1422 3607 1556 3660; x_wconf 80' lang='lat' dir='ltr'><strong><em>meo,</em></strong></span> <span class='ocrx_word' id='word_1_645' title='bbox 1582 3602 1629 3645; x_wconf 91' lang='lat' dir='ltr'><strong><em>et</em></strong></span> <span class='ocrx_word' id='word_1_646' title='bbox 1652 3607 1744 3661; x_wconf 87' lang='lat' dir='ltr'><strong><em>ego</em></strong></span> <span class='ocrx_word' id='word_1_647' title='bbox 1767 3587 1958 3646; x_wconf 86' lang='lat' dir='ltr'><strong><em>Daniel</em></strong></span> <span class='ocrx_word' id='word_1_648' title='bbox 1980 3601 2030 3659; x_wconf 86' lang='lat'><strong><em>&quot;,</em></strong></span> <span class='ocrx_word' id='word_1_649' title='bbox 2055 3603 2102 3647; x_wconf 88' lang='lat' dir='ltr'><strong><em>et</em></strong></span> 
     </span>
    </p>
   </div>
   <div class='ocr_carea' id='block_1_68' title="bbox 569 3764 2096 3841">
    <p class='ocr_par' dir='ltr' id='par_1_68' title="bbox 569 3764 2096 3841">
     <span class='ocr_line' id='line_1_68' title="bbox 569 3764 2096 3841; baseline -0.005 -16"><span class='ocrx_word' id='word_1_650' title='bbox 569 3780 596 3808; x_wconf 72' lang='grc' dir='ltr'>α</span> <span class='ocrx_word' id='word_1_651' title='bbox 625 3771 781 3841; x_wconf 81' lang='lat' dir='ltr'><strong><em>Apud</em></strong></span> <span class='ocrx_word' id='word_1_652' title='bbox 811 3769 1062 3826; x_wconf 81' lang='lat' dir='ltr'><strong><em>ettmdem</em></strong></span> <span class='ocrx_word' id='word_1_653' title='bbox 1088 3786 1102 3822; x_wconf 86' lang='lat'><strong>:</strong></span> <span class='ocrx_word' id='word_1_654' title='bbox 1134 3767 1450 3838; x_wconf 82' lang='lat' dir='ltr'><strong><em>Pugnabunt</em></strong></span> <span class='ocrx_word' id='word_1_655' title='bbox 1468 3769 1524 3822; x_wconf 91' lang='lat' dir='ltr'><strong><em>in</em></strong></span> <span class='ocrx_word' id='word_1_656' title='bbox 1551 3765 1684 3819; x_wconf 89' lang='lat' dir='ltr'><strong><em>mari</em></strong></span> <span class='ocrx_word' id='word_1_657' title='bbox 1710 3781 1921 3841; x_wconf 65' lang='lat' dir='ltr'><strong><em>magno.</em></strong></span> <span class='ocrx_word' id='word_1_658' title='bbox 1955 3764 2096 3831; x_wconf 80' lang='lat' dir='ltr'><strong><em>Edit.</em></strong></span> 
     </span>
    </p>
   </div>
   <div class='ocr_carea' id='block_1_69' title="bbox 497 3838 2101 3918">
    <p class='ocr_par' dir='ltr' id='par_1_69' title="bbox 497 3838 2101 3918">
     <span class='ocr_line' id='line_1_69' title="bbox 497 3838 2101 3918; baseline -0.006 -21"><span class='ocrx_word' id='word_1_659' title='bbox 497 3838 837 3918; x_wconf 39' lang='lat' dir='ltr'><strong><em>nostra—cum</em></strong></span> <span class='ocrx_word' id='word_1_660' title='bbox 866 3843 1090 3907; x_wconf 69' lang='lat' dir='ltr'><strong><em>Graeco,</em></strong></span> <span class='ocrx_word' id='word_1_661' title='bbox 1139 3841 1416 3918; x_wconf 78' lang='grc' dir='ltr'><strong><em>προέϐαλον</em></strong></span> <span class='ocrx_word' id='word_1_662' title='bbox 1458 3841 1530 3900; x_wconf 79' lang='grc' dir='ltr'><strong><em>εἰς</em></strong></span> <span class='ocrx_word' id='word_1_663' title='bbox 1572 3844 1664 3898; x_wconf 75' lang='grc' dir='ltr'><strong><em>τὴν</em></strong></span> <span class='ocrx_word' id='word_1_664' title='bbox 1705 3838 1961 3894; x_wconf 81' lang='grc' dir='ltr'><strong><em>Θάλασσαν</em></strong></span> <span class='ocrx_word' id='word_1_665' title='bbox 2011 3842 2101 3895; x_wconf 75' lang='grc' dir='ltr'><strong><em>τὴν</em></strong></span> 
     </span>
    </p>
   </div>
   <div class='ocr_carea' id='block_1_70' title="bbox 537 3917 735 3973">
    <p class='ocr_par' dir='ltr' id='par_1_70' title="bbox 537 3917 735 3973">
     <span class='ocr_line' id='line_1_70' title="bbox 537 3917 735 3973; baseline -0.015 -3"><span class='ocrx_word' id='word_1_666' title='bbox 537 3917 735 3973; x_wconf 68' lang='grc' dir='ltr'><strong><em>τοι-ἀλην.</em></strong></span> 
     </span>
    </p>
   </div>
   <div class='ocr_carea' id='block_1_71' title="bbox 497 3937 2097 4054">
    <p class='ocr_par' dir='ltr' id='par_1_71' title="bbox 497 3937 2097 4054">
     <span class='ocr_line' id='line_1_71' title="bbox 497 3937 2097 4054; baseline -0.005 -15"><span class='ocrx_word' id='word_1_667' title='bbox 497 3937 1058 4054; x_wconf 50' lang='grc' dir='ltr'><strong><em>μείαῖὶῖἷιὶιιξρναηάρε</em></strong></span> <span class='ocrx_word' id='word_1_668' title='bbox 1087 3982 1425 4054; x_wconf 82' lang='lat' dir='ltr'><strong><em>ascendebant</em></strong></span> <span class='ocrx_word' id='word_1_669' title='bbox 1454 3981 1518 4054; x_wconf 83' lang='lat' dir='ltr'><strong><em>de</em></strong></span> <span class='ocrx_word' id='word_1_670' title='bbox 1543 3979 1878 4054; x_wconf 79' lang='lat' dir='ltr'><strong><em>mari;_apnd</em></strong></span> <span class='ocrx_word' id='word_1_671' title='bbox 1910 3978 2097 4054; x_wconf 71' lang='lat' dir='ltr'><strong><em>Saliat.</em></strong></span> 
     </span>
    </p>
   </div>
   <div class='ocr_carea' id='block_1_72' title="bbox 571 4050 2104 4117">
    <p class='ocr_par' dir='ltr' id='par_1_72' title="bbox 571 4050 2104 4117">
     <span class='ocr_line' id='line_1_72' title="bbox 571 4050 2104 4117; baseline -0.005 -11"><span class='ocrx_word' id='word_1_672' title='bbox 571 4067 593 4095; x_wconf 73' lang='grc' dir='ltr'>α</span> <span class='ocrx_word' id='word_1_673' title='bbox 633 4056 813 4106; x_wconf 80' lang='lat' dir='ltr'><strong><em>Prima</em></strong></span> <span class='ocrx_word' id='word_1_674' title='bbox 839 4050 894 4106; x_wconf 74' lang='lat' dir='ltr'><strong><em>ut</em></strong></span> <span class='ocrx_word' id='word_1_675' title='bbox 923 4057 1085 4107; x_wconf 80' lang='lat' dir='ltr'><strong><em>letena</em></strong></span> <span class='ocrx_word' id='word_1_676' title='bbox 1108 4095 1120 4111; x_wconf 86' lang='lat'><strong><em>,</em></strong></span> <span class='ocrx_word' id='word_1_677' title='bbox 1155 4065 1202 4105; x_wconf 90' lang='lat' dir='ltr'><strong><em>et</em></strong></span> <span class='ocrx_word' id='word_1_678' title='bbox 1231 4056 1344 4105; x_wconf 88' lang='lat' dir='ltr'><strong><em>alas</em></strong></span> <span class='ocrx_word' id='word_1_679' title='bbox 1373 4051 1589 4104; x_wconf 84' lang='lat' dir='ltr'><strong><em>habebat</em></strong></span> <span class='ocrx_word' id='word_1_680' title='bbox 1617 4051 1808 4117; x_wconf 76' lang='lat' dir='ltr'><strong><em>aquila:</em></strong></span> <span class='ocrx_word' id='word_1_681' title='bbox 1832 4065 1849 4101; x_wconf 92' lang='lat'><strong><em>:</em></strong></span> <span class='ocrx_word' id='word_1_682' title='bbox 1881 4050 2104 4115; x_wconf 82' lang='lat' dir='ltr'><strong><em>aspicie-</em></strong></span> 
     </span>
    </p>
   </div>
   <div class='ocr_carea' id='block_1_73' title="bbox 499 4121 2102 4192">
    <p class='ocr_par' dir='ltr' id='par_1_73' title="bbox 499 4121 2102 4192">
     <span class='ocr_line' id='line_1_73' title="bbox 499 4121 2102 4192; baseline -0.006 -13"><span class='ocrx_word' id='word_1_683' title='bbox 499 4124 616 4179; x_wconf 86' lang='lat' dir='ltr'><strong><em>bam</em></strong></span> <span class='ocrx_word' id='word_1_684' title='bbox 643 4128 804 4176; x_wconf 87' lang='lat' dir='ltr'><strong><em>donec</em></strong></span> <span class='ocrx_word' id='word_1_685' title='bbox 831 4126 1014 4177; x_wconf 69' lang='lat' dir='ltr'><strong><em>eutalsw</em></strong></span> <span class='ocrx_word' id='word_1_686' title='bbox 1039 4133 1158 4175; x_wconf 89' lang='lat' dir='ltr'><strong><em>sunt</em></strong></span> <span class='ocrx_word' id='word_1_687' title='bbox 1186 4125 1283 4192; x_wconf 84' lang='lat' dir='ltr'><strong><em>alu-</em></strong></span> <span class='ocrx_word' id='word_1_688' title='bbox 1311 4125 1447 4192; x_wconf 89' lang='lat' dir='ltr'><strong><em>ejus.</em></strong></span> <span class='ocrx_word' id='word_1_689' title='bbox 1488 4122 1549 4192; x_wconf 50' lang='lat' dir='ltr'><strong><em>lit</em></strong></span> <span class='ocrx_word' id='word_1_690' title='bbox 1579 4122 1782 4172; x_wconf 87' lang='lat' dir='ltr'><strong><em>sublata</em></strong></span> <span class='ocrx_word' id='word_1_691' title='bbox 1808 4128 1880 4170; x_wconf 87' lang='lat' dir='ltr'><strong><em>est</em></strong></span> <span class='ocrx_word' id='word_1_692' title='bbox 1907 4121 1970 4170; x_wconf 92' lang='lat' dir='ltr'><strong><em>de</em></strong></span> <span class='ocrx_word' id='word_1_693' title='bbox 1999 4127 2102 4170; x_wconf 84' lang='lat' dir='ltr'><strong><em>ter-</em></strong></span> 
     </span>
    </p>
   </div>
   <div class='ocr_carea' id='block_1_74' title="bbox 496 4190 2102 4262">
    <p class='ocr_par' dir='ltr' id='par_1_74' title="bbox 496 4190 2102 4262">
     <span class='ocr_line' id='line_1_74' title="bbox 496 4190 2102 4262; baseline -0.007 -12"><span class='ocrx_word' id='word_1_694' title='bbox 496 4213 557 4250; x_wconf 91' lang='lat' dir='ltr'><strong><em>ra</em></strong></span> <span class='ocrx_word' id='word_1_695' title='bbox 577 4239 590 4258; x_wconf 91' lang='lat'><strong><em>,</em></strong></span> <span class='ocrx_word' id='word_1_696' title='bbox 621 4204 667 4249; x_wconf 87' lang='lat' dir='ltr'><strong><em>et</em></strong></span> <span class='ocrx_word' id='word_1_697' title='bbox 697 4210 854 4259; x_wconf 68' lang='lat' dir='ltr'><strong><em>super</em></strong></span> <span class='ocrx_word' id='word_1_698' title='bbox 883 4197 1032 4262; x_wconf 84' lang='lat' dir='ltr'><strong><em>pedes</em></strong></span> <span class='ocrx_word' id='word_1_699' title='bbox 1060 4194 1207 4253; x_wconf 88' lang='lat' dir='ltr'><strong><em>quasi</em></strong></span> <span class='ocrx_word' id='word_1_700' title='bbox 1233 4190 1385 4243; x_wconf 80' lang='lat' dir='ltr'><strong><em>homo</em></strong></span> <span class='ocrx_word' id='word_1_701' title='bbox 1411 4190 1549 4243; x_wconf 86' lang='lat' dir='ltr'><strong><em>stetit</em></strong></span> <span class='ocrx_word' id='word_1_702' title='bbox 1574 4231 1587 4251; x_wconf 91' lang='lat'><strong><em>,</em></strong></span> <span class='ocrx_word' id='word_1_703' title='bbox 1629 4200 1740 4262; x_wconf 78' lang='lat' dir='ltr'><strong><em>e_Ii_-..</em></strong></span> <span class='ocrx_word' id='word_1_704' title='bbox 1775 4192 1914 4258; x_wconf 85' lang='lat' dir='ltr'><strong><em>apud</em></strong></span> <span class='ocrx_word' id='word_1_705' title='bbox 1946 4204 2102 4262; x_wconf 87' lang='lat' dir='ltr'><strong><em>enm-</em></strong></span> 
     </span>
    </p>
   </div>
   <div class='ocr_carea' id='block_1_75' title="bbox 497 4258 2100 4334">
    <p class='ocr_par' dir='ltr' id='par_1_75' title="bbox 497 4258 2100 4334">
     <span class='ocr_line' id='line_1_75' title="bbox 497 4258 2100 4334; baseline -0.005 -14"><span class='ocrx_word' id='word_1_706' title='bbox 497 4266 623 4321; x_wconf 81' lang='lat' dir='ltr'><strong><em>dem</em></strong></span> <span class='ocrx_word' id='word_1_707' title='bbox 649 4307 664 4327; x_wconf 82' lang='lat'><strong><em>,</em></strong></span> <span class='ocrx_word' id='word_1_708' title='bbox 696 4258 788 4334; x_wconf 76' lang='lat' dir='ltr'><strong><em>qui</em></strong></span> <span class='ocrx_word' id='word_1_709' title='bbox 821 4258 970 4320; x_wconf 64' lang='lat' dir='ltr'><strong><em>recte.</em></strong></span> <span class='ocrx_word' id='word_1_710' title='bbox 1001 4265 1216 4331; x_wconf 80' lang='lat' dir='ltr'><strong><em>supplet</em></strong></span> <span class='ocrx_word' id='word_1_711' title='bbox 1244 4304 1257 4326; x_wconf 90' lang='lat'><strong><em>,</em></strong></span> <span class='ocrx_word' id='word_1_712' title='bbox 1287 4264 1428 4331; x_wconf 79' lang='lat' dir='ltr'><strong><em>quod</em></strong></span> <span class='ocrx_word' id='word_1_713' title='bbox 1460 4264 1614 4334; x_wconf 70' lang='lat' dir='ltr'><strong><em>deest</em></strong></span> <span class='ocrx_word' id='word_1_714' title='bbox 1660 4258 1713 4313; x_wconf 86' lang='lat' dir='ltr'><strong><em>in</em></strong></span> <span class='ocrx_word' id='word_1_715' title='bbox 1748 4270 1934 4334; x_wconf 75' lang='lat' dir='ltr'><strong><em>nostra</em></strong></span> <span class='ocrx_word' id='word_1_716' title='bbox 1966 4261 2100 4313; x_wconf 77' lang='lat' dir='ltr'><strong><em>edit.</em></strong></span> 
     </span>
    </p>
   </div>
   <div class='ocr_carea' id='block_1_76' title="bbox 497 4333 2099 4408">
    <p class='ocr_par' dir='ltr' id='par_1_76' title="bbox 497 4333 2099 4408">
     <span class='ocr_line' id='line_1_76' title="bbox 497 4333 2099 4408; baseline -0.006 -14"><span class='ocrx_word' id='word_1_717' title='bbox 497 4337 602 4394; x_wconf 82' lang='lat' dir='ltr'><strong><em>Sed</em></strong></span> <span class='ocrx_word' id='word_1_718' title='bbox 656 4333 778 4407; x_wconf 79' lang='lat' dir='ltr'><strong><em>post</em></strong></span> <span class='ocrx_word' id='word_1_719' title='bbox 821 4337 990 4400; x_wconf 72' lang='grc' dir='ltr'><strong><em>νὶηηω</em></strong></span> <span class='ocrx_word' id='word_1_720' title='bbox 1029 4337 1143 4408; x_wconf 88' lang='lat' dir='ltr'><strong><em>ejus</em></strong></span> <span class='ocrx_word' id='word_1_721' title='bbox 1178 4334 1465 4408; x_wconf 69' lang='lat' dir='ltr'><strong><em>legendum</em></strong></span> <span class='ocrx_word' id='word_1_722' title='bbox 1509 4333 1902 4408; x_wconf 30' lang='lat' dir='ltr'><strong><em>sicut-aquilae,</em></strong></span> <span class='ocrx_word' id='word_1_723' title='bbox 1945 4342 2004 4384; x_wconf 84' lang='lat' dir='ltr'><strong><em>ut</em></strong></span> <span class='ocrx_word' id='word_1_724' title='bbox 2047 4334 2099 4384; x_wconf 92' lang='lat' dir='ltr'><strong><em>in</em></strong></span> 
     </span>
    </p>
   </div>
   <div class='ocr_carea' id='block_1_77' title="bbox 497 4403 2100 4482">
    <p class='ocr_par' dir='ltr' id='par_1_77' title="bbox 497 4403 2100 4482">
     <span class='ocr_line' id='line_1_77' title="bbox 497 4403 2100 4482; baseline -0.005 -20"><span class='ocrx_word' id='word_1_725' title='bbox 497 4403 692 4482; x_wconf 65' lang='lat' dir='ltr'><strong><em>Graeci)</em></strong></span> <span class='ocrx_word' id='word_1_726' title='bbox 710 4451 722 4468; x_wconf 85' lang='lat'><strong>.</strong></span> <span class='ocrx_word' id='word_1_727' title='bbox 751 4412 836 4464; x_wconf 82' lang='grc' dir='ltr'><strong><em>καὶ</em></strong></span> <span class='ocrx_word' id='word_1_728' title='bbox 865 4403 1316 4482; x_wconf 39' lang='lat' dir='ltr'><strong><em>“repeterem;</em></strong></span> <span class='ocrx_word' id='word_1_729' title='bbox 1348 4407 1522 4466; x_wconf 77' lang='grc' dir='ltr'><strong><em>ἀετοῦ,</em></strong></span> <span class='ocrx_word' id='word_1_730' title='bbox 1540 4412 1598 4458; x_wconf 88' lang='lat' dir='ltr'><strong><em>ut</em></strong></span> <span class='ocrx_word' id='word_1_731' title='bbox 1627 4403 1827 4457; x_wconf 81' lang='lat' dir='ltr'><strong><em>ibidem</em></strong></span> <span class='ocrx_word' id='word_1_732' title='bbox 1859 4413 1981 4472; x_wconf 86' lang='lat' dir='ltr'><strong><em>post</em></strong></span> <span class='ocrx_word' id='word_1_733' title='bbox 2009 4418 2100 4472; x_wconf 88' lang='lat' dir='ltr'><strong><em>pe-</em></strong></span> 
     </span>
    </p>
   </div>
   <div class='ocr_carea' id='block_1_78' title="bbox 499 4479 1434 4554">
    <p class='ocr_par' dir='ltr' id='par_1_78' title="bbox 499 4479 1434 4554">
     <span class='ocr_line' id='line_1_78' title="bbox 499 4479 1434 4554; baseline -0.003 -22"><span class='ocrx_word' id='word_1_734' title='bbox 499 4480 593 4554; x_wconf 74' lang='lat' dir='ltr'><strong><em>des</em></strong></span> <span class='ocrx_word' id='word_1_735' title='bbox 623 4483 818 4554; x_wconf 50' lang='lat' dir='ltr'><strong><em>legitur</em></strong></span> <span class='ocrx_word' id='word_1_736' title='bbox 844 4479 1072 4554; x_wconf 72' lang='lat' dir='ltr'><strong><em>hominis</em></strong></span> <span class='ocrx_word' id='word_1_737' title='bbox 1093 4519 1108 4544; x_wconf 92' lang='lat'><strong><em>,</em></strong></span> <span class='ocrx_word' id='word_1_738' title='bbox 1141 4479 1434 4554; x_wconf 79' lang='grc' dir='ltr'><strong><em>ἀνθρώπου.</em></strong></span> 
     </span>
    </p>
   </div>
   <div class='ocr_carea' id='block_1_79' title="bbox 569 4549 1014 4605">
    <p class='ocr_par' dir='ltr' id='par_1_79' title="bbox 569 4549 1014 4605">
     <span class='ocr_line' id='line_1_79' title="bbox 569 4549 1014 4605; baseline -0.007 0"><span class='ocrx_word' id='word_1_739' title='bbox 569 4549 597 4588; x_wconf 71' lang='grc' dir='ltr'>ἀ</span> <span class='ocrx_word' id='word_1_740' title='bbox 633 4549 804 4605; x_wconf 61' lang='lat' dir='ltr'><strong><em>Ursae.</em></strong></span> <span class='ocrx_word' id='word_1_741' title='bbox 844 4551 1014 4605; x_wconf 76' lang='lat' dir='ltr'><strong><em>\‘atin.</em></strong></span> 
     </span>
    </p>
   </div>
   <div class='ocr_carea' id='block_1_80' title="bbox 577 4617 1965 4675">
    <p class='ocr_par' dir='ltr' id='par_1_80' title="bbox 577 4617 1965 4675">
     <span class='ocr_line' id='line_1_80' title="bbox 577 4617 1965 4675; baseline -0.003 -1"><span class='ocrx_word' id='word_1_742' title='bbox 577 4630 602 4659; x_wconf 77' lang='grc' dir='ltr'><strong>ο</strong></span> <span class='ocrx_word' id='word_1_743' title='bbox 637 4621 700 4674; x_wconf 72' lang='lat' dir='ltr'><strong><em>Et</em></strong></span> <span class='ocrx_word' id='word_1_744' title='bbox 730 4626 784 4674; x_wconf 87' lang='lat' dir='ltr'><strong><em>in</em></strong></span> <span class='ocrx_word' id='word_1_745' title='bbox 808 4625 996 4675; x_wconf 75' lang='lat' dir='ltr'><strong><em>medio.</em></strong></span> <span class='ocrx_word' id='word_1_746' title='bbox 1029 4620 1218 4675; x_wconf 81' lang='lat' dir='ltr'><strong><em>Sabat.</em></strong></span> <span class='ocrx_word' id='word_1_747' title='bbox 1248 4619 1315 4672; x_wconf 89' lang='lat' dir='ltr'><strong><em>Et</em></strong></span> <span class='ocrx_word' id='word_1_748' title='bbox 1350 4633 1480 4672; x_wconf 75' lang='lat' dir='ltr'><strong><em>Vi&#39;I‘O</em></strong></span> <span class='ocrx_word' id='word_1_749' title='bbox 1508 4617 1661 4672; x_wconf 71' lang='lat' dir='ltr'><strong><em>allPSl</em></strong></span> <span class='ocrx_word' id='word_1_750' title='bbox 1693 4631 1720 4667; x_wconf 90' lang='lat' dir='ltr'><strong><em>a</em></strong></span> <span class='ocrx_word' id='word_1_751' title='bbox 1751 4617 1965 4672; x_wconf 63' lang='grc' dir='ltr'><strong><em>ϐιαταὶ.</em></strong></span> 
     </span>
    </p>
   </div>
   <div class='ocr_carea' id='block_1_81' title="bbox 575 4687 2099 4760">
    <p class='ocr_par' dir='ltr' id='par_1_81' title="bbox 575 4687 2099 4760">
     <span class='ocr_line' id='line_1_81' title="bbox 575 4687 2099 4760; baseline -0.002 -18"><span class='ocrx_word' id='word_1_752' title='bbox 575 4687 596 4728; x_wconf 73' lang='grc' dir='ltr'>ί</span> <span class='ocrx_word' id='word_1_753' title='bbox 631 4693 786 4759; x_wconf 77' lang='lat' dir='ltr'><strong><em>Apud</em></strong></span> <span class='ocrx_word' id='word_1_754' title='bbox 820 4696 1008 4746; x_wconf 67' lang='lat' dir='ltr'><strong><em>Subiit.</em></strong></span> <span class='ocrx_word' id='word_1_755' title='bbox 1045 4691 1174 4745; x_wconf 81' lang='lat' dir='ltr'><strong><em>Post</em></strong></span> <span class='ocrx_word' id='word_1_756' title='bbox 1207 4695 1315 4743; x_wconf 74' lang='lat' dir='ltr'><strong><em>hu&#39;c</em></strong></span> <span class='ocrx_word' id='word_1_757' title='bbox 1355 4689 1702 4760; x_wconf 88' lang='lat' dir='ltr'><strong><em>aspiciebant,</em></strong></span> <span class='ocrx_word' id='word_1_758' title='bbox 1749 4698 1795 4740; x_wconf 89' lang='lat' dir='ltr'><strong><em>et</em></strong></span> <span class='ocrx_word' id='word_1_759' title='bbox 1835 4704 1948 4743; x_wconf 86' lang='lat' dir='ltr'><strong><em>ecce</em></strong></span> <span class='ocrx_word' id='word_1_760' title='bbox 1987 4687 2099 4740; x_wconf 76' lang='lat' dir='ltr'><strong><em>bes-</em></strong></span> 
     </span>
    </p>
   </div>
   <div class='ocr_carea' id='block_1_82' title="bbox 501 4762 746 4816">
    <p class='ocr_par' dir='ltr' id='par_1_82' title="bbox 501 4762 746 4816">
     <span class='ocr_line' id='line_1_82' title="bbox 501 4762 746 4816; baseline -0.008 -2"><span class='ocrx_word' id='word_1_761' title='bbox 501 4762 574 4814; x_wconf 90' lang='lat' dir='ltr'><strong><em>tia</em></strong></span> <span class='ocrx_word' id='word_1_762' title='bbox 594 4801 606 4816; x_wconf 93' lang='lat'><strong><em>.</em></strong></span> <span class='ocrx_word' id='word_1_763' title='bbox 639 4767 746 4814; x_wconf 81' lang='lat' dir='ltr'><strong><em>etc.</em></strong></span> 
     </span>
    </p>
   </div>
   <div class='ocr_carea' id='block_1_83' title="bbox 499 4829 2094 4961">
    <p class='ocr_par' dir='ltr' id='par_1_83' title="bbox 499 4829 2094 4961">
     <span class='ocr_line' id='line_1_83' title="bbox 499 4829 2094 4961; baseline -0.001 -78"><span class='ocrx_word' id='word_1_764' title='bbox 499 4903 539 4961; x_wconf 81' lang='lat' dir='ltr'><strong>S</strong></span> <span class='ocrx_word' id='word_1_765' title='bbox 574 4841 599 4957; x_wconf 67' lang='lat' dir='ltr'><strong><em>tl!</em></strong></span> <span class='ocrx_word' id='word_1_766' title='bbox 629 4833 763 4886; x_wconf 75' lang='lat' dir='ltr'><strong><em>Cum</em></strong></span> <span class='ocrx_word' id='word_1_767' title='bbox 792 4829 985 4886; x_wconf 68' lang='lat' dir='ltr'><strong><em>erco</em></strong></span> <span class='ocrx_word' id='word_1_768' title='bbox 1004 4872 1019 4896; x_wconf 98' lang='lat'><strong><em>,</em></strong></span> <span class='ocrx_word' id='word_1_769' title='bbox 1044 4833 1212 4887; x_wconf 79' lang='grc' dir='ltr'><strong>ὀπίσω</strong></span> <span class='ocrx_word' id='word_1_770' title='bbox 1234 4829 1440 4888; x_wconf 79' lang='grc' dir='ltr'>τούτου.</span> <span class='ocrx_word' id='word_1_771' title='bbox 1471 4832 1600 4886; x_wconf 84' lang='lat' dir='ltr'><strong><em>Post</em></strong></span> <span class='ocrx_word' id='word_1_772' title='bbox 1629 4833 1739 4885; x_wconf 75' lang='lat' dir='ltr'><strong><em>hcce</em></strong></span> <span class='ocrx_word' id='word_1_773' title='bbox 1764 4830 2094 4901; x_wconf 88' lang='lat' dir='ltr'><strong><em>aspiciebam.</em></strong></span> 
     </span>
     <span class='ocr_line' id='line_1_84' title="bbox 543 4912 686 4957; baseline -0.014 -1"><span class='ocrx_word' id='word_1_774' title='bbox 543 4923 569 4956; x_wconf 73' lang='grc' dir='ltr'><strong><em>ιι</em></strong></span> <span class='ocrx_word' id='word_1_775' title='bbox 597 4912 686 4957; x_wconf 78' lang='lat' dir='ltr'><strong><em>tat.</em></strong></span> 
     </span>
    </p>
   </div>
   <div class='ocr_carea' id='block_1_84' title="bbox 543 4905 686 4957">
    <p class='ocr_par' dir='ltr' id='par_1_84' title="bbox 543 4905 686 4957">
     <span class='ocr_line' id='line_1_85' title="bbox 543 4905 686 4957; baseline -0.014 -1"><span class='ocrx_word' id='word_1_776' title='bbox 543 4905 686 4957; x_wconf 76' lang='lat' dir='ltr'><strong><em>altat.</em></strong></span> 
     </span>
    </p>
   </div>
   <div class='ocr_carea' id='block_1_85' title="bbox 570 4973 1121 5030">
    <p class='ocr_par' dir='ltr' id='par_1_85' title="bbox 570 4973 1121 5030">
     <span class='ocr_line' id='line_1_86' title="bbox 570 4973 1121 5030; baseline 0 -2"><span class='ocrx_word' id='word_1_777' title='bbox 570 4973 599 5012; x_wconf 73' lang='grc' dir='ltr'><strong><em>ιι</em></strong></span> <span class='ocrx_word' id='word_1_778' title='bbox 629 4973 994 5030; x_wconf 80' lang='lat' dir='ltr'><strong><em>Conculcabat.</em></strong></span> <span class='ocrx_word' id='word_1_779' title='bbox 1045 4973 1121 5028; x_wconf 88' lang='lat' dir='ltr'><strong><em>Id.</em></strong></span> 
     </span>
    </p>
   </div>
   <div class='ocr_carea' id='block_1_86' title="bbox 575 5045 2054 5116">
    <p class='ocr_par' dir='ltr' id='par_1_86' title="bbox 575 5045 2054 5116">
     <span class='ocr_line' id='line_1_87' title="bbox 575 5045 2054 5116; baseline -0.003 -17"><span class='ocrx_word' id='word_1_780' title='bbox 575 5045 591 5084; x_wconf 76' lang='grc' dir='ltr'><strong>ί</strong></span> <span class='ocrx_word' id='word_1_781' title='bbox 626 5045 835 5101; x_wconf 82' lang='lat' dir='ltr'><strong><em>Cornua</em></strong></span> <span class='ocrx_word' id='word_1_782' title='bbox 863 5061 1043 5099; x_wconf 89' lang='lat' dir='ltr'><strong><em>eorum</em></strong></span> <span class='ocrx_word' id='word_1_783' title='bbox 1062 5085 1076 5102; x_wconf 87' lang='lat'><strong><em>.</em></strong></span> <span class='ocrx_word' id='word_1_784' title='bbox 1120 5061 1237 5116; x_wconf 63' lang='lat' dir='ltr'><strong><em>qua?</em></strong></span> <span class='ocrx_word' id='word_1_785' title='bbox 1266 5057 1408 5100; x_wconf 87' lang='lat' dir='ltr'><strong><em>erant</em></strong></span> <span class='ocrx_word' id='word_1_786' title='bbox 1438 5056 1585 5106; x_wconf 48' lang='lat' dir='ltr'><strong><em>ante,</em></strong></span> <span class='ocrx_word' id='word_1_787' title='bbox 1619 5045 1916 5116; x_wconf 86' lang='lat' dir='ltr'><strong><em>eradicata,</em></strong></span> <span class='ocrx_word' id='word_1_788' title='bbox 1948 5053 2054 5098; x_wconf 82' lang='lat' dir='ltr'><strong><em>etc.</em></strong></span> 
     </span>
    </p>
   </div>
   <div class='ocr_carea' id='block_1_87' title="bbox 497 5115 2094 5192">
    <p class='ocr_par' dir='ltr' id='par_1_87' title="bbox 497 5115 2094 5192">
     <span class='ocr_line' id='line_1_88' title="bbox 497 5115 2094 5192; baseline -0.004 -19"><span class='ocrx_word' id='word_1_789' title='bbox 497 5117 581 5192; x_wconf 75' lang='lat' dir='ltr'><strong><em>Id.</em></strong></span> <span class='ocrx_word' id='word_1_790' title='bbox 603 5118 780 5174; x_wconf 60' lang='lat' dir='ltr'><strong><em>Gru&#39;c.</em></strong></span> <span class='ocrx_word' id='word_1_791' title='bbox 804 5115 1312 5192; x_wconf 66' lang='lat' dir='ltr'><strong><em>”EpnpoaOsvain-oii</em></strong></span> <span class='ocrx_word' id='word_1_792' title='bbox 1334 5159 1349 5184; x_wconf 94' lang='lat'><strong><em>,</em></strong></span> <span class='ocrx_word' id='word_1_793' title='bbox 1380 5128 1498 5172; x_wconf 87' lang='lat' dir='ltr'><strong><em>ante</em></strong></span> <span class='ocrx_word' id='word_1_794' title='bbox 1523 5117 1672 5170; x_wconf 83' lang='lat' dir='ltr'><strong><em>illaut</em></strong></span> <span class='ocrx_word' id='word_1_795' title='bbox 1695 5156 1709 5179; x_wconf 92' lang='lat'><strong><em>,</em></strong></span> <span class='ocrx_word' id='word_1_796' title='bbox 1741 5128 1799 5169; x_wconf 88' lang='lat' dir='ltr'><strong><em>ut</em></strong></span> <span class='ocrx_word' id='word_1_797' title='bbox 1827 5115 1878 5168; x_wconf 91' lang='lat' dir='ltr'><strong><em>in</em></strong></span> <span class='ocrx_word' id='word_1_798' title='bbox 1911 5127 2094 5167; x_wconf 81' lang='lat' dir='ltr'><strong><em>nostra</em></strong></span> 
     </span>
    </p>
   </div>
   <div class='ocr_carea' id='block_1_88' title="bbox 498 5189 631 5244">
    <p class='ocr_par' dir='ltr' id='par_1_88' title="bbox 498 5189 631 5244">
     <span class='ocr_line' id='line_1_89' title="bbox 498 5189 631 5244; baseline -0.015 0"><span class='ocrx_word' id='word_1_799' title='bbox 498 5189 631 5244; x_wconf 86' lang='lat' dir='ltr'><strong><em>edit.</em></strong></span> 
     </span>
    </p>
   </div>
   <div class='ocr_carea' id='block_1_89' title="bbox 572 5253 2096 5327">
    <p class='ocr_par' dir='ltr' id='par_1_89' title="bbox 572 5253 2096 5327">
     <span class='ocr_line' id='line_1_90' title="bbox 572 5253 2096 5327; baseline -0.001 -16"><span class='ocrx_word' id='word_1_800' title='bbox 572 5261 586 5311; x_wconf 86' lang='lat' dir='ltr'><strong><em>i</em></strong></span> <span class='ocrx_word' id='word_1_801' title='bbox 622 5261 891 5314; x_wconf 87' lang='lat' dir='ltr'><strong><em>Judicium</em></strong></span> <span class='ocrx_word' id='word_1_802' title='bbox 921 5259 1063 5314; x_wconf 85' lang='lat' dir='ltr'><strong><em>duco</em></strong></span> <span class='ocrx_word' id='word_1_803' title='bbox 1091 5259 1380 5327; x_wconf 81' lang='lat' dir='ltr'><strong><em>scripsisse</em></strong></span> <span class='ocrx_word' id='word_1_804' title='bbox 1421 5257 1733 5312; x_wconf 79' lang='lat' dir='ltr'><strong><em>Luciferum</em></strong></span> <span class='ocrx_word' id='word_1_805' title='bbox 1771 5255 1923 5327; x_wconf 81' lang='lat' dir='ltr'><strong><em>juxta</em></strong></span> <span class='ocrx_word' id='word_1_806' title='bbox 1961 5253 2096 5323; x_wconf 88' lang='lat' dir='ltr'><strong><em>Sep-</em></strong></span> 
     </span>
    </p>
   </div>
   <div class='ocr_carea' id='block_1_90' title="bbox 497 5326 2095 5455">
    <p class='ocr_par' dir='ltr' id='par_1_90' title="bbox 497 5326 2095 5455">
     <span class='ocr_line' id='line_1_91' title="bbox 497 5326 2095 5455; baseline -0.005 -67"><span class='ocrx_word' id='word_1_807' title='bbox 497 5331 768 5455; x_wconf 42' lang='lat' dir='ltr'><strong><em>glauinxt.</em></strong></span> <span class='ocrx_word' id='word_1_808' title='bbox 810 5337 1068 5409; x_wconf 78' lang='grc' dir='ltr'><strong><em>κριτήριον</em></strong></span> <span class='ocrx_word' id='word_1_809' title='bbox 1098 5326 1317 5387; x_wconf 61' lang='lat' dir='ltr'><strong><em>inaratae.</em></strong></span> <span class='ocrx_word' id='word_1_810' title='bbox 1351 5328 1598 5383; x_wconf 77' lang='lat' dir='ltr'><strong><em>Galland.</em></strong></span> <span class='ocrx_word' id='word_1_811' title='bbox 1643 5329 1752 5381; x_wconf 64' lang='lat' dir='ltr'><strong><em>Nos</em></strong></span> <span class='ocrx_word' id='word_1_812' title='bbox 1793 5326 2095 5380; x_wconf 81' lang='lat' dir='ltr'><strong><em>retinemus</em></strong></span> 
     </span>
     <span class='ocr_line' id='line_1_92' title="bbox 545 5413 813 5455; baseline 0 0"><span class='ocrx_word' id='word_1_813' title='bbox 545 5419 635 5455; x_wconf 70' lang='grc' dir='ltr'><strong><em>ρι’ιὶ</em></strong></span> <span class='ocrx_word' id='word_1_814' title='bbox 737 5413 813 5455; x_wconf 87' lang='grc' dir='ltr'>ιιι.</span> 
     </span>
    </p>
   </div>
   <div class='ocr_carea' id='block_1_91' title="bbox 545 5403 813 5458">
    <p class='ocr_par' dir='ltr' id='par_1_91' title="bbox 545 5403 813 5458">
     <span class='ocr_line' id='line_1_93' title="bbox 545 5403 813 5458; baseline -0.004 -1"><span class='ocrx_word' id='word_1_815' title='bbox 545 5419 635 5457; x_wconf 81' lang='lat' dir='ltr'><strong><em>ers</em></strong></span> <span class='ocrx_word' id='word_1_816' title='bbox 685 5403 813 5458; x_wconf 82' lang='grc' dir='ltr'>Αιιι.</span> 
     </span>
    </p>
   </div>
   <div class='ocr_carea' id='block_1_92' title="bbox 568 5467 2092 5550">
    <p class='ocr_par' dir='ltr' id='par_1_92' title="bbox 568 5467 2092 5550">
     <span class='ocr_line' id='line_1_94' title="bbox 568 5467 2092 5550; baseline -0.006 -21"><span class='ocrx_word' id='word_1_817' title='bbox 568 5472 594 5511; x_wconf 76' lang='grc' dir='ltr'>¹ι</span> <span class='ocrx_word' id='word_1_818' title='bbox 625 5473 1026 5550; x_wconf 53' lang='grc' dir='ltr'>ειηιιιιιιεῖεως</span> <span class='ocrx_word' id='word_1_819' title='bbox 1048 5479 1226 5550; x_wconf 77' lang='grc' dir='ltr'><strong><em>και,ροῦ</em></strong></span> <span class='ocrx_word' id='word_1_820' title='bbox 1245 5475 1332 5550; x_wconf 19' lang='grc' dir='ltr'><strong><em>’καὶ</em></strong></span> <span class='ocrx_word' id='word_1_821' title='bbox 1350 5478 1720 5550; x_wconf 50' lang='lat' dir='ltr'><strong><em>mutamusque</em></strong></span> <span class='ocrx_word' id='word_1_822' title='bbox 1741 5467 1808 5521; x_wconf 90' lang='lat' dir='ltr'><strong><em>ad</em></strong></span> <span class='ocrx_word' id='word_1_823' title='bbox 1818 5475 2023 5550; x_wconf 73' lang='lat' dir='ltr'><strong><em>tempus</em></strong></span> <span class='ocrx_word' id='word_1_824' title='bbox 2045 5477 2092 5521; x_wconf 93' lang='lat' dir='ltr'><strong><em>et</em></strong></span> 
     </span>
    </p>
   </div>
   <div class='ocr_carea' id='block_1_93' title="bbox 494 5539 2087 5611">
    <p class='ocr_par' dir='ltr' id='par_1_93' title="bbox 494 5539 2087 5611">
     <span class='ocr_line' id='line_1_95' title="bbox 494 5539 2087 5611; baseline -0.003 -14"><span class='ocrx_word' id='word_1_825' title='bbox 494 5539 716 5611; x_wconf 74' lang='lat' dir='ltr'><strong><em>tentpus.</em></strong></span> <span class='ocrx_word' id='word_1_826' title='bbox 751 5539 1005 5599; x_wconf 49' lang='lat' dir='ltr'><strong><em>Esamcus</em></strong></span> <span class='ocrx_word' id='word_1_827' title='bbox 1035 5539 1364 5611; x_wconf 73' lang='lat' dir='ltr'><strong><em>rep&#39;etitinne</em></strong></span> <span class='ocrx_word' id='word_1_828' title='bbox 1394 5539 1697 5606; x_wconf 55' lang='lat' dir='ltr'><strong><em>plutei-iuta</em></strong></span> <span class='ocrx_word' id='word_1_829' title='bbox 1721 5539 2087 5611; x_wconf 41' lang='lat' dir='ltr'><strong><em>munieritm-</em></strong></span> 
     </span>
    </p>
   </div>
   <div class='ocr_carea' id='block_1_94' title="bbox 492 5609 2084 5671">
    <p class='ocr_par' dir='ltr' id='par_1_94' title="bbox 492 5609 2084 5671">
     <span class='ocr_line' id='line_1_96' title="bbox 492 5609 2084 5671; baseline -0.004 -2"><span class='ocrx_word' id='word_1_830' title='bbox 492 5609 673 5671; x_wconf 81' lang='lat' dir='ltr'><strong><em>curins</em></strong></span> <span class='ocrx_word' id='word_1_831' title='bbox 690 5615 968 5670; x_wconf 76' lang='lat' dir='ltr'><strong><em>librarius.</em></strong></span> <span class='ocrx_word' id='word_1_832' title='bbox 991 5609 1352 5668; x_wconf 76' lang='lat' dir='ltr'><strong><em>Galland.Scd</em></strong></span> <span class='ocrx_word' id='word_1_833' title='bbox 1376 5615 1537 5668; x_wconf 80' lang='lat' dir='ltr'><strong><em>lectio</em></strong></span> <span class='ocrx_word' id='word_1_834' title='bbox 1553 5609 2084 5669; x_wconf 62' lang='lat' dir='ltr'><strong><em>coltmretVersAnt.</em></strong></span> 
     </span>
    </p>
   </div>
   <div class='ocr_carea' id='block_1_95' title="bbox 570 5685 1148 5740">
    <p class='ocr_par' dir='ltr' id='par_1_95' title="bbox 570 5685 1148 5740">
     <span class='ocr_line' id='line_1_97' title="bbox 570 5685 1148 5740; baseline 0 -2"><span class='ocrx_word' id='word_1_835' title='bbox 570 5685 585 5721; x_wconf 75' lang='grc' dir='ltr'><strong><em>ι</em></strong></span> <span class='ocrx_word' id='word_1_836' title='bbox 627 5687 690 5739; x_wconf 88' lang='grc' dir='ltr'><strong><em>1η</em></strong></span> <span class='ocrx_word' id='word_1_837' title='bbox 720 5688 928 5740; x_wconf 66' lang='lat' dir='ltr'><strong><em>visione.</em></strong></span> <span class='ocrx_word' id='word_1_838' title='bbox 958 5685 1148 5738; x_wconf 65' lang='lat' dir='ltr'><strong><em>Satist.</em></strong></span> 
     </span>
    </p>
   </div>
   <div class='ocr_carea' id='block_1_96' title="bbox 565 5751 2084 5824">
    <p class='ocr_par' dir='ltr' id='par_1_96' title="bbox 565 5751 2084 5824">
     <span class='ocr_line' id='line_1_98' title="bbox 565 5751 2084 5824; baseline -0.002 -14"><span class='ocrx_word' id='word_1_839' title='bbox 565 5762 607 5792; x_wconf 69' lang='grc' dir='ltr'>ω</span> <span class='ocrx_word' id='word_1_840' title='bbox 637 5755 894 5810; x_wconf 76' lang='lat' dir='ltr'><strong><em>Servient.</em></strong></span> <span class='ocrx_word' id='word_1_841' title='bbox 950 5753 1031 5811; x_wconf 87' lang='lat' dir='ltr'><strong><em>Id.</em></strong></span> <span class='ocrx_word' id='word_1_842' title='bbox 1084 5761 1140 5810; x_wconf 85' lang='lat' dir='ltr'><strong><em>et</em></strong></span> <span class='ocrx_word' id='word_1_843' title='bbox 1184 5754 1436 5811; x_wconf 85' lang='lat' dir='ltr'><strong><em>Galland.</em></strong></span> <span class='ocrx_word' id='word_1_844' title='bbox 1486 5770 1554 5813; x_wconf 80' lang='lat' dir='ltr'><strong><em>ex</em></strong></span> <span class='ocrx_word' id='word_1_845' title='bbox 1601 5754 1793 5811; x_wconf 59' lang='lat' dir='ltr'><strong><em>Greco</em></strong></span> <span class='ocrx_word' id='word_1_846' title='bbox 1825 5751 2084 5824; x_wconf 74' lang='lat' dir='ltr'><strong><em>Septuag.</em></strong></span> 
     </span>
    </p>
   </div>
   <div class='ocr_carea' id='block_1_97' title="bbox 2208 3219 3826 3290">
    <p class='ocr_par' dir='ltr' id='par_1_97' title="bbox 2208 3219 3826 3290">
     <span class='ocr_line' id='line_1_99' title="bbox 2208 3219 3826 3290; baseline 0 -15"><span class='ocrx_word' id='word_1_847' title='bbox 2208 3231 2418 3275; x_wconf 86' lang='lat' dir='ltr'><strong><em>tantum</em></strong></span> <span class='ocrx_word' id='word_1_848' title='bbox 2449 3219 2596 3273; x_wconf 80' lang='lat' dir='ltr'><strong><em>illam</em></strong></span> <span class='ocrx_word' id='word_1_849' title='bbox 2624 3228 2832 3288; x_wconf 84' lang='lat' dir='ltr'><strong><em>partem</em></strong></span> <span class='ocrx_word' id='word_1_850' title='bbox 2862 3219 3078 3285; x_wconf 82' lang='lat' dir='ltr'><strong><em>indere,</em></strong></span> <span class='ocrx_word' id='word_1_851' title='bbox 3101 3233 3225 3288; x_wconf 72' lang='lat' dir='ltr'><strong><em>qua:</em></strong></span> <span class='ocrx_word' id='word_1_852' title='bbox 3254 3230 3305 3273; x_wconf 87' lang='lat' dir='ltr'><strong><em>te</em></strong></span> <span class='ocrx_word' id='word_1_853' title='bbox 3331 3219 3574 3275; x_wconf 76' lang='lat' dir='ltr'><strong><em>declarat</em></strong></span> <span class='ocrx_word' id='word_1_854' title='bbox 3602 3235 3702 3290; x_wconf 79' lang='lat' dir='ltr'><strong><em>per</em></strong></span> <span class='ocrx_word' id='word_1_855' title='bbox 3724 3236 3826 3275; x_wconf 84' lang='lat' dir='ltr'><strong><em>ac-</em></strong></span> 
     </span>
    </p>
   </div>
   <div class='ocr_carea' id='block_1_98' title="bbox 2209 3311 3827 3378">
    <p class='ocr_par' dir='ltr' id='par_1_98' title="bbox 2209 3311 3827 3378">
     <span class='ocr_line' id='line_1_100' title="bbox 2209 3311 3827 3378; baseline 0 -11"><span class='ocrx_word' id='word_1_856' title='bbox 2209 3320 2294 3367; x_wconf 84' lang='lat' dir='ltr'><strong><em>tus</em></strong></span> <span class='ocrx_word' id='word_1_857' title='bbox 2327 3323 2448 3366; x_wconf 82' lang='lat' dir='ltr'><strong><em>tuos</em></strong></span> <span class='ocrx_word' id='word_1_858' title='bbox 2469 3352 2486 3378; x_wconf 86' lang='lat'><strong><em>,</em></strong></span> <span class='ocrx_word' id='word_1_859' title='bbox 2527 3312 2748 3367; x_wconf 87' lang='lat' dir='ltr'><strong><em>cuinam</em></strong></span> <span class='ocrx_word' id='word_1_860' title='bbox 2777 3312 2854 3367; x_wconf 90' lang='lat' dir='ltr'><strong><em>sis</em></strong></span> <span class='ocrx_word' id='word_1_861' title='bbox 2884 3311 3085 3365; x_wconf 80' lang='lat' dir='ltr'><strong><em>similis</em></strong></span> <span class='ocrx_word' id='word_1_862' title='bbox 3119 3311 3423 3366; x_wconf 74' lang='lat' dir='ltr'><strong><em>bestiarum</em></strong></span> <span class='ocrx_word' id='word_1_863' title='bbox 3456 3328 3471 3366; x_wconf 87' lang='lat'><strong>:</strong></span> <span class='ocrx_word' id='word_1_864' title='bbox 3499 3313 3594 3366; x_wconf 79' lang='lat' dir='ltr'><strong><em>sed</em></strong></span> <span class='ocrx_word' id='word_1_865' title='bbox 3624 3324 3683 3366; x_wconf 91' lang='lat' dir='ltr'><strong><em>ut</em></strong></span> <span class='ocrx_word' id='word_1_866' title='bbox 3713 3315 3827 3367; x_wconf 82' lang='lat' dir='ltr'><strong><em>sci-</em></strong></span> 
     </span>
    </p>
   </div>
   <div class='ocr_carea' id='block_1_99' title="bbox 2209 3403 3820 3474">
    <p class='ocr_par' dir='ltr' id='par_1_99' title="bbox 2209 3403 3820 3474">
     <span class='ocr_line' id='line_1_101' title="bbox 2209 3403 3820 3474; baseline -0.001 -12"><span class='ocrx_word' id='word_1_867' title='bbox 2209 3415 2373 3462; x_wconf 79' lang='lat' dir='ltr'><strong><em>reste</em></strong></span> <span class='ocrx_word' id='word_1_868' title='bbox 2405 3407 2456 3459; x_wconf 92' lang='lat' dir='ltr'><strong><em>in</em></strong></span> <span class='ocrx_word' id='word_1_869' title='bbox 2488 3405 2578 3459; x_wconf 81' lang='lat' dir='ltr'><strong><em>illa</em></strong></span> <span class='ocrx_word' id='word_1_870' title='bbox 2603 3406 2853 3474; x_wconf 76' lang='lat' dir='ltr'><strong><em>gehenna</em></strong></span> <span class='ocrx_word' id='word_1_871' title='bbox 2887 3403 3131 3458; x_wconf 78' lang='lat' dir='ltr'><strong><em>futurum</em></strong></span> <span class='ocrx_word' id='word_1_872' title='bbox 3151 3445 3164 3466; x_wconf 87' lang='lat'><strong><em>,</em></strong></span> <span class='ocrx_word' id='word_1_873' title='bbox 3195 3408 3248 3457; x_wconf 88' lang='lat' dir='ltr'><strong><em>in</em></strong></span> <span class='ocrx_word' id='word_1_874' title='bbox 3277 3420 3386 3474; x_wconf 84' lang='lat' dir='ltr'><strong><em>qua</em></strong></span> <span class='ocrx_word' id='word_1_875' title='bbox 3407 3403 3634 3460; x_wconf 54' lang='lat' dir='ltr'><strong><em>bestiam</em></strong></span> <span class='ocrx_word' id='word_1_876' title='bbox 3663 3405 3820 3460; x_wconf 88' lang='lat' dir='ltr'><strong><em>illam</em></strong></span> 
     </span>
    </p>
   </div>
   <div class='ocr_carea' id='block_1_100' title="bbox 2210 3495 3816 3563">
    <p class='ocr_par' dir='ltr' id='par_1_100' title="bbox 2210 3495 3816 3563">
     <span class='ocr_line' id='line_1_102' title="bbox 2210 3495 3816 3563; baseline -0.001 -11"><span class='ocrx_word' id='word_1_877' title='bbox 2210 3499 2431 3552; x_wconf 83' lang='lat' dir='ltr'><strong><em>missam</em></strong></span> <span class='ocrx_word' id='word_1_878' title='bbox 2456 3495 2628 3552; x_wconf 82' lang='lat' dir='ltr'><strong><em>refert</em></strong></span> <span class='ocrx_word' id='word_1_879' title='bbox 2648 3498 2926 3563; x_wconf 85' lang='lat' dir='ltr'><strong><em>gloriosus</em></strong></span> <span class='ocrx_word' id='word_1_880' title='bbox 2947 3495 3157 3558; x_wconf 86' lang='lat' dir='ltr'><strong><em>Daniel,</em></strong></span> <span class='ocrx_word' id='word_1_881' title='bbox 3179 3495 3282 3549; x_wconf 88' lang='lat' dir='ltr'><strong><em>nisi</em></strong></span> <span class='ocrx_word' id='word_1_882' title='bbox 3307 3509 3359 3551; x_wconf 86' lang='lat' dir='ltr'><strong><em>te</em></strong></span> <span class='ocrx_word' id='word_1_883' title='bbox 3379 3498 3711 3557; x_wconf 80' lang='lat' dir='ltr'><strong><em>correxeris,</em></strong></span> <span class='ocrx_word' id='word_1_884' title='bbox 3731 3507 3816 3562; x_wconf 82' lang='lat' dir='ltr'><strong><em>et,</em></strong></span> 
     </span>
    </p>
   </div>
   <div class='ocr_carea' id='block_1_101' title="bbox 2206 3587 3824 3661">
    <p class='ocr_par' dir='ltr' id='par_1_101' title="bbox 2206 3587 3824 3661">
     <span class='ocr_line' id='line_1_103' title="bbox 2206 3587 3824 3661; baseline 0 -18"><span class='ocrx_word' id='word_1_885' title='bbox 2206 3589 2484 3661; x_wconf 86' lang='lat' dir='ltr'><strong><em>quomodo</em></strong></span> <span class='ocrx_word' id='word_1_886' title='bbox 2523 3605 2660 3660; x_wconf 89' lang='lat' dir='ltr'><strong><em>quos</em></strong></span> <span class='ocrx_word' id='word_1_887' title='bbox 2693 3588 3045 3658; x_wconf 86' lang='lat' dir='ltr'><strong><em>persequeris</em></strong></span> <span class='ocrx_word' id='word_1_888' title='bbox 3084 3587 3139 3643; x_wconf 89' lang='lat' dir='ltr'><strong><em>in</em></strong></span> <span class='ocrx_word' id='word_1_889' title='bbox 3179 3598 3452 3644; x_wconf 74' lang='lat' dir='ltr'><strong><em>aeternum</em></strong></span> <span class='ocrx_word' id='word_1_890' title='bbox 3482 3592 3591 3643; x_wconf 85' lang='lat' dir='ltr'><strong><em>sint</em></strong></span> <span class='ocrx_word' id='word_1_891' title='bbox 3621 3604 3824 3660; x_wconf 80' lang='lat' dir='ltr'><strong><em>regna-</em></strong></span> 
     </span>
    </p>
   </div>
   <div class='ocr_carea' id='block_1_102' title="bbox 2206 3761 2592 3819">
    <p class='ocr_par' dir='ltr' id='par_1_102' title="bbox 2206 3761 2592 3819">
     <span class='ocr_line' id='line_1_104' title="bbox 2206 3761 2592 3819; baseline -0.01 0"><span class='ocrx_word' id='word_1_892' title='bbox 2206 3761 2592 3819; x_wconf 81' lang='grc' dir='ltr'><strong><em>δουλεύσουσιν.</em></strong></span> 
     </span>
    </p>
   </div>
   <div class='ocr_carea' id='block_1_103' title="bbox 2274 3831 3814 3902">
    <p class='ocr_par' dir='ltr' id='par_1_103' title="bbox 2274 3831 3814 3902">
     <span class='ocr_line' id='line_1_105' title="bbox 2274 3831 3814 3902; baseline 0.003 -15"><span class='ocrx_word' id='word_1_893' title='bbox 2274 3843 2302 3870; x_wconf 76' lang='grc' dir='ltr'><strong>η</strong></span> <span class='ocrx_word' id='word_1_894' title='bbox 2339 3835 2521 3887; x_wconf 88' lang='lat' dir='ltr'><strong><em>Daniel</em></strong></span> <span class='ocrx_word' id='word_1_895' title='bbox 2570 3833 2774 3900; x_wconf 72' lang='lat' dir='ltr'><strong><em>territus</em></strong></span> <span class='ocrx_word' id='word_1_896' title='bbox 2813 3849 2930 3886; x_wconf 87' lang='lat' dir='ltr'><strong><em>sum</em></strong></span> <span class='ocrx_word' id='word_1_897' title='bbox 2970 3834 3023 3886; x_wconf 88' lang='lat' dir='ltr'><strong><em>in</em></strong></span> <span class='ocrx_word' id='word_1_898' title='bbox 3071 3835 3166 3887; x_wconf 84' lang='lat' dir='ltr'><strong><em>eis.</em></strong></span> <span class='ocrx_word' id='word_1_899' title='bbox 3211 3831 3400 3890; x_wconf 71' lang='lat' dir='ltr'><strong><em>Saliat.</em></strong></span> <span class='ocrx_word' id='word_1_900' title='bbox 3448 3833 3580 3902; x_wconf 58' lang='lat' dir='ltr'><strong><em>Quae</em></strong></span> <span class='ocrx_word' id='word_1_901' title='bbox 3623 3843 3814 3892; x_wconf 85' lang='lat' dir='ltr'><strong><em>tamen</em></strong></span> 
     </span>
    </p>
   </div>
   <div class='ocr_carea' id='block_1_104' title="bbox 2205 3904 3377 3976">
    <p class='ocr_par' dir='ltr' id='par_1_104' title="bbox 2205 3904 3377 3976">
     <span class='ocr_line' id='line_1_106' title="bbox 2205 3904 3377 3976; baseline -0.006 -17"><span class='ocrx_word' id='word_1_902' title='bbox 2205 3915 2405 3976; x_wconf 79' lang='lat' dir='ltr'><strong><em>pra-ter</em></strong></span> <span class='ocrx_word' id='word_1_903' title='bbox 2440 3904 2623 3957; x_wconf 85' lang='lat' dir='ltr'><strong><em>Daniel</em></strong></span> <span class='ocrx_word' id='word_1_904' title='bbox 2653 3913 2852 3957; x_wconf 78' lang='lat' dir='ltr'><strong><em>desunt</em></strong></span> <span class='ocrx_word' id='word_1_905' title='bbox 2879 3906 3046 3957; x_wconf 86' lang='lat' dir='ltr'><strong><em>etiam</em></strong></span> <span class='ocrx_word' id='word_1_906' title='bbox 3079 3909 3131 3959; x_wconf 86' lang='lat' dir='ltr'><strong><em>in</em></strong></span> <span class='ocrx_word' id='word_1_907' title='bbox 3159 3904 3377 3961; x_wconf 69' lang='lat' dir='ltr'><strong><em>Grircn.</em></strong></span> 
     </span>
    </p>
   </div>
   <div class='ocr_carea' id='block_1_105' title="bbox 2278 3977 3815 4048">
    <p class='ocr_par' dir='ltr' id='par_1_105' title="bbox 2278 3977 3815 4048">
     <span class='ocr_line' id='line_1_107' title="bbox 2278 3977 3815 4048; baseline 0.002 -21"><span class='ocrx_word' id='word_1_908' title='bbox 2278 3984 2302 4048; x_wconf 61' lang='grc' dir='ltr'><strong><em>ξ’</em></strong></span> <span class='ocrx_word' id='word_1_909' title='bbox 2338 3977 2574 4048; x_wconf 77' lang='lat' dir='ltr'><strong><em>Quatuor</em></strong></span> <span class='ocrx_word' id='word_1_910' title='bbox 2611 3983 2729 4048; x_wconf 84' lang='lat' dir='ltr'><strong><em>sunt</em></strong></span> <span class='ocrx_word' id='word_1_911' title='bbox 2771 3990 2930 4048; x_wconf 43' lang='lat' dir='ltr'><strong><em>reuna</em></strong></span> <span class='ocrx_word' id='word_1_912' title='bbox 2967 3990 3084 4044; x_wconf 71' lang='lat' dir='ltr'><strong><em>(pta:</em></strong></span> <span class='ocrx_word' id='word_1_913' title='bbox 3122 3988 3329 4042; x_wconf 75' lang='lat' dir='ltr'><strong><em>surgent</em></strong></span> <span class='ocrx_word' id='word_1_914' title='bbox 3375 3980 3427 4030; x_wconf 90' lang='lat' dir='ltr'><strong><em>in</em></strong></span> <span class='ocrx_word' id='word_1_915' title='bbox 3459 3986 3634 4043; x_wconf 84' lang='lat' dir='ltr'><strong><em>terra;</em></strong></span> <span class='ocrx_word' id='word_1_916' title='bbox 3665 3979 3815 4048; x_wconf 85' lang='lat' dir='ltr'><strong><em>apud</em></strong></span> 
     </span>
    </p>
   </div>
   <div class='ocr_carea' id='block_1_106' title="bbox 2207 4045 3814 4106">
    <p class='ocr_par' dir='ltr' id='par_1_106' title="bbox 2207 4045 3814 4106">
     <span class='ocr_line' id='line_1_108' title="bbox 2207 4045 3814 4106; baseline 0.003 -7"><span class='ocrx_word' id='word_1_917' title='bbox 2207 4046 2394 4100; x_wconf 83' lang='lat' dir='ltr'><strong><em>Sabat.</em></strong></span> <span class='ocrx_word' id='word_1_918' title='bbox 2429 4046 2607 4098; x_wconf 65' lang='lat' dir='ltr'><strong><em>Graec.</em></strong></span> <span class='ocrx_word' id='word_1_919' title='bbox 2642 4045 2772 4098; x_wconf 74' lang='lat' dir='ltr'><strong><em>edit.</em></strong></span> <span class='ocrx_word' id='word_1_920' title='bbox 2807 4047 2964 4098; x_wconf 77' lang='lat' dir='ltr'><strong><em>Boni.</em></strong></span> <span class='ocrx_word' id='word_1_921' title='bbox 2994 4052 3270 4101; x_wconf 77' lang='lat' dir='ltr'><strong><em>consentit</em></strong></span> <span class='ocrx_word' id='word_1_922' title='bbox 3299 4065 3423 4102; x_wconf 88' lang='lat' dir='ltr'><strong><em>cum</em></strong></span> <span class='ocrx_word' id='word_1_923' title='bbox 3459 4062 3640 4102; x_wconf 73' lang='lat' dir='ltr'><strong><em>&quot;051m</em></strong></span> <span class='ocrx_word' id='word_1_924' title='bbox 3673 4045 3814 4106; x_wconf 77' lang='lat' dir='ltr'><strong><em>edit.</em></strong></span> 
     </span>
    </p>
   </div>
   <div class='ocr_carea' id='block_1_107' title="bbox 2209 4115 3813 4190">
    <p class='ocr_par' dir='ltr' id='par_1_107' title="bbox 2209 4115 3813 4190">
     <span class='ocr_line' id='line_1_109' title="bbox 2209 4115 3813 4190; baseline 0.002 -19"><span class='ocrx_word' id='word_1_925' title='bbox 2209 4115 2526 4171; x_wconf 67' lang='lat' dir='ltr'><strong><em>Gallatnlius</em></strong></span> <span class='ocrx_word' id='word_1_926' title='bbox 2557 4132 2624 4170; x_wconf 82' lang='lat' dir='ltr'><strong><em>ex</em></strong></span> <span class='ocrx_word' id='word_1_927' title='bbox 2655 4116 3002 4190; x_wconf 68' lang='lat' dir='ltr'><strong><em>Septuaginta</em></strong></span> <span class='ocrx_word' id='word_1_928' title='bbox 3037 4119 3167 4188; x_wconf 71' lang='lat' dir='ltr'><strong><em>legit</em></strong></span> <span class='ocrx_word' id='word_1_929' title='bbox 3195 4129 3420 4188; x_wconf 88' lang='lat' dir='ltr'><strong><em>quatuor</em></strong></span> <span class='ocrx_word' id='word_1_930' title='bbox 3449 4136 3606 4190; x_wconf 78' lang='lat' dir='ltr'><strong><em>regna</em></strong></span> <span class='ocrx_word' id='word_1_931' title='bbox 3628 4160 3641 4172; x_wconf 92' lang='lat'><strong><em>.</em></strong></span> <span class='ocrx_word' id='word_1_932' title='bbox 3669 4161 3684 4174; x_wconf 93' lang='lat'><strong><em>.</em></strong></span> <span class='ocrx_word' id='word_1_933' title='bbox 3711 4161 3725 4173; x_wconf 96' lang='lat'><strong><em>.</em></strong></span> <span class='ocrx_word' id='word_1_934' title='bbox 3752 4161 3765 4174; x_wconf 94' lang='lat'><strong><em>.</em></strong></span> <span class='ocrx_word' id='word_1_935' title='bbox 3799 4161 3813 4174; x_wconf 96' lang='lat'><strong><em>.</em></strong></span> 
     </span>
    </p>
   </div>
   <div class='ocr_carea' id='block_1_108' title="bbox 2209 4189 2922 4258">
    <p class='ocr_par' dir='ltr' id='par_1_108' title="bbox 2209 4189 2922 4258">
     <span class='ocr_line' id='line_1_110' title="bbox 2209 4189 2922 4258; baseline -0.001 -19"><span class='ocrx_word' id='word_1_936' title='bbox 2209 4203 2324 4258; x_wconf 75' lang='lat' dir='ltr'><strong><em>qua:</em></strong></span> <span class='ocrx_word' id='word_1_937' title='bbox 2352 4191 2653 4258; x_wconf 77' lang='lat' dir='ltr'><strong><em>auferentur</em></strong></span> <span class='ocrx_word' id='word_1_938' title='bbox 2684 4189 2736 4240; x_wconf 91' lang='lat' dir='ltr'><strong><em>in</em></strong></span> <span class='ocrx_word' id='word_1_939' title='bbox 2767 4197 2922 4242; x_wconf 87' lang='lat' dir='ltr'><strong><em>terra.</em></strong></span> 
     </span>
    </p>
   </div>
   <div class='ocr_carea' id='block_1_109' title="bbox 2280 4256 3816 4328">
    <p class='ocr_par' dir='ltr' id='par_1_109' title="bbox 2280 4256 3816 4328">
     <span class='ocr_line' id='line_1_111' title="bbox 2280 4256 3816 4328; baseline 0.003 -15"><span class='ocrx_word' id='word_1_940' title='bbox 2280 4270 2306 4308; x_wconf 77' lang='grc' dir='ltr'><strong>Ρ</strong></span> <span class='ocrx_word' id='word_1_941' title='bbox 2337 4256 2473 4321; x_wconf 86' lang='lat' dir='ltr'><strong><em>Dei,</em></strong></span> <span class='ocrx_word' id='word_1_942' title='bbox 2508 4259 2595 4312; x_wconf 83' lang='lat' dir='ltr'><strong><em>hic</em></strong></span> <span class='ocrx_word' id='word_1_943' title='bbox 2625 4268 2680 4312; x_wconf 85' lang='lat' dir='ltr'><strong><em>ct</em></strong></span> <span class='ocrx_word' id='word_1_944' title='bbox 2712 4261 2891 4328; x_wconf 74' lang='lat' dir='ltr'><strong><em>paullo</em></strong></span> <span class='ocrx_word' id='word_1_945' title='bbox 2921 4257 3150 4314; x_wconf 62' lang='lat' dir='ltr'><strong><em>inferius</em></strong></span> <span class='ocrx_word' id='word_1_946' title='bbox 3181 4262 3518 4317; x_wconf 71' lang='lat' dir='ltr'><strong><em>demendum</em></strong></span> <span class='ocrx_word' id='word_1_947' title='bbox 3561 4271 3816 4318; x_wconf 83' lang='lat' dir='ltr'><strong><em>autumat</em></strong></span> 
     </span>
    </p>
   </div>
   <div class='ocr_carea' id='block_1_110' title="bbox 2211 4329 3814 4405">
    <p class='ocr_par' dir='ltr' id='par_1_110' title="bbox 2211 4329 3814 4405">
     <span class='ocr_line' id='line_1_112' title="bbox 2211 4329 3814 4405; baseline 0.004 -21"><span class='ocrx_word' id='word_1_948' title='bbox 2211 4329 2383 4384; x_wconf 85' lang='lat' dir='ltr'><strong><em>Latin.</em></strong></span> <span class='ocrx_word' id='word_1_949' title='bbox 2421 4332 2566 4384; x_wconf 76' lang='lat' dir='ltr'><strong><em>tmlla</em></strong></span> <span class='ocrx_word' id='word_1_950' title='bbox 2606 4339 2792 4405; x_wconf 73' lang='lat' dir='ltr'><strong><em>tamen</em></strong></span> <span class='ocrx_word' id='word_1_951' title='bbox 2832 4346 3025 4385; x_wconf 88' lang='lat' dir='ltr'><strong><em>caussa</em></strong></span> <span class='ocrx_word' id='word_1_952' title='bbox 3051 4371 3064 4395; x_wconf 94' lang='lat'><strong><em>,</em></strong></span> <span class='ocrx_word' id='word_1_953' title='bbox 3097 4347 3221 4388; x_wconf 83' lang='lat' dir='ltr'><strong><em>cum</em></strong></span> <span class='ocrx_word' id='word_1_954' title='bbox 3255 4337 3464 4405; x_wconf 77' lang='lat' dir='ltr'><strong><em>legatur</em></strong></span> <span class='ocrx_word' id='word_1_955' title='bbox 3494 4335 3547 4388; x_wconf 91' lang='lat' dir='ltr'><strong><em>in</em></strong></span> <span class='ocrx_word' id='word_1_956' title='bbox 3578 4332 3774 4390; x_wconf 67' lang='lat' dir='ltr'><strong><em>Graeco</em></strong></span> <span class='ocrx_word' id='word_1_957' title='bbox 3797 4376 3814 4399; x_wconf 88' lang='lat'><strong><em>,</em></strong></span> 
     </span>
    </p>
   </div>
   <div class='ocr_carea' id='block_1_111' title="bbox 2209 4403 2820 4472">
    <p class='ocr_par' dir='ltr' id='par_1_111' title="bbox 2209 4403 2820 4472">
     <span class='ocr_line' id='line_1_113' title="bbox 2209 4403 2820 4472; baseline -0.002 -16"><span class='ocrx_word' id='word_1_958' title='bbox 2209 4403 2656 4472; x_wconf 54' lang='lat' dir='ltr'><strong><em>pra-Ierqnanrin</em></strong></span> <span class='ocrx_word' id='word_1_959' title='bbox 2693 4403 2820 4455; x_wconf 76' lang='lat' dir='ltr'><strong><em>line.</em></strong></span> 
     </span>
    </p>
   </div>
   <div class='ocr_carea' id='block_1_112' title="bbox 2281 4469 3810 4599">
    <p class='ocr_par' dir='ltr' id='par_1_112' title="bbox 2281 4469 3810 4599">
     <span class='ocr_line' id='line_1_114' title="bbox 2281 4469 3810 4599; baseline 0.006 -77"><span class='ocrx_word' id='word_1_960' title='bbox 2281 4483 2307 4522; x_wconf 74' lang='grc' dir='ltr'>τι</span> <span class='ocrx_word' id='word_1_961' title='bbox 2336 4473 2524 4599; x_wconf 55' lang='lat' dir='ltr'><strong><em>sanat.</em></strong></span> <span class='ocrx_word' id='word_1_962' title='bbox 2559 4469 2747 4526; x_wconf 85' lang='lat' dir='ltr'><strong><em>Dentes</em></strong></span> <span class='ocrx_word' id='word_1_963' title='bbox 2772 4483 2818 4526; x_wconf 88' lang='lat' dir='ltr'><strong><em>et</em></strong></span> <span class='ocrx_word' id='word_1_964' title='bbox 2843 4488 3040 4544; x_wconf 89' lang='lat' dir='ltr'><strong><em>ungues</em></strong></span> <span class='ocrx_word' id='word_1_965' title='bbox 3067 4477 3180 4546; x_wconf 89' lang='lat' dir='ltr'><strong><em>ejus</em></strong></span> <span class='ocrx_word' id='word_1_966' title='bbox 3226 4477 3382 4547; x_wconf 77' lang='lat' dir='ltr'><strong><em>ferrei</em></strong></span> <span class='ocrx_word' id='word_1_967' title='bbox 3405 4493 3421 4543; x_wconf 85' lang='lat'><strong><em>;</em></strong></span> <span class='ocrx_word' id='word_1_968' title='bbox 3453 4488 3638 4532; x_wconf 86' lang='lat' dir='ltr'><strong><em>nostra</em></strong></span> <span class='ocrx_word' id='word_1_969' title='bbox 3667 4477 3810 4533; x_wconf 83' lang='lat' dir='ltr'><strong><em>edit.</em></strong></span> 
     </span>
     <span class='ocr_line' id='line_1_115' title="bbox 2281 4558 3002 4597; baseline -0.006 0"><span class='ocrx_word' id='word_1_970' title='bbox 2281 4563 2327 4597; x_wconf 90' lang='grc' dir='ltr'><strong><em>ιιι</em></strong></span> <span class='ocrx_word' id='word_1_971' title='bbox 2412 4558 2573 4596; x_wconf 70' lang='grc' dir='ltr'><strong><em>νει-οι).</em></strong></span> <span class='ocrx_word' id='word_1_972' title='bbox 2993 4586 3002 4593; x_wconf 89' lang='grc'><strong>.</strong></span> 
     </span>
    </p>
   </div>
   <div class='ocr_carea' id='block_1_113' title="bbox 2207 4558 3002 4598">
    <p class='ocr_par' dir='ltr' id='par_1_113' title="bbox 2207 4558 3002 4598">
     <span class='ocr_line' id='line_1_116' title="bbox 2207 4558 3002 4598; baseline -0.006 0"><span class='ocrx_word' id='word_1_973' title='bbox 2207 4561 2327 4598; x_wconf 71' lang='grc' dir='ltr'>ςιιιιι</span> <span class='ocrx_word' id='word_1_974' title='bbox 2359 4558 2573 4598; x_wconf 64' lang='lat' dir='ltr'><strong><em>Urit-co.</em></strong></span> <span class='ocrx_word' id='word_1_975' title='bbox 2993 4586 3002 4593; x_wconf 90' lang='lat'><strong><em>.</em></strong></span> 
     </span>
    </p>
   </div>
   <div class='ocr_carea' id='block_1_114' title="bbox 2281 4613 3697 4682">
    <p class='ocr_par' dir='ltr' id='par_1_114' title="bbox 2281 4613 3697 4682">
     <span class='ocr_line' id='line_1_117' title="bbox 2281 4613 3697 4682; baseline 0.001 -13"><span class='ocrx_word' id='word_1_976' title='bbox 2281 4625 2301 4651; x_wconf 71' lang='grc' dir='ltr'><em>τ</em></span> <span class='ocrx_word' id='word_1_977' title='bbox 2335 4617 2423 4669; x_wconf 78' lang='lat' dir='ltr'><strong><em>Sic</em></strong></span> <span class='ocrx_word' id='word_1_978' title='bbox 2453 4614 2788 4682; x_wconf 64' lang='lat' dir='ltr'><strong><em>interpungit</em></strong></span> <span class='ocrx_word' id='word_1_979' title='bbox 2816 4613 2946 4670; x_wconf 62' lang='lat' dir='ltr'><strong><em>Sal).</em></strong></span> <span class='ocrx_word' id='word_1_980' title='bbox 2977 4617 3206 4670; x_wconf 71' lang='lat' dir='ltr'><strong><em>l&#39;teteris.</em></strong></span> <span class='ocrx_word' id='word_1_981' title='bbox 3249 4617 3556 4681; x_wconf 89' lang='lat' dir='ltr'><strong><em>Videbatur,</em></strong></span> <span class='ocrx_word' id='word_1_982' title='bbox 3587 4628 3697 4673; x_wconf 75' lang='lat' dir='ltr'><strong><em>etc.</em></strong></span> 
     </span>
    </p>
   </div>
   <div class='ocr_carea' id='block_1_115' title="bbox 2280 4684 3804 4756">
    <p class='ocr_par' dir='ltr' id='par_1_115' title="bbox 2280 4684 3804 4756">
     <span class='ocr_line' id='line_1_118' title="bbox 2280 4684 3804 4756; baseline 0.004 -18"><span class='ocrx_word' id='word_1_983' title='bbox 2280 4692 2301 4718; x_wconf 79' lang='grc'>⁸</span> <span class='ocrx_word' id='word_1_984' title='bbox 2339 4684 2413 4738; x_wconf 87' lang='lat' dir='ltr'><strong><em>lta</em></strong></span> <span class='ocrx_word' id='word_1_985' title='bbox 2435 4694 2490 4737; x_wconf 87' lang='lat' dir='ltr'><strong><em>et</em></strong></span> <span class='ocrx_word' id='word_1_986' title='bbox 2517 4688 2656 4738; x_wconf 86' lang='lat' dir='ltr'><strong><em>Iren.</em></strong></span> <span class='ocrx_word' id='word_1_987' title='bbox 2685 4685 2781 4738; x_wconf 72' lang='lat' dir='ltr'><strong><em>lili.</em></strong></span> <span class='ocrx_word' id='word_1_988' title='bbox 2811 4700 2866 4747; x_wconf 88' lang='lat' dir='ltr'><strong><em>v,</em></strong></span> <span class='ocrx_word' id='word_1_989' title='bbox 2891 4700 2942 4738; x_wconf 90' lang='lat' dir='ltr'><strong><em>c.</em></strong></span> <span class='ocrx_word' id='word_1_990' title='bbox 2966 4685 3056 4741; x_wconf 71' lang='grc'><strong><em>25.</em></strong></span> <span class='ocrx_word' id='word_1_991' title='bbox 3085 4686 3406 4742; x_wconf 79' lang='lat' dir='ltr'><strong><em>Prtevalebat</em></strong></span> <span class='ocrx_word' id='word_1_992' title='bbox 3434 4691 3577 4756; x_wconf 81' lang='lat' dir='ltr'><strong><em>apud</em></strong></span> <span class='ocrx_word' id='word_1_993' title='bbox 3611 4690 3804 4744; x_wconf 72' lang='lat' dir='ltr'><strong><em>Subiit.</em></strong></span> 
     </span>
    </p>
   </div>
   <div class='ocr_carea' id='block_1_116' title="bbox 2285 4756 3812 4828">
    <p class='ocr_par' dir='ltr' id='par_1_116' title="bbox 2285 4756 3812 4828">
     <span class='ocr_line' id='line_1_119' title="bbox 2285 4756 3812 4828; baseline 0.002 -18"><span class='ocrx_word' id='word_1_994' title='bbox 2285 4757 2301 4791; x_wconf 69' lang='grc' dir='ltr'>ί</span> <span class='ocrx_word' id='word_1_995' title='bbox 2338 4756 2511 4828; x_wconf 68' lang='lat' dir='ltr'><strong><em>super</em></strong></span> <span class='ocrx_word' id='word_1_996' title='bbox 2529 4756 2892 4828; x_wconf 37' lang='grc' dir='ltr'><strong><em>Δοηιιιὶιιῌνεθηα</em></strong></span> <span class='ocrx_word' id='word_1_997' title='bbox 2910 4795 2925 4816; x_wconf 87' lang='grc'><em>,</em></span> <span class='ocrx_word' id='word_1_998' title='bbox 2949 4767 3004 4808; x_wconf 74' lang='lat' dir='ltr'><strong><em>et</em></strong></span> <span class='ocrx_word' id='word_1_999' title='bbox 3029 4761 3284 4814; x_wconf 86' lang='lat' dir='ltr'><strong><em>concidet.</em></strong></span> <span class='ocrx_word' id='word_1_1000' title='bbox 3311 4758 3504 4813; x_wconf 85' lang='lat' dir='ltr'><strong><em>Decem</em></strong></span> <span class='ocrx_word' id='word_1_1001' title='bbox 3523 4801 3537 4824; x_wconf 85' lang='lat'><strong><em>,</em></strong></span> <span class='ocrx_word' id='word_1_1002' title='bbox 3567 4774 3671 4812; x_wconf 75' lang='lat' dir='ltr'><strong><em>nte.</em></strong></span> <span class='ocrx_word' id='word_1_1003' title='bbox 3707 4761 3812 4818; x_wconf 81' lang='lat' dir='ltr'><strong><em>Sa-</em></strong></span> 
     </span>
    </p>
   </div>
   <div class='ocr_carea' id='block_1_117' title="bbox 2206 4825 3802 4902">
    <p class='ocr_par' dir='ltr' id='par_1_117' title="bbox 2206 4825 3802 4902">
     <span class='ocr_line' id='line_1_120' title="bbox 2206 4825 3802 4902; baseline 0.004 -24"><span class='ocrx_word' id='word_1_1004' title='bbox 2206 4828 2317 4902; x_wconf 74' lang='lat' dir='ltr'><strong><em>liat.</em></strong></span> <span class='ocrx_word' id='word_1_1005' title='bbox 2377 4825 2644 4881; x_wconf 87' lang='lat' dir='ltr'><strong><em>Concidet.</em></strong></span> <span class='ocrx_word' id='word_1_1006' title='bbox 2693 4825 2999 4902; x_wconf 37' lang='grc' dir='ltr'><strong><em>Ει-ἰιᾳειεηι⁵</em></strong></span> <span class='ocrx_word' id='word_1_1007' title='bbox 3023 4845 3215 4882; x_wconf 86' lang='lat' dir='ltr'><strong><em>cornua</em></strong></span> <span class='ocrx_word' id='word_1_1008' title='bbox 3255 4834 3365 4902; x_wconf 82' lang='lat' dir='ltr'><strong><em>ejus</em></strong></span> <span class='ocrx_word' id='word_1_1009' title='bbox 3412 4847 3558 4899; x_wconf 83' lang='lat' dir='ltr'><strong><em>reges</em></strong></span> <span class='ocrx_word' id='word_1_1010' title='bbox 3604 4833 3802 4886; x_wconf 87' lang='lat' dir='ltr'><strong><em>decem.</em></strong></span> 
     </span>
    </p>
   </div>
   <div class='ocr_carea' id='block_1_118' title="bbox 2204 4897 3808 4971">
    <p class='ocr_par' dir='ltr' id='par_1_118' title="bbox 2204 4897 3808 4971">
     <span class='ocr_line' id='line_1_121' title="bbox 2204 4897 3808 4971; baseline 0.002 -17"><span class='ocrx_word' id='word_1_1011' title='bbox 2204 4900 2383 4954; x_wconf 77' lang='lat' dir='ltr'><strong><em>Latin.</em></strong></span> <span class='ocrx_word' id='word_1_1012' title='bbox 2415 4902 2480 4971; x_wconf 79' lang='lat' dir='ltr'><strong><em>ad</em></strong></span> <span class='ocrx_word' id='word_1_1013' title='bbox 2511 4912 2730 4952; x_wconf 86' lang='lat' dir='ltr'><strong><em>sensum</em></strong></span> <span class='ocrx_word' id='word_1_1014' title='bbox 2769 4897 2921 4961; x_wconf 73' lang='lat' dir='ltr'><strong><em>Vulg.</em></strong></span> <span class='ocrx_word' id='word_1_1015' title='bbox 2955 4897 3206 4953; x_wconf 78' lang='lat' dir='ltr'><strong><em>Ennnebit</em></strong></span> <span class='ocrx_word' id='word_1_1016' title='bbox 3249 4897 3421 4955; x_wconf 63' lang='lat' dir='ltr'><strong><em>o&#39;nmia</em></strong></span> <span class='ocrx_word' id='word_1_1017' title='bbox 3465 4897 3623 4971; x_wconf 76' lang='lat' dir='ltr'><strong><em>regna</em></strong></span> <span class='ocrx_word' id='word_1_1018' title='bbox 3646 4919 3665 4956; x_wconf 92' lang='lat'><em>:</em></span> <span class='ocrx_word' id='word_1_1019' title='bbox 3714 4915 3808 4957; x_wconf 79' lang='lat' dir='ltr'><strong><em>nt-</em></strong></span> 
     </span>
    </p>
   </div>
   <div class='ocr_carea' id='block_1_119' title="bbox 2202 4969 3803 5097">
    <p class='ocr_par' dir='ltr' id='par_1_119' title="bbox 2202 4969 3803 5097">
     <span class='ocr_line' id='line_1_122' title="bbox 2202 4969 3803 5097; baseline 0.003 -74"><span class='ocrx_word' id='word_1_1020' title='bbox 2202 4982 2339 5097; x_wconf 58' lang='lat' dir='ltr'><strong><em>E-rﬂ‘.</em></strong></span> <span class='ocrx_word' id='word_1_1021' title='bbox 2383 4969 2614 5093; x_wconf 54' lang='lat' dir='ltr'><strong><em>uilli-mret</em></strong></span> <span class='ocrx_word' id='word_1_1022' title='bbox 2646 4980 2872 5035; x_wconf 80' lang='lat' dir='ltr'><strong><em>auctor;</em></strong></span> <span class='ocrx_word' id='word_1_1023' title='bbox 2904 4971 3139 5048; x_wconf 77' lang='grc' dir='ltr'><strong><em>ὑπερέξει</em></strong></span> <span class='ocrx_word' id='word_1_1024' title='bbox 3167 4973 3345 5034; x_wconf 82' lang='grc' dir='ltr'><strong><em>πάσας</em></strong></span> <span class='ocrx_word' id='word_1_1025' title='bbox 3374 4975 3470 5032; x_wconf 80' lang='grc' dir='ltr'><strong><em>τὰς</em></strong></span> <span class='ocrx_word' id='word_1_1026' title='bbox 3511 4969 3803 5044; x_wconf 65' lang='grc' dir='ltr'><strong><em>βασιλείας.</em></strong></span> 
     </span>
     <span class='ocr_line' id='line_1_123' title="bbox 2251 5057 2451 5096; baseline 0 -3"><span class='ocrx_word' id='word_1_1027' title='bbox 2251 5057 2279 5095; x_wconf 84' lang='lat' dir='ltr'><strong><em>a</em></strong></span> <span class='ocrx_word' id='word_1_1028' title='bbox 2328 5057 2411 5096; x_wconf 59' lang='grc' dir='ltr'>λιιι</span> <span class='ocrx_word' id='word_1_1029' title='bbox 2439 5081 2451 5094; x_wconf 94' lang='grc'><strong>.</strong></span> 
     </span>
    </p>
   </div>
   <div class='ocr_carea' id='block_1_120' title="bbox 2251 5046 2451 5096">
    <p class='ocr_par' dir='ltr' id='par_1_120' title="bbox 2251 5046 2451 5096">
     <span class='ocr_line' id='line_1_124' title="bbox 2251 5046 2451 5096; baseline -0.005 -1"><span class='ocrx_word' id='word_1_1030' title='bbox 2251 5046 2451 5096; x_wconf 68' lang='grc' dir='ltr'>ειΙΙειιιιΙ.</span> 
     </span>
    </p>
   </div>
   <div class='ocr_carea' id='block_1_121' title="bbox 2201 5110 3802 5238">
    <p class='ocr_par' dir='ltr' id='par_1_121' title="bbox 2201 5110 3802 5238">
     <span class='ocr_line' id='line_1_125' title="bbox 2201 5110 3802 5238; baseline 0.005 -76"><span class='ocrx_word' id='word_1_1031' title='bbox 2201 5182 2238 5238; x_wconf 79' lang='lat' dir='ltr'><strong>S</strong></span> <span class='ocrx_word' id='word_1_1032' title='bbox 2273 5112 2459 5233; x_wconf 63' lang='lat' dir='ltr'><strong><em>“&#39;Tres</em></strong></span> <span class='ocrx_word' id='word_1_1033' title='bbox 2489 5127 2653 5183; x_wconf 90' lang='lat' dir='ltr'><strong><em>reges.</em></strong></span> <span class='ocrx_word' id='word_1_1034' title='bbox 2704 5110 2884 5166; x_wconf 87' lang='lat' dir='ltr'><strong><em>Latin.</em></strong></span> <span class='ocrx_word' id='word_1_1035' title='bbox 2936 5127 3056 5167; x_wconf 90' lang='lat' dir='ltr'><strong><em>cum</em></strong></span> <span class='ocrx_word' id='word_1_1036' title='bbox 3106 5113 3267 5184; x_wconf 75' lang='lat' dir='ltr'><strong><em>Vulg.</em></strong></span> <span class='ocrx_word' id='word_1_1037' title='bbox 3320 5124 3376 5170; x_wconf 87' lang='lat' dir='ltr'><strong><em>et</em></strong></span> <span class='ocrx_word' id='word_1_1038' title='bbox 3423 5112 3682 5170; x_wconf 84' lang='lat' dir='ltr'><strong><em>Galland.</em></strong></span> <span class='ocrx_word' id='word_1_1039' title='bbox 3737 5131 3802 5170; x_wconf 78' lang='lat' dir='ltr'><strong><em>ex</em></strong></span> 
     </span>
     <span class='ocr_line' id='line_1_126' title="bbox 2243 5199 2460 5238; baseline 0.014 -3"><span class='ocrx_word' id='word_1_1040' title='bbox 2243 5199 2460 5238; x_wconf 71' lang='lat' dir='ltr'><strong><em>enuau.</em></strong></span> 
     </span>
    </p>
   </div>
   <div class='ocr_carea' id='block_1_122' title="bbox 2243 5195 2460 5250">
    <p class='ocr_par' dir='ltr' id='par_1_122' title="bbox 2243 5195 2460 5250">
     <span class='ocr_line' id='line_1_127' title="bbox 2243 5195 2460 5250; baseline -0.005 -15"><span class='ocrx_word' id='word_1_1041' title='bbox 2243 5195 2460 5250; x_wconf 72' lang='lat' dir='ltr'><strong><em>eptnag.</em></strong></span> 
     </span>
    </p>
   </div>
   <div class='ocr_carea' id='block_1_123' title="bbox 2271 5200 3802 5323">
    <p class='ocr_par' dir='ltr' id='par_1_123' title="bbox 2271 5200 3802 5323">
     <span class='ocr_line' id='line_1_128' title="bbox 2271 5200 3802 5323; baseline 0.003 -16"><span class='ocrx_word' id='word_1_1042' title='bbox 2271 5200 2472 5309; x_wconf 47' lang='grc' dir='ltr'>εηῦῗξίι</span> <span class='ocrx_word' id='word_1_1043' title='bbox 2502 5253 2696 5307; x_wconf 71' lang='lat' dir='ltr'><strong><em>Graeco</em></strong></span> <span class='ocrx_word' id='word_1_1044' title='bbox 2718 5254 2852 5308; x_wconf 80' lang='lat' dir='ltr'><strong><em>edit.</em></strong></span> <span class='ocrx_word' id='word_1_1045' title='bbox 2883 5254 3043 5308; x_wconf 77' lang='lat' dir='ltr'><strong><em>Rom.</em></strong></span> <span class='ocrx_word' id='word_1_1046' title='bbox 3067 5257 3386 5323; x_wconf 55' lang='lat' dir='ltr'><strong><em>nouitatem“.</em></strong></span> <span class='ocrx_word' id='word_1_1047' title='bbox 3415 5265 3469 5312; x_wconf 85' lang='lat' dir='ltr'><strong><em>et</em></strong></span> <span class='ocrx_word' id='word_1_1048' title='bbox 3506 5255 3719 5311; x_wconf 83' lang='lat' dir='ltr'><strong><em>Theod.</em></strong></span> <span class='ocrx_word' id='word_1_1049' title='bbox 3752 5258 3802 5312; x_wconf 93' lang='lat' dir='ltr'><strong><em>in</em></strong></span> 
     </span>
    </p>
   </div>
   <div class='ocr_carea' id='block_1_124' title="bbox 2202 5324 3116 5392">
    <p class='ocr_par' dir='ltr' id='par_1_124' title="bbox 2202 5324 3116 5392">
     <span class='ocr_line' id='line_1_129' title="bbox 2202 5324 3116 5392; baseline 0.002 -14"><span class='ocrx_word' id='word_1_1050' title='bbox 2202 5324 2430 5392; x_wconf 67' lang='lat' dir='ltr'><strong><em>Henpl.</em></strong></span> <span class='ocrx_word' id='word_1_1051' title='bbox 2462 5324 2525 5386; x_wconf 66' lang='grc' dir='ltr'><strong><em>Αί</em></strong></span> <span class='ocrx_word' id='word_1_1052' title='bbox 2549 5325 2618 5378; x_wconf 88' lang='lat' dir='ltr'><strong><em>nd</em></strong></span> <span class='ocrx_word' id='word_1_1053' title='bbox 2651 5325 2838 5379; x_wconf 83' lang='lat' dir='ltr'><strong><em>Sabat.</em></strong></span> <span class='ocrx_word' id='word_1_1054' title='bbox 2871 5336 3116 5380; x_wconf 71' lang='lat' dir='ltr'><strong><em>conteret.</em></strong></span> 
     </span>
    </p>
   </div>
   <div class='ocr_carea' id='block_1_125' title="bbox 2275 5395 3805 5469">
    <p class='ocr_par' dir='ltr' id='par_1_125' title="bbox 2275 5395 3805 5469">
     <span class='ocr_line' id='line_1_130' title="bbox 2275 5395 3805 5469; baseline 0.001 -19"><span class='ocrx_word' id='word_1_1055' title='bbox 2275 5405 2299 5431; x_wconf 73' lang='grc' dir='ltr'><strong><em>ι</em></strong></span> <span class='ocrx_word' id='word_1_1056' title='bbox 2329 5396 2532 5469; x_wconf 77' lang='lat' dir='ltr'><strong><em>Regum</em></strong></span> <span class='ocrx_word' id='word_1_1057' title='bbox 2561 5412 2758 5450; x_wconf 81' lang='lat' dir='ltr'><strong><em>eorum.</em></strong></span> <span class='ocrx_word' id='word_1_1058' title='bbox 2795 5395 2972 5450; x_wconf 86' lang='lat' dir='ltr'><strong><em>Latin.</em></strong></span> <span class='ocrx_word' id='word_1_1059' title='bbox 3009 5397 3165 5453; x_wconf 68' lang='grc' dir='ltr'><strong><em>νοτε.</em></strong></span> <span class='ocrx_word' id='word_1_1060' title='bbox 3197 5401 3324 5455; x_wconf 83' lang='lat' dir='ltr'><strong><em>Ant.</em></strong></span> <span class='ocrx_word' id='word_1_1061' title='bbox 3359 5401 3556 5469; x_wconf 82' lang='lat' dir='ltr'><strong><em>Regum</em></strong></span> <span class='ocrx_word' id='word_1_1062' title='bbox 3583 5398 3673 5468; x_wconf 87' lang='lat' dir='ltr'><strong><em>qui</em></strong></span> <span class='ocrx_word' id='word_1_1063' title='bbox 3709 5400 3805 5452; x_wconf 74' lang='lat' dir='ltr'><strong><em>sub</em></strong></span> 
     </span>
    </p>
   </div>
   <div class='ocr_carea' id='block_1_126' title="bbox 2199 5468 3803 5543">
    <p class='ocr_par' dir='ltr' id='par_1_126' title="bbox 2199 5468 3803 5543">
     <span class='ocr_line' id='line_1_131' title="bbox 2199 5468 3803 5543; baseline -0.001 -22"><span class='ocrx_word' id='word_1_1064' title='bbox 2199 5468 2336 5522; x_wconf 72' lang='lat' dir='ltr'><strong><em>(mni</em></strong></span> <span class='ocrx_word' id='word_1_1065' title='bbox 2388 5471 2516 5522; x_wconf 64' lang='lat' dir='ltr'><strong><em>cocto</em></strong></span> <span class='ocrx_word' id='word_1_1066' title='bbox 2539 5477 2681 5543; x_wconf 73' lang='lat' dir='ltr'><strong><em>sunt</em></strong></span> <span class='ocrx_word' id='word_1_1067' title='bbox 2707 5506 2719 5520; x_wconf 92' lang='lat'><strong><em>.</em></strong></span> <span class='ocrx_word' id='word_1_1068' title='bbox 2753 5507 2767 5522; x_wconf 96' lang='lat'><strong><em>.</em></strong></span> <span class='ocrx_word' id='word_1_1069' title='bbox 2798 5508 2810 5520; x_wconf 94' lang='lat'><strong><em>.</em></strong></span> <span class='ocrx_word' id='word_1_1070' title='bbox 2842 5507 2854 5520; x_wconf 92' lang='lat'><strong><em>.</em></strong></span> <span class='ocrx_word' id='word_1_1071' title='bbox 2881 5469 3181 5543; x_wconf 61' lang='lat' dir='ltr'><strong><em>ditissimi;</em></strong></span> <span class='ocrx_word' id='word_1_1072' title='bbox 3221 5482 3266 5523; x_wconf 90' lang='lat' dir='ltr'><strong><em>et</em></strong></span> <span class='ocrx_word' id='word_1_1073' title='bbox 3297 5468 3518 5543; x_wconf 76' lang='lat' dir='ltr'><strong><em>regnum</em></strong></span> <span class='ocrx_word' id='word_1_1074' title='bbox 3561 5473 3673 5540; x_wconf 80' lang='lat' dir='ltr'><strong><em>ejus</em></strong></span> <span class='ocrx_word' id='word_1_1075' title='bbox 3723 5488 3803 5521; x_wconf 79' lang='lat' dir='ltr'><strong><em>re-</em></strong></span> 
     </span>
    </p>
   </div>
   <div class='ocr_carea' id='block_1_127' title="bbox 2197 5541 3802 5613">
    <p class='ocr_par' dir='ltr' id='par_1_127' title="bbox 2197 5541 3802 5613">
     <span class='ocr_line' id='line_1_132' title="bbox 2197 5541 3802 5613; baseline -0.001 -21"><span class='ocrx_word' id='word_1_1076' title='bbox 2197 5555 2358 5612; x_wconf 87' lang='lat' dir='ltr'><strong><em>gnum</em></strong></span> <span class='ocrx_word' id='word_1_1077' title='bbox 2383 5542 2546 5613; x_wconf 85' lang='lat' dir='ltr'><strong><em>sempi</em></strong></span> <span class='ocrx_word' id='word_1_1078' title='bbox 2571 5554 2790 5613; x_wconf 78' lang='lat' dir='ltr'><strong><em>ernum_,</em></strong></span> <span class='ocrx_word' id='word_1_1079' title='bbox 2823 5549 2869 5591; x_wconf 86' lang='lat' dir='ltr'><strong><em>et</em></strong></span> <span class='ocrx_word' id='word_1_1080' title='bbox 2899 5555 3073 5613; x_wconf 88' lang='lat' dir='ltr'><strong><em>omnes</em></strong></span> <span class='ocrx_word' id='word_1_1081' title='bbox 3103 5541 3425 5613; x_wconf 70' lang='lat' dir='ltr'><strong><em>principatus</em></strong></span> <span class='ocrx_word' id='word_1_1082' title='bbox 3451 5542 3551 5608; x_wconf 81' lang='lat' dir='ltr'><strong><em>ipsi</em></strong></span> <span class='ocrx_word' id='word_1_1083' title='bbox 3582 5543 3802 5595; x_wconf 76' lang='lat' dir='ltr'><strong><em>servient</em></strong></span> 
     </span>
    </p>
   </div>
   <div class='ocr_carea' id='block_1_128' title="bbox 2198 5610 3799 5682">
    <p class='ocr_par' dir='ltr' id='par_1_128' title="bbox 2198 5610 3799 5682">
     <span class='ocr_line' id='line_1_133' title="bbox 2198 5610 3799 5682; baseline 0 -17"><span class='ocrx_word' id='word_1_1084' title='bbox 2198 5610 2460 5682; x_wconf 79' lang='lat' dir='ltr'><strong><em>etobuudi</em></strong></span> <span class='ocrx_word' id='word_1_1085' title='bbox 2492 5628 2527 5664; x_wconf 85' lang='lat' dir='ltr'><strong><em>tt</em></strong></span> <span class='ocrx_word' id='word_1_1086' title='bbox 2555 5651 2566 5663; x_wconf 95' lang='lat'><strong><em>.</em></strong></span> <span class='ocrx_word' id='word_1_1087' title='bbox 2605 5611 2728 5682; x_wconf 71' lang='lat' dir='ltr'><strong><em>Ilu-c</em></strong></span> <span class='ocrx_word' id='word_1_1088' title='bbox 2757 5610 2900 5666; x_wconf 75' lang='lat' dir='ltr'><strong><em>lien.</em></strong></span> <span class='ocrx_word' id='word_1_1089' title='bbox 2949 5612 3040 5664; x_wconf 80' lang='lat' dir='ltr'><strong><em>lib.</em></strong></span> <span class='ocrx_word' id='word_1_1090' title='bbox 3079 5627 3132 5675; x_wconf 71' lang='grc' dir='ltr'><strong><em>ν,</em></strong></span> <span class='ocrx_word' id='word_1_1091' title='bbox 3163 5610 3282 5682; x_wconf 53' lang='lat' dir='ltr'><strong><em>cap;</em></strong></span> <span class='ocrx_word' id='word_1_1092' title='bbox 3317 5613 3423 5674; x_wconf 68' lang='grc'><strong><em>54,</em></strong></span> <span class='ocrx_word' id='word_1_1093' title='bbox 3454 5627 3578 5666; x_wconf 72' lang='lat' dir='ltr'><strong><em>cum</em></strong></span> <span class='ocrx_word' id='word_1_1094' title='bbox 3613 5623 3799 5665; x_wconf 61' lang='grc' dir='ltr'>ιιοδιη</span> 
     </span>
    </p>
   </div>
   <div class='ocr_carea' id='block_1_129' title="bbox 2196 5681 3796 5807">
    <p class='ocr_par' dir='ltr' id='par_1_129' title="bbox 2196 5681 3796 5807">
     <span class='ocr_line' id='line_1_134' title="bbox 2196 5681 3796 5807; baseline 0 -73"><span class='ocrx_word' id='word_1_1095' title='bbox 2196 5681 2330 5807; x_wconf 47' lang='lat' dir='ltr'><strong><em>est;</em></strong></span> <span class='ocrx_word' id='word_1_1096' title='bbox 2363 5682 2619 5805; x_wconf 55' lang='lat' dir='ltr'><strong><em>Aitistimi</em></strong></span> <span class='ocrx_word' id='word_1_1097' title='bbox 2645 5681 2779 5735; x_wconf 85' lang='lat' dir='ltr'><strong><em>Dei:</em></strong></span> <span class='ocrx_word' id='word_1_1098' title='bbox 2811 5693 2858 5736; x_wconf 87' lang='lat' dir='ltr'><strong><em>et</em></strong></span> <span class='ocrx_word' id='word_1_1099' title='bbox 2885 5697 3102 5753; x_wconf 87' lang='lat' dir='ltr'><strong><em>regnum</em></strong></span> <span class='ocrx_word' id='word_1_1100' title='bbox 3129 5681 3243 5755; x_wconf 82' lang='lat' dir='ltr'><strong><em>ejus</em></strong></span> <span class='ocrx_word' id='word_1_1101' title='bbox 3267 5687 3642 5753; x_wconf 83' lang='lat' dir='ltr'><strong><em>sempiternum</em></strong></span> <span class='ocrx_word' id='word_1_1102' title='bbox 3668 5720 3681 5736; x_wconf 88' lang='lat'><strong><em>.</em></strong></span> <span class='ocrx_word' id='word_1_1103' title='bbox 3706 5722 3721 5737; x_wconf 93' lang='lat'><strong><em>.</em></strong></span> <span class='ocrx_word' id='word_1_1104' title='bbox 3749 5723 3761 5737; x_wconf 93' lang='lat'><strong><em>.</em></strong></span> <span class='ocrx_word' id='word_1_1105' title='bbox 3781 5717 3796 5734; x_wconf 93' lang='lat'><strong><em>.</em></strong></span> 
     </span>
     <span class='ocr_line' id='line_1_135' title="bbox 2196 5767 2452 5807; baseline -0.004 0"><span class='ocrx_word' id='word_1_1106' title='bbox 2196 5767 2226 5807; x_wconf 90' lang='grc' dir='ltr'><strong><em>ο</em></strong></span> <span class='ocrx_word' id='word_1_1107' title='bbox 2260 5769 2288 5806; x_wconf 84' lang='lat' dir='ltr'><strong><em>e</em></strong></span> <span class='ocrx_word' id='word_1_1108' title='bbox 2326 5767 2410 5807; x_wconf 82' lang='lat' dir='ltr'><strong><em>ten</em></strong></span> <span class='ocrx_word' id='word_1_1109' title='bbox 2437 5792 2452 5807; x_wconf 92' lang='lat'><strong><em>.</em></strong></span> 
     </span>
    </p>
   </div>
   <div class='ocr_carea' id='block_1_130' title="bbox 2196 5761 2452 5808">
    <p class='ocr_par' dir='ltr' id='par_1_130' title="bbox 2196 5761 2452 5808">
     <span class='ocr_line' id='line_1_136' title="bbox 2196 5761 2452 5808; baseline 0 -1"><span class='ocrx_word' id='word_1_1110' title='bbox 2196 5761 2452 5808; x_wconf 72' lang='lat' dir='ltr'><strong><em>audient.</em></strong></span> 
     </span>
    </p>
   </div>
  </div>
