4094 6190
290 307 421 365 1001

860 305 952 365 DE
990 306 1128 365 NON
1170 305 1542 366 PARCENDO
1584 307 1650 364 IN
1694 306 1881 367 DEUM
1926 307 2535 380 DELINQUEN’I‘IBUS
2578 310 2780 367 LIBER
2820 307 3023 370 UNUS.

3449 319 3586 376 1002

285 424 393 478 turi
426 423 479 478 in
512 437 682 494 regno
711 423 973 480 collocati
1003 425 1257 492 Domini,
1290 441 1399 496 quo
1429 425 1724 481 advertere
1754 441 1882 497 pos-
1913 437 1961 494 Α
1994 426 2188 481 beatus
2218 426 2286 481 de
2316 426 2563 482 collectis
2592 425 2617 464 b
2650 428 2757 481 tuis
2784 426 2982 482 dixerit
3023 427 3379 487 Cretensibus
3406 450 3419 487 :
3464 436 3589 491 Cre-

284 528 378 571 ses
404 516 521 571 hmc
552 521 735 572 omnia
763 519 1114 574 annectimus
1141 537 1153 573 :
1187 520 1317 575 item
1347 519 1412 574 ad
1444 519 1547 573 hoc
1576 520 1890 574 universam

286 608 691 665 revelationem
735 609 930 666 censui
966 612 1347 683 applicandam
1375 654 1388 677 ,
1432 628 1537 683 quo
1584 622 1637 666 tu
1681 612 1891 667 tibimet

287 710 345 757 et
374 702 567 758 saltem
598 702 792 775 legens
820 705 1145 760 satisfacere
1183 720 1374 775 posses
1397 747 1411 770 ,
1438 704 1583 775 quod
1616 706 1761 759 enim
1794 720 1893 761 vos

288 796 507 867 tyranni
544 805 935 866 persecutores
964 797 1059 853 Dei
1110 798 1396 869 religionis
1433 799 1626 854 bestia:
1673 799 1893 854 fueritis

287 887 420 944 dicti
442 907 456 955 ;
476 890 709 960 cupiens
735 892 939 946 etenim
962 906 1082 947 sum
1108 908 1195 947 me
1222 908 1455 965 purgare
1476 893 1618 964 apud
1642 904 1788 949 tuam
1814 895 1895 949 in—

287 981 488 1039 fectam
512 984 743 1039 venenis
768 985 961 1040 Ariani
986 984 1259 1055 dogmatis
1281 988 1677 1043 conscientiam
1704 1030 1718 1055 ,
1754 987 1895 1059 apud

287 1086 342 1131 te
369 1093 475 1132 non
504 1077 824 1148 religiosum
848 1120 862 1145 ,
891 1079 988 1135 sed
1014 1079 1304 1151 religionis
1329 1081 1753 1151 destructorem,
1784 1097 1893 1137 non

286 1185 376 1226 me
418 1179 478 1225 ut
520 1173 722 1228 astruis
764 1187 889 1230 esse
926 1175 1428 1241 contumeliowm,
1472 1175 1599 1246 quia
1631 1176 1807 1231 dicam
1843 1185 1895 1231 te

285 1267 458 1325 ferant
491 1270 723 1326 bestiam
748 1314 762 1338 ,
793 1273 878 1328 vel
910 1273 1202 1330 immanem
1236 1274 1477 1331 bellu'im
1501 1319 1514 1342 ,
1550 1292 1673 1331 cum
1707 1276 1896 1332 videas

285 1362 371 1419 sic
400 1380 501 1418 vos
533 1366 799 1431 vocitari,
826 1368 979 1435 juxta
1017 1367 1153 1423 faeta
1180 1378 1357 1443 vestra
1398 1370 1556 1424 vobis
1593 1371 1757 1425 etiam
1802 1387 1897 1427 no-

285 1457 433 1514 mina
459 1459 751 1528 applicata.
785 1458 1055 1517 Cteterum
1087 1474 1298 1533 quarta:
1330 1462 1475 1518 illius
1498 1463 1686 1519 bestirc
1720 1474 1771 1520 te
1799 1480 1895 1536 ge-

285 1566 411 1608 rere
434 1552 851 1609 similitudinem
868 1598 883 1622 ,
912 1566 963 1610 te
994 1555 1112 1610 haec
1140 1556 1374 1625 implere
1397 1572 1520 1612 esse
1546 1558 1856 1629 cupientem
1879 1601 1893 1627 ,

287 1660 407 1716 qua:
435 1645 525 1701 illa
558 1646 881 1717 praedictum
916 1658 1001 1703 est
1030 1649 1174 1719 quod
1218 1658 1365 1705 esset
1408 1650 1697 1720 impletura
1720 1692 1734 1717 ,
1780 1667 1896 1704 ma-

289 1737 551 1794 nifestum
581 1750 686 1795 est.
721 1740 999 1811 Scriptum
1030 1754 1113 1795 est
1143 1742 1213 1797 de
1240 1742 1597 1804 antichristo.
1627 1745 1711 1798 cui
1744 1753 1797 1797 tu
1825 1744 1897 1798 si-

1994 531 2160 573 tenses
2202 536 2400 591 semper
2439 521 2742 587 mendaces,
2790 521 2941 576 mala:
2980 524 3186 589 bestiw,
3224 534 3420 582 ventres
3458 530 3592 601 pigri

1997 609 2146 682 (Tit.
2179 627 2231 677 ι,
2263 612 2330 665 12
2355 610 2397 682 ).
2436 612 2497 666 Et
2541 612 2682 666 infra
2714 631 2725 665 :
2773 612 3117 678 Quamobrem
3152 626 3175 653 ο
3218 617 3432 685 increpa
3470 620 3592 674 illos

1991 703 2399 766 acriter,utsani
2420 704 2585 757 sintin
2614 705 2749 772 ﬁde,
2781 722 2882 758 non
2910 707 3227 762 intendentes
3247 706 3489 766 Judaicis
3511 714 3592 783 fa-

1994 794 2129 848 bulis
2151 806 2199 849 et
2227 796 2511 850 mendaciis
2531 794 2557 832 ά
2582 798 2853 852 hominum
2879 802 3228 856 aversantium
3252 820 3305 857 se
3327 820 3358 858 a
3383 806 3596 862 veritate

1993 886 2176 959 (Ibid.
2206 887 2333 960 15).
2367 890 2505 946 Hinc
2534 891 2626 947 tibi
2660 893 2900 963 episcopi
2934 909 3125 950 sumus
3150 897 3400 967 injuriosi
3423 941 3437 966 ,
3468 902 3595 970 quia

1994 991 2047 1037 te
2078 983 2425 1053 iucrepemus
2457 995 2619 1055 atque
2659 985 3045 1057 obiurgemus,
3089 1006 3187 1046 cur
3222 991 3391 1048 fueris
3432 1011 3596 1053 ausus

1996 1088 2245 1133 avertere
2276 1087 2443 1134 temet
2471 1094 2500 1133 a
2527 1080 2781 1147 veritate,
2802 1098 2900 1135 cur
2927 1083 3171 1139 volueris
3199 1086 3291 1141 Dei
3322 1088 3600 1145 mandatis

1996 1173 2275 1229 derelictis
2305 1173 2589 1229 hominum
2624 1175 2835 1231 haerere
2867 1176 3223 1247 hlaSphemiis
3254 1190 3415 1251 atque
3448 1200 3602 1238 man-

1997 1268 2159 1335 datis,
2191 1284 2287 1324 cur
2312 1269 2551 1340 denique
2579 1271 2844 1326 derelicto
2874 1271 2988 1327 Deo
3016 1272 3382 1329 idololatriam
3415 1293 3603 1334 susce-

2000 1362 2163 1430 peris.
2208 1362 2346 1416 Hinc
2377 1372 2499 1415 tuus
2530 1362 2626 1417 tibi
2667 1364 2922 1419 inimicus
2957 1380 3077 1421 esse
3108 1366 3317 1432 videor,
3352 1371 3477 1439 quia
3510 1386 3603 1427 ve-

1998 1452 2089 1507 lim
2122 1462 2172 1507 tc
2200 1454 2346 1523 gradi
2381 1454 2682 1510 secundum
2716 1456 2945 1524 apostoli
2979 1469 3348 1528 praeceptum,
3394 1472 3448 1517 et
3493 1479 3602 1518 non

2000 1550 2295 1604 secundum
2313 1551 2429 1605 Arii
2446 1561 2607 1621 atque
2637 1551 2953 1606 Judzeorum
2979 1553 3256 1611 mandata.
3276 1555 3473 1610 Contra
3504 1556 3603 1614 has

2002 1644 2569 1713 nostrasjustissimas
2587 1646 2941 1717 allegationcs
2957 1647 3149 1703 videns
3179 1658 3230 1703 te
3254 1651 3487 1706 veritate
3512 1668 3603 1706 su-

2003 1746 2246 1804 peratum
2264 1736 2448 1792 dicere
2470 1753 2529 1793 es
2548 1738 2772 1793 solitus:
2799 1740 2979 1795 Sacris
3000 1742 3274 1810 scriptura:
3296 1745 3602 1815 praecipiunt

289 1830 501 1886 milaris
521 1873 537 1899 ,
565 1841 661 1886 aut
693 1833 809 1903 ipse
836 1849 961 1890 esse
987 1835 1252 1904 judicaris
1280 1852 1291 1888 :
1338 1834 1497 1889 Verba
1524 1835 1778 1889 adversus
1808 1835 1896 1889 Αι-
1925 1823 1973 1883 Β
2001 1830 2205 1898 regibus
2223 1840 2269 1885 et
2288 1833 2523 1886 omnibus
2537 1834 2900 1905 degentibusin
2915 1834 3229 1889 sublimitate
3242 1836 3423 1891 debere
3436 1847 3483 1891 te
3496 1855 3604 1894 esse

292 1922 551 1977 tissimuin
580 1934 605 1961 ει
638 1923 854 1981 Domini
895 1927 1166 1995 loquetur,
1198 1936 1245 1980 et
1274 1937 1478 1981 sanctos
1516 1926 1760 1981 altissimi
1798 1926 1896 1980 Dei

290 2016 589 2071 inveterabit
608 2059 622 2083 ,
651 2027 699 2070 et
724 2020 1034 2093 excogitabit
1061 2029 1260 2073 mutare
1289 2030 1518 2089 tempora
1546 2029 1592 2072 et
1621 2019 1783 2092 legem
1802 2060 1816 2083 ,
1848 2028 1896 2071 et

291 2110 499 2165 dabitur
519 2111 575 2165 in
597 2128 752 2165 ntanu
768 2112 1061 2185 ejus(Dan.
1082 2113 1313 2186 “1,25).
1334 2113 1460 2168 Hinc
1492 2122 1547 2166 tit
1573 2112 1685 2181 jam
1719 2112 1895 2167 fecisti

291 2210 453 2273 atque
493 2218 556 2257 es
599 2204 825 2259 faciens.
873 2202 1010 2260 Cum
1054 2205 1202 2259 enim
1246 2204 1421 2259 dicis:
1468 2202 1591 2257 Non
1637 2213 1711 2257 est
1754 2220 1939 2272 verus,

291 2292 432 2348 Deus
474 2292 523 2346 F
528 2295 649 2349 ilius
685 2293 817 2361 Dei,
861 2295 952 2351 sed
987 2299 1156 2365 factus
1184 2306 1258 2351 est
1290 2313 1353 2349 ea:
1392 2293 1587 2362 nihilo,
1616 2295 1780 2363 verba
1820 2296 1895 2349 lo-

291 2386 479 2455 queris
506 2386 769 2442 adversus
799 2387 991 2442 Deum.
1023 2387 1321 2443 Christiani
1351 2387 1555 2443 etenim
1585 2402 1709 2443 cum
1738 2402 1897 2441 unam

291 2478 633 2534 vindicemus
662 2480 1011 2536 divinitatem
1042 2481 1190 2536 Patri
1220 2489 1275 2536 et
1304 2480 1466 2535 unico
1500 2480 1643 2535 Filio
1663 2480 1815 2551 ejus,
1845 2489 1902 2535 et

295 2578 355 2626 tu
385 2571 466 2627 sis
500 2571 640 2627 lianc
672 2584 917 2628 nosuam
938 2574 1261 2644 impugnans
1292 2572 1691 2635 defensionem.
1711 2575 1786 2629 sis
1815 2588 1903 2627 as-

294 2676 492 2723 truens
517 2666 585 2722 de
616 2667 755 2723 Filio
781 2668 921 2738 quod
943 2669 1103 2740 fuerit
1127 2668 1334 2739 quando
1354 2684 1455 2723 non
1477 2668 1668 2740 fuerit,
1691 2678 1747 2722 et
1764 2668 1901 2737 quod

295 2760 463 2829 factas
501 2760 568 2814 sit
597 2775 661 2814 ex
689 2758 888 2827 nihilo,
920 2762 1115 2831 utique
1156 2760 1354 2830 probas
1388 2771 1441 2815 te
1471 2767 1570 2814 aut
1600 2773 1723 2813 esse
1762 2761 1903 2813 anti-

294 2852 560 2909 christum
581 2894 598 2921 ,
627 2866 723 2909 aut
750 2862 907 2911 certe
933 2855 1053 2925 ejus
1086 2868 1507 2924 praecursorem.
1540 2854 1728 2925 Neque
1757 2854 1901 2910 enim

293 2947 500 3016 poteris
542 2947 682 3000 alius
722 2960 848 3002 esse
891 2946 1163 3017 intelligi,
1194 2947 1301 3002 nisi
1335 2956 1428 3000 aut
1469 2961 1778 3017 prtecursor
1807 2961 1903 3001 an-

295 3038 532 3094 tichristi
583 3047 677 3093 aut
715 3039 1116 3106 antichristus,
1161 3040 1253 3111 qui
1298 3040 1500 3095 audeas
1540 3040 1901 3110 apostolicam

295 3131 777 3204 evangelicamque
818 3133 1141 3190 haereticam
1182 3134 1373 3191 dicere
1413 3135 1611 3201 (idem,
1654 3144 1711 3192 et
1754 3146 1900 3191 tuam

2000 1921 2262 1975 subditum
2286 1940 2305 1988 ;
2338 1934 2382 1977 et
2409 1925 2570 1978 audes
2600 1934 2741 1979 tanla
2767 1943 2827 1980 ac
2856 1928 2981 1980 talia
3012 1928 3138 1981 inihi
3164 1929 3416 2000 ingerere,
3450 1930 3608 1985 Luci-

2000 2014 2125 2084 fer?
2153 2015 2277 2071 Haec
2305 2018 2577 2087 conspicis
2600 2061 2613 2083 ,
2648 2018 2961 2088 hujusmodi
2988 2036 3108 2090 quae
3138 2030 3188 2075 te
3212 2021 3408 2090 jubent
3436 2024 3608 2078 hono-

2000 2108 2108 2162 rari
2137 2107 2434 2181 intelligis;
2468 2125 2587 2180 qua:
2616 2126 2746 2165 vero
2776 2121 2827 2166 te
2850 2111 3045 2182 jubent
3076 2111 3262 2168 facere
3282 2154 3296 2178 ,
3328 2113 3417 2167 illa
3450 2114 3607 2185 lingis

2000 2216 2109 2253 non
2152 2216 2351 2267 nosse,
2396 2202 2481 2255 illa
2523 2217 2643 2271 QUiB
2686 2210 2739 2257 te
2782 2212 2999 2258 moneat
3041 2203 3303 2259 Dominus
3345 2205 3608 2261 sacerdo-

2000 2292 2146 2347 tibus
2172 2294 2397 2349 obedire
2415 2337 2429 2360 ,
2461 2294 2548 2349 illa
2575 2311 2695 2365 qua:
2721 2306 2952 2365 urgeant
2980 2312 3147 2350 unum
3176 2306 3226 2351 te
3250 2299 3514 2354 exhibere
3540 2314 3609 2354 ex

2000 2387 2258 2441 omnibus
2285 2388 2573 2442 conservis
2602 2389 2709 2442 tuis
2738 2399 3023 2459 oportere,
3055 2404 3156 2443 nec
3184 2390 3432 2459 cuiquam
3461 2401 3535 2455 te,
3565 2392 3610 2446 si

2001 2480 2140 2535 velis
2174 2481 2267 2535 Dei
2295 2480 2531 2537 inveniri
2559 2495 2784 2547 servus,
2814 2481 3157 2551 superiorem
3188 2481 3395 2538 dicere.
3444 2482 3572 2538 Haec
3596 2526 3611 2552 ,

2002 2572 2322 2643 inquitTito
2350 2573 2539 2628 beatus
2566 2573 2871 2644 apostolus,
2902 2571 3114 2644 loquere
3134 2616 3146 2639 ,
3176 2584 3223 2627 et
3245 2574 3523 2629 exhortare
3546 2585 3569 2612 ι’
3590 2617 3605 2642 ,

2004 2675 2051 2718 et
2081 2682 2243 2737 argue
2272 2682 2386 2719 cum
2413 2667 2553 2720 omni
2583 2667 2801 2737 imperio
2829 2682 2846 2720 :
2884 2683 3032 2721 nemo
3062 2678 3110 2721 te
3140 2678 3434 2723 contemnat
3477 2669 3497 2741 (
3521 2669 3605 2724 Ib.

2004 2773 2073 2823 tt,
2098 2758 2210 2828 15).
2236 2758 2289 2814 Si
2312 2758 2659 2815 Christianus
2685 2776 2774 2825 es,
2800 2760 2924 2830 quia
2951 2771 3001 2814 et
3032 2773 3084 2814 tu
3117 2776 3257 2815 unus
3284 2763 3360 2815 sis
3387 2762 3452 2816 de
3479 2762 3609 2829 illis,
3664 2792 3671 2801 -

2004 2860 2230 2921 propter
2256 2868 2393 2922 quos
2424 2852 2623 2907 dixerit
2651 2870 2665 2908 :
2701 2851 2829 2906 Hau:
2858 2854 3067 2923 (ot/uere
3089 2894 3104 2921 ,
3139 2866 3185 2908 et
3218 2854 3495 2910 exhortare
3517 2897 3531 2921 ,
3563 2866 3612 2910 et

2004 2961 2169 3017 argue
2196 2962 2313 3000 cum
2336 2948 2473 2999 omni
2507 2947 2727 3015 imperio
2746 2962 2765 3000 :
2798 2962 2944 3000 nemo
2977 2957 3025 2999 te
3054 2958 3346 3001 contemnat
3379 2946 3609 3018 (Ibid.);

2005 3042 2195 3110 utique
2222 3055 2308 3095 me
2336 3056 2458 3096 cum
2488 3040 2637 3095 omni
2670 3049 2720 3096 te
2748 3041 3138 3110 corripientem
3168 3041 3399 3111 imperio
3425 3042 3615 3096 audire

2005 3133 2205 3200 debes,
2237 3150 2345 3191 non
2378 3143 2756 3191 contemnere.
2799 3133 2951 3189 Tunc
2992 3135 3101 3190 eris
3142 3134 3523 3201 Christianus,
3566 3137 3612 3189 si

298 3234 480 3283 tentes
506 3227 903 3301 blasphemiam
931 3228 1259 3284 catholicam
1293 3229 1453 3285 iidem
1483 3229 1786 3285 vindicare.
1820 3230 1905 3286 ln-
1932 3203 1977 3267 Ο
2012 3243 2098 3283 me
2126 3242 2232 3282 non
2265 3229 2664 3299 contempseris
2711 3228 3026 3282 hortantem
3072 3238 3145 3292 te,
3191 3236 3248 3280 ut
3294 3242 3613 3296 perseveres

294 3318 493 3391 juriam
526 3329 581 3376 tc
613 3320 720 3391 pati
750 3321 925 3376 sentis
946 3360 962 3386 ,
996 3322 1121 3391 quia
1152 3321 1327 3377 bestia
1360 3337 1485 3378 esse
1514 3321 1720 3377 dicaris
1747 3338 1775 3376 a
1806 3337 1907 3377 no-

300 3413 385 3469 bis
413 3432 427 3468 :
462 3414 726 3470 inveniris
753 3414 1071 3485 excogitare
1100 3416 1264 3470 tidem
1296 3424 1507 3471 mutare
1530 3458 1544 3482 ,
1578 3416 1683 3471 hoc
1722 3426 1807 3471 est
1849 3426 1908 3472 ut

300 3522 411 3563 non
442 3509 517 3563 ita
541 3508 860 3569 credamus,
886 3508 1170 3579 quomodo
1198 3508 1530 3578 patriarchae
1548 3549 1561 3573 ,
1588 3508 1901 3578 prophetae,

302 3600 544 3672 apostoli
570 3616 637 3657 ac
668 3610 938 3674 martyres
967 3601 1336 3664 crediderint,
1368 3600 1462 3657 sed
1497 3602 1802 3656 institueris
1830 3602 1911 3658 sic

302 3693 637 3750 credendum
660 3734 675 3755 .
706 3692 989 3764 quomodo
1030 3693 1407 3763 comperditus
1454 3704 1577 3748 tuus
1620 3694 1821 3749 Arius:
1854 3704 1913 3750 et

304 3786 445 3843 dicis
472 3802 581 3842 non
605 3794 659 3842 te
682 3798 831 3842 recte
857 3785 961 3842 dici
989 3780 1219 3842 bestiam
1241 3828 1255 3851 ,
1281 3801 1403 3842 cum
1422 3830 1437 3854 ,
1464 3784 1587 3857 quia
1618 3785 1734 3841 hare
1758 3800 1911 3842 esses

304 3890 567 3947 acturus,
610 3881 840 3936 bestiam
872 3888 925 3936 te
953 3894 1077 3936 esse
1118 3880 1320 3936 dixerit
1359 3882 1742 3937 sanctissimus
1784 3898 1914 3952 pro-

308 3974 513 4045 pheta?
552 3972 669 4029 Non
712 3974 896 4030 niinor
933 3988 1028 4040 es,
1068 3972 1389 4043 Constanti,
1434 3974 1816 4031 incredulitate
1844 3976 1913 4031 ab

306 4064 638 4120 antichristo
664 4081 678 4118 :
713 4080 838 4119 nam
867 4064 1125 4120 dentibus
1156 4064 1353 4121 ferreis
1384 4066 1482 4121 Dei
1527 4081 1725 4123 servos
1750 4067 1916 4122 devo-

308 4160 485 4217 rando
526 4175 634 4215 non
673 4158 901 4215 desinis.
939 4158 1077 4227 Quid
1120 4160 1409 4230 pluribus?
1452 4162 1527 4216 nil
1563 4163 1914 4219 antichristus

313 4262 537 4309 acturus
568 4261 651 4308 est
672 4294 688 4320 ,
729 4253 832 4307 nisi
866 4261 928 4307 ut
959 4264 1187 4323 negetur
1218 4255 1409 4309 unicus
1440 4255 1536 4310 Dei
1567 4256 1739 4310 Filius
1766 4275 1778 4311 :
1815 4256 1918 4311 hoc

308 4347 421 4417 agit
452 4345 682 4401 stultitia
711 4344 988 4417 saginatus
1018 4346 1494 4402 imtnundissimus
1522 4347 1737 4403 animus
1768 4358 1913 4404 tuus.

310 4439 419 4496 Sed
464 4440 812 4511 quantumvis
850 4440 1077 4507 smvias,
1121 4442 1425 4509 transient,
1472 4441 1739 4497 transient
1782 4454 1919 4499 tem-

314 4548 446 4604 pora
485 4542 571 4587 tua
592 4574 608 4600 ,
642 4542 696 4588 et
728 4532 950 4589 venient
982 4532 1072 4587 illa
1094 4575 1108 4600 ,
1148 4534 1201 4588 in
1233 4535 1437 4606 quibus
1467 4535 1685 4590 visurus
1724 4550 1785 4591 es
1826 4546 1914 4603 te,

316 4627 422 4682 nisi
449 4626 545 4682 tibi
570 4626 936 4692 consulueris,
961 4626 1013 4681 in
1040 4626 1135 4681 illo
1160 4628 1320 4698 igneo
1345 4626 1509 4683 ﬂuvio
1530 4627 1915 4696 constitutum,

316 4720 535 4777 visurus
568 4730 696 4776 tunc
725 4736 843 4786 eos,
874 4735 1013 4792 quos
1042 4719 1239 4776 infeste
1267 4722 1638 4793 persequeris,
1672 4730 1919 4792 propter-

316 4830 382 4872 ea
416 4814 561 4886 quod
608 4814 781 4869 nolint
825 4814 1003 4885 perire
1035 4824 1248 4880 tecum,
1288 4830 1395 4869 non
1427 4814 1481 4869 in
1518 4813 1614 4870 illo
1643 4816 1696 4869 in
1728 4830 1836 4885 quo
1868 4824 1921 4869 tu

319 4908 532 4965 futurus
556 4925 616 4965 es
641 4910 760 4964 loco
792 4917 1222 4975 tormentorum,
1254 4907 1354 4965 sed
1378 4924 1500 4964 cum
1531 4909 1742 4980 angelis
1768 4923 1926 4965 sanc-

324 5002 393 5057 tis
420 5004 629 5073 gratias
659 5012 712 5058 et
742 5002 930 5058 laudes
958 5004 1262 5058 referentes
1293 5017 1513 5073 semper
1546 5002 1681 5069 Deo,
1714 5011 1765 5057 te
1796 5016 1925 5057 vero

322 5094 377 5151 in
408 5096 502 5150 illo
531 5096 743 5166 liquore
773 5095 1043 5150 ﬂammeo.
1076 5094 1211 5149 Nolo
1238 5096 1487 5162 mireris,
1516 5095 1562 5149 si
1589 5094 1778 5149 Daniel
1808 5094 1927 5165 glo-

324 5190 502 5246 riosus
529 5200 582 5247 te
607 5190 836 5247 bestiam
876 5206 998 5245 esse
1023 5189 1322 5261 designarit
1341 5230 1355 5254 ,
1384 5189 1605 5261 quando
1645 5197 1703 5244 et
1730 5188 1927 5243 Paulus

401 5356 425 5384 ⁸
458 5348 627 5403 Paulo
658 5347 910 5418 superius
931 5386 945 5410 ,
980 5346 1289 5418 altissimum
1319 5342 1508 5418 Deum.

396 5418 425 5457 ι’
457 5414 765 5483 Conelectis,
795 5419 881 5473 vel
904 5417 1217 5471 combestiis.
1244 5417 1422 5471 Latin.
1457 5416 1647 5472 Utrum
1673 5430 1806 5471 vero
1834 5414 1932 5469 ali-

327 5490 455 5563 quid
489 5493 577 5546 liic
605 5494 812 5563 subsit,
846 5489 989 5557 quod
1023 5491 1087 5541 ad
1122 5488 1412 5563 historiam
1434 5488 1651 5563 referri
1694 5487 1893 5563 debeat
1915 5526 1930 5550 ,

329 5556 454 5620 cum
500 5580 619 5616 suos
664 5556 929 5614 Cretenses
973 5561 1253 5629 appellat,
1303 5558 1446 5611 haud
1492 5556 1728 5612 divinari
1770 5556 1931 5629 licet:

328 5646 480 5691 certe
524 5634 758 5687 Arianos
805 5628 1099 5701 intelligit,
1149 5632 1386 5700 quibus,
1438 5639 1497 5683 ut
1544 5628 1933 5701 Cretensibus,

331 5706 610 5761 bestiarum
641 5702 969 5769 appellatio,
1005 5712 1060 5756 et
1102 5702 1254 5756 Pauli
1287 5702 1455 5756 verba
1486 5700 1795 5756 rectiSsime
1839 5715 1937 5769 ap-

336 5788 541 5850 tentur.
576 5771 802 5850 (I‘ollegis
835 5788 933 5842 pro
962 5774 1153 5829 sociis.
1187 5771 1437 5850 Galland.

412 5859 435 5888 ο
469 5843 695 5919 Propter
715 5843 871 5916 quam
891 5860 1103 5901 causam
1227 5845 1485 5900 mandatis
1506 5843 1772 5901 hominum
1792 5858 1941 5900 aver-

773 5941 1052 6002 PATROL.
1103 5938 1281 6002 XIII.

2009 3320 2353 3376 Christianus
2380 3338 2391 3373 :
2415 3322 2458 3375 si
2475 3335 2608 3375 vero
2630 3320 3059 3391 contempseris,
3080 3318 3193 3389 jam
3213 3333 3322 3373 non
3347 3321 3415 3374 de
3431 3318 3617 3374 Chris-

2012 3416 2175 3469 tianis
2210 3430 2335 3471 esse
2372 3414 2698 3479 inveneris;
2742 3415 2867 3484 quia
2907 3415 2951 3468 si
2994 3414 3187 3469 fuisses
3227 3413 3611 3479 Christianus,

2012 3524 2121 3563 non
2153 3507 2581 3578 contempsisses
2612 3523 2736 3562 eum
2782 3521 2944 3576 quem
2984 3507 3125 3562 Deus
3173 3506 3516 3562 ordinaverit
3547 3505 3615 3560 ad

2012 3600 2393 3655 instruendam
2433 3600 2646 3669 plebem
2688 3615 2867 3667 suam,
2913 3610 2969 3654 et
3003 3615 3164 3667 eum,
3204 3601 3291 3655 cui
3332 3599 3615 3668 apostolus

2012 3694 2253 3749 dixerit:
2297 3692 2426 3748 Htec
2472 3694 2716 3764 loquere,
2758 3704 2807 3747 et
2845 3696 3161 3761 exhortare;
3203 3705 3250 3749 et
3292 3712 3451 3767 argue
3498 3710 3614 3748 cum

2014 3787 2154 3841 omni
2183 3787 2396 3859 imperio
2422 3802 2441 3841 :
2470 3802 2620 3840 nemo
2651 3795 2698 3840 te
2724 3795 3015 3839 contemnat
3048 3784 3262 3857 (lbid.).
3296 3787 3436 3853 Quid
3466 3788 3613 3841 enim

2014 3886 2068 3935 te
2111 3879 2343 3934 hortor?
2390 3880 2492 3933 nisi
2535 3888 2597 3933 ut
2627 3893 2733 3933 non
2778 3877 2856 3932 sis
2902 3877 3215 3946 homicida,
3264 3889 3324 3933 ut
3364 3876 3464 3932 Dei
3508 3892 3615 3932 non

2014 3975 2365 4042 persequaris
2394 3972 2649 4036 domum;
2685 3978 2743 4024 ut
2775 3970 2999 4025 desinas
3039 3979 3298 4041 torquere
3326 4012 3341 4037 ,
3374 3971 3617 4041 proscri-

2014 4066 2174 4133 bere,
2201 4066 2493 4138 deportare
2515 4107 2530 4133 ,
2560 4065 2848 4121 recludere
2876 4080 3100 4120 carcere
3124 4107 3140 4131 ,
3173 4066 3449 4121 trucidare
3475 4108 3489 4134 ,
3520 4082 3620 4121 va-

2015 4159 2097 4215 rie
2134 4159 2490 4231 disperdere,
2533 4159 2849 4215 interficere
2887 4174 2982 4214 eos
3012 4174 3154 4231 quos
3191 4175 3391 4217 cernas
3437 4160 3623 4217 Chris-

2016 4252 2197 4306 tianos
2221 4268 2235 4317 ;
2268 4260 2328 4306 ut
2348 4252 2572 4308 desinas
2598 4246 2836 4323 denique
2864 4251 3252 4323 blaspltemare
3279 4256 3497 4309 unicum
3525 4254 3623 4309 Dei

2018 4341 2256 4411 Filium;
2289 4355 2345 4399 ut
2374 4346 2732 4415 apostolicam
2764 4346 3035 4415 suscipias
3060 4387 3073 4411 ,
3105 4362 3268 4416 quam
3303 4348 3621 4401 haereticam

2020 4436 2157 4492 dicis
2188 4436 2348 4493 fidem
2376 4478 2390 4502 ,
2421 4437 2566 4492 hanc
2594 4438 2808 4492 scilicet
2834 4449 3080 4493 nostram
3107 4480 3121 4503 ,
3154 4454 3316 4510 quam
3356 4439 3501 4509 apud
3532 4438 3624 4493 Ni-

2021 4544 2191 4584 caeam
2234 4540 2284 4584 te
2323 4539 2514 4584 contra
2544 4539 2600 4584 et
2626 4540 2856 4585 cunctos
2901 4530 3195 4586 haereticos
3243 4530 3487 4603 episcopi
3530 4530 3623 4586 de-

2024 4620 2547 4691 scripserunt;utsis
2570 4622 2802 4677 credens
2823 4621 2986 4678 sicuti
3011 4639 3133 4689 nos,
3158 4624 3510 4696 dignerisque
3539 4640 3624 4682 re-

2024 4730 2225 4785 spuere
2252 4715 2618 4770 idololatriam
2641 4731 2736 4785 per
2757 4716 2947 4771 Arium
2982 4717 3304 4787 magistrum
3351 4726 3501 4774 tuum
3542 4720 3630 4775 in-

2027 4805 2306 4872 stitutam;
2333 4819 2389 4863 ut
2412 4808 2783 4863 Christianum
2809 4818 2861 4863 te
2887 4808 3157 4876 clantites,
3194 4826 3301 4866 non
3326 4811 3626 4876 Arianunt;

2028 4910 2088 4957 ut
2122 4898 2137 4937 ί
2176 4900 2401 4956 desinas
2429 4901 2657 4956 crimina
2683 4900 2821 4957 falsa
2843 4902 2939 4957 Dei
2968 4902 3185 4959 mittere
3217 4906 3627 4960 sacerdOtibus:

2034 4995 2153 5051 hinc
2170 5004 2253 5051 est
2277 4993 2553 5065 correptio
2581 5011 2737 5062 mea,
2791 4996 2910 5051 ha-c
2953 4996 3281 5069 objurgatio.
3334 4997 3630 5066 Apostolus

2031 5089 2165 5144 mihi
2197 5088 2327 5145 dicit
2356 5098 2416 5143 ut
2439 5097 2489 5143 te
2517 5105 2740 5160 arguant
2770 5106 2893 5145 cum
2925 5093 3072 5145 omni
3099 5092 3353 5162 imperio,
3379 5101 3433 5145 et
3464 5100 3516 5145 tu
3548 5090 3631 5145 di-

2031 5185 2110 5240 cis
2142 5200 2154 5238 :
2188 5180 2343 5236 Facit
2385 5181 2511 5235 mihi
2551 5182 2801 5252 injuriam
2825 5181 3072 5256 Lucifer;
3103 5194 3157 5238 et
3185 5198 3291 5238 non
3324 5182 3465 5238 dicis
3491 5204 3504 5239 :
3534 5180 3632 5237 Dei

2038 5341 2252 5394 tentiam
2273 5382 2286 5405 ,
2312 5348 2419 5395 etc.
2450 5338 2611 5394 Vers.
2641 5340 2772 5393 Ant.

2109 5411 2135 5447 (ι
2170 5410 2333 5465 Forte
2360 5412 2620 5465 mandatis
2644 5451 2658 5476 ,
2694 5421 2751 5485 ut
2788 5410 2944 5465 Vers.
2981 5410 3110 5485 A_ut.
3131 5426 3300 5485 ,cum
3329 5414 3491 5485 paulo
3516 5424 3641 5484 post

2035 5482 2177 5537 hanc
2205 5499 2391 5538 vocent
2417 5492 2647 5550 usurpet
2671 5484 2737 5534 ad
2766 5496 2986 5536 sensum
3011 5482 3189 5538 Pauli.

2116 5566 2139 5592 ε’
2172 5554 2417 5609 llortare.
2457 5554 2611 5607 Vers.
2643 5554 2774 5606 Ant.

2119 5625 2136 5663 ί
2173 5628 2229 5681 ld
2261 5637 2343 5682 est
2372 5667 2387 5691 ,
2420 5634 2475 5679 ut
2501 5624 2705 5678 desinas
2732 5624 2951 5679 crimina
2984 5626 3123 5688 falsa
3147 5624 3247 5682 Dei
3288 5628 3638 5684 sacerdotibus

2046 5697 2284 5771 objicere,
2314 5697 2447 5767 [also
2468 5712 2555 5751 eos
2582 5711 2877 5771 accusare,-
2910 5698 2997 5751 ubi
3014 5698 3212 5754 mittere
3240 5715 3339 5771 pro
3368 5702 3641 5756 immittere
3726 5756 3739 5765 ί

2045 5765 2197 5828 dicit.
2233 5765 2334 5824 Til'.
2370 5776 2426 5823 et
2452 5784 2519 5823 ex
2543 5783 2609 5823 eo
2628 5765 2877 5824 Galland.

3084 5934 3162 5996 32
