  <div class='ocr_page' id='page_1' title='image "/cluster/home/n/w/nwhite01/storage/ocr_20150623/13/hvd.32044096580428/508.png"; bbox 0 0 4094 6190; ppageno 0'>
   <div class='ocr_carea' id='block_1_1' title="bbox 311 239 447 296">
    <p class='ocr_par' dir='ltr' id='par_1_1' title="bbox 311 239 447 296">
     <span class='ocr_line' id='line_1_1' title="bbox 311 239 447 296; baseline 0.022 -3"><span class='ocrx_word' id='word_1_1' title='bbox 311 239 447 296; x_wconf 73' lang='grc'><strong>1005</strong></span> 
     </span>
    </p>
   </div>
   <div class='ocr_carea' id='block_1_2' title="bbox 882 236 3011 310">
    <p class='ocr_par' dir='ltr' id='par_1_2' title="bbox 882 236 3011 310">
     <span class='ocr_line' id='line_1_2' title="bbox 882 236 3011 310; baseline 0.005 -17"><span class='ocrx_word' id='word_1_2' title='bbox 882 236 970 295; x_wconf 84' lang='lat' dir='ltr'><strong>DE</strong></span> <span class='ocrx_word' id='word_1_3' title='bbox 1009 238 1146 296; x_wconf 81' lang='lat' dir='ltr'><strong>NON</strong></span> <span class='ocrx_word' id='word_1_4' title='bbox 1185 236 1558 297; x_wconf 77' lang='lat' dir='ltr'><strong>PARCENDO</strong></span> <span class='ocrx_word' id='word_1_5' title='bbox 1596 239 1661 298; x_wconf 82' lang='lat' dir='ltr'><strong>IN</strong></span> <span class='ocrx_word' id='word_1_6' title='bbox 1701 240 1894 298; x_wconf 70' lang='lat' dir='ltr'><strong>DEUM</strong></span> <span class='ocrx_word' id='word_1_7' title='bbox 1937 237 2535 310; x_wconf 75' lang='lat' dir='ltr'><strong>DELINQUENTIBUS</strong></span> <span class='ocrx_word' id='word_1_8' title='bbox 2573 245 2775 303; x_wconf 85' lang='lat' dir='ltr'><strong>LIBER</strong></span> <span class='ocrx_word' id='word_1_9' title='bbox 2807 249 3011 307; x_wconf 81' lang='lat' dir='ltr'><strong>UNUS.</strong></span> 
     </span>
    </p>
   </div>
   <div class='ocr_carea' id='block_1_3' title="bbox 3472 227 3608 307">
    <p class='ocr_par' dir='ltr' id='par_1_3' title="bbox 3472 227 3608 307">
     <span class='ocr_line' id='line_1_3' title="bbox 3472 227 3608 307; baseline 0.007 -1"><span class='ocrx_word' id='word_1_10' title='bbox 3472 227 3608 307; x_wconf 71' lang='lat' dir='ltr'><strong>ioco</strong></span> 
     </span>
    </p>
   </div>
   <div class='ocr_carea' id='block_1_4' title="bbox 309 351 3612 429">
    <p class='ocr_par' dir='ltr' id='par_1_4' title="bbox 309 351 3612 429">
     <span class='ocr_line' id='line_1_4' title="bbox 309 351 3612 429; baseline 0.005 -25"><span class='ocrx_word' id='word_1_11' title='bbox 309 365 532 406; x_wconf 72' lang='lat' dir='ltr'><strong>scrvare</strong></span> <span class='ocrx_word' id='word_1_12' title='bbox 561 365 620 407; x_wconf 91' lang='lat' dir='ltr'><strong>se</strong></span> <span class='ocrx_word' id='word_1_13' title='bbox 651 353 982 421; x_wconf 72' lang='lat' dir='ltr'><strong>oportuisse,</strong></span> <span class='ocrx_word' id='word_1_14' title='bbox 1006 362 1060 410; x_wconf 87' lang='lat' dir='ltr'><strong>et</strong></span> <span class='ocrx_word' id='word_1_15' title='bbox 1083 353 1562 410; x_wconf 87' lang='lat' dir='ltr'><strong>circumcisionem</strong></span> <span class='ocrx_word' id='word_1_16' title='bbox 1598 354 1765 412; x_wconf 83' lang='lat' dir='ltr'><strong>fuisse</strong></span> <span class='ocrx_word' id='word_1_17' title='bbox 1788 372 1906 410; x_wconf 65' lang='lat' dir='ltr'><strong>cus.</strong></span> <span class='ocrx_word' id='word_1_18' title='bbox 1935 361 1988 420; x_wconf 72' lang='grc' dir='ltr'><strong>Α</strong></span> <span class='ocrx_word' id='word_1_19' title='bbox 2013 365 2374 411; x_wconf 74' lang='lat' dir='ltr'><strong>correxerunt</strong></span> <span class='ocrx_word' id='word_1_20' title='bbox 2403 351 2604 413; x_wconf 83' lang='lat' dir='ltr'><strong>Paulus</strong></span> <span class='ocrx_word' id='word_1_21' title='bbox 2649 359 2990 417; x_wconf 74' lang='lat' dir='ltr'><strong>beatissimus</strong></span> <span class='ocrx_word' id='word_1_22' title='bbox 3011 403 3025 429; x_wconf 94' lang='lat'><strong>,</strong></span> <span class='ocrx_word' id='word_1_23' title='bbox 3073 371 3129 418; x_wconf 88' lang='lat' dir='ltr'><strong>et</strong></span> <span class='ocrx_word' id='word_1_24' title='bbox 3177 365 3362 420; x_wconf 69' lang='lat' dir='ltr'><strong>caeteri</strong></span> <span class='ocrx_word' id='word_1_25' title='bbox 3409 380 3472 419; x_wconf 81' lang='lat' dir='ltr'><strong>ex</strong></span> <span class='ocrx_word' id='word_1_26' title='bbox 3513 365 3612 421; x_wconf 89' lang='lat' dir='ltr'><strong>illo</strong></span> 
     </span>
    </p>
   </div>
   <div class='ocr_carea' id='block_1_5' title="bbox 310 444 1912 520">
    <p class='ocr_par' dir='ltr' id='par_1_5' title="bbox 310 444 1912 520">
     <span class='ocr_line' id='line_1_5' title="bbox 310 444 1912 520; baseline 0.004 -19"><span class='ocrx_word' id='word_1_27' title='bbox 310 444 622 504; x_wconf 80' lang='lat' dir='ltr'><strong>lodiendam</strong></span> <span class='ocrx_word' id='word_1_28' title='bbox 656 458 1007 515; x_wconf 74' lang='lat' dir='ltr'><strong>censuerant,</strong></span> <span class='ocrx_word' id='word_1_29' title='bbox 1042 459 1170 506; x_wconf 88' lang='lat' dir='ltr'><strong>sunt</strong></span> <span class='ocrx_word' id='word_1_30' title='bbox 1198 452 1348 505; x_wconf 87' lang='lat' dir='ltr'><strong>stulti</strong></span> <span class='ocrx_word' id='word_1_31' title='bbox 1378 451 1531 510; x_wconf 84' lang='lat' dir='ltr'><strong>dicti.</strong></span> <span class='ocrx_word' id='word_1_32' title='bbox 1561 461 1766 520; x_wconf 73' lang='lat' dir='ltr'><strong>(manto</strong></span> <span class='ocrx_word' id='word_1_33' title='bbox 1799 468 1912 507; x_wconf 81' lang='lat' dir='ltr'><strong>ma-</strong></span> 
     </span>
    </p>
   </div>
   <div class='ocr_carea' id='block_1_6' title="bbox 307 541 1912 615">
    <p class='ocr_par' dir='ltr' id='par_1_6' title="bbox 307 541 1912 615">
     <span class='ocr_line' id='line_1_6' title="bbox 307 541 1912 615; baseline 0.002 -19"><span class='ocrx_word' id='word_1_34' title='bbox 307 541 392 612; x_wconf 83' lang='lat' dir='ltr'><strong>gis</strong></span> <span class='ocrx_word' id='word_1_35' title='bbox 422 551 476 596; x_wconf 92' lang='lat' dir='ltr'><strong>tu</strong></span> <span class='ocrx_word' id='word_1_36' title='bbox 505 542 670 612; x_wconf 91' lang='lat' dir='ltr'><strong>digne</strong></span> <span class='ocrx_word' id='word_1_37' title='bbox 696 541 898 598; x_wconf 84' lang='lat' dir='ltr'><strong>diceris</strong></span> <span class='ocrx_word' id='word_1_38' title='bbox 927 544 1144 609; x_wconf 88' lang='lat' dir='ltr'><strong>stultus,</strong></span> <span class='ocrx_word' id='word_1_39' title='bbox 1172 546 1263 615; x_wconf 90' lang='lat' dir='ltr'><strong>qui</strong></span> <span class='ocrx_word' id='word_1_40' title='bbox 1290 545 1433 598; x_wconf 85' lang='lat' dir='ltr'><strong>unici</strong></span> <span class='ocrx_word' id='word_1_41' title='bbox 1468 545 1564 598; x_wconf 67' lang='lat' dir='ltr'><strong>Dei</strong></span> <span class='ocrx_word' id='word_1_42' title='bbox 1595 544 1715 600; x_wconf 84' lang='lat' dir='ltr'><strong>Filii</strong></span> <span class='ocrx_word' id='word_1_43' title='bbox 1745 561 1912 612; x_wconf 77' lang='lat' dir='ltr'><strong>nega-</strong></span> 
     </span>
    </p>
   </div>
   <div class='ocr_carea' id='block_1_7' title="bbox 311 637 1912 708">
    <p class='ocr_par' dir='ltr' id='par_1_7' title="bbox 311 637 1912 708">
     <span class='ocr_line' id='line_1_7' title="bbox 311 637 1912 708; baseline 0.001 -17"><span class='ocrx_word' id='word_1_44' title='bbox 311 646 398 692; x_wconf 89' lang='lat' dir='ltr'><strong>tor</strong></span> <span class='ocrx_word' id='word_1_45' title='bbox 450 637 770 692; x_wconf 79' lang='lat' dir='ltr'><strong>exstiteris!</strong></span> <span class='ocrx_word' id='word_1_46' title='bbox 825 638 958 704; x_wconf 83' lang='lat' dir='ltr'><strong>Quia</strong></span> <span class='ocrx_word' id='word_1_47' title='bbox 1003 638 1178 693; x_wconf 86' lang='lat' dir='ltr'><strong>dicam</strong></span> <span class='ocrx_word' id='word_1_48' title='bbox 1217 639 1332 703; x_wconf 88' lang='lat' dir='ltr'><strong>tibi,</strong></span> <span class='ocrx_word' id='word_1_49' title='bbox 1367 637 1526 708; x_wconf 84' lang='lat' dir='ltr'><strong>Eripe</strong></span> <span class='ocrx_word' id='word_1_50' title='bbox 1552 648 1600 692; x_wconf 79' lang='lat' dir='ltr'><strong>te</strong></span> <span class='ocrx_word' id='word_1_51' title='bbox 1638 657 1667 692; x_wconf 88' lang='lat' dir='ltr'><strong>a</strong></span> <span class='ocrx_word' id='word_1_52' title='bbox 1698 639 1912 693; x_wconf 81' lang='lat' dir='ltr'><strong>canibus</strong></span> 
     </span>
    </p>
   </div>
   <div class='ocr_carea' id='block_1_8' title="bbox 307 727 1912 804">
    <p class='ocr_par' dir='ltr' id='par_1_8' title="bbox 307 727 1912 804">
     <span class='ocr_line' id='line_1_8' title="bbox 307 727 1912 804; baseline 0.002 -22"><span class='ocrx_word' id='word_1_53' title='bbox 307 727 503 782; x_wconf 78' lang='lat' dir='ltr'><strong>rabidis</strong></span> <span class='ocrx_word' id='word_1_54' title='bbox 524 728 752 795; x_wconf 86' lang='lat' dir='ltr'><strong>Arionis,</strong></span> <span class='ocrx_word' id='word_1_55' title='bbox 783 729 900 784; x_wconf 84' lang='lat' dir='ltr'><strong>dole</strong></span> <span class='ocrx_word' id='word_1_56' title='bbox 921 730 1010 784; x_wconf 89' lang='lat' dir='ltr'><strong>tibi</strong></span> <span class='ocrx_word' id='word_1_57' title='bbox 1033 730 1172 800; x_wconf 88' lang='lat' dir='ltr'><strong>quod</strong></span> <span class='ocrx_word' id='word_1_58' title='bbox 1192 731 1401 786; x_wconf 83' lang='lat' dir='ltr'><strong>illarum</strong></span> <span class='ocrx_word' id='word_1_59' title='bbox 1419 732 1646 804; x_wconf 83' lang='lat' dir='ltr'><strong>maligno</strong></span> <span class='ocrx_word' id='word_1_60' title='bbox 1668 730 1912 786; x_wconf 64' lang='lat' dir='ltr'><strong>horrcndo</strong></span> 
     </span>
    </p>
   </div>
   <div class='ocr_carea' id='block_1_9' title="bbox 307 822 1908 894">
    <p class='ocr_par' dir='ltr' id='par_1_9' title="bbox 307 822 1908 894">
     <span class='ocr_line' id='line_1_9' title="bbox 307 822 1908 894; baseline 0.001 -16"><span class='ocrx_word' id='word_1_61' title='bbox 307 822 526 878; x_wconf 87' lang='lat' dir='ltr'><strong>concilio</strong></span> <span class='ocrx_word' id='word_1_62' title='bbox 557 833 604 876; x_wconf 81' lang='lat' dir='ltr'><strong>et</strong></span> <span class='ocrx_word' id='word_1_63' title='bbox 624 824 732 892; x_wconf 81' lang='lat' dir='ltr'><strong>ipse</strong></span> <span class='ocrx_word' id='word_1_64' title='bbox 752 823 897 877; x_wconf 87' lang='lat' dir='ltr'><strong>canis</strong></span> <span class='ocrx_word' id='word_1_65' title='bbox 925 826 1092 894; x_wconf 78' lang='lat' dir='ltr'><strong>factus</strong></span> <span class='ocrx_word' id='word_1_66' title='bbox 1113 825 1206 888; x_wconf 87' lang='lat' dir='ltr'><strong>sis,</strong></span> <span class='ocrx_word' id='word_1_67' title='bbox 1230 834 1610 881; x_wconf 89' lang='lat' dir='ltr'><strong>contumacem</strong></span> <span class='ocrx_word' id='word_1_68' title='bbox 1637 839 1722 880; x_wconf 91' lang='lat' dir='ltr'><strong>me</strong></span> <span class='ocrx_word' id='word_1_69' title='bbox 1748 824 1908 891; x_wconf 91' lang='lat' dir='ltr'><strong>dicis;</strong></span> 
     </span>
    </p>
   </div>
   <div class='ocr_carea' id='block_1_10' title="bbox 306 917 1913 992">
    <p class='ocr_par' dir='ltr' id='par_1_10' title="bbox 306 917 1913 992">
     <span class='ocr_line' id='line_1_10' title="bbox 306 917 1913 992; baseline 0.002 -20"><span class='ocrx_word' id='word_1_70' title='bbox 306 917 400 977; x_wconf 90' lang='lat' dir='ltr'><strong>sed</strong></span> <span class='ocrx_word' id='word_1_71' title='bbox 432 917 679 974; x_wconf 75' lang='lat' dir='ltr'><strong>fortassis</strong></span> <span class='ocrx_word' id='word_1_72' title='bbox 707 918 931 988; x_wconf 78' lang='lat' dir='ltr'><strong>ignoras</strong></span> <span class='ocrx_word' id='word_1_73' title='bbox 957 919 1108 974; x_wconf 84' lang='lat' dir='ltr'><strong>unici</strong></span> <span class='ocrx_word' id='word_1_74' title='bbox 1137 919 1234 976; x_wconf 86' lang='lat' dir='ltr'><strong>Dei</strong></span> <span class='ocrx_word' id='word_1_75' title='bbox 1261 920 1384 977; x_wconf 88' lang='lat' dir='ltr'><strong>Filii</strong></span> <span class='ocrx_word' id='word_1_76' title='bbox 1415 931 1706 992; x_wconf 74' lang='lat' dir='ltr'><strong>negatores</strong></span> <span class='ocrx_word' id='word_1_77' title='bbox 1735 920 1913 976; x_wconf 86' lang='lat' dir='ltr'><strong>dictos</strong></span> 
     </span>
    </p>
   </div>
   <div class='ocr_carea' id='block_1_11' title="bbox 305 1012 1908 1086">
    <p class='ocr_par' dir='ltr' id='par_1_11' title="bbox 305 1012 1908 1086">
     <span class='ocr_line' id='line_1_11' title="bbox 305 1012 1908 1086; baseline 0.001 -19"><span class='ocrx_word' id='word_1_78' title='bbox 305 1026 494 1078; x_wconf 88' lang='lat' dir='ltr'><strong>canes,</strong></span> <span class='ocrx_word' id='word_1_79' title='bbox 515 1012 694 1067; x_wconf 91' lang='lat' dir='ltr'><strong>dictos</strong></span> <span class='ocrx_word' id='word_1_80' title='bbox 722 1023 908 1068; x_wconf 87' lang='lat' dir='ltr'><strong>tauros</strong></span> <span class='ocrx_word' id='word_1_81' title='bbox 929 1013 1182 1086; x_wconf 85' lang='lat' dir='ltr'><strong>pingues,</strong></span> <span class='ocrx_word' id='word_1_82' title='bbox 1208 1015 1388 1072; x_wconf 87' lang='lat' dir='ltr'><strong>dictos</strong></span> <span class='ocrx_word' id='word_1_83' title='bbox 1408 1016 1551 1071; x_wconf 89' lang='lat' dir='ltr'><strong>lilios</strong></span> <span class='ocrx_word' id='word_1_84' title='bbox 1577 1015 1908 1085; x_wconf 70' lang='lat' dir='ltr'><strong>iniquitatis,</strong></span> 
     </span>
    </p>
   </div>
   <div class='ocr_carea' id='block_1_12' title="bbox 304 1104 1914 1179">
    <p class='ocr_par' dir='ltr' id='par_1_12' title="bbox 304 1104 1914 1179">
     <span class='ocr_line' id='line_1_12' title="bbox 304 1104 1914 1179; baseline 0.001 -19"><span class='ocrx_word' id='word_1_85' title='bbox 304 1119 492 1160; x_wconf 88' lang='lat' dir='ltr'><strong>semen</strong></span> <span class='ocrx_word' id='word_1_86' title='bbox 528 1104 834 1165; x_wconf 84' lang='lat' dir='ltr'><strong>adulterum</strong></span> <span class='ocrx_word' id='word_1_87' title='bbox 869 1116 922 1162; x_wconf 89' lang='lat' dir='ltr'><strong>et</strong></span> <span class='ocrx_word' id='word_1_88' title='bbox 946 1109 1272 1176; x_wconf 89' lang='lat' dir='ltr'><strong>meretricis,</strong></span> <span class='ocrx_word' id='word_1_89' title='bbox 1310 1109 1452 1163; x_wconf 90' lang='lat' dir='ltr'><strong>ﬁlios</strong></span> <span class='ocrx_word' id='word_1_90' title='bbox 1479 1109 1826 1179; x_wconf 87' lang='lat' dir='ltr'><strong>perditionis,</strong></span> <span class='ocrx_word' id='word_1_91' title='bbox 1858 1115 1914 1163; x_wconf 87' lang='lat' dir='ltr'><strong>et</strong></span> 
     </span>
    </p>
   </div>
   <div class='ocr_carea' id='block_1_13' title="bbox 303 1199 1909 1272">
    <p class='ocr_par' dir='ltr' id='par_1_13' title="bbox 303 1199 1909 1272">
     <span class='ocr_line' id='line_1_13' title="bbox 303 1199 1909 1272; baseline 0.004 -20"><span class='ocrx_word' id='word_1_92' title='bbox 303 1212 495 1255; x_wconf 89' lang='lat' dir='ltr'><strong>semen</strong></span> <span class='ocrx_word' id='word_1_93' title='bbox 529 1199 796 1270; x_wconf 87' lang='lat' dir='ltr'><strong>iniquum.</strong></span> <span class='ocrx_word' id='word_1_94' title='bbox 831 1199 886 1255; x_wconf 90' lang='lat' dir='ltr'><strong>Si</strong></span> <span class='ocrx_word' id='word_1_95' title='bbox 920 1201 1102 1272; x_wconf 80' lang='lat' dir='ltr'><strong>l&#39;ugitis</strong></span> <span class='ocrx_word' id='word_1_96' title='bbox 1131 1210 1156 1237; x_wconf 72' lang='grc' dir='ltr'>α</span> <span class='ocrx_word' id='word_1_97' title='bbox 1187 1202 1256 1256; x_wconf 87' lang='lat' dir='ltr'><strong>ita</strong></span> <span class='ocrx_word' id='word_1_98' title='bbox 1292 1203 1564 1259; x_wconf 82' lang='lat' dir='ltr'><strong>vocitatos</strong></span> <span class='ocrx_word' id='word_1_99' title='bbox 1590 1217 1686 1257; x_wconf 85' lang='lat' dir='ltr'><strong>vos</strong></span> <span class='ocrx_word' id='word_1_100' title='bbox 1714 1219 1746 1257; x_wconf 88' lang='lat' dir='ltr'><strong>a</strong></span> <span class='ocrx_word' id='word_1_101' title='bbox 1777 1203 1909 1270; x_wconf 87' lang='lat' dir='ltr'><strong>Deo,</strong></span> 
     </span>
    </p>
   </div>
   <div class='ocr_carea' id='block_1_14' title="bbox 303 1287 1915 1364">
    <p class='ocr_par' dir='ltr' id='par_1_14' title="bbox 303 1287 1915 1364">
     <span class='ocr_line' id='line_1_14' title="bbox 303 1287 1915 1364; baseline 0.003 -19"><span class='ocrx_word' id='word_1_102' title='bbox 303 1287 434 1345; x_wconf 87' lang='lat' dir='ltr'><strong>audi</strong></span> <span class='ocrx_word' id='word_1_103' title='bbox 467 1305 564 1360; x_wconf 86' lang='lat' dir='ltr'><strong>per</strong></span> <span class='ocrx_word' id='word_1_104' title='bbox 590 1290 805 1348; x_wconf 81' lang='lat' dir='ltr'><strong>Esaiam</strong></span> <span class='ocrx_word' id='word_1_105' title='bbox 831 1289 1008 1361; x_wconf 86' lang='lat' dir='ltr'><strong>ipsum</strong></span> <span class='ocrx_word' id='word_1_106' title='bbox 1031 1291 1310 1348; x_wconf 80' lang='lat' dir='ltr'><strong>dicentem</strong></span> <span class='ocrx_word' id='word_1_107' title='bbox 1340 1294 1406 1348; x_wconf 86' lang='lat' dir='ltr'><strong>ad</strong></span> <span class='ocrx_word' id='word_1_108' title='bbox 1436 1293 1915 1364; x_wconf 87' lang='lat' dir='ltr'><strong>comblaspbemos</strong></span> 
     </span>
    </p>
   </div>
   <div class='ocr_carea' id='block_1_15' title="bbox 308 1382 1913 1458">
    <p class='ocr_par' dir='ltr' id='par_1_15' title="bbox 308 1382 1913 1458">
     <span class='ocr_line' id='line_1_15' title="bbox 308 1382 1913 1458; baseline 0.002 -20"><span class='ocrx_word' id='word_1_109' title='bbox 308 1390 430 1438; x_wconf 90' lang='lat' dir='ltr'><strong>tuos</strong></span> <span class='ocrx_word' id='word_1_110' title='bbox 457 1382 678 1438; x_wconf 75' lang='lat' dir='ltr'><strong>.ludzeos</strong></span> <span class='ocrx_word' id='word_1_111' title='bbox 714 1403 724 1436; x_wconf 86' lang='lat'>:</span> <span class='ocrx_word' id='word_1_112' title='bbox 757 1383 994 1438; x_wconf 79' lang='lat' dir='ltr'><strong>Accedite</strong></span> <span class='ocrx_word' id='word_1_113' title='bbox 1019 1385 1139 1448; x_wconf 89' lang='lat' dir='ltr'><strong>huc,</strong></span> <span class='ocrx_word' id='word_1_114' title='bbox 1172 1384 1304 1442; x_wconf 86' lang='lat' dir='ltr'><strong>Filii</strong></span> <span class='ocrx_word' id='word_1_115' title='bbox 1344 1387 1634 1458; x_wconf 84' lang='lat' dir='ltr'><strong>iniquitatis</strong></span> <span class='ocrx_word' id='word_1_116' title='bbox 1655 1386 1702 1453; x_wconf 79' lang='grc' dir='ltr'><strong>ι),</strong></span> <span class='ocrx_word' id='word_1_117' title='bbox 1743 1404 1913 1443; x_wconf 81' lang='lat' dir='ltr'><strong>semen</strong></span> 
     </span>
    </p>
   </div>
   <div class='ocr_carea' id='block_1_16' title="bbox 308 1475 1912 1548">
    <p class='ocr_par' dir='ltr' id='par_1_16' title="bbox 308 1475 1912 1548">
     <span class='ocr_line' id='line_1_16' title="bbox 308 1475 1912 1548; baseline 0.004 -18"><span class='ocrx_word' id='word_1_118' title='bbox 308 1475 608 1530; x_wconf 87' lang='lat' dir='ltr'><strong>adulterum</strong></span> <span class='ocrx_word' id='word_1_119' title='bbox 638 1487 684 1530; x_wconf 92' lang='lat' dir='ltr'><strong>et</strong></span> <span class='ocrx_word' id='word_1_120' title='bbox 713 1478 1013 1532; x_wconf 75' lang='lat' dir='ltr'><strong>meretricis.</strong></span> <span class='ocrx_word' id='word_1_121' title='bbox 1050 1476 1117 1531; x_wconf 89' lang='lat' dir='ltr'><strong>In</strong></span> <span class='ocrx_word' id='word_1_122' title='bbox 1146 1495 1245 1548; x_wconf 85' lang='lat' dir='ltr'><strong>quo</strong></span> <span class='ocrx_word' id='word_1_123' title='bbox 1282 1479 1515 1534; x_wconf 80' lang='lat' dir='ltr'><strong>delectati</strong></span> <span class='ocrx_word' id='word_1_124' title='bbox 1557 1493 1576 1518; x_wconf 76' lang='grc' dir='ltr'><em>ε</em></span> <span class='ocrx_word' id='word_1_125' title='bbox 1611 1481 1752 1545; x_wconf 81' lang='lat' dir='ltr'><strong>estis,</strong></span> <span class='ocrx_word' id='word_1_126' title='bbox 1788 1484 1912 1537; x_wconf 87' lang='lat' dir='ltr'><strong>etin</strong></span> 
     </span>
    </p>
   </div>
   <div class='ocr_carea' id='block_1_17' title="bbox 308 1569 1912 1643">
    <p class='ocr_par' dir='ltr' id='par_1_17' title="bbox 308 1569 1912 1643">
     <span class='ocr_line' id='line_1_17' title="bbox 308 1569 1912 1643; baseline 0.005 -21"><span class='ocrx_word' id='word_1_127' title='bbox 308 1585 458 1640; x_wconf 84' lang='lat' dir='ltr'><strong>quem</strong></span> <span class='ocrx_word' id='word_1_128' title='bbox 486 1569 758 1641; x_wconf 86' lang='lat' dir='ltr'><strong>aperuistis</strong></span> <span class='ocrx_word' id='word_1_129' title='bbox 786 1587 842 1624; x_wconf 89' lang='lat' dir='ltr'><strong>os</strong></span> <span class='ocrx_word' id='word_1_130' title='bbox 870 1581 1092 1624; x_wconf 81' lang='lat' dir='ltr'><strong>uestrum</strong></span> <span class='ocrx_word' id='word_1_131' title='bbox 1109 1612 1124 1637; x_wconf 94' lang='lat'><strong>,</strong></span> <span class='ocrx_word' id='word_1_132' title='bbox 1147 1582 1193 1624; x_wconf 84' lang='lat' dir='ltr'><strong>et</strong></span> <span class='ocrx_word' id='word_1_133' title='bbox 1222 1572 1464 1627; x_wconf 77' lang='lat' dir='ltr'><strong>adversus</strong></span> <span class='ocrx_word' id='word_1_134' title='bbox 1488 1590 1638 1643; x_wconf 70' lang='lat' dir='ltr'><strong>(litem</strong></span> <span class='ocrx_word' id='word_1_135' title='bbox 1664 1575 1912 1630; x_wconf 85' lang='lat' dir='ltr'><strong>immisis-</strong></span> 
     </span>
    </p>
   </div>
   <div class='ocr_carea' id='block_1_18' title="bbox 311 1663 1910 1736">
    <p class='ocr_par' dir='ltr' id='par_1_18' title="bbox 311 1663 1910 1736">
     <span class='ocr_line' id='line_1_18' title="bbox 311 1663 1910 1736; baseline 0.004 -22"><span class='ocrx_word' id='word_1_136' title='bbox 311 1663 378 1717; x_wconf 87' lang='lat' dir='ltr'><strong>tis</strong></span> <span class='ocrx_word' id='word_1_137' title='bbox 403 1664 633 1734; x_wconf 73' lang='lat' dir='ltr'><strong>linguam</strong></span> <span class='ocrx_word' id='word_1_138' title='bbox 660 1672 882 1717; x_wconf 81' lang='lat' dir='ltr'><strong>vestram</strong></span> <span class='ocrx_word' id='word_1_139' title='bbox 903 1664 929 1716; x_wconf 82' lang='lat'><strong><em>?</em></strong></span> <span class='ocrx_word' id='word_1_140' title='bbox 969 1679 1138 1718; x_wconf 88' lang='lat' dir='ltr'><strong>nonne</strong></span> <span class='ocrx_word' id='word_1_141' title='bbox 1176 1679 1264 1717; x_wconf 80' lang='lat' dir='ltr'><strong>vos</strong></span> <span class='ocrx_word' id='word_1_142' title='bbox 1295 1666 1412 1718; x_wconf 81' lang='lat' dir='ltr'><strong>est-is</strong></span> <span class='ocrx_word' id='word_1_143' title='bbox 1455 1665 1557 1735; x_wconf 81' lang='lat' dir='ltr'><strong>filii</strong></span> <span class='ocrx_word' id='word_1_144' title='bbox 1587 1666 1910 1736; x_wconf 78' lang='lat' dir='ltr'><strong>perditionis,</strong></span> 
     </span>
    </p>
   </div>
   <div class='ocr_carea' id='block_1_19' title="bbox 2013 447 3613 530">
    <p class='ocr_par' dir='ltr' id='par_1_19' title="bbox 2013 447 3613 530">
     <span class='ocr_line' id='line_1_19' title="bbox 2013 447 3613 530; baseline 0.008 -28"><span class='ocrx_word' id='word_1_145' title='bbox 2013 447 2220 517; x_wconf 89' lang='lat' dir='ltr'><strong>perﬁdo</strong></span> <span class='ocrx_word' id='word_1_146' title='bbox 2249 450 2465 518; x_wconf 89' lang='lat' dir='ltr'><strong>populo.</strong></span> <span class='ocrx_word' id='word_1_147' title='bbox 2494 450 2627 517; x_wconf 85' lang='lat' dir='ltr'><strong>Quia</strong></span> <span class='ocrx_word' id='word_1_148' title='bbox 2662 452 2836 508; x_wconf 86' lang='lat' dir='ltr'><strong>dicam</strong></span> <span class='ocrx_word' id='word_1_149' title='bbox 2864 456 2995 509; x_wconf 86' lang='lat' dir='ltr'><strong>tibi:</strong></span> <span class='ocrx_word' id='word_1_150' title='bbox 3021 454 3243 526; x_wconf 87' lang='lat' dir='ltr'><strong>Eripete</strong></span> <span class='ocrx_word' id='word_1_151' title='bbox 3267 475 3299 510; x_wconf 93' lang='lat' dir='ltr'><strong>a</strong></span> <span class='ocrx_word' id='word_1_152' title='bbox 3319 459 3613 530; x_wconf 85' lang='lat' dir='ltr'><strong>malignan-</strong></span> 
     </span>
    </p>
   </div>
   <div class='ocr_carea' id='block_1_20' title="bbox 2014 541 3608 621">
    <p class='ocr_par' dir='ltr' id='par_1_20' title="bbox 2014 541 3608 621">
     <span class='ocr_line' id='line_1_20' title="bbox 2014 541 3608 621; baseline 0.008 -26"><span class='ocrx_word' id='word_1_153' title='bbox 2014 541 2142 595; x_wconf 87' lang='lat' dir='ltr'><strong>tium</strong></span> <span class='ocrx_word' id='word_1_154' title='bbox 2171 543 2409 610; x_wconf 84' lang='lat' dir='ltr'><strong>concilio,</strong></span> <span class='ocrx_word' id='word_1_155' title='bbox 2459 543 2649 600; x_wconf 88' lang='lat' dir='ltr'><strong>videor</strong></span> <span class='ocrx_word' id='word_1_156' title='bbox 2689 561 2814 602; x_wconf 80' lang='lat' dir='ltr'><strong>esse</strong></span> <span class='ocrx_word' id='word_1_157' title='bbox 2859 548 2956 602; x_wconf 86' lang='lat' dir='ltr'><strong>tibi</strong></span> <span class='ocrx_word' id='word_1_158' title='bbox 2986 551 3439 608; x_wconf 87' lang='lat' dir='ltr'><strong>contumeliosus.</strong></span> <span class='ocrx_word' id='word_1_159' title='bbox 3496 552 3608 621; x_wconf 82' lang='lat' dir='ltr'><strong>Qua</strong></span> 
     </span>
    </p>
   </div>
   <div class='ocr_carea' id='block_1_21' title="bbox 2013 632 3609 713">
    <p class='ocr_par' dir='ltr' id='par_1_21' title="bbox 2013 632 3609 713">
     <span class='ocr_line' id='line_1_21' title="bbox 2013 632 3609 713; baseline 0.005 -25"><span class='ocrx_word' id='word_1_160' title='bbox 2013 632 2082 689; x_wconf 91' lang='lat' dir='ltr'><strong>de</strong></span> <span class='ocrx_word' id='word_1_161' title='bbox 2113 635 2205 689; x_wconf 78' lang='lat' dir='ltr'><strong>re?</strong></span> <span class='ocrx_word' id='word_1_162' title='bbox 2239 651 2433 706; x_wconf 82' lang='lat' dir='ltr'><strong>nempe</strong></span> <span class='ocrx_word' id='word_1_163' title='bbox 2459 638 2583 709; x_wconf 87' lang='lat' dir='ltr'><strong>quia</strong></span> <span class='ocrx_word' id='word_1_164' title='bbox 2614 639 2872 708; x_wconf 88' lang='lat' dir='ltr'><strong>proﬁtear</strong></span> <span class='ocrx_word' id='word_1_165' title='bbox 2908 648 2994 697; x_wconf 76' lang='lat' dir='ltr'><strong>nte</strong></span> <span class='ocrx_word' id='word_1_166' title='bbox 3031 641 3402 698; x_wconf 81' lang='lat' dir='ltr'><strong>Christianum</strong></span> <span class='ocrx_word' id='word_1_167' title='bbox 3432 687 3444 707; x_wconf 94' lang='lat'><strong>,</strong></span> <span class='ocrx_word' id='word_1_168' title='bbox 3487 645 3609 713; x_wconf 82' lang='lat' dir='ltr'><strong>quia</strong></span> 
     </span>
    </p>
   </div>
   <div class='ocr_carea' id='block_1_22' title="bbox 2014 727 3616 806">
    <p class='ocr_par' dir='ltr' id='par_1_22' title="bbox 2014 727 3616 806">
     <span class='ocr_line' id='line_1_22' title="bbox 2014 727 3616 806; baseline 0.008 -27"><span class='ocrx_word' id='word_1_169' title='bbox 2014 727 2283 782; x_wconf 87' lang='lat' dir='ltr'><strong>uoluerim</strong></span> <span class='ocrx_word' id='word_1_170' title='bbox 2323 729 2703 801; x_wconf 82' lang='lat' dir='ltr'><strong>derelinquere</strong></span> <span class='ocrx_word' id='word_1_171' title='bbox 2742 731 2936 800; x_wconf 89' lang='lat' dir='ltr'><strong>Deum,</strong></span> <span class='ocrx_word' id='word_1_172' title='bbox 2980 744 3032 788; x_wconf 94' lang='lat' dir='ltr'><strong>et</strong></span> <span class='ocrx_word' id='word_1_173' title='bbox 3060 734 3212 790; x_wconf 87' lang='lat' dir='ltr'><strong>abire</strong></span> <span class='ocrx_word' id='word_1_174' title='bbox 3239 746 3361 806; x_wconf 87' lang='lat' dir='ltr'><strong>post</strong></span> <span class='ocrx_word' id='word_1_175' title='bbox 3387 736 3616 792; x_wconf 89' lang='lat' dir='ltr'><strong>idolola-</strong></span> 
     </span>
    </p>
   </div>
   <div class='ocr_carea' id='block_1_23' title="bbox 2014 820 3617 904">
    <p class='ocr_par' dir='ltr' id='par_1_23' title="bbox 2014 820 3617 904">
     <span class='ocr_line' id='line_1_23' title="bbox 2014 820 3617 904; baseline 0.009 -30"><span class='ocrx_word' id='word_1_176' title='bbox 2014 820 2167 875; x_wconf 84' lang='lat' dir='ltr'><strong>triam</strong></span> <span class='ocrx_word' id='word_1_177' title='bbox 2203 832 2372 877; x_wconf 87' lang='lat' dir='ltr'><strong>tuam.</strong></span> <span class='ocrx_word' id='word_1_178' title='bbox 2401 823 2518 877; x_wconf 87' lang='lat' dir='ltr'><strong>Non</strong></span> <span class='ocrx_word' id='word_1_179' title='bbox 2555 839 2654 878; x_wconf 88' lang='lat' dir='ltr'><strong>uos</strong></span> <span class='ocrx_word' id='word_1_180' title='bbox 2678 826 2907 895; x_wconf 87' lang='lat' dir='ltr'><strong>primum</strong></span> <span class='ocrx_word' id='word_1_181' title='bbox 2930 830 3315 885; x_wconf 84' lang='lat' dir='ltr'><strong>contumeliosi</strong></span> <span class='ocrx_word' id='word_1_182' title='bbox 3336 845 3617 904; x_wconf 76' lang='lat' dir='ltr'><strong>acsuper-</strong></span> 
     </span>
    </p>
   </div>
   <div class='ocr_carea' id='block_1_24' title="bbox 2012 911 3611 990">
    <p class='ocr_par' dir='ltr' id='par_1_24' title="bbox 2012 911 3611 990">
     <span class='ocr_line' id='line_1_24' title="bbox 2012 911 3611 990; baseline 0.006 -22"><span class='ocrx_word' id='word_1_183' title='bbox 2012 911 2068 968; x_wconf 82' lang='lat' dir='ltr'><strong>bi</strong></span> <span class='ocrx_word' id='word_1_184' title='bbox 2095 928 2128 966; x_wconf 89' lang='lat' dir='ltr'><strong>a</strong></span> <span class='ocrx_word' id='word_1_185' title='bbox 2155 913 2306 969; x_wconf 82' lang='lat' dir='ltr'><strong>vobis</strong></span> <span class='ocrx_word' id='word_1_186' title='bbox 2341 913 2474 970; x_wconf 68' lang='lat' dir='ltr'><strong>dicti.</strong></span> <span class='ocrx_word' id='word_1_187' title='bbox 2519 931 2708 973; x_wconf 86' lang='lat' dir='ltr'><strong>sumus</strong></span> <span class='ocrx_word' id='word_1_188' title='bbox 2758 919 3081 990; x_wconf 79' lang='lat' dir='ltr'><strong>sacrilegis;</strong></span> <span class='ocrx_word' id='word_1_189' title='bbox 3131 921 3260 977; x_wconf 89' lang='lat' dir='ltr'><strong>dicti</strong></span> <span class='ocrx_word' id='word_1_190' title='bbox 3305 932 3430 978; x_wconf 90' lang='lat' dir='ltr'><strong>sunt</strong></span> <span class='ocrx_word' id='word_1_191' title='bbox 3466 926 3611 978; x_wconf 89' lang='lat' dir='ltr'><strong>enim</strong></span> 
     </span>
    </p>
   </div>
   <div class='ocr_carea' id='block_1_25' title="bbox 2014 1008 3618 1082">
    <p class='ocr_par' dir='ltr' id='par_1_25' title="bbox 2014 1008 3618 1082">
     <span class='ocr_line' id='line_1_25' title="bbox 2014 1008 3618 1082; baseline 0.005 -18"><span class='ocrx_word' id='word_1_192' title='bbox 2014 1008 2180 1064; x_wconf 84' lang='lat' dir='ltr'><strong>etiam</strong></span> <span class='ocrx_word' id='word_1_193' title='bbox 2205 1008 2284 1062; x_wconf 88' lang='lat' dir='ltr'><strong>illi</strong></span> <span class='ocrx_word' id='word_1_194' title='bbox 2315 1010 2518 1076; x_wconf 84' lang='lat' dir='ltr'><strong>cuncti,</strong></span> <span class='ocrx_word' id='word_1_195' title='bbox 2547 1011 2639 1082; x_wconf 83' lang='lat' dir='ltr'><strong>qui</strong></span> <span class='ocrx_word' id='word_1_196' title='bbox 2661 1013 2984 1068; x_wconf 81' lang='lat' dir='ltr'><strong>restiterunt-</strong></span> <span class='ocrx_word' id='word_1_197' title='bbox 3012 1013 3243 1071; x_wconf 78' lang='lat' dir='ltr'><strong>funestis</strong></span> <span class='ocrx_word' id='word_1_198' title='bbox 3268 1015 3464 1072; x_wconf 88' lang='lat' dir='ltr'><strong>edictis</strong></span> <span class='ocrx_word' id='word_1_199' title='bbox 3485 1032 3618 1072; x_wconf 87' lang='lat' dir='ltr'><strong>con-</strong></span> 
     </span>
    </p>
   </div>
   <div class='ocr_carea' id='block_1_26' title="bbox 2016 1102 3614 1177">
    <p class='ocr_par' dir='ltr' id='par_1_26' title="bbox 2016 1102 3614 1177">
     <span class='ocr_line' id='line_1_26' title="bbox 2016 1102 3614 1177; baseline 0.006 -24"><span class='ocrx_word' id='word_1_200' title='bbox 2016 1111 2368 1172; x_wconf 82' lang='lat' dir='ltr'><strong>tyraunorum</strong></span> <span class='ocrx_word' id='word_1_201' title='bbox 2402 1111 2641 1157; x_wconf 87' lang='lat' dir='ltr'><strong>tuorum.</strong></span> <span class='ocrx_word' id='word_1_202' title='bbox 2679 1103 2752 1160; x_wconf 85' lang='lat' dir='ltr'><strong>Ut</strong></span> <span class='ocrx_word' id='word_1_203' title='bbox 2781 1114 2834 1160; x_wconf 90' lang='lat' dir='ltr'><strong>et</strong></span> <span class='ocrx_word' id='word_1_204' title='bbox 2861 1102 2890 1142; x_wconf 71' lang='grc' dir='ltr'><strong>ιι</strong></span> <span class='ocrx_word' id='word_1_205' title='bbox 2915 1115 3146 1161; x_wconf 61' lang='lat' dir='ltr'><strong>caeteros</strong></span> <span class='ocrx_word' id='word_1_206' title='bbox 3191 1116 3512 1177; x_wconf 55' lang='lat' dir='ltr'><strong>pra‘teream</strong></span> <span class='ocrx_word' id='word_1_207' title='bbox 3561 1111 3614 1164; x_wconf 91' lang='lat' dir='ltr'><strong>in</strong></span> 
     </span>
    </p>
   </div>
   <div class='ocr_carea' id='block_1_27' title="bbox 2015 1194 3617 1257">
    <p class='ocr_par' dir='ltr' id='par_1_27' title="bbox 2015 1194 3617 1257">
     <span class='ocr_line' id='line_1_27' title="bbox 2015 1194 3617 1257; baseline 0.005 -10"><span class='ocrx_word' id='word_1_208' title='bbox 2015 1194 2256 1248; x_wconf 84' lang='lat' dir='ltr'><strong>clausula</strong></span> <span class='ocrx_word' id='word_1_209' title='bbox 2284 1195 2572 1257; x_wconf 86' lang='lat' dir='ltr'><strong>orationis,</strong></span> <span class='ocrx_word' id='word_1_210' title='bbox 2607 1195 2674 1250; x_wconf 88' lang='lat' dir='ltr'><strong>ad</strong></span> <span class='ocrx_word' id='word_1_211' title='bbox 2705 1197 2880 1251; x_wconf 88' lang='lat' dir='ltr'><strong>solum</strong></span> <span class='ocrx_word' id='word_1_212' title='bbox 2913 1197 3112 1253; x_wconf 87' lang='lat' dir='ltr'><strong>iterum</strong></span> <span class='ocrx_word' id='word_1_213' title='bbox 3146 1215 3232 1253; x_wconf 89' lang='lat' dir='ltr'><strong>me</strong></span> <span class='ocrx_word' id='word_1_214' title='bbox 3266 1210 3470 1254; x_wconf 79' lang='lat' dir='ltr'><strong>vertam</strong></span> <span class='ocrx_word' id='word_1_215' title='bbox 3507 1202 3617 1255; x_wconf 86' lang='lat' dir='ltr'><strong>Au-</strong></span> 
     </span>
    </p>
   </div>
   <div class='ocr_carea' id='block_1_28' title="bbox 2016 1285 3617 1357">
    <p class='ocr_par' dir='ltr' id='par_1_28' title="bbox 2016 1285 3617 1357">
     <span class='ocr_line' id='line_1_28' title="bbox 2016 1285 3617 1357; baseline 0.006 -19"><span class='ocrx_word' id='word_1_216' title='bbox 2016 1285 2256 1340; x_wconf 88' lang='lat' dir='ltr'><strong>tiocbum</strong></span> <span class='ocrx_word' id='word_1_217' title='bbox 2290 1301 2489 1357; x_wconf 81' lang='lat' dir='ltr'><strong>regem.</strong></span> <span class='ocrx_word' id='word_1_218' title='bbox 2540 1286 2898 1347; x_wconf 83' lang='lat' dir='ltr'><strong>J-mlieabatne</strong></span> <span class='ocrx_word' id='word_1_219' title='bbox 2936 1289 3257 1346; x_wconf 86' lang='lat' dir='ltr'><strong>resistentes</strong></span> <span class='ocrx_word' id='word_1_220' title='bbox 3287 1289 3392 1345; x_wconf 87' lang='lat' dir='ltr'><strong>sibi</strong></span> <span class='ocrx_word' id='word_1_221' title='bbox 3423 1302 3617 1347; x_wconf 90' lang='lat' dir='ltr'><strong>contu-</strong></span> 
     </span>
    </p>
   </div>
   <div class='ocr_carea' id='block_1_29' title="bbox 2017 1377 3621 1454">
    <p class='ocr_par' dir='ltr' id='par_1_29' title="bbox 2017 1377 3621 1454">
     <span class='ocr_line' id='line_1_29' title="bbox 2017 1377 3621 1454; baseline 0.007 -25"><span class='ocrx_word' id='word_1_222' title='bbox 2017 1377 2274 1432; x_wconf 81' lang='lat' dir='ltr'><strong>meliosns</strong></span> <span class='ocrx_word' id='word_1_223' title='bbox 2315 1378 2580 1448; x_wconf 88' lang='lat' dir='ltr'><strong>superbos</strong></span> <span class='ocrx_word' id='word_1_224' title='bbox 2629 1393 2798 1434; x_wconf 82' lang='lat' dir='ltr'><strong>necne</strong></span> <span class='ocrx_word' id='word_1_225' title='bbox 2820 1381 2846 1434; x_wconf 68' lang='grc' dir='ltr'><strong>ἲ</strong></span> <span class='ocrx_word' id='word_1_226' title='bbox 2888 1381 3020 1436; x_wconf 90' lang='lat' dir='ltr'><strong>Sine</strong></span> <span class='ocrx_word' id='word_1_227' title='bbox 3044 1382 3236 1448; x_wconf 85' lang='lat' dir='ltr'><strong>dubio,</strong></span> <span class='ocrx_word' id='word_1_228' title='bbox 3270 1385 3393 1454; x_wconf 84' lang='lat' dir='ltr'><strong>quia</strong></span> <span class='ocrx_word' id='word_1_229' title='bbox 3426 1395 3621 1442; x_wconf 76' lang='lat' dir='ltr'><strong>contu-</strong></span> 
     </span>
    </p>
   </div>
   <div class='ocr_carea' id='block_1_30' title="bbox 2017 1470 3619 1546">
    <p class='ocr_par' dir='ltr' id='par_1_30' title="bbox 2017 1470 3619 1546">
     <span class='ocr_line' id='line_1_30' title="bbox 2017 1470 3619 1546; baseline 0.009 -22"><span class='ocrx_word' id='word_1_230' title='bbox 2017 1470 2273 1525; x_wconf 85' lang='lat' dir='ltr'><strong>meliosos</strong></span> <span class='ocrx_word' id='word_1_231' title='bbox 2293 1472 2560 1541; x_wconf 82' lang='lat' dir='ltr'><strong>superbos</strong></span> <span class='ocrx_word' id='word_1_232' title='bbox 2577 1473 3044 1530; x_wconf 78' lang='lat' dir='ltr'><strong>illosexistimarit</strong></span> <span class='ocrx_word' id='word_1_233' title='bbox 3069 1476 3254 1546; x_wconf 78' lang='lat' dir='ltr'><strong>fuisse,</strong></span> <span class='ocrx_word' id='word_1_234' title='bbox 3280 1481 3370 1534; x_wconf 90' lang='lat' dir='ltr'><strong>tali</strong></span> <span class='ocrx_word' id='word_1_235' title='bbox 3387 1490 3469 1536; x_wconf 89' lang='lat' dir='ltr'><strong>est</strong></span> <span class='ocrx_word' id='word_1_236' title='bbox 3491 1497 3586 1537; x_wconf 91' lang='lat' dir='ltr'><strong>cru</strong></span> <span class='ocrx_word' id='word_1_237' title='bbox 3603 1514 3619 1525; x_wconf 85' lang='lat'><strong>-</strong></span> 
     </span>
    </p>
   </div>
   <div class='ocr_carea' id='block_1_31' title="bbox 2017 1562 3617 1644">
    <p class='ocr_par' dir='ltr' id='par_1_31' title="bbox 2017 1562 3617 1644">
     <span class='ocr_line' id='line_1_31' title="bbox 2017 1562 3617 1644; baseline 0.009 -28"><span class='ocrx_word' id='word_1_238' title='bbox 2017 1562 2238 1619; x_wconf 87' lang='lat' dir='ltr'><strong>delitate</strong></span> <span class='ocrx_word' id='word_1_239' title='bbox 2265 1565 2376 1620; x_wconf 92' lang='lat' dir='ltr'><strong>Deo</strong></span> <span class='ocrx_word' id='word_1_240' title='bbox 2429 1567 2637 1622; x_wconf 84' lang='lat' dir='ltr'><strong>dicatos</strong></span> <span class='ocrx_word' id='word_1_241' title='bbox 2675 1568 2740 1623; x_wconf 88' lang='lat' dir='ltr'><strong>ad</strong></span> <span class='ocrx_word' id='word_1_242' title='bbox 2791 1580 3028 1626; x_wconf 82' lang='lat' dir='ltr'><strong>mortem</strong></span> <span class='ocrx_word' id='word_1_243' title='bbox 3061 1587 3231 1642; x_wconf 87' lang='lat' dir='ltr'><strong>usque</strong></span> <span class='ocrx_word' id='word_1_244' title='bbox 3273 1585 3617 1644; x_wconf 90' lang='lat' dir='ltr'><strong>persecutus.</strong></span> 
     </span>
    </p>
   </div>
   <div class='ocr_carea' id='block_1_32' title="bbox 2017 1655 3618 1739">
    <p class='ocr_par' dir='ltr' id='par_1_32' title="bbox 2017 1655 3618 1739">
     <span class='ocr_line' id='line_1_32' title="bbox 2017 1655 3618 1739; baseline 0.009 -29"><span class='ocrx_word' id='word_1_245' title='bbox 2017 1655 2209 1712; x_wconf 82' lang='lat' dir='ltr'><strong>Restat</strong></span> <span class='ocrx_word' id='word_1_246' title='bbox 2235 1673 2366 1729; x_wconf 86' lang='lat' dir='ltr'><strong>ergo</strong></span> <span class='ocrx_word' id='word_1_247' title='bbox 2397 1671 2453 1713; x_wconf 93' lang='lat' dir='ltr'><strong>ut</strong></span> <span class='ocrx_word' id='word_1_248' title='bbox 2482 1660 2672 1716; x_wconf 88' lang='lat' dir='ltr'><strong>videas</strong></span> <span class='ocrx_word' id='word_1_249' title='bbox 2703 1677 2831 1732; x_wconf 59' lang='lat' dir='ltr'><strong>quas</strong></span> <span class='ocrx_word' id='word_1_250' title='bbox 2859 1662 3036 1719; x_wconf 84' lang='lat' dir='ltr'><strong>adhuc</strong></span> <span class='ocrx_word' id='word_1_251' title='bbox 3071 1679 3238 1734; x_wconf 87' lang='lat' dir='ltr'><strong>super</strong></span> <span class='ocrx_word' id='word_1_252' title='bbox 3283 1668 3374 1721; x_wconf 89' lang='lat' dir='ltr'><strong>illa</strong></span> <span class='ocrx_word' id='word_1_253' title='bbox 3397 1711 3411 1732; x_wconf 92' lang='lat'><strong>,</strong></span> <span class='ocrx_word' id='word_1_254' title='bbox 3457 1685 3618 1739; x_wconf 86' lang='lat' dir='ltr'><strong>quem</strong></span> 
     </span>
    </p>
   </div>
   <div class='ocr_carea' id='block_1_33' title="bbox 309 1748 1916 1848">
    <p class='ocr_par' dir='ltr' id='par_1_33' title="bbox 309 1755 1916 1828">
     <span class='ocr_line' id='line_1_33' title="bbox 309 1755 1916 1828; baseline 0.002 -17"><span class='ocrx_word' id='word_1_255' title='bbox 309 1773 479 1812; x_wconf 81' lang='lat' dir='ltr'><strong>semen</strong></span> <span class='ocrx_word' id='word_1_256' title='bbox 516 1756 751 1828; x_wconf 86' lang='lat' dir='ltr'><strong>iniquum</strong></span> <span class='ocrx_word' id='word_1_257' title='bbox 801 1755 901 1827; x_wconf 83' lang='lat' dir='ltr'><strong>(ls.</strong></span> <span class='ocrx_word' id='word_1_258' title='bbox 931 1772 1056 1823; x_wconf 83' lang='lat' dir='ltr'><strong>Lvn,</strong></span> <span class='ocrx_word' id='word_1_259' title='bbox 1107 1757 1200 1824; x_wconf 74' lang='lat'><strong>5)?</strong></span> <span class='ocrx_word' id='word_1_260' title='bbox 1233 1757 1299 1812; x_wconf 85' lang='lat' dir='ltr'><strong>Et</strong></span> <span class='ocrx_word' id='word_1_261' title='bbox 1344 1759 1451 1814; x_wconf 89' lang='lat' dir='ltr'><strong>alio</strong></span> <span class='ocrx_word' id='word_1_262' title='bbox 1507 1759 1626 1814; x_wconf 90' lang='lat' dir='ltr'><strong>loco</strong></span> <span class='ocrx_word' id='word_1_263' title='bbox 1662 1777 1674 1814; x_wconf 90' lang='lat'>:</span> <span class='ocrx_word' id='word_1_264' title='bbox 1735 1757 1916 1814; x_wconf 82' lang='lat' dir='ltr'><strong>Videte</strong></span> 
     </span>
    </p>
   </div>
   <div class='ocr_carea' id='block_1_34' title="bbox 2023 1748 3623 1848">
    <p class='ocr_par' dir='ltr' id='par_1_34' title="bbox 2023 1748 3623 1823">
     <span class='ocr_line' id='line_1_34' title="bbox 2023 1748 3623 1823; baseline 0.011 -23"><span class='ocrx_word' id='word_1_265' title='bbox 2023 1748 2125 1819; x_wconf 81' lang='lat' dir='ltr'><strong>iam</strong></span> <span class='ocrx_word' id='word_1_266' title='bbox 2154 1753 2456 1820; x_wconf 73' lang='lat' dir='ltr'><strong>cognovisti</strong></span> <span class='ocrx_word' id='word_1_267' title='bbox 2485 1796 2502 1819; x_wconf 86' lang='lat'><strong>,</strong></span> <span class='ocrx_word' id='word_1_268' title='bbox 2530 1755 2776 1823; x_wconf 76' lang='lat' dir='ltr'><strong>gesserit</strong></span> <span class='ocrx_word' id='word_1_269' title='bbox 2796 1755 3130 1822; x_wconf 75' lang='lat' dir='ltr'><strong>Antiochus;</strong></span> <span class='ocrx_word' id='word_1_270' title='bbox 3171 1767 3225 1813; x_wconf 89' lang='lat' dir='ltr'><strong>et</strong></span> <span class='ocrx_word' id='word_1_271' title='bbox 3250 1760 3294 1813; x_wconf 91' lang='lat' dir='ltr'><strong>si</strong></span> <span class='ocrx_word' id='word_1_272' title='bbox 3324 1761 3446 1816; x_wconf 88' lang='lat' dir='ltr'><strong>illos</strong></span> <span class='ocrx_word' id='word_1_273' title='bbox 3474 1773 3623 1817; x_wconf 76' lang='lat' dir='ltr'><strong>recte</strong></span> 
     </span>
    </p>
   </div>
   <div class='ocr_carea' id='block_1_35' title="bbox 311 1847 1908 1921">
    <p class='ocr_par' dir='ltr' id='par_1_35' title="bbox 311 1847 1908 1921">
     <span class='ocr_line' id='line_1_35' title="bbox 311 1847 1908 1921; baseline 0.001 -19"><span class='ocrx_word' id='word_1_274' title='bbox 311 1851 432 1920; x_wconf 82' lang='lat' dir='ltr'><strong>quia</strong></span> <span class='ocrx_word' id='word_1_275' title='bbox 458 1847 484 1886; x_wconf 72' lang='grc' dir='ltr'><strong>ἀ</strong></span> <span class='ocrx_word' id='word_1_276' title='bbox 515 1850 690 1903; x_wconf 86' lang='lat' dir='ltr'><strong>omnia</strong></span> <span class='ocrx_word' id='word_1_277' title='bbox 714 1859 980 1904; x_wconf 71' lang='lat' dir='ltr'><strong>exerceam</strong></span> <span class='ocrx_word' id='word_1_278' title='bbox 1011 1859 1152 1915; x_wconf 79' lang='lat' dir='ltr'><strong>sunt,</strong></span> <span class='ocrx_word' id='word_1_279' title='bbox 1188 1867 1287 1904; x_wconf 88' lang='lat' dir='ltr'><strong>non</strong></span> <span class='ocrx_word' id='word_1_280' title='bbox 1321 1860 1670 1921; x_wconf 81' lang='lat' dir='ltr'><strong>cognouerunt</strong></span> <span class='ocrx_word' id='word_1_281' title='bbox 1691 1865 1872 1921; x_wconf 81' lang='lat' dir='ltr'><strong>sapere</strong></span> <span class='ocrx_word' id='word_1_282' title='bbox 1895 1891 1908 1914; x_wconf 96' lang='lat'><strong>,</strong></span> 
     </span>
    </p>
   </div>
   <div class='ocr_carea' id='block_1_36' title="bbox 311 1945 1913 2016">
    <p class='ocr_par' dir='ltr' id='par_1_36' title="bbox 311 1945 1913 2016">
     <span class='ocr_line' id='line_1_36' title="bbox 311 1945 1913 2016; baseline -0.001 -18"><span class='ocrx_word' id='word_1_283' title='bbox 311 1960 487 1999; x_wconf 82' lang='lat' dir='ltr'><strong>omnes</strong></span> <span class='ocrx_word' id='word_1_284' title='bbox 507 1960 660 1998; x_wconf 87' lang='lat' dir='ltr'><strong>canes</strong></span> <span class='ocrx_word' id='word_1_285' title='bbox 683 1945 832 2009; x_wconf 86' lang='lat' dir='ltr'><strong>muti,</strong></span> <span class='ocrx_word' id='word_1_286' title='bbox 860 1946 947 2016; x_wconf 85' lang='lat' dir='ltr'><strong>qui</strong></span> <span class='ocrx_word' id='word_1_287' title='bbox 967 1961 1068 1997; x_wconf 87' lang='lat' dir='ltr'><strong>non</strong></span> <span class='ocrx_word' id='word_1_288' title='bbox 1096 1953 1374 2012; x_wconf 84' lang='lat' dir='ltr'><strong>potuerunt</strong></span> <span class='ocrx_word' id='word_1_289' title='bbox 1402 1945 1612 2013; x_wconf 87' lang='lat' dir='ltr'><strong>latrare,</strong></span> <span class='ocrx_word' id='word_1_290' title='bbox 1646 1945 1913 1999; x_wconf 86' lang='lat' dir='ltr'><strong>somnian-</strong></span> 
     </span>
    </p>
   </div>
   <div class='ocr_carea' id='block_1_37' title="bbox 313 2038 1916 2107">
    <p class='ocr_par' dir='ltr' id='par_1_37' title="bbox 313 2038 1916 2107">
     <span class='ocr_line' id='line_1_37' title="bbox 313 2038 1916 2107; baseline 0 -15"><span class='ocrx_word' id='word_1_291' title='bbox 313 2049 384 2092; x_wconf 69' lang='lat' dir='ltr'><strong>tes</strong></span> <span class='ocrx_word' id='word_1_292' title='bbox 412 2039 464 2092; x_wconf 89' lang='lat' dir='ltr'><strong>in</strong></span> <span class='ocrx_word' id='word_1_293' title='bbox 497 2038 662 2093; x_wconf 81' lang='lat' dir='ltr'><strong>cubile</strong></span> <span class='ocrx_word' id='word_1_294' title='bbox 695 2050 740 2106; x_wconf 65' lang='grc' dir='ltr'><strong>θ,</strong></span> <span class='ocrx_word' id='word_1_295' title='bbox 772 2049 1000 2094; x_wconf 82' lang='lat' dir='ltr'><strong>amantes</strong></span> <span class='ocrx_word' id='word_1_296' title='bbox 1037 2039 1317 2094; x_wconf 86' lang='lat' dir='ltr'><strong>dormitare</strong></span> <span class='ocrx_word' id='word_1_297' title='bbox 1349 2055 1368 2094; x_wconf 90' lang='lat'><strong><em>:</em></strong></span> <span class='ocrx_word' id='word_1_298' title='bbox 1415 2049 1461 2094; x_wconf 87' lang='lat' dir='ltr'><strong>et</strong></span> <span class='ocrx_word' id='word_1_299' title='bbox 1503 2055 1654 2093; x_wconf 70' lang='lat' dir='ltr'><strong>canes</strong></span> <span class='ocrx_word' id='word_1_300' title='bbox 1694 2039 1916 2107; x_wconf 78' lang='lat' dir='ltr'><strong>improbi</strong></span> 
     </span>
    </p>
   </div>
   <div class='ocr_carea' id='block_1_38' title="bbox 319 2131 1920 2201">
    <p class='ocr_par' dir='ltr' id='par_1_38' title="bbox 319 2131 1920 2201">
     <span class='ocr_line' id='line_1_38' title="bbox 319 2131 1920 2201; baseline -0.001 -13"><span class='ocrx_word' id='word_1_301' title='bbox 319 2131 550 2188; x_wconf 71' lang='lat' dir='ltr'><strong>fanima:</strong></span> <span class='ocrx_word' id='word_1_302' title='bbox 593 2133 870 2187; x_wconf 80' lang='lat' dir='ltr'><strong>nescientes</strong></span> <span class='ocrx_word' id='word_1_303' title='bbox 913 2133 1238 2197; x_wconf 79' lang='lat' dir='ltr'><strong>satietatem,</strong></span> <span class='ocrx_word' id='word_1_304' title='bbox 1281 2142 1330 2186; x_wconf 89' lang='lat' dir='ltr'><strong>et</strong></span> <span class='ocrx_word' id='word_1_305' title='bbox 1381 2145 1501 2188; x_wconf 79' lang='lat' dir='ltr'><strong>sum</strong></span> <span class='ocrx_word' id='word_1_306' title='bbox 1553 2150 1773 2201; x_wconf 66' lang='lat' dir='ltr'><strong>nequam</strong></span> <span class='ocrx_word' id='word_1_307' title='bbox 1830 2149 1920 2186; x_wconf 83' lang='lat' dir='ltr'><strong>ne-</strong></span> 
     </span>
    </p>
   </div>
   <div class='ocr_carea' id='block_1_39' title="bbox 313 2224 1912 2298">
    <p class='ocr_par' dir='ltr' id='par_1_39' title="bbox 313 2224 1912 2298">
     <span class='ocr_line' id='line_1_39' title="bbox 313 2224 1912 2298; baseline -0.003 -16"><span class='ocrx_word' id='word_1_308' title='bbox 313 2229 530 2282; x_wconf 82' lang='lat' dir='ltr'><strong>scientes</strong></span> <span class='ocrx_word' id='word_1_309' title='bbox 561 2228 903 2294; x_wconf 82' lang='lat' dir='ltr'><strong>intellectum,</strong></span> <span class='ocrx_word' id='word_1_310' title='bbox 951 2244 1125 2283; x_wconf 80' lang='lat' dir='ltr'><strong>omnes</strong></span> <span class='ocrx_word' id='word_1_311' title='bbox 1153 2229 1264 2282; x_wconf 81' lang='lat' dir='ltr'><strong>uias</strong></span> <span class='ocrx_word' id='word_1_312' title='bbox 1294 2243 1415 2281; x_wconf 84' lang='lat' dir='ltr'><strong>suas</strong></span> <span class='ocrx_word' id='word_1_313' title='bbox 1448 2229 1611 2281; x_wconf 83' lang='lat' dir='ltr'><strong>secuti</strong></span> <span class='ocrx_word' id='word_1_314' title='bbox 1646 2236 1764 2280; x_wconf 87' lang='lat' dir='ltr'><strong>sunt</strong></span> <span class='ocrx_word' id='word_1_315' title='bbox 1806 2224 1912 2298; x_wconf 89' lang='lat' dir='ltr'><strong>(Ib.</strong></span> 
     </span>
    </p>
   </div>
   <div class='ocr_carea' id='block_1_40' title="bbox 316 2319 1922 2390">
    <p class='ocr_par' dir='ltr' id='par_1_40' title="bbox 316 2319 1922 2390">
     <span class='ocr_line' id='line_1_40' title="bbox 316 2319 1922 2390; baseline -0.002 -14"><span class='ocrx_word' id='word_1_316' title='bbox 316 2336 423 2385; x_wconf 82' lang='lat' dir='ltr'><strong>LVI,</strong></span> <span class='ocrx_word' id='word_1_317' title='bbox 458 2321 568 2386; x_wconf 76' lang='grc'><strong>10).</strong></span> <span class='ocrx_word' id='word_1_318' title='bbox 615 2321 716 2389; x_wconf 83' lang='lat' dir='ltr'><strong>Qui</strong></span> <span class='ocrx_word' id='word_1_319' title='bbox 780 2319 836 2374; x_wconf 85' lang='lat' dir='ltr'><strong>hi</strong></span> <span class='ocrx_word' id='word_1_320' title='bbox 895 2329 1024 2374; x_wconf 87' lang='lat' dir='ltr'><strong>sunt</strong></span> <span class='ocrx_word' id='word_1_321' title='bbox 1083 2319 1147 2374; x_wconf 85' lang='lat' dir='ltr'><strong>ad</strong></span> <span class='ocrx_word' id='word_1_322' title='bbox 1184 2335 1321 2390; x_wconf 91' lang='lat' dir='ltr'><strong>quos</strong></span> <span class='ocrx_word' id='word_1_323' title='bbox 1361 2319 1514 2386; x_wconf 74' lang='lat' dir='ltr'><strong>hmc,</strong></span> <span class='ocrx_word' id='word_1_324' title='bbox 1566 2320 1650 2373; x_wconf 79' lang='lat' dir='ltr'><strong>vel</strong></span> <span class='ocrx_word' id='word_1_325' title='bbox 1697 2328 1922 2389; x_wconf 59' lang='lat' dir='ltr'><strong>propter</strong></span> 
     </span>
    </p>
   </div>
   <div class='ocr_carea' id='block_1_41' title="bbox 313 2411 1919 2486">
    <p class='ocr_par' dir='ltr' id='par_1_41' title="bbox 313 2411 1919 2486">
     <span class='ocr_line' id='line_1_41' title="bbox 313 2411 1919 2486; baseline -0.004 -14"><span class='ocrx_word' id='word_1_326' title='bbox 313 2429 447 2486; x_wconf 87' lang='lat' dir='ltr'><strong>quos</strong></span> <span class='ocrx_word' id='word_1_327' title='bbox 479 2413 778 2470; x_wconf 83' lang='lat' dir='ltr'><strong>dicantur?</strong></span> <span class='ocrx_word' id='word_1_328' title='bbox 805 2427 1001 2483; x_wconf 88' lang='lat' dir='ltr'><strong>nempe</strong></span> <span class='ocrx_word' id='word_1_329' title='bbox 1033 2412 1115 2469; x_wconf 91' lang='lat' dir='ltr'><strong>illi</strong></span> <span class='ocrx_word' id='word_1_330' title='bbox 1160 2427 1300 2481; x_wconf 87' lang='lat' dir='ltr'><strong>quos</strong></span> <span class='ocrx_word' id='word_1_331' title='bbox 1348 2413 1400 2467; x_wconf 90' lang='lat' dir='ltr'><strong>in</strong></span> <span class='ocrx_word' id='word_1_332' title='bbox 1439 2411 1704 2467; x_wconf 71' lang='lat' dir='ltr'><strong>vicesimo</strong></span> <span class='ocrx_word' id='word_1_333' title='bbox 1743 2413 1919 2482; x_wconf 76' lang='lat' dir='ltr'><strong>primo</strong></span> 
     </span>
    </p>
   </div>
   <div class='ocr_carea' id='block_1_42' title="bbox 316 2503 1916 2575">
    <p class='ocr_par' dir='ltr' id='par_1_42' title="bbox 316 2503 1916 2575">
     <span class='ocr_line' id='line_1_42' title="bbox 316 2503 1916 2575; baseline -0.001 -16"><span class='ocrx_word' id='word_1_334' title='bbox 316 2506 528 2575; x_wconf 80' lang='lat' dir='ltr'><strong>psalmo</strong></span> <span class='ocrx_word' id='word_1_335' title='bbox 553 2506 764 2560; x_wconf 86' lang='lat' dir='ltr'><strong>incusat</strong></span> <span class='ocrx_word' id='word_1_336' title='bbox 793 2505 985 2560; x_wconf 83' lang='lat' dir='ltr'><strong>unicus</strong></span> <span class='ocrx_word' id='word_1_337' title='bbox 1018 2506 1108 2559; x_wconf 73' lang='lat' dir='ltr'><strong>llei</strong></span> <span class='ocrx_word' id='word_1_338' title='bbox 1142 2505 1314 2558; x_wconf 86' lang='lat' dir='ltr'><strong>Filius</strong></span> <span class='ocrx_word' id='word_1_339' title='bbox 1346 2520 1440 2557; x_wconf 85' lang='lat' dir='ltr'><strong>ore</strong></span> <span class='ocrx_word' id='word_1_340' title='bbox 1472 2503 1642 2557; x_wconf 83' lang='lat' dir='ltr'><strong>David</strong></span> <span class='ocrx_word' id='word_1_341' title='bbox 1683 2503 1872 2558; x_wconf 85' lang='lat' dir='ltr'><strong>dicens</strong></span> <span class='ocrx_word' id='word_1_342' title='bbox 1903 2521 1916 2558; x_wconf 89' lang='lat'><strong>:</strong></span> 
     </span>
    </p>
   </div>
   <div class='ocr_carea' id='block_1_43' title="bbox 318 2596 1909 2668">
    <p class='ocr_par' dir='ltr' id='par_1_43' title="bbox 318 2596 1909 2668">
     <span class='ocr_line' id='line_1_43' title="bbox 318 2596 1909 2668; baseline -0.004 -13"><span class='ocrx_word' id='word_1_343' title='bbox 318 2597 778 2655; x_wconf 81' lang='lat' dir='ltr'><strong>Circumdedmmt</strong></span> <span class='ocrx_word' id='word_1_344' title='bbox 801 2615 881 2652; x_wconf 89' lang='lat' dir='ltr'><strong>me</strong></span> <span class='ocrx_word' id='word_1_345' title='bbox 909 2599 1056 2653; x_wconf 72' lang='lat' dir='ltr'><strong>vituli</strong></span> <span class='ocrx_word' id='word_1_346' title='bbox 1099 2598 1266 2663; x_wconf 87' lang='lat' dir='ltr'><strong>multi,</strong></span> <span class='ocrx_word' id='word_1_347' title='bbox 1299 2599 1436 2650; x_wconf 85' lang='lat' dir='ltr'><strong>tauri</strong></span> <span class='ocrx_word' id='word_1_348' title='bbox 1463 2597 1675 2668; x_wconf 83' lang='lat' dir='ltr'><strong>pingues</strong></span> <span class='ocrx_word' id='word_1_349' title='bbox 1705 2596 1909 2650; x_wconf 80' lang='lat' dir='ltr'><strong>obsede-</strong></span> 
     </span>
    </p>
   </div>
   <div class='ocr_carea' id='block_1_44' title="bbox 317 2689 1919 2759">
    <p class='ocr_par' dir='ltr' id='par_1_44' title="bbox 317 2689 1919 2759">
     <span class='ocr_line' id='line_1_44' title="bbox 317 2689 1919 2759; baseline -0.001 -15"><span class='ocrx_word' id='word_1_350' title='bbox 317 2701 442 2746; x_wconf 75' lang='lat' dir='ltr'><strong>runt</strong></span> <span class='ocrx_word' id='word_1_351' title='bbox 464 2709 562 2745; x_wconf 81' lang='lat' dir='ltr'><strong>me.</strong></span> <span class='ocrx_word' id='word_1_352' title='bbox 588 2692 930 2759; x_wconf 54' lang='lat' dir='ltr'><strong>Assenserunt-</strong></span> <span class='ocrx_word' id='word_1_353' title='bbox 956 2692 1016 2744; x_wconf 71' lang='lat' dir='ltr'><strong>in</strong></span> <span class='ocrx_word' id='word_1_354' title='bbox 1047 2706 1128 2743; x_wconf 77' lang='lat' dir='ltr'><strong>me</strong></span> <span class='ocrx_word' id='word_1_355' title='bbox 1155 2707 1210 2743; x_wconf 87' lang='lat' dir='ltr'><strong>os</strong></span> <span class='ocrx_word' id='word_1_356' title='bbox 1237 2706 1408 2750; x_wconf 59' lang='lat' dir='ltr'><strong>suam,</strong></span> <span class='ocrx_word' id='word_1_357' title='bbox 1439 2690 1578 2743; x_wconf 80' lang='lat' dir='ltr'><strong>sicut</strong></span> <span class='ocrx_word' id='word_1_358' title='bbox 1603 2690 1682 2743; x_wconf 88' lang='lat' dir='ltr'><strong>leo</strong></span> <span class='ocrx_word' id='word_1_359' title='bbox 1713 2689 1919 2758; x_wconf 83' lang='lat' dir='ltr'><strong>rapiens</strong></span> 
     </span>
    </p>
   </div>
   <div class='ocr_carea' id='block_1_45' title="bbox 319 2780 1921 2855">
    <p class='ocr_par' dir='ltr' id='par_1_45' title="bbox 319 2780 1921 2855">
     <span class='ocr_line' id='line_1_45' title="bbox 319 2780 1921 2855; baseline -0.001 -17"><span class='ocrx_word' id='word_1_360' title='bbox 319 2795 364 2838; x_wconf 84' lang='lat' dir='ltr'><strong>et</strong></span> <span class='ocrx_word' id='word_1_361' title='bbox 389 2786 592 2855; x_wconf 83' lang='lat' dir='ltr'><strong>rugiens</strong></span> <span class='ocrx_word' id='word_1_362' title='bbox 617 2783 736 2855; x_wconf 88' lang='lat' dir='ltr'><strong>(Ps.</strong></span> <span class='ocrx_word' id='word_1_363' title='bbox 769 2801 882 2851; x_wconf 71' lang='grc' dir='ltr'><strong>χχι,</strong></span> <span class='ocrx_word' id='word_1_364' title='bbox 915 2785 1025 2854; x_wconf 78' lang='grc'><strong>15).</strong></span> <span class='ocrx_word' id='word_1_365' title='bbox 1053 2781 1118 2838; x_wconf 86' lang='grc' dir='ltr'>Ει</span> <span class='ocrx_word' id='word_1_366' title='bbox 1151 2782 1326 2838; x_wconf 81' lang='lat' dir='ltr'><strong>infra:</strong></span> <span class='ocrx_word' id='word_1_367' title='bbox 1353 2780 1814 2836; x_wconf 84' lang='lat' dir='ltr'><strong>Circumdederunt</strong></span> <span class='ocrx_word' id='word_1_368' title='bbox 1841 2798 1921 2836; x_wconf 89' lang='lat' dir='ltr'><strong>me</strong></span> 
     </span>
    </p>
   </div>
   <div class='ocr_carea' id='block_1_46' title="bbox 319 2874 1912 2946">
    <p class='ocr_par' dir='ltr' id='par_1_46' title="bbox 319 2874 1912 2946">
     <span class='ocr_line' id='line_1_46' title="bbox 319 2874 1912 2946; baseline -0.001 -18"><span class='ocrx_word' id='word_1_369' title='bbox 319 2892 470 2930; x_wconf 87' lang='lat' dir='ltr'><strong>canes</strong></span> <span class='ocrx_word' id='word_1_370' title='bbox 494 2877 662 2939; x_wconf 84' lang='lat' dir='ltr'><strong>multi,</strong></span> <span class='ocrx_word' id='word_1_371' title='bbox 695 2876 969 2930; x_wconf 86' lang='lat' dir='ltr'><strong>concilium</strong></span> <span class='ocrx_word' id='word_1_372' title='bbox 1009 2875 1405 2946; x_wconf 84' lang='lat' dir='ltr'><strong>malignantinm</strong></span> <span class='ocrx_word' id='word_1_373' title='bbox 1440 2875 1634 2930; x_wconf 79' lang='lat' dir='ltr'><strong>obsedit</strong></span> <span class='ocrx_word' id='word_1_374' title='bbox 1675 2891 1794 2928; x_wconf 88' lang='lat' dir='ltr'><strong>me:</strong></span> <span class='ocrx_word' id='word_1_375' title='bbox 1835 2874 1912 2944; x_wconf 82' lang='grc' dir='ltr'><strong>[ο-</strong></span> 
     </span>
    </p>
   </div>
   <div class='ocr_carea' id='block_1_47' title="bbox 320 2966 1920 3039">
    <p class='ocr_par' dir='ltr' id='par_1_47' title="bbox 320 2966 1920 3039">
     <span class='ocr_line' id='line_1_47' title="bbox 320 2966 1920 3039; baseline 0 -17"><span class='ocrx_word' id='word_1_376' title='bbox 320 2968 504 3023; x_wconf 89' lang='lat' dir='ltr'><strong>derunt</strong></span> <span class='ocrx_word' id='word_1_377' title='bbox 528 2985 709 3022; x_wconf 87' lang='lat' dir='ltr'><strong>manus</strong></span> <span class='ocrx_word' id='word_1_378' title='bbox 737 2985 874 3024; x_wconf 87' lang='lat' dir='ltr'><strong>meas</strong></span> <span class='ocrx_word' id='word_1_379' title='bbox 906 2978 952 3021; x_wconf 81' lang='lat' dir='ltr'><strong>et</strong></span> <span class='ocrx_word' id='word_1_380' title='bbox 983 2966 1262 3039; x_wconf 85' lang='lat' dir='ltr'><strong>pedes(lb.</strong></span> <span class='ocrx_word' id='word_1_381' title='bbox 1301 2967 1410 3039; x_wconf 83' lang='grc' dir='ltr'><strong>Π).</strong></span> <span class='ocrx_word' id='word_1_382' title='bbox 1440 2977 1464 3014; x_wconf 77' lang='lat'><strong>8</strong></span> <span class='ocrx_word' id='word_1_383' title='bbox 1489 2967 1714 3035; x_wconf 79' lang='lat' dir='ltr'><strong>Quando</strong></span> <span class='ocrx_word' id='word_1_384' title='bbox 1740 2968 1920 3035; x_wconf 82' lang='lat' dir='ltr'><strong>itaque</strong></span> 
     </span>
    </p>
   </div>
   <div class='ocr_carea' id='block_1_48' title="bbox 321 3059 1916 3131">
    <p class='ocr_par' dir='ltr' id='par_1_48' title="bbox 321 3059 1916 3131">
     <span class='ocr_line' id='line_1_48' title="bbox 321 3059 1916 3131; baseline -0.001 -17"><span class='ocrx_word' id='word_1_385' title='bbox 321 3060 441 3115; x_wconf 92' lang='lat' dir='ltr'><strong>illos</strong></span> <span class='ocrx_word' id='word_1_386' title='bbox 471 3061 523 3115; x_wconf 92' lang='lat' dir='ltr'><strong>in</strong></span> <span class='ocrx_word' id='word_1_387' title='bbox 549 3059 837 3125; x_wconf 75' lang='lat' dir='ltr'><strong>sacrilegio</strong></span> <span class='ocrx_word' id='word_1_388' title='bbox 865 3061 1157 3131; x_wconf 85' lang='lat' dir='ltr'><strong>magistros</strong></span> <span class='ocrx_word' id='word_1_389' title='bbox 1183 3069 1302 3114; x_wconf 90' lang='lat' dir='ltr'><strong>tuos</strong></span> <span class='ocrx_word' id='word_1_390' title='bbox 1332 3059 1508 3114; x_wconf 88' lang='lat' dir='ltr'><strong>dictos</strong></span> <span class='ocrx_word' id='word_1_391' title='bbox 1533 3059 1725 3113; x_wconf 80' lang='lat' dir='ltr'><strong>vitulos</strong></span> <span class='ocrx_word' id='word_1_392' title='bbox 1753 3101 1766 3124; x_wconf 94' lang='lat'><strong>,</strong></span> <span class='ocrx_word' id='word_1_393' title='bbox 1798 3067 1916 3112; x_wconf 85' lang='lat' dir='ltr'><strong>tau-</strong></span> 
     </span>
    </p>
   </div>
   <div class='ocr_carea' id='block_1_49' title="bbox 2021 1841 3622 1915">
    <p class='ocr_par' dir='ltr' id='par_1_49' title="bbox 2021 1841 3622 1915">
     <span class='ocr_line' id='line_1_49' title="bbox 2021 1841 3622 1915; baseline 0.01 -22"><span class='ocrx_word' id='word_1_394' title='bbox 2021 1841 2222 1910; x_wconf 85' lang='lat' dir='ltr'><strong>poteris</strong></span> <span class='ocrx_word' id='word_1_395' title='bbox 2252 1842 2438 1899; x_wconf 87' lang='lat' dir='ltr'><strong>dicere</strong></span> <span class='ocrx_word' id='word_1_396' title='bbox 2465 1847 2730 1915; x_wconf 86' lang='lat' dir='ltr'><strong>superbos</strong></span> <span class='ocrx_word' id='word_1_397' title='bbox 2758 1845 2923 1902; x_wconf 81' lang='lat' dir='ltr'><strong>fuisse</strong></span> <span class='ocrx_word' id='word_1_398' title='bbox 2957 1849 3226 1905; x_wconf 79' lang='lat' dir='ltr'><strong>Autiorho</strong></span> <span class='ocrx_word' id='word_1_399' title='bbox 3257 1853 3622 1908; x_wconf 86' lang='lat' dir='ltr'><strong>contumelio-</strong></span> 
     </span>
    </p>
   </div>
   <div class='ocr_carea' id='block_1_50' title="bbox 2016 1936 3622 2014">
    <p class='ocr_par' dir='ltr' id='par_1_50' title="bbox 2016 1936 3622 2014">
     <span class='ocr_line' id='line_1_50' title="bbox 2016 1936 3622 2014; baseline 0.007 -26"><span class='ocrx_word' id='word_1_400' title='bbox 2016 1949 2128 2001; x_wconf 85' lang='lat' dir='ltr'><strong>sns,</strong></span> <span class='ocrx_word' id='word_1_401' title='bbox 2163 1936 2369 2004; x_wconf 69' lang='lat' dir='ltr'><strong>poteris</strong></span> <span class='ocrx_word' id='word_1_402' title='bbox 2398 1947 2450 1992; x_wconf 92' lang='lat' dir='ltr'><strong>et</strong></span> <span class='ocrx_word' id='word_1_403' title='bbox 2483 1953 2580 1993; x_wconf 90' lang='lat' dir='ltr'><strong>nos</strong></span> <span class='ocrx_word' id='word_1_404' title='bbox 2619 1937 2658 1990; x_wconf 79' lang='grc' dir='ltr'><strong>ί.</strong></span> <span class='ocrx_word' id='word_1_405' title='bbox 2695 1937 2825 1993; x_wconf 77' lang='lat' dir='ltr'><strong>Ha&#39;c</strong></span> <span class='ocrx_word' id='word_1_406' title='bbox 2846 1939 3049 1996; x_wconf 87' lang='lat' dir='ltr'><strong>etenim</strong></span> <span class='ocrx_word' id='word_1_407' title='bbox 3081 1951 3144 1996; x_wconf 32' lang='lat' dir='ltr'><strong>et.</strong></span> <span class='ocrx_word' id='word_1_408' title='bbox 3171 1960 3277 1998; x_wconf 78' lang='lat' dir='ltr'><strong>nos</strong></span> <span class='ocrx_word' id='word_1_409' title='bbox 3310 1947 3546 2014; x_wconf 85' lang='lat' dir='ltr'><strong>patimur</strong></span> <span class='ocrx_word' id='word_1_410' title='bbox 3593 1962 3622 1999; x_wconf 86' lang='lat' dir='ltr'><strong>a</strong></span> 
     </span>
    </p>
   </div>
   <div class='ocr_carea' id='block_1_51' title="bbox 2021 2031 3622 2102">
    <p class='ocr_par' dir='ltr' id='par_1_51' title="bbox 2021 2031 3622 2102">
     <span class='ocr_line' id='line_1_51' title="bbox 2021 2031 3622 2102; baseline 0.006 -19"><span class='ocrx_word' id='word_1_411' title='bbox 2021 2039 2093 2094; x_wconf 88' lang='lat' dir='ltr'><strong>te,</strong></span> <span class='ocrx_word' id='word_1_412' title='bbox 2126 2044 2246 2097; x_wconf 65' lang='lat' dir='ltr'><strong>qum</strong></span> <span class='ocrx_word' id='word_1_413' title='bbox 2297 2038 2428 2084; x_wconf 86' lang='lat' dir='ltr'><strong>sunt</strong></span> <span class='ocrx_word' id='word_1_414' title='bbox 2471 2040 2525 2085; x_wconf 92' lang='lat' dir='ltr'><strong>et</strong></span> <span class='ocrx_word' id='word_1_415' title='bbox 2567 2031 2644 2085; x_wconf 92' lang='lat' dir='ltr'><strong>illi</strong></span> <span class='ocrx_word' id='word_1_416' title='bbox 2675 2034 2919 2102; x_wconf 73' lang='lat' dir='ltr'><strong>perpessi</strong></span> <span class='ocrx_word' id='word_1_417' title='bbox 2967 2035 3036 2088; x_wconf 86' lang='lat' dir='ltr'><strong>ab</strong></span> <span class='ocrx_word' id='word_1_418' title='bbox 3069 2035 3376 2101; x_wconf 74' lang='lat' dir='ltr'><strong>Aut-incito;</strong></span> <span class='ocrx_word' id='word_1_419' title='bbox 3411 2037 3491 2092; x_wconf 88' lang='lat' dir='ltr'><strong>sic</strong></span> <span class='ocrx_word' id='word_1_420' title='bbox 3524 2052 3622 2092; x_wconf 90' lang='lat' dir='ltr'><strong>nos</strong></span> 
     </span>
    </p>
   </div>
   <div class='ocr_carea' id='block_1_52' title="bbox 2019 2123 3628 2198">
    <p class='ocr_par' dir='ltr' id='par_1_52' title="bbox 2019 2123 3628 2198">
     <span class='ocr_line' id='line_1_52' title="bbox 2019 2123 3628 2198; baseline 0.008 -25"><span class='ocrx_word' id='word_1_421' title='bbox 2019 2136 2209 2175; x_wconf 85' lang='lat' dir='ltr'><strong>sumus</strong></span> <span class='ocrx_word' id='word_1_422' title='bbox 2243 2123 2646 2192; x_wconf 86' lang='lat' dir='ltr'><strong>proclamantes</strong></span> <span class='ocrx_word' id='word_1_423' title='bbox 2691 2139 2786 2194; x_wconf 89' lang='lat' dir='ltr'><strong>pro</strong></span> <span class='ocrx_word' id='word_1_424' title='bbox 2818 2125 2924 2180; x_wconf 90' lang='lat' dir='ltr'><strong>ﬁde</strong></span> <span class='ocrx_word' id='word_1_425' title='bbox 2950 2167 2963 2191; x_wconf 92' lang='lat'><strong>,</strong></span> <span class='ocrx_word' id='word_1_426' title='bbox 3002 2143 3098 2196; x_wconf 88' lang='lat' dir='ltr'><strong>pro</strong></span> <span class='ocrx_word' id='word_1_427' title='bbox 3131 2128 3394 2198; x_wconf 79' lang='lat' dir='ltr'><strong>religione</strong></span> <span class='ocrx_word' id='word_1_428' title='bbox 3420 2171 3436 2196; x_wconf 96' lang='lat'><strong>,</strong></span> <span class='ocrx_word' id='word_1_429' title='bbox 3485 2132 3628 2186; x_wconf 84' lang='lat' dir='ltr'><strong>sicut</strong></span> 
     </span>
    </p>
   </div>
   <div class='ocr_carea' id='block_1_53' title="bbox 2020 2213 3622 2290">
    <p class='ocr_par' dir='ltr' id='par_1_53' title="bbox 2020 2213 3622 2290">
     <span class='ocr_line' id='line_1_53' title="bbox 2020 2213 3622 2290; baseline 0.006 -23"><span class='ocrx_word' id='word_1_430' title='bbox 2020 2213 2239 2269; x_wconf 80' lang='lat' dir='ltr'><strong>luerunt</strong></span> <span class='ocrx_word' id='word_1_431' title='bbox 2272 2218 2676 2286; x_wconf 70' lang='lat' dir='ltr'><strong>proclamantes</strong></span> <span class='ocrx_word' id='word_1_432' title='bbox 2709 2231 2759 2273; x_wconf 85' lang='lat' dir='ltr'><strong>et</strong></span> <span class='ocrx_word' id='word_1_433' title='bbox 2792 2219 2864 2274; x_wconf 90' lang='lat' dir='ltr'><strong>illi</strong></span> <span class='ocrx_word' id='word_1_434' title='bbox 2895 2236 2910 2286; x_wconf 91' lang='lat'><strong>;</strong></span> <span class='ocrx_word' id='word_1_435' title='bbox 2942 2222 3022 2275; x_wconf 89' lang='lat' dir='ltr'><strong>sic</strong></span> <span class='ocrx_word' id='word_1_436' title='bbox 3056 2237 3154 2276; x_wconf 90' lang='lat' dir='ltr'><strong>nos</strong></span> <span class='ocrx_word' id='word_1_437' title='bbox 3207 2223 3320 2278; x_wconf 89' lang='lat' dir='ltr'><strong>Deo</strong></span> <span class='ocrx_word' id='word_1_438' title='bbox 3368 2225 3622 2290; x_wconf 58' lang='lat' dir='ltr'><strong>Abralrar,</strong></span> 
     </span>
    </p>
   </div>
   <div class='ocr_carea' id='block_1_54' title="bbox 2021 2308 3627 2388">
    <p class='ocr_par' dir='ltr' id='par_1_54' title="bbox 2021 2308 3627 2388">
     <span class='ocr_line' id='line_1_54' title="bbox 2021 2308 3627 2388; baseline 0.005 -27"><span class='ocrx_word' id='word_1_439' title='bbox 2021 2308 2132 2363; x_wconf 87' lang='lat' dir='ltr'><strong>Deo</strong></span> <span class='ocrx_word' id='word_1_440' title='bbox 2168 2308 2352 2377; x_wconf 84' lang='lat' dir='ltr'><strong>Isaac,</strong></span> <span class='ocrx_word' id='word_1_441' title='bbox 2389 2310 2500 2365; x_wconf 90' lang='lat' dir='ltr'><strong>Deo</strong></span> <span class='ocrx_word' id='word_1_442' title='bbox 2527 2310 2694 2366; x_wconf 74' lang='lat' dir='ltr'><strong>Jacnb</strong></span> <span class='ocrx_word' id='word_1_443' title='bbox 2732 2313 2940 2367; x_wconf 87' lang='lat' dir='ltr'><strong>servire</strong></span> <span class='ocrx_word' id='word_1_444' title='bbox 2971 2314 3312 2382; x_wconf 83' lang='lat' dir='ltr'><strong>proﬁtemur,</strong></span> <span class='ocrx_word' id='word_1_445' title='bbox 3345 2319 3627 2388; x_wconf 82' lang='lat' dir='ltr'><strong>quo-modo</strong></span> 
     </span>
    </p>
   </div>
   <div class='ocr_carea' id='block_1_55' title="bbox 2019 2405 3625 2481">
    <p class='ocr_par' dir='ltr' id='par_1_55' title="bbox 2019 2405 3625 2481">
     <span class='ocr_line' id='line_1_55' title="bbox 2019 2405 3625 2481; baseline 0.006 -23"><span class='ocrx_word' id='word_1_446' title='bbox 2019 2415 2073 2458; x_wconf 91' lang='lat' dir='ltr'><strong>ct</strong></span> <span class='ocrx_word' id='word_1_447' title='bbox 2098 2405 2173 2459; x_wconf 90' lang='lat' dir='ltr'><strong>illi</strong></span> <span class='ocrx_word' id='word_1_448' title='bbox 2213 2415 2337 2459; x_wconf 85' lang='lat' dir='ltr'><strong>sunt</strong></span> <span class='ocrx_word' id='word_1_449' title='bbox 2383 2405 2644 2462; x_wconf 72' lang='lat' dir='ltr'><strong>confessi.</strong></span> <span class='ocrx_word' id='word_1_450' title='bbox 2678 2405 2854 2472; x_wconf 78' lang='lat' dir='ltr'><strong>Misit,</strong></span> <span class='ocrx_word' id='word_1_451' title='bbox 2890 2409 3062 2479; x_wconf 87' lang='lat' dir='ltr'><strong>inquit</strong></span> <span class='ocrx_word' id='word_1_452' title='bbox 3085 2409 3392 2481; x_wconf 81' lang='lat' dir='ltr'><strong>Scriptura,</strong></span> <span class='ocrx_word' id='word_1_453' title='bbox 3429 2429 3519 2466; x_wconf 76' lang='lat' dir='ltr'><strong>rex</strong></span> <span class='ocrx_word' id='word_1_454' title='bbox 3549 2430 3625 2467; x_wconf 85' lang='lat' dir='ltr'><strong>sc-</strong></span> 
     </span>
    </p>
   </div>
   <div class='ocr_carea' id='block_1_56' title="bbox 2021 2498 3625 2572">
    <p class='ocr_par' dir='ltr' id='par_1_56' title="bbox 2021 2498 3625 2572">
     <span class='ocr_line' id='line_1_56' title="bbox 2021 2498 3625 2572; baseline 0.006 -21"><span class='ocrx_word' id='word_1_455' title='bbox 2021 2513 2136 2551; x_wconf 86' lang='lat' dir='ltr'><strong>nem</strong></span> <span class='ocrx_word' id='word_1_456' title='bbox 2165 2498 2521 2553; x_wconf 82' lang='lat' dir='ltr'><strong>Atheniensem</strong></span> <span class='ocrx_word' id='word_1_457' title='bbox 2546 2500 2558 2548; x_wconf 86' lang='lat' dir='ltr'><strong>i</strong></span> <span class='ocrx_word' id='word_1_458' title='bbox 2591 2501 2676 2569; x_wconf 85' lang='lat' dir='ltr'><strong>qui</strong></span> <span class='ocrx_word' id='word_1_459' title='bbox 2697 2503 3022 2572; x_wconf 75' lang='lat' dir='ltr'><strong>compelleret</strong></span> <span class='ocrx_word' id='word_1_460' title='bbox 3045 2501 3281 2571; x_wconf 70' lang='lat' dir='ltr'><strong>Judazos,</strong></span> <span class='ocrx_word' id='word_1_461' title='bbox 3309 2515 3361 2560; x_wconf 86' lang='lat' dir='ltr'><strong>ut</strong></span> <span class='ocrx_word' id='word_1_462' title='bbox 3380 2522 3432 2559; x_wconf 88' lang='lat' dir='ltr'><strong>se</strong></span> <span class='ocrx_word' id='word_1_463' title='bbox 3451 2515 3625 2560; x_wconf 84' lang='lat' dir='ltr'><strong>trans-</strong></span> 
     </span>
    </p>
   </div>
   <div class='ocr_carea' id='block_1_57' title="bbox 2021 2593 3634 2666">
    <p class='ocr_par' dir='ltr' id='par_1_57' title="bbox 2021 2593 3634 2666">
     <span class='ocr_line' id='line_1_57' title="bbox 2021 2593 3634 2666; baseline 0.004 -19"><span class='ocrx_word' id='word_1_464' title='bbox 2021 2594 2214 2662; x_wconf 76' lang='lat' dir='ltr'><strong>ferrent</strong></span> <span class='ocrx_word' id='word_1_465' title='bbox 2241 2611 2271 2647; x_wconf 91' lang='lat' dir='ltr'><strong>a</strong></span> <span class='ocrx_word' id='word_1_466' title='bbox 2301 2595 2504 2663; x_wconf 83' lang='lat' dir='ltr'><strong>patriis,</strong></span> <span class='ocrx_word' id='word_1_467' title='bbox 2539 2603 2584 2648; x_wconf 89' lang='lat' dir='ltr'><strong>et</strong></span> <span class='ocrx_word' id='word_1_468' title='bbox 2614 2593 2712 2649; x_wconf 90' lang='lat' dir='ltr'><strong>Dei</strong></span> <span class='ocrx_word' id='word_1_469' title='bbox 2743 2596 2935 2666; x_wconf 86' lang='lat' dir='ltr'><strong>legibus</strong></span> <span class='ocrx_word' id='word_1_470' title='bbox 2971 2613 3033 2650; x_wconf 89' lang='lat' dir='ltr'><strong>ne</strong></span> <span class='ocrx_word' id='word_1_471' title='bbox 3059 2607 3343 2665; x_wconf 84' lang='lat' dir='ltr'><strong>uterentur,</strong></span> <span class='ocrx_word' id='word_1_472' title='bbox 3375 2602 3634 2654; x_wconf 77' lang='lat' dir='ltr'><strong>contami-</strong></span> 
     </span>
    </p>
   </div>
   <div class='ocr_carea' id='block_1_58' title="bbox 2021 2686 3623 2761">
    <p class='ocr_par' dir='ltr' id='par_1_58' title="bbox 2021 2686 3623 2761">
     <span class='ocr_line' id='line_1_58' title="bbox 2021 2686 3623 2761; baseline 0.006 -23"><span class='ocrx_word' id='word_1_473' title='bbox 2021 2702 2145 2740; x_wconf 85' lang='lat' dir='ltr'><strong>nare</strong></span> <span class='ocrx_word' id='word_1_474' title='bbox 2173 2688 2328 2740; x_wconf 87' lang='lat' dir='ltr'><strong>etlam</strong></span> <span class='ocrx_word' id='word_1_475' title='bbox 2359 2687 2496 2755; x_wconf 86' lang='lat' dir='ltr'><strong>quod</strong></span> <span class='ocrx_word' id='word_1_476' title='bbox 2519 2689 2571 2740; x_wconf 92' lang='lat' dir='ltr'><strong>in</strong></span> <span class='ocrx_word' id='word_1_477' title='bbox 2605 2686 2983 2759; x_wconf 84' lang='lat' dir='ltr'><strong>Hierosolymis</strong></span> <span class='ocrx_word' id='word_1_478' title='bbox 3014 2703 3121 2743; x_wconf 89' lang='lat' dir='ltr'><strong>erat</strong></span> <span class='ocrx_word' id='word_1_479' title='bbox 3156 2693 3425 2761; x_wconf 84' lang='lat' dir='ltr'><strong>templum,</strong></span> <span class='ocrx_word' id='word_1_480' title='bbox 3451 2705 3497 2748; x_wconf 85' lang='lat' dir='ltr'><strong>et</strong></span> <span class='ocrx_word' id='word_1_481' title='bbox 3533 2711 3623 2747; x_wconf 82' lang='lat' dir='ltr'><strong>co-</strong></span> 
     </span>
    </p>
   </div>
   <div class='ocr_carea' id='block_1_59' title="bbox 2022 2778 3628 2855">
    <p class='ocr_par' dir='ltr' id='par_1_59' title="bbox 2022 2778 3628 2855">
     <span class='ocr_line' id='line_1_59' title="bbox 2022 2778 3628 2855; baseline 0.005 -23"><span class='ocrx_word' id='word_1_482' title='bbox 2022 2781 2324 2851; x_wconf 83' lang='lat' dir='ltr'><strong>gnominare</strong></span> <span class='ocrx_word' id='word_1_483' title='bbox 2372 2778 2515 2833; x_wconf 81' lang='lat' dir='ltr'><strong>Joris</strong></span> <span class='ocrx_word' id='word_1_484' title='bbox 2568 2779 2817 2852; x_wconf 83' lang='lat' dir='ltr'><strong>Olympii,</strong></span> <span class='ocrx_word' id='word_1_485' title='bbox 2849 2793 2896 2836; x_wconf 89' lang='lat' dir='ltr'><strong>et</strong></span> <span class='ocrx_word' id='word_1_486' title='bbox 2949 2782 3268 2854; x_wconf 78' lang='lat' dir='ltr'><strong>Margarizin</strong></span> <span class='ocrx_word' id='word_1_487' title='bbox 3313 2785 3332 2822; x_wconf 78' lang='lat'><strong>&#39;-&#39;</strong></span> <span class='ocrx_word' id='word_1_488' title='bbox 3361 2829 3374 2852; x_wconf 94' lang='lat'><strong>,</strong></span> <span class='ocrx_word' id='word_1_489' title='bbox 3418 2804 3509 2855; x_wconf 82' lang='lat' dir='ltr'><strong>pro</strong></span> <span class='ocrx_word' id='word_1_490' title='bbox 3573 2798 3628 2840; x_wconf 88' lang='lat' dir='ltr'><strong>ut</strong></span> 
     </span>
    </p>
   </div>
   <div class='ocr_carea' id='block_1_60' title="bbox 2024 2875 3627 2952">
    <p class='ocr_par' dir='ltr' id='par_1_60' title="bbox 2024 2875 3627 2952">
     <span class='ocr_line' id='line_1_60' title="bbox 2024 2875 3627 2952; baseline 0.005 -24"><span class='ocrx_word' id='word_1_491' title='bbox 2024 2885 2190 2939; x_wconf 86' lang='lat' dir='ltr'><strong>erant,</strong></span> <span class='ocrx_word' id='word_1_492' title='bbox 2214 2875 2300 2944; x_wconf 88' lang='lat' dir='ltr'><strong>qui</strong></span> <span class='ocrx_word' id='word_1_493' title='bbox 2322 2875 2493 2928; x_wconf 87' lang='lat' dir='ltr'><strong>locum</strong></span> <span class='ocrx_word' id='word_1_494' title='bbox 2519 2875 2895 2937; x_wconf 81' lang='lat' dir='ltr'><strong>inhabitabant.</strong></span> <span class='ocrx_word' id='word_1_495' title='bbox 2921 2877 3066 2933; x_wconf 77' lang='lat' dir='ltr'><strong>Jovis</strong></span> <span class='ocrx_word' id='word_1_496' title='bbox 3095 2879 3627 2952; x_wconf 57' lang='lat' dir='ltr'><strong>hospitalispcssima</strong></span> 
     </span>
    </p>
   </div>
   <div class='ocr_carea' id='block_1_61' title="bbox 2022 2969 3627 3040">
    <p class='ocr_par' dir='ltr' id='par_1_61' title="bbox 2022 2969 3627 3040">
     <span class='ocr_line' id='line_1_61' title="bbox 2022 2969 3627 3040; baseline 0.004 -18"><span class='ocrx_word' id='word_1_497' title='bbox 2022 2978 2193 3022; x_wconf 85' lang='lat' dir='ltr'><strong>autem</strong></span> <span class='ocrx_word' id='word_1_498' title='bbox 2221 2977 2265 3022; x_wconf 88' lang='lat' dir='ltr'><strong>et</strong></span> <span class='ocrx_word' id='word_1_499' title='bbox 2295 2969 2540 3022; x_wconf 75' lang='lat' dir='ltr'><strong>universis</strong></span> <span class='ocrx_word' id='word_1_500' title='bbox 2576 2971 2745 3040; x_wconf 85' lang='lat' dir='ltr'><strong>graris</strong></span> <span class='ocrx_word' id='word_1_501' title='bbox 2777 2972 3030 3025; x_wconf 88' lang='lat' dir='ltr'><strong>malorum</strong></span> <span class='ocrx_word' id='word_1_502' title='bbox 3061 2983 3171 3026; x_wconf 89' lang='lat' dir='ltr'><strong>erat</strong></span> <span class='ocrx_word' id='word_1_503' title='bbox 3201 2976 3382 3028; x_wconf 86' lang='lat' dir='ltr'><strong>seditio</strong></span> <span class='ocrx_word' id='word_1_504' title='bbox 3417 2973 3457 3028; x_wconf 86' lang='grc'><strong>¹.</strong></span> <span class='ocrx_word' id='word_1_505' title='bbox 3488 2975 3627 3029; x_wconf 86' lang='lat' dir='ltr'><strong>Nam</strong></span> 
     </span>
    </p>
   </div>
   <div class='ocr_carea' id='block_1_62' title="bbox 2024 3063 3623 3138">
    <p class='ocr_par' dir='ltr' id='par_1_62' title="bbox 2024 3063 3623 3138">
     <span class='ocr_line' id='line_1_62' title="bbox 2024 3063 3623 3138; baseline 0.005 -23"><span class='ocrx_word' id='word_1_506' title='bbox 2024 3072 2062 3098; x_wconf 69' lang='grc' dir='ltr'><strong>ιιι</strong></span> <span class='ocrx_word' id='word_1_507' title='bbox 2084 3063 2207 3133; x_wconf 72' lang='lat' dir='ltr'><strong>quia</strong></span> <span class='ocrx_word' id='word_1_508' title='bbox 2229 3063 2474 3134; x_wconf 82' lang='lat' dir='ltr'><strong>templum</strong></span> <span class='ocrx_word' id='word_1_509' title='bbox 2504 3065 2964 3118; x_wconf 84' lang='lat' dir='ltr'><strong>comessationibns</strong></span> <span class='ocrx_word' id='word_1_510' title='bbox 2993 3070 3220 3138; x_wconf 83' lang='lat' dir='ltr'><strong>gentium</strong></span> <span class='ocrx_word' id='word_1_511' title='bbox 3253 3080 3361 3121; x_wconf 88' lang='lat' dir='ltr'><strong>erat</strong></span> <span class='ocrx_word' id='word_1_512' title='bbox 3395 3070 3623 3136; x_wconf 83' lang='lat' dir='ltr'><strong>plenum,</strong></span> 
     </span>
    </p>
   </div>
   <div class='ocr_carea' id='block_1_63' title="bbox 320 3150 3630 3233">
    <p class='ocr_par' dir='ltr' id='par_1_63' title="bbox 320 3150 3630 3233">
     <span class='ocr_line' id='line_1_63' title="bbox 320 3150 3630 3233; baseline 0.002 -25"><span class='ocrx_word' id='word_1_513' title='bbox 320 3166 412 3208; x_wconf 92' lang='lat' dir='ltr'><strong>ros</strong></span> <span class='ocrx_word' id='word_1_514' title='bbox 436 3153 659 3225; x_wconf 80' lang='lat' dir='ltr'><strong>pingues</strong></span> <span class='ocrx_word' id='word_1_515' title='bbox 679 3162 840 3223; x_wconf 90' lang='lat' dir='ltr'><strong>atque</strong></span> <span class='ocrx_word' id='word_1_516' title='bbox 862 3168 1026 3207; x_wconf 83' lang='lat' dir='ltr'><strong>canes</strong></span> <span class='ocrx_word' id='word_1_517' title='bbox 1047 3153 1324 3218; x_wconf 85' lang='lat' dir='ltr'><strong>advertes,</strong></span> <span class='ocrx_word' id='word_1_518' title='bbox 1349 3167 1452 3205; x_wconf 88' lang='lat' dir='ltr'><strong>non</strong></span> <span class='ocrx_word' id='word_1_519' title='bbox 1480 3150 1685 3221; x_wconf 86' lang='lat' dir='ltr'><strong>poteris</strong></span> <span class='ocrx_word' id='word_1_520' title='bbox 1705 3160 1756 3204; x_wconf 87' lang='lat' dir='ltr'><strong>tu</strong></span> <span class='ocrx_word' id='word_1_521' title='bbox 1779 3165 1918 3206; x_wconf 92' lang='lat' dir='ltr'><strong>unus</strong></span> <span class='ocrx_word' id='word_1_522' title='bbox 1944 3171 1989 3233; x_wconf 68' lang='grc' dir='ltr'><strong>ρ</strong></span> <span class='ocrx_word' id='word_1_523' title='bbox 2022 3154 2366 3209; x_wconf 89' lang='lat' dir='ltr'><strong>scortantibus</strong></span> <span class='ocrx_word' id='word_1_524' title='bbox 2394 3172 2511 3209; x_wconf 89' lang='lat' dir='ltr'><strong>cum</strong></span> <span class='ocrx_word' id='word_1_525' title='bbox 2543 3157 2910 3222; x_wconf 86' lang='lat' dir='ltr'><strong>meretricibus,</strong></span> <span class='ocrx_word' id='word_1_526' title='bbox 2942 3169 2988 3212; x_wconf 90' lang='lat' dir='ltr'><strong>et</strong></span> <span class='ocrx_word' id='word_1_527' title='bbox 3026 3159 3076 3212; x_wconf 91' lang='lat' dir='ltr'><strong>in</strong></span> <span class='ocrx_word' id='word_1_528' title='bbox 3107 3160 3298 3213; x_wconf 81' lang='lat' dir='ltr'><strong>sanctis</strong></span> <span class='ocrx_word' id='word_1_529' title='bbox 3338 3163 3482 3214; x_wconf 85' lang='lat' dir='ltr'><strong>tectis</strong></span> <span class='ocrx_word' id='word_1_530' title='bbox 3517 3179 3630 3216; x_wconf 87' lang='lat' dir='ltr'><strong>mu-</strong></span> 
     </span>
    </p>
   </div>
   <div class='ocr_carea' id='block_1_64' title="bbox 321 3243 1916 3317">
    <p class='ocr_par' dir='ltr' id='par_1_64' title="bbox 321 3243 1916 3317">
     <span class='ocr_line' id='line_1_64' title="bbox 321 3243 1916 3317; baseline -0.001 -16"><span class='ocrx_word' id='word_1_531' title='bbox 321 3260 384 3301; x_wconf 83' lang='lat' dir='ltr'><strong>ex</strong></span> <span class='ocrx_word' id='word_1_532' title='bbox 407 3247 810 3317; x_wconf 82' lang='lat' dir='ltr'><strong>malignantium</strong></span> <span class='ocrx_word' id='word_1_533' title='bbox 829 3247 1060 3301; x_wconf 82' lang='lat' dir='ltr'><strong>concilio</strong></span> <span class='ocrx_word' id='word_1_534' title='bbox 1078 3244 1528 3301; x_wconf 85' lang='lat' dir='ltr'><strong>contumeiiosum</strong></span> <span class='ocrx_word' id='word_1_535' title='bbox 1549 3260 1634 3298; x_wconf 92' lang='lat' dir='ltr'><strong>me</strong></span> <span class='ocrx_word' id='word_1_536' title='bbox 1646 3243 1916 3314; x_wconf 79' lang='lat' dir='ltr'><strong>judicare,</strong></span> 
     </span>
    </p>
   </div>
   <div class='ocr_carea' id='block_1_65' title="bbox 319 3338 1921 3411">
    <p class='ocr_par' dir='ltr' id='par_1_65' title="bbox 319 3338 1921 3411">
     <span class='ocr_line' id='line_1_65' title="bbox 319 3338 1921 3411; baseline -0.001 -19"><span class='ocrx_word' id='word_1_537' title='bbox 319 3340 442 3411; x_wconf 79' lang='lat' dir='ltr'><strong>quia</strong></span> <span class='ocrx_word' id='word_1_538' title='bbox 475 3339 585 3395; x_wconf 86' lang='lat' dir='ltr'><strong>illis</strong></span> <span class='ocrx_word' id='word_1_539' title='bbox 636 3349 688 3396; x_wconf 87' lang='lat' dir='ltr'><strong>te</strong></span> <span class='ocrx_word' id='word_1_540' title='bbox 733 3355 1038 3410; x_wconf 86' lang='lat' dir='ltr'><strong>nuucupem</strong></span> <span class='ocrx_word' id='word_1_541' title='bbox 1056 3338 1388 3404; x_wconf 86' lang='lat' dir='ltr'><strong>nominibus,</strong></span> <span class='ocrx_word' id='word_1_542' title='bbox 1425 3338 1627 3408; x_wconf 90' lang='lat' dir='ltr'><strong>quibus</strong></span> <span class='ocrx_word' id='word_1_543' title='bbox 1669 3351 1921 3407; x_wconf 83' lang='lat' dir='ltr'><strong>compes-</strong></span> 
     </span>
    </p>
   </div>
   <div class='ocr_carea' id='block_1_66' title="bbox 323 3431 1915 3501">
    <p class='ocr_par' dir='ltr' id='par_1_66' title="bbox 323 3431 1915 3501">
     <span class='ocr_line' id='line_1_66' title="bbox 323 3431 1915 3501; baseline -0.001 -13"><span class='ocrx_word' id='word_1_544' title='bbox 323 3434 541 3489; x_wconf 89' lang='lat' dir='ltr'><strong>tilentes</strong></span> <span class='ocrx_word' id='word_1_545' title='bbox 573 3435 646 3489; x_wconf 91' lang='lat' dir='ltr'><strong>tui</strong></span> <span class='ocrx_word' id='word_1_546' title='bbox 671 3435 848 3489; x_wconf 86' lang='lat' dir='ltr'><strong>vocati</strong></span> <span class='ocrx_word' id='word_1_547' title='bbox 873 3443 999 3489; x_wconf 89' lang='lat' dir='ltr'><strong>sunt</strong></span> <span class='ocrx_word' id='word_1_548' title='bbox 1030 3449 1092 3488; x_wconf 90' lang='lat' dir='ltr'><strong>ac</strong></span> <span class='ocrx_word' id='word_1_549' title='bbox 1120 3442 1418 3489; x_wconf 70' lang='lat' dir='ltr'><strong>vocantur:</strong></span> <span class='ocrx_word' id='word_1_550' title='bbox 1463 3447 1642 3501; x_wconf 86' lang='lat' dir='ltr'><strong>neque</strong></span> <span class='ocrx_word' id='word_1_551' title='bbox 1669 3431 1813 3486; x_wconf 88' lang='lat' dir='ltr'><strong>enim</strong></span> <span class='ocrx_word' id='word_1_552' title='bbox 1862 3441 1915 3487; x_wconf 91' lang='lat' dir='ltr'><strong>tu</strong></span> 
     </span>
    </p>
   </div>
   <div class='ocr_carea' id='block_1_67' title="bbox 321 3523 1916 3598">
    <p class='ocr_par' dir='ltr' id='par_1_67' title="bbox 321 3523 1916 3598">
     <span class='ocr_line' id='line_1_67' title="bbox 321 3523 1916 3598; baseline -0.004 -16"><span class='ocrx_word' id='word_1_553' title='bbox 321 3527 499 3582; x_wconf 90' lang='lat' dir='ltr'><strong>minor</strong></span> <span class='ocrx_word' id='word_1_554' title='bbox 524 3542 583 3582; x_wconf 91' lang='lat' dir='ltr'><strong>es</strong></span> <span class='ocrx_word' id='word_1_555' title='bbox 609 3527 662 3582; x_wconf 91' lang='lat' dir='ltr'><strong>in</strong></span> <span class='ocrx_word' id='word_1_556' title='bbox 692 3527 1060 3598; x_wconf 83' lang='lat' dir='ltr'><strong>nequitia,qui</strong></span> <span class='ocrx_word' id='word_1_557' title='bbox 1086 3526 1288 3581; x_wconf 85' lang='lat' dir='ltr'><strong>audeas</strong></span> <span class='ocrx_word' id='word_1_558' title='bbox 1308 3525 1490 3580; x_wconf 81' lang='lat' dir='ltr'><strong>dicere</strong></span> <span class='ocrx_word' id='word_1_559' title='bbox 1517 3543 1528 3578; x_wconf 89' lang='lat'>:</span> <span class='ocrx_word' id='word_1_560' title='bbox 1557 3523 1686 3578; x_wconf 82' lang='lat' dir='ltr'><strong>Erat</strong></span> <span class='ocrx_word' id='word_1_561' title='bbox 1707 3524 1916 3594; x_wconf 83' lang='lat' dir='ltr'><strong>quando</strong></span> 
     </span>
    </p>
   </div>
   <div class='ocr_carea' id='block_1_68' title="bbox 324 3617 1918 3691">
    <p class='ocr_par' dir='ltr' id='par_1_68' title="bbox 324 3617 1918 3691">
     <span class='ocr_line' id='line_1_68' title="bbox 324 3617 1918 3691; baseline -0.001 -19"><span class='ocrx_word' id='word_1_562' title='bbox 324 3635 426 3674; x_wconf 87' lang='lat' dir='ltr'><strong>non</strong></span> <span class='ocrx_word' id='word_1_563' title='bbox 446 3628 577 3686; x_wconf 90' lang='lat' dir='ltr'><strong>erat,</strong></span> <span class='ocrx_word' id='word_1_564' title='bbox 609 3629 656 3674; x_wconf 88' lang='lat' dir='ltr'><strong>et</strong></span> <span class='ocrx_word' id='word_1_565' title='bbox 685 3621 854 3691; x_wconf 76' lang='lat' dir='ltr'><strong>factus</strong></span> <span class='ocrx_word' id='word_1_566' title='bbox 883 3630 955 3675; x_wconf 91' lang='lat' dir='ltr'><strong>est</strong></span> <span class='ocrx_word' id='word_1_567' title='bbox 986 3637 1052 3674; x_wconf 77' lang='lat' dir='ltr'><strong>ea:</strong></span> <span class='ocrx_word' id='word_1_568' title='bbox 1078 3619 1264 3684; x_wconf 88' lang='lat' dir='ltr'><strong>nihilo,</strong></span> <span class='ocrx_word' id='word_1_569' title='bbox 1298 3627 1360 3677; x_wconf 80' lang='lat' dir='ltr'><strong>ut</strong></span> <span class='ocrx_word' id='word_1_570' title='bbox 1395 3634 1501 3673; x_wconf 90' lang='lat' dir='ltr'><strong>non</strong></span> <span class='ocrx_word' id='word_1_571' title='bbox 1533 3617 1640 3673; x_wconf 85' lang='lat' dir='ltr'><strong>illis</strong></span> <span class='ocrx_word' id='word_1_572' title='bbox 1657 3617 1802 3686; x_wconf 86' lang='lat' dir='ltr'><strong>aptis</strong></span> <span class='ocrx_word' id='word_1_573' title='bbox 1823 3617 1918 3672; x_wconf 84' lang='lat' dir='ltr'><strong>tibi</strong></span> 
     </span>
    </p>
   </div>
   <div class='ocr_carea' id='block_1_69' title="bbox 325 3710 1920 3783">
    <p class='ocr_par' dir='ltr' id='par_1_69' title="bbox 325 3710 1920 3783">
     <span class='ocr_line' id='line_1_69' title="bbox 325 3710 1920 3783; baseline -0.001 -18"><span class='ocrx_word' id='word_1_574' title='bbox 325 3711 635 3768; x_wconf 91' lang='lat' dir='ltr'><strong>nominibus</strong></span> <span class='ocrx_word' id='word_1_575' title='bbox 664 3711 1017 3783; x_wconf 86' lang='lat' dir='ltr'><strong>nuncuperis.</strong></span> <span class='ocrx_word' id='word_1_576' title='bbox 1049 3712 1153 3768; x_wconf 89' lang='lat' dir='ltr'><strong>Sed</strong></span> <span class='ocrx_word' id='word_1_577' title='bbox 1171 3711 1252 3766; x_wconf 90' lang='lat' dir='ltr'><strong>vis</strong></span> <span class='ocrx_word' id='word_1_578' title='bbox 1276 3710 1363 3765; x_wconf 85' lang='lat' dir='ltr'><strong>his</strong></span> <span class='ocrx_word' id='word_1_579' title='bbox 1385 3725 1490 3766; x_wconf 89' lang='lat' dir='ltr'><strong>non</strong></span> <span class='ocrx_word' id='word_1_580' title='bbox 1509 3710 1806 3779; x_wconf 82' lang='lat' dir='ltr'><strong>nuncupari</strong></span> <span class='ocrx_word' id='word_1_581' title='bbox 1825 3724 1920 3764; x_wconf 90' lang='lat' dir='ltr'><strong>no-</strong></span> 
     </span>
    </p>
   </div>
   <div class='ocr_carea' id='block_1_70' title="bbox 325 3805 1922 3876">
    <p class='ocr_par' dir='ltr' id='par_1_70' title="bbox 325 3805 1922 3876">
     <span class='ocr_line' id='line_1_70' title="bbox 325 3805 1922 3876; baseline -0.001 -16"><span class='ocrx_word' id='word_1_582' title='bbox 325 3806 606 3862; x_wconf 81' lang='lat' dir='ltr'><strong>minibus?</strong></span> <span class='ocrx_word' id='word_1_583' title='bbox 635 3815 782 3862; x_wconf 88' lang='lat' dir='ltr'><strong>muta</strong></span> <span class='ocrx_word' id='word_1_584' title='bbox 813 3806 928 3861; x_wconf 86' lang='lat' dir='ltr'><strong>vias</strong></span> <span class='ocrx_word' id='word_1_585' title='bbox 962 3816 1078 3860; x_wconf 91' lang='lat' dir='ltr'><strong>tuas</strong></span> <span class='ocrx_word' id='word_1_586' title='bbox 1109 3846 1125 3873; x_wconf 92' lang='lat'><strong>,</strong></span> <span class='ocrx_word' id='word_1_587' title='bbox 1159 3805 1373 3876; x_wconf 84' lang='lat' dir='ltr'><strong>corrige</strong></span> <span class='ocrx_word' id='word_1_588' title='bbox 1407 3819 1625 3862; x_wconf 88' lang='lat' dir='ltr'><strong>errores</strong></span> <span class='ocrx_word' id='word_1_589' title='bbox 1660 3814 1781 3860; x_wconf 91' lang='lat' dir='ltr'><strong>tuos</strong></span> <span class='ocrx_word' id='word_1_590' title='bbox 1807 3845 1820 3870; x_wconf 90' lang='lat'><strong>,</strong></span> <span class='ocrx_word' id='word_1_591' title='bbox 1866 3811 1922 3858; x_wconf 93' lang='lat' dir='ltr'><strong>ut</strong></span> 
     </span>
    </p>
   </div>
   <div class='ocr_carea' id='block_1_71' title="bbox 397 4006 838 4092">
    <p class='ocr_par' dir='ltr' id='par_1_71' title="bbox 397 4006 838 4092">
     <span class='ocr_line' id='line_1_71' title="bbox 397 4006 838 4092; baseline 0 -31"><span class='ocrx_word' id='word_1_592' title='bbox 397 4006 631 4092; x_wconf 45' lang='lat' dir='ltr'><strong>flfugis.</strong></span> <span class='ocrx_word' id='word_1_593' title='bbox 661 4007 838 4062; x_wconf 89' lang='lat' dir='ltr'><strong>Latin.</strong></span> 
     </span>
    </p>
   </div>
   <div class='ocr_carea' id='block_1_72' title="bbox 394 4076 1608 4147">
    <p class='ocr_par' dir='ltr' id='par_1_72' title="bbox 394 4076 1608 4147">
     <span class='ocr_line' id='line_1_72' title="bbox 394 4076 1608 4147; baseline -0.002 -15"><span class='ocrx_word' id='word_1_594' title='bbox 394 4078 422 4117; x_wconf 69' lang='grc' dir='ltr'>δ</span> <span class='ocrx_word' id='word_1_595' title='bbox 455 4076 651 4147; x_wconf 85' lang='lat' dir='ltr'><strong>Iniqui.</strong></span> <span class='ocrx_word' id='word_1_596' title='bbox 685 4095 856 4133; x_wconf 87' lang='lat' dir='ltr'><strong>semen</strong></span> <span class='ocrx_word' id='word_1_597' title='bbox 884 4078 1259 4132; x_wconf 86' lang='lat' dir='ltr'><strong>adulterorum.</strong></span> <span class='ocrx_word' id='word_1_598' title='bbox 1291 4076 1446 4132; x_wconf 85' lang='lat' dir='ltr'><strong>Vcrs.</strong></span> <span class='ocrx_word' id='word_1_599' title='bbox 1480 4076 1608 4131; x_wconf 85' lang='lat' dir='ltr'><strong>Ant.</strong></span> 
     </span>
    </p>
   </div>
   <div class='ocr_carea' id='block_1_73' title="bbox 398 4147 1922 4221">
    <p class='ocr_par' dir='ltr' id='par_1_73' title="bbox 398 4147 1922 4221">
     <span class='ocr_line' id='line_1_73' title="bbox 398 4147 1922 4221; baseline -0.005 -16"><span class='ocrx_word' id='word_1_600' title='bbox 398 4160 421 4188; x_wconf 79' lang='grc' dir='ltr'><strong>ο</strong></span> <span class='ocrx_word' id='word_1_601' title='bbox 465 4150 687 4206; x_wconf 79' lang='lat' dir='ltr'><strong>Lusistis</strong></span> <span class='ocrx_word' id='word_1_602' title='bbox 707 4151 733 4204; x_wconf 82' lang='lat'><strong><em>?</em></strong></span> <span class='ocrx_word' id='word_1_603' title='bbox 755 4166 911 4220; x_wconf 83' lang='lat' dir='ltr'><strong>super</strong></span> <span class='ocrx_word' id='word_1_604' title='bbox 953 4167 1197 4218; x_wconf 69' lang='lat' dir='ltr'><strong>quem...</strong></span> <span class='ocrx_word' id='word_1_605' title='bbox 1230 4165 1385 4221; x_wconf 79' lang='lat' dir='ltr'><strong>super</strong></span> <span class='ocrx_word' id='word_1_606' title='bbox 1405 4165 1506 4218; x_wconf 90' lang='lat' dir='ltr'><strong>quo</strong></span> <span class='ocrx_word' id='word_1_607' title='bbox 1545 4147 1784 4217; x_wconf 86' lang='lat' dir='ltr'><strong>ejecistis,</strong></span> <span class='ocrx_word' id='word_1_608' title='bbox 1815 4155 1922 4201; x_wconf 87' lang='lat' dir='ltr'><strong>etc.</strong></span> 
     </span>
    </p>
   </div>
   <div class='ocr_carea' id='block_1_74' title="bbox 330 4222 636 4282">
    <p class='ocr_par' dir='ltr' id='par_1_74' title="bbox 330 4222 636 4282">
     <span class='ocr_line' id='line_1_74' title="bbox 330 4222 636 4282; baseline -0.007 -3"><span class='ocrx_word' id='word_1_609' title='bbox 330 4222 482 4279; x_wconf 82' lang='lat' dir='ltr'><strong>Vers.</strong></span> <span class='ocrx_word' id='word_1_610' title='bbox 506 4223 636 4282; x_wconf 79' lang='lat' dir='ltr'><strong>Ant.</strong></span> 
     </span>
    </p>
   </div>
   <div class='ocr_carea' id='block_1_75' title="bbox 399 4290 1926 4362">
    <p class='ocr_par' dir='ltr' id='par_1_75' title="bbox 399 4290 1926 4362">
     <span class='ocr_line' id='line_1_75' title="bbox 399 4290 1926 4362; baseline -0.004 -16"><span class='ocrx_word' id='word_1_611' title='bbox 399 4290 424 4329; x_wconf 77' lang='grc' dir='ltr'>ἀ</span> <span class='ocrx_word' id='word_1_612' title='bbox 465 4294 723 4362; x_wconf 81' lang='lat' dir='ltr'><strong>Quoniam</strong></span> <span class='ocrx_word' id='word_1_613' title='bbox 766 4294 1007 4349; x_wconf 69' lang='lat' dir='ltr'><strong>exca&#39;rati</strong></span> <span class='ocrx_word' id='word_1_614' title='bbox 1046 4303 1161 4346; x_wconf 88' lang='lat' dir='ltr'><strong>sunt</strong></span> <span class='ocrx_word' id='word_1_615' title='bbox 1205 4307 1403 4362; x_wconf 88' lang='lat' dir='ltr'><strong>omnes,</strong></span> <span class='ocrx_word' id='word_1_616' title='bbox 1447 4305 1548 4342; x_wconf 90' lang='lat' dir='ltr'><strong>non</strong></span> <span class='ocrx_word' id='word_1_617' title='bbox 1580 4297 1926 4362; x_wconf 66' lang='lat' dir='ltr'><strong>cognouerunt</strong></span> 
     </span>
    </p>
   </div>
   <div class='ocr_carea' id='block_1_76' title="bbox 327 4361 1924 4435">
    <p class='ocr_par' dir='ltr' id='par_1_76' title="bbox 327 4361 1924 4435">
     <span class='ocr_line' id='line_1_76' title="bbox 327 4361 1924 4435; baseline -0.005 -15"><span class='ocrx_word' id='word_1_618' title='bbox 327 4361 549 4420; x_wconf 83' lang='lat' dir='ltr'><strong>universi</strong></span> <span class='ocrx_word' id='word_1_619' title='bbox 581 4383 598 4420; x_wconf 91' lang='lat'><strong><em>:</em></strong></span> <span class='ocrx_word' id='word_1_620' title='bbox 628 4381 778 4419; x_wconf 88' lang='lat' dir='ltr'><strong>canes</strong></span> <span class='ocrx_word' id='word_1_621' title='bbox 807 4367 936 4418; x_wconf 86' lang='lat' dir='ltr'><strong>muti</strong></span> <span class='ocrx_word' id='word_1_622' title='bbox 961 4381 1059 4418; x_wconf 91' lang='lat' dir='ltr'><strong>non</strong></span> <span class='ocrx_word' id='word_1_623' title='bbox 1083 4373 1321 4435; x_wconf 84' lang='lat' dir='ltr'><strong>poterunt</strong></span> <span class='ocrx_word' id='word_1_624' title='bbox 1352 4361 1544 4435; x_wconf 82' lang='lat' dir='ltr'><strong>latrare</strong></span> <span class='ocrx_word' id='word_1_625' title='bbox 1563 4402 1578 4428; x_wconf 90' lang='lat'><strong>,</strong></span> <span class='ocrx_word' id='word_1_626' title='bbox 1610 4361 1924 4435; x_wconf 65' lang='lat' dir='ltr'><strong>somniantes</strong></span> 
     </span>
    </p>
   </div>
   <div class='ocr_carea' id='block_1_77' title="bbox 2022 3248 3629 3321">
    <p class='ocr_par' dir='ltr' id='par_1_77' title="bbox 2022 3248 3629 3321">
     <span class='ocr_line' id='line_1_77' title="bbox 2022 3248 3629 3321; baseline 0.004 -19"><span class='ocrx_word' id='word_1_627' title='bbox 2022 3248 2235 3302; x_wconf 78' lang='lat' dir='ltr'><strong>lieribus</strong></span> <span class='ocrx_word' id='word_1_628' title='bbox 2267 3266 2320 3303; x_wconf 86' lang='lat' dir='ltr'><strong>se</strong></span> <span class='ocrx_word' id='word_1_629' title='bbox 2348 3249 2802 3319; x_wconf 82' lang='lat' dir='ltr'><strong>apprOpiantibus,</strong></span> <span class='ocrx_word' id='word_1_630' title='bbox 2828 3251 3040 3320; x_wconf 82' lang='lat' dir='ltr'><strong>insuper</strong></span> <span class='ocrx_word' id='word_1_631' title='bbox 3076 3251 3214 3304; x_wconf 87' lang='lat' dir='ltr'><strong>intro</strong></span> <span class='ocrx_word' id='word_1_632' title='bbox 3240 3253 3518 3321; x_wconf 78' lang='lat' dir='ltr'><strong>inferentes</strong></span> <span class='ocrx_word' id='word_1_633' title='bbox 3570 3274 3629 3309; x_wconf 85' lang='lat' dir='ltr'><strong>ea</strong></span> 
     </span>
    </p>
   </div>
   <div class='ocr_carea' id='block_1_78' title="bbox 2021 3339 3630 3413">
    <p class='ocr_par' dir='ltr' id='par_1_78' title="bbox 2021 3339 3630 3413">
     <span class='ocr_line' id='line_1_78' title="bbox 2021 3339 3630 3413; baseline 0.006 -22"><span class='ocrx_word' id='word_1_634' title='bbox 2021 3355 2138 3408; x_wconf 80' lang='lat' dir='ltr'><strong>qua:</strong></span> <span class='ocrx_word' id='word_1_635' title='bbox 2165 3357 2266 3393; x_wconf 88' lang='lat' dir='ltr'><strong>non</strong></span> <span class='ocrx_word' id='word_1_636' title='bbox 2315 3339 2632 3411; x_wconf 70' lang='lat' dir='ltr'><strong>oportebat;</strong></span> <span class='ocrx_word' id='word_1_637' title='bbox 2672 3342 2835 3395; x_wconf 86' lang='lat' dir='ltr'><strong>altare</strong></span> <span class='ocrx_word' id='word_1_638' title='bbox 2869 3344 3022 3395; x_wconf 83' lang='lat' dir='ltr'><strong>etiam</strong></span> <span class='ocrx_word' id='word_1_639' title='bbox 3053 3345 3259 3413; x_wconf 83' lang='lat' dir='ltr'><strong>plenum</strong></span> <span class='ocrx_word' id='word_1_640' title='bbox 3295 3358 3400 3399; x_wconf 87' lang='lat' dir='ltr'><strong>erat</strong></span> <span class='ocrx_word' id='word_1_641' title='bbox 3433 3348 3630 3402; x_wconf 86' lang='lat' dir='ltr'><strong>illicitis</strong></span> 
     </span>
    </p>
   </div>
   <div class='ocr_carea' id='block_1_79' title="bbox 2018 3422 3630 3509">
    <p class='ocr_par' dir='ltr' id='par_1_79' title="bbox 2018 3422 3630 3509">
     <span class='ocr_line' id='line_1_79' title="bbox 2018 3422 3630 3509; baseline 0.006 -26"><span class='ocrx_word' id='word_1_642' title='bbox 2018 3446 2136 3500; x_wconf 66' lang='lat' dir='ltr'><strong>quae</strong></span> <span class='ocrx_word' id='word_1_643' title='bbox 2157 3431 2351 3501; x_wconf 80' lang='lat' dir='ltr'><strong>legibus</strong></span> <span class='ocrx_word' id='word_1_644' title='bbox 2383 3422 2802 3501; x_wconf 83' lang='lat' dir='ltr'><strong>prohibebantur.</strong></span> <span class='ocrx_word' id='word_1_645' title='bbox 2846 3431 3026 3504; x_wconf 74' lang='lat' dir='ltr'><strong>Neque</strong></span> <span class='ocrx_word' id='word_1_646' title='bbox 3070 3445 3236 3488; x_wconf 88' lang='lat' dir='ltr'><strong>autem</strong></span> <span class='ocrx_word' id='word_1_647' title='bbox 3266 3436 3476 3491; x_wconf 78' lang='lat' dir='ltr'><strong>sabbata</strong></span> <span class='ocrx_word' id='word_1_648' title='bbox 3505 3456 3630 3509; x_wconf 88' lang='lat' dir='ltr'><strong>age-</strong></span> 
     </span>
    </p>
   </div>
   <div class='ocr_carea' id='block_1_80' title="bbox 2021 3522 3632 3595">
    <p class='ocr_par' dir='ltr' id='par_1_80' title="bbox 2021 3522 3632 3595">
     <span class='ocr_line' id='line_1_80' title="bbox 2021 3522 3632 3595; baseline 0.006 -19"><span class='ocrx_word' id='word_1_649' title='bbox 2021 3522 2209 3577; x_wconf 90' lang='lat' dir='ltr'><strong>bantur</strong></span> <span class='ocrx_word' id='word_1_650' title='bbox 2241 3532 2288 3588; x_wconf 85' lang='lat'><strong>&quot;,</strong></span> <span class='ocrx_word' id='word_1_651' title='bbox 2320 3541 2483 3593; x_wconf 86' lang='lat' dir='ltr'><strong>neque</strong></span> <span class='ocrx_word' id='word_1_652' title='bbox 2525 3525 2630 3578; x_wconf 87' lang='lat' dir='ltr'><strong>dies</strong></span> <span class='ocrx_word' id='word_1_653' title='bbox 2673 3525 2920 3580; x_wconf 87' lang='lat' dir='ltr'><strong>solemnes</strong></span> <span class='ocrx_word' id='word_1_654' title='bbox 2966 3528 3169 3595; x_wconf 84' lang='lat' dir='ltr'><strong>patricii</strong></span> <span class='ocrx_word' id='word_1_655' title='bbox 3213 3531 3632 3585; x_wconf 86' lang='lat' dir='ltr'><strong>custodiebantur</strong></span> 
     </span>
    </p>
   </div>
   <div class='ocr_carea' id='block_1_81' title="bbox 2023 3616 3626 3690">
    <p class='ocr_par' dir='ltr' id='par_1_81' title="bbox 2023 3616 3626 3690">
     <span class='ocr_line' id='line_1_81' title="bbox 2023 3616 3626 3690; baseline 0.004 -19"><span class='ocrx_word' id='word_1_656' title='bbox 2023 3616 2360 3686; x_wconf 66' lang='lat' dir='ltr'><strong>(&quot;Mat/LVI,</strong></span> <span class='ocrx_word' id='word_1_657' title='bbox 2382 3619 2457 3690; x_wconf 81' lang='grc'><strong>1).</strong></span> <span class='ocrx_word' id='word_1_658' title='bbox 2479 3619 2542 3672; x_wconf 78' lang='lat' dir='ltr'><strong>Et</strong></span> <span class='ocrx_word' id='word_1_659' title='bbox 2567 3618 2703 3673; x_wconf 83' lang='lat' dir='ltr'><strong>infra</strong></span> <span class='ocrx_word' id='word_1_660' title='bbox 2724 3617 3091 3674; x_wconf 86' lang='lat' dir='ltr'><strong>:Ducebantur</strong></span> <span class='ocrx_word' id='word_1_661' title='bbox 3112 3631 3282 3675; x_wconf 83' lang='lat' dir='ltr'><strong>autem</strong></span> <span class='ocrx_word' id='word_1_662' title='bbox 3303 3641 3482 3677; x_wconf 87' lang='lat' dir='ltr'><strong>amara</strong></span> <span class='ocrx_word' id='word_1_663' title='bbox 3501 3626 3520 3645; x_wconf 91' lang='lat'>°</span> <span class='ocrx_word' id='word_1_664' title='bbox 3539 3643 3626 3679; x_wconf 90' lang='lat' dir='ltr'><strong>ne-</strong></span> 
     </span>
    </p>
   </div>
   <div class='ocr_carea' id='block_1_82' title="bbox 2021 3711 3632 3786">
    <p class='ocr_par' dir='ltr' id='par_1_82' title="bbox 2021 3711 3632 3786">
     <span class='ocr_line' id='line_1_82' title="bbox 2021 3711 3632 3786; baseline 0.006 -24"><span class='ocrx_word' id='word_1_665' title='bbox 2021 3712 2256 3763; x_wconf 85' lang='lat' dir='ltr'><strong>cessitate</strong></span> <span class='ocrx_word' id='word_1_666' title='bbox 2280 3729 2371 3782; x_wconf 90' lang='lat' dir='ltr'><strong>per</strong></span> <span class='ocrx_word' id='word_1_667' title='bbox 2419 3711 2654 3782; x_wconf 83' lang='lat' dir='ltr'><strong>singulos</strong></span> <span class='ocrx_word' id='word_1_668' title='bbox 2696 3729 2924 3778; x_wconf 88' lang='lat' dir='ltr'><strong>menses,</strong></span> <span class='ocrx_word' id='word_1_669' title='bbox 2970 3715 3021 3767; x_wconf 90' lang='lat' dir='ltr'><strong>in</strong></span> <span class='ocrx_word' id='word_1_670' title='bbox 3067 3715 3201 3767; x_wconf 82' lang='lat' dir='ltr'><strong>diem</strong></span> <span class='ocrx_word' id='word_1_671' title='bbox 3249 3717 3383 3786; x_wconf 84' lang='lat' dir='ltr'><strong>regis</strong></span> <span class='ocrx_word' id='word_1_672' title='bbox 3419 3721 3632 3786; x_wconf 88' lang='lat' dir='ltr'><strong>natalis,</strong></span> 
     </span>
    </p>
   </div>
   <div class='ocr_carea' id='block_1_83' title="bbox 2024 3803 3630 3875">
    <p class='ocr_par' dir='ltr' id='par_1_83' title="bbox 2024 3803 3630 3875">
     <span class='ocr_line' id='line_1_83' title="bbox 2024 3803 3630 3875; baseline 0.006 -19"><span class='ocrx_word' id='word_1_673' title='bbox 2024 3803 2288 3858; x_wconf 79' lang='lat' dir='ltr'><strong>miseratio</strong></span> <span class='ocrx_word' id='word_1_674' title='bbox 2316 3813 2424 3859; x_wconf 85' lang='lat' dir='ltr'><strong>erat</strong></span> <span class='ocrx_word' id='word_1_675' title='bbox 2447 3821 2465 3871; x_wconf 89' lang='lat'><strong><em>;</em></strong></span> <span class='ocrx_word' id='word_1_676' title='bbox 2489 3813 2536 3857; x_wconf 90' lang='lat' dir='ltr'><strong>et</strong></span> <span class='ocrx_word' id='word_1_677' title='bbox 2568 3821 2685 3858; x_wconf 87' lang='lat' dir='ltr'><strong>cum</strong></span> <span class='ocrx_word' id='word_1_678' title='bbox 2721 3821 2869 3858; x_wconf 88' lang='lat' dir='ltr'><strong>sacra</strong></span> <span class='ocrx_word' id='word_1_679' title='bbox 2905 3805 3078 3860; x_wconf 88' lang='lat' dir='ltr'><strong>Liberi</strong></span> <span class='ocrx_word' id='word_1_680' title='bbox 3114 3807 3516 3875; x_wconf 85' lang='lat' dir='ltr'><strong>celebrarentur,</strong></span> <span class='ocrx_word' id='word_1_681' title='bbox 3544 3828 3630 3866; x_wconf 89' lang='lat' dir='ltr'><strong>co-</strong></span> 
     </span>
    </p>
   </div>
   <div class='ocr_carea' id='block_1_84' title="bbox 2025 4001 3624 4073">
    <p class='ocr_par' dir='ltr' id='par_1_84' title="bbox 2025 4001 3624 4073">
     <span class='ocr_line' id='line_1_84' title="bbox 2025 4001 3624 4073; baseline 0.006 -16"><span class='ocrx_word' id='word_1_682' title='bbox 2025 4017 2186 4073; x_wconf 89' lang='lat' dir='ltr'><strong>quem</strong></span> <span class='ocrx_word' id='word_1_683' title='bbox 2216 4001 2395 4056; x_wconf 80' lang='lat' dir='ltr'><strong>locum</strong></span> <span class='ocrx_word' id='word_1_684' title='bbox 2426 4015 2700 4056; x_wconf 86' lang='lat' dir='ltr'><strong>nonnemo</strong></span> <span class='ocrx_word' id='word_1_685' title='bbox 2721 4001 2948 4073; x_wconf 77' lang='lat' dir='ltr'><strong>margini</strong></span> <span class='ocrx_word' id='word_1_686' title='bbox 2990 4003 3255 4060; x_wconf 86' lang='lat' dir='ltr'><strong>adleverit</strong></span> <span class='ocrx_word' id='word_1_687' title='bbox 3286 4008 3520 4065; x_wconf 85' lang='lat' dir='ltr'><strong>litteram</strong></span> <span class='ocrx_word' id='word_1_688' title='bbox 3555 4013 3624 4068; x_wconf 83' lang='grc' dir='ltr'><strong>Μ.</strong></span> 
     </span>
    </p>
   </div>
   <div class='ocr_carea' id='block_1_85' title="bbox 2027 4072 3628 4145">
    <p class='ocr_par' dir='ltr' id='par_1_85' title="bbox 2027 4072 3628 4145">
     <span class='ocr_line' id='line_1_85' title="bbox 2027 4072 3628 4145; baseline 0.008 -20"><span class='ocrx_word' id='word_1_689' title='bbox 2027 4072 2126 4144; x_wconf 81' lang='lat' dir='ltr'><strong>qua</strong></span> <span class='ocrx_word' id='word_1_690' title='bbox 2151 4073 2554 4145; x_wconf 88' lang='lat' dir='ltr'><strong>signiﬁcaretur</strong></span> <span class='ocrx_word' id='word_1_691' title='bbox 2582 4073 2735 4127; x_wconf 88' lang='lat' dir='ltr'><strong>Mons</strong></span> <span class='ocrx_word' id='word_1_692' title='bbox 2755 4072 2966 4128; x_wconf 82' lang='lat' dir='ltr'><strong>Garizin</strong></span> <span class='ocrx_word' id='word_1_693' title='bbox 2991 4118 3002 4136; x_wconf 95' lang='lat'><strong>,</strong></span> <span class='ocrx_word' id='word_1_694' title='bbox 3035 4077 3122 4130; x_wconf 87' lang='lat' dir='ltr'><strong>ubi</strong></span> <span class='ocrx_word' id='word_1_695' title='bbox 3156 4079 3370 4134; x_wconf 87' lang='lat' dir='ltr'><strong>scilicet</strong></span> <span class='ocrx_word' id='word_1_696' title='bbox 3400 4084 3628 4138; x_wconf 86' lang='lat' dir='ltr'><strong>alterum</strong></span> 
     </span>
    </p>
   </div>
   <div class='ocr_carea' id='block_1_86' title="bbox 2027 4146 3611 4217">
    <p class='ocr_par' dir='ltr' id='par_1_86' title="bbox 2027 4146 3611 4217">
     <span class='ocr_line' id='line_1_86' title="bbox 2027 4146 3611 4217; baseline 0.005 -15"><span class='ocrx_word' id='word_1_697' title='bbox 2027 4154 2364 4202; x_wconf 83' lang='lat' dir='ltr'><strong>exstructum</strong></span> <span class='ocrx_word' id='word_1_698' title='bbox 2395 4154 2513 4198; x_wconf 87' lang='lat' dir='ltr'><strong>erat</strong></span> <span class='ocrx_word' id='word_1_699' title='bbox 2546 4146 2824 4214; x_wconf 86' lang='lat' dir='ltr'><strong>templum.</strong></span> <span class='ocrx_word' id='word_1_700' title='bbox 2865 4146 3026 4215; x_wconf 89' lang='lat' dir='ltr'><strong>Atqui</strong></span> <span class='ocrx_word' id='word_1_701' title='bbox 3058 4148 3368 4217; x_wconf 81' lang='lat' dir='ltr'><strong>liujusmodi</strong></span> <span class='ocrx_word' id='word_1_702' title='bbox 3396 4153 3611 4210; x_wconf 87' lang='lat' dir='ltr'><strong>litteran</strong></span> 
     </span>
    </p>
   </div>
   <div class='ocr_carea' id='block_1_87' title="bbox 2027 4217 3632 4286">
    <p class='ocr_par' dir='ltr' id='par_1_87' title="bbox 2027 4217 3632 4286">
     <span class='ocr_line' id='line_1_87' title="bbox 2027 4217 3632 4286; baseline 0.006 -15"><span class='ocrx_word' id='word_1_703' title='bbox 2027 4219 2382 4286; x_wconf 76' lang='lat' dir='ltr'><strong>marginalem</strong></span> <span class='ocrx_word' id='word_1_704' title='bbox 2415 4217 2480 4269; x_wconf 89' lang='lat' dir='ltr'><strong>ad</strong></span> <span class='ocrx_word' id='word_1_705' title='bbox 2513 4226 2719 4271; x_wconf 85' lang='lat' dir='ltr'><strong>textum</strong></span> <span class='ocrx_word' id='word_1_706' title='bbox 2752 4219 3027 4285; x_wconf 86' lang='lat' dir='ltr'><strong>pertinere</strong></span> <span class='ocrx_word' id='word_1_707' title='bbox 3075 4222 3398 4278; x_wconf 81' lang='lat' dir='ltr'><strong>existinmas</strong></span> <span class='ocrx_word' id='word_1_708' title='bbox 3444 4225 3632 4280; x_wconf 84' lang='lat' dir='ltr'><strong>indoc-</strong></span> 
     </span>
    </p>
   </div>
   <div class='ocr_carea' id='block_1_88' title="bbox 2029 4288 3634 4357">
    <p class='ocr_par' dir='ltr' id='par_1_88' title="bbox 2029 4288 3634 4357">
     <span class='ocr_line' id='line_1_88' title="bbox 2029 4288 3634 4357; baseline 0.006 -15"><span class='ocrx_word' id='word_1_709' title='bbox 2029 4298 2114 4342; x_wconf 88' lang='lat' dir='ltr'><strong>tus</strong></span> <span class='ocrx_word' id='word_1_710' title='bbox 2144 4289 2419 4352; x_wconf 78' lang='lat' dir='ltr'><strong>librarius,</strong></span> <span class='ocrx_word' id='word_1_711' title='bbox 2450 4303 2626 4355; x_wconf 89' lang='lat' dir='ltr'><strong>neque</strong></span> <span class='ocrx_word' id='word_1_712' title='bbox 2657 4289 2793 4341; x_wconf 85' lang='lat' dir='ltr'><strong>satis</strong></span> <span class='ocrx_word' id='word_1_713' title='bbox 2819 4288 3133 4357; x_wconf 82' lang='lat' dir='ltr'><strong>percipiens</strong></span> <span class='ocrx_word' id='word_1_714' title='bbox 3164 4293 3449 4347; x_wconf 85' lang='lat' dir='ltr'><strong>lectionem</strong></span> <span class='ocrx_word' id='word_1_715' title='bbox 3476 4296 3634 4351; x_wconf 84' lang='lat' dir='ltr'><strong>Luci-</strong></span> 
     </span>
    </p>
   </div>
   <div class='ocr_carea' id='block_1_89' title="bbox 2027 4358 3632 4433">
    <p class='ocr_par' dir='ltr' id='par_1_89' title="bbox 2027 4358 3632 4433">
     <span class='ocr_line' id='line_1_89' title="bbox 2027 4358 3632 4433; baseline 0.006 -21"><span class='ocrx_word' id='word_1_716' title='bbox 2027 4358 2312 4433; x_wconf 72' lang='lat' dir='ltr'><strong>lcrianam,</strong></span> <span class='ocrx_word' id='word_1_717' title='bbox 2348 4359 2477 4433; x_wconf 79' lang='lat' dir='ltr'><strong>hinc</strong></span> <span class='ocrx_word' id='word_1_718' title='bbox 2499 4359 2648 4411; x_wconf 85' lang='lat' dir='ltr'><strong>vocis</strong></span> <span class='ocrx_word' id='word_1_719' title='bbox 2673 4367 2980 4412; x_wconf 87' lang='lat' dir='ltr'><strong>monstrum</strong></span> <span class='ocrx_word' id='word_1_720' title='bbox 3017 4359 3333 4433; x_wconf 78' lang='lat' dir='ltr'><strong>Margarizin</strong></span> <span class='ocrx_word' id='word_1_721' title='bbox 3373 4364 3632 4422; x_wconf 77' lang='lat' dir='ltr'><strong>efforma-</strong></span> 
     </span>
    </p>
   </div>
   <div class='ocr_carea' id='block_1_90' title="bbox 327 4428 2409 4512">
    <p class='ocr_par' dir='ltr' id='par_1_90' title="bbox 327 4428 2409 4512">
     <span class='ocr_line' id='line_1_90' title="bbox 327 4428 2409 4512; baseline -0.005 -21"><span class='ocrx_word' id='word_1_722' title='bbox 327 4437 602 4512; x_wconf 67' lang='lat' dir='ltr'><strong>lectulum,</strong></span> <span class='ocrx_word' id='word_1_723' title='bbox 637 4447 863 4491; x_wconf 82' lang='lat' dir='ltr'><strong>amantes</strong></span> <span class='ocrx_word' id='word_1_724' title='bbox 887 4428 1294 4489; x_wconf 65' lang='lat' dir='ltr'><strong>dominationes.</strong></span> <span class='ocrx_word' id='word_1_725' title='bbox 1337 4433 1560 4488; x_wconf 83' lang='lat' dir='ltr'><strong>Eadem.</strong></span> <span class='ocrx_word' id='word_1_726' title='bbox 1581 4429 1805 4512; x_wconf 60' lang='lat' dir='ltr'><strong>_Gr:rc.n</strong></span> <span class='ocrx_word' id='word_1_727' title='bbox 1823 4430 1921 4484; x_wconf 80' lang='lat' dir='ltr'><strong>Ms.</strong></span> <span class='ocrx_word' id='word_1_728' title='bbox 1952 4452 2006 4512; x_wconf 83' lang='lat' dir='ltr'><strong>D</strong></span> <span class='ocrx_word' id='word_1_729' title='bbox 2032 4431 2124 4512; x_wconf 46' lang='lat' dir='ltr'><strong>vit‘.</strong></span> <span class='ocrx_word' id='word_1_730' title='bbox 2157 4428 2409 4512; x_wconf 51' lang='lat' dir='ltr'><strong>(falland.</strong></span> 
     </span>
    </p>
   </div>
   <div class='ocr_carea' id='block_1_91' title="bbox 328 4501 1927 4585">
    <p class='ocr_par' dir='ltr' id='par_1_91' title="bbox 328 4501 1927 4585">
     <span class='ocr_line' id='line_1_91' title="bbox 328 4501 1927 4585; baseline -0.008 -19"><span class='ocrx_word' id='word_1_731' title='bbox 328 4509 465 4585; x_wconf 67' lang='lat' dir='ltr'><strong>Alex</strong></span> <span class='ocrx_word' id='word_1_732' title='bbox 477 4501 789 4585; x_wconf 31' lang='lat' dir='ltr'><strong>quam,</strong></span> <span class='ocrx_word' id='word_1_733' title='bbox 819 4525 1020 4578; x_wconf 81' lang='lat' dir='ltr'><strong>sapere.</strong></span> <span class='ocrx_word' id='word_1_734' title='bbox 1051 4517 1172 4575; x_wconf 77' lang='lat' dir='ltr'><strong>post</strong></span> <span class='ocrx_word' id='word_1_735' title='bbox 1197 4514 1558 4585; x_wconf 60' lang='lat' dir='ltr'><strong>cognouerunt.</strong></span> <span class='ocrx_word' id='word_1_736' title='bbox 1767 4501 1927 4555; x_wconf 89' lang='lat' dir='ltr'><strong>Com-</strong></span> 
     </span>
    </p>
   </div>
   <div class='ocr_carea' id='block_1_92' title="bbox 328 4576 1924 4656">
    <p class='ocr_par' dir='ltr' id='par_1_92' title="bbox 328 4576 1924 4656">
     <span class='ocr_line' id='line_1_92' title="bbox 328 4576 1924 4656; baseline -0.008 -22"><span class='ocrx_word' id='word_1_737' title='bbox 328 4581 407 4656; x_wconf 64' lang='lat' dir='ltr'><strong>pl.</strong></span> <span class='ocrx_word' id='word_1_738' title='bbox 436 4576 623 4642; x_wconf 63' lang='grc' dir='ltr'><em>πάὑεὲες</em></span> <span class='ocrx_word' id='word_1_739' title='bbox 651 4583 818 4644; x_wconf 79' lang='grc' dir='ltr'><strong>κύνες,</strong></span> <span class='ocrx_word' id='word_1_740' title='bbox 842 4576 1013 4634; x_wconf 82' lang='lat' dir='ltr'><strong>omnes</strong></span> <span class='ocrx_word' id='word_1_741' title='bbox 1032 4595 1200 4656; x_wconf 83' lang='lat' dir='ltr'><strong>canes.</strong></span> <span class='ocrx_word' id='word_1_742' title='bbox 1226 4577 1428 4656; x_wconf 45' lang='lat' dir='ltr'><strong>Gneo”</strong></span> <span class='ocrx_word' id='word_1_743' title='bbox 1456 4577 1664 4645; x_wconf 82' lang='lat' dir='ltr'><strong>AquiL,</strong></span> <span class='ocrx_word' id='word_1_744' title='bbox 1689 4576 1924 4656; x_wconf 48' lang='lat' dir='ltr'><strong>ﬁynim,</strong></span> 
     </span>
    </p>
   </div>
   <div class='ocr_carea' id='block_1_93' title="bbox 330 4644 1887 4722">
    <p class='ocr_par' dir='ltr' id='par_1_93' title="bbox 330 4644 1887 4722">
     <span class='ocr_line' id='line_1_93' title="bbox 330 4644 1887 4722; baseline -0.006 -15"><span class='ocrx_word' id='word_1_745' title='bbox 330 4644 540 4707; x_wconf 78' lang='lat' dir='ltr'><strong>Tlteod.</strong></span> <span class='ocrx_word' id='word_1_746' title='bbox 564 4665 617 4708; x_wconf 90' lang='lat' dir='ltr'><strong>et</strong></span> <span class='ocrx_word' id='word_1_747' title='bbox 646 4661 894 4722; x_wconf 81' lang='lat' dir='ltr'><strong>septuag.</strong></span> <span class='ocrx_word' id='word_1_748' title='bbox 923 4653 1194 4716; x_wconf 75' lang='grc' dir='ltr'><strong>νυστάξαι,</strong></span> <span class='ocrx_word' id='word_1_749' title='bbox 1215 4644 1533 4710; x_wconf 75' lang='lat' dir='ltr'><strong>dormitare,</strong></span> <span class='ocrx_word' id='word_1_750' title='bbox 1554 4662 1680 4700; x_wconf 86' lang='lat' dir='ltr'><strong>eum</strong></span> <span class='ocrx_word' id='word_1_751' title='bbox 1713 4644 1887 4700; x_wconf 75' lang='lat' dir='ltr'><strong>Lucii.</strong></span> 
     </span>
    </p>
   </div>
   <div class='ocr_carea' id='block_1_94' title="bbox 406 4723 998 4793">
    <p class='ocr_par' dir='ltr' id='par_1_94' title="bbox 406 4723 998 4793">
     <span class='ocr_line' id='line_1_94' title="bbox 406 4723 998 4793; baseline -0.002 -16"><span class='ocrx_word' id='word_1_752' title='bbox 406 4735 429 4760; x_wconf 77' lang='grc' dir='ltr'>ο</span> <span class='ocrx_word' id='word_1_753' title='bbox 455 4723 624 4778; x_wconf 78' lang='lat' dir='ltr'><strong>Cubili</strong></span> <span class='ocrx_word' id='word_1_754' title='bbox 656 4723 783 4793; x_wconf 85' lang='lat' dir='ltr'><strong>legit</strong></span> <span class='ocrx_word' id='word_1_755' title='bbox 810 4723 998 4779; x_wconf 82' lang='lat' dir='ltr'><strong>Sahat.</strong></span> 
     </span>
    </p>
   </div>
   <div class='ocr_carea' id='block_1_95' title="bbox 409 4787 1929 4866">
    <p class='ocr_par' dir='ltr' id='par_1_95' title="bbox 409 4787 1929 4866">
     <span class='ocr_line' id='line_1_95' title="bbox 409 4787 1929 4866; baseline -0.005 -19"><span class='ocrx_word' id='word_1_756' title='bbox 409 4787 769 4863; x_wconf 63' lang='lat' dir='ltr'><strong>r[inpudentes</strong></span> <span class='ocrx_word' id='word_1_757' title='bbox 793 4795 983 4849; x_wconf 68' lang='lat' dir='ltr'><strong>anima:</strong></span> <span class='ocrx_word' id='word_1_758' title='bbox 1003 4791 1724 4866; x_wconf 64' lang='lat' dir='ltr'><strong>ignoraofruntsaturitatem.</strong></span> <span class='ocrx_word' id='word_1_759' title='bbox 1740 4827 1773 4839; x_wconf 89' lang='lat'><strong>..</strong></span> <span class='ocrx_word' id='word_1_760' title='bbox 1802 4787 1929 4866; x_wconf 79' lang='lat' dir='ltr'><strong>mali</strong></span> 
     </span>
    </p>
   </div>
   <div class='ocr_carea' id='block_1_96' title="bbox 333 4860 1926 4938">
    <p class='ocr_par' dir='ltr' id='par_1_96' title="bbox 333 4860 1926 4938">
     <span class='ocr_line' id='line_1_96' title="bbox 333 4860 1926 4938; baseline -0.006 -18"><span class='ocrx_word' id='word_1_761' title='bbox 333 4860 608 4921; x_wconf 82' lang='lat' dir='ltr'><strong>nescientes</strong></span> <span class='ocrx_word' id='word_1_762' title='bbox 638 4860 1055 4938; x_wconf 69' lang='lat' dir='ltr'><strong>intelligentiam,</strong></span> <span class='ocrx_word' id='word_1_763' title='bbox 1078 4874 1184 4918; x_wconf 84' lang='lat' dir='ltr'><strong>etc.</strong></span> <span class='ocrx_word' id='word_1_764' title='bbox 1217 4863 1373 4938; x_wconf 73' lang='lat' dir='ltr'><strong>Yers.</strong></span> <span class='ocrx_word' id='word_1_765' title='bbox 1402 4866 1528 4938; x_wconf 58' lang='lat' dir='ltr'><strong>Ant.</strong></span> <span class='ocrx_word' id='word_1_766' title='bbox 1560 4861 1722 4938; x_wconf 83' lang='lat' dir='ltr'><strong>Forte</strong></span> <span class='ocrx_word' id='word_1_767' title='bbox 1748 4860 1926 4928; x_wconf 82' lang='lat' dir='ltr'><strong>scrip-</strong></span> 
     </span>
    </p>
   </div>
   <div class='ocr_carea' id='block_1_97' title="bbox 334 4934 1640 5004">
    <p class='ocr_par' dir='ltr' id='par_1_97' title="bbox 334 4934 1640 5004">
     <span class='ocr_line' id='line_1_97' title="bbox 334 4934 1640 5004; baseline -0.007 -11"><span class='ocrx_word' id='word_1_768' title='bbox 334 4939 469 4993; x_wconf 87' lang='lat' dir='ltr'><strong>serit</strong></span> <span class='ocrx_word' id='word_1_769' title='bbox 497 4948 709 5002; x_wconf 86' lang='lat' dir='ltr'><strong>auctor,</strong></span> <span class='ocrx_word' id='word_1_770' title='bbox 737 4934 886 4991; x_wconf 80' lang='lat' dir='ltr'><strong>canes</strong></span> <span class='ocrx_word' id='word_1_771' title='bbox 915 4938 1138 5004; x_wconf 85' lang='lat' dir='ltr'><strong>improbi</strong></span> <span class='ocrx_word' id='word_1_772' title='bbox 1161 4937 1354 4988; x_wconf 87' lang='lat' dir='ltr'><strong>anima.</strong></span> <span class='ocrx_word' id='word_1_773' title='bbox 1392 4934 1640 5004; x_wconf 81' lang='lat' dir='ltr'><strong>Gallaud.</strong></span> 
     </span>
    </p>
   </div>
   <div class='ocr_carea' id='block_1_98' title="bbox 406 5001 1922 5083">
    <p class='ocr_par' dir='ltr' id='par_1_98' title="bbox 406 5001 1922 5083">
     <span class='ocr_line' id='line_1_98' title="bbox 406 5001 1922 5083; baseline -0.007 -21"><span class='ocrx_word' id='word_1_774' title='bbox 406 5019 430 5083; x_wconf 69' lang='grc' dir='ltr'>β</span> <span class='ocrx_word' id='word_1_775' title='bbox 460 5008 630 5083; x_wconf 67' lang='lat' dir='ltr'><strong>Pedes</strong></span> <span class='ocrx_word' id='word_1_776' title='bbox 655 5001 812 5064; x_wconf 84' lang='lat' dir='ltr'><strong>meos.</strong></span> <span class='ocrx_word' id='word_1_777' title='bbox 839 5001 1155 5083; x_wconf 21' lang='lat' dir='ltr'><strong>VerssAnt.</strong></span> <span class='ocrx_word' id='word_1_778' title='bbox 1179 5007 1354 5083; x_wconf 70' lang='lat' dir='ltr'><strong>Grtcc.</strong></span> <span class='ocrx_word' id='word_1_779' title='bbox 1391 5004 1549 5083; x_wconf 65' lang='lat' dir='ltr'><strong>abduc</strong></span> <span class='ocrx_word' id='word_1_780' title='bbox 1579 5001 1922 5083; x_wconf 67' lang='lat' dir='ltr'><strong>simpliciter.</strong></span> 
     </span>
    </p>
   </div>
   <div class='ocr_carea' id='block_1_99' title="bbox 404 5075 1930 5136">
    <p class='ocr_par' dir='ltr' id='par_1_99' title="bbox 404 5075 1930 5136">
     <span class='ocr_line' id='line_1_99' title="bbox 404 5075 1930 5136; baseline -0.007 -1"><span class='ocrx_word' id='word_1_781' title='bbox 404 5077 434 5118; x_wconf 73' lang='grc' dir='ltr'><strong>ιι</strong></span> <span class='ocrx_word' id='word_1_782' title='bbox 467 5081 530 5134; x_wconf 77' lang='lat' dir='ltr'><strong>Et</strong></span> <span class='ocrx_word' id='word_1_783' title='bbox 557 5090 612 5136; x_wconf 86' lang='lat' dir='ltr'><strong>ut</strong></span> <span class='ocrx_word' id='word_1_784' title='bbox 641 5095 868 5136; x_wconf 71' lang='lat' dir='ltr'><strong>cretei-os.</strong></span> <span class='ocrx_word' id='word_1_785' title='bbox 909 5080 1160 5135; x_wconf 83' lang='lat' dir='ltr'><strong>Galland.</strong></span> <span class='ocrx_word' id='word_1_786' title='bbox 1193 5079 1300 5132; x_wconf 72' lang='lat' dir='ltr'><strong>Sed</strong></span> <span class='ocrx_word' id='word_1_787' title='bbox 1339 5077 1661 5132; x_wconf 85' lang='lat' dir='ltr'><strong>metatbesis</strong></span> <span class='ocrx_word' id='word_1_788' title='bbox 1695 5075 1820 5128; x_wconf 86' lang='lat' dir='ltr'><strong>licet</strong></span> <span class='ocrx_word' id='word_1_789' title='bbox 1851 5075 1930 5125; x_wconf 76' lang='lat' dir='ltr'><strong>vi-</strong></span> 
     </span>
    </p>
   </div>
   <div class='ocr_carea' id='block_1_100' title="bbox 337 5149 1422 5223">
    <p class='ocr_par' dir='ltr' id='par_1_100' title="bbox 337 5149 1422 5223">
     <span class='ocr_line' id='line_1_100' title="bbox 337 5149 1422 5223; baseline -0.004 -17"><span class='ocrx_word' id='word_1_790' title='bbox 337 5152 478 5208; x_wconf 87' lang='lat' dir='ltr'><strong>tiosa</strong></span> <span class='ocrx_word' id='word_1_791' title='bbox 506 5169 612 5208; x_wconf 89' lang='lat' dir='ltr'><strong>non</strong></span> <span class='ocrx_word' id='word_1_792' title='bbox 644 5153 903 5208; x_wconf 83' lang='lat' dir='ltr'><strong>abhorret</strong></span> <span class='ocrx_word' id='word_1_793' title='bbox 930 5168 958 5204; x_wconf 90' lang='lat' dir='ltr'><strong>a</strong></span> <span class='ocrx_word' id='word_1_794' title='bbox 989 5153 1136 5223; x_wconf 78' lang='lat' dir='ltr'><strong>stylo</strong></span> <span class='ocrx_word' id='word_1_795' title='bbox 1163 5149 1422 5205; x_wconf 78' lang='lat' dir='ltr'><strong>Luciferi.</strong></span> 
     </span>
    </p>
   </div>
   <div class='ocr_carea' id='block_1_101' title="bbox 412 5223 1087 5279">
    <p class='ocr_par' dir='ltr' id='par_1_101' title="bbox 412 5223 1087 5279">
     <span class='ocr_line' id='line_1_101' title="bbox 412 5223 1087 5279; baseline -0.004 -1"><span class='ocrx_word' id='word_1_796' title='bbox 412 5223 426 5261; x_wconf 78' lang='grc' dir='ltr'><strong>ί</strong></span> <span class='ocrx_word' id='word_1_797' title='bbox 468 5223 534 5278; x_wconf 80' lang='lat' dir='ltr'><strong>El</strong></span> <span class='ocrx_word' id='word_1_798' title='bbox 567 5241 660 5278; x_wconf 85' lang='lat' dir='ltr'><strong>nos</strong></span> <span class='ocrx_word' id='word_1_799' title='bbox 693 5225 805 5279; x_wconf 80' lang='lat' dir='ltr'><strong>tibi.</strong></span> <span class='ocrx_word' id='word_1_800' title='bbox 836 5223 1087 5278; x_wconf 81' lang='lat' dir='ltr'><strong>Gallattd.</strong></span> 
     </span>
    </p>
   </div>
   <div class='ocr_carea' id='block_1_102' title="bbox 410 5287 1924 5361">
    <p class='ocr_par' dir='ltr' id='par_1_102' title="bbox 410 5287 1924 5361">
     <span class='ocr_line' id='line_1_102' title="bbox 410 5287 1924 5361; baseline -0.004 -15"><span class='ocrx_word' id='word_1_801' title='bbox 410 5297 423 5346; x_wconf 86' lang='lat' dir='ltr'><strong>i</strong></span> <span class='ocrx_word' id='word_1_802' title='bbox 469 5296 751 5361; x_wconf 84' lang='lat' dir='ltr'><strong>Quemdam</strong></span> <span class='ocrx_word' id='word_1_803' title='bbox 783 5293 1174 5349; x_wconf 81' lang='lat' dir='ltr'><strong>Antiochenam.</strong></span> <span class='ocrx_word' id='word_1_804' title='bbox 1205 5291 1360 5348; x_wconf 85' lang='lat' dir='ltr'><strong>Vers.</strong></span> <span class='ocrx_word' id='word_1_805' title='bbox 1388 5293 1514 5345; x_wconf 83' lang='lat' dir='ltr'><strong>Ant.</strong></span> <span class='ocrx_word' id='word_1_806' title='bbox 1554 5305 1673 5359; x_wconf 70' lang='lat' dir='ltr'><strong>qum</strong></span> <span class='ocrx_word' id='word_1_807' title='bbox 1703 5287 1924 5361; x_wconf 70' lang='lat' dir='ltr'><strong>omittit,</strong></span> 
     </span>
    </p>
   </div>
   <div class='ocr_carea' id='block_1_103' title="bbox 335 5359 1925 5439">
    <p class='ocr_par' dir='ltr' id='par_1_103' title="bbox 335 5359 1925 5439">
     <span class='ocr_line' id='line_1_103' title="bbox 335 5359 1925 5439; baseline -0.006 -18"><span class='ocrx_word' id='word_1_808' title='bbox 335 5359 704 5439; x_wconf 68' lang='lat' dir='ltr'><strong>numerentur.</strong></span> <span class='ocrx_word' id='word_1_809' title='bbox 729 5367 907 5423; x_wconf 66' lang='lat' dir='ltr'><strong>Graec.</strong></span> <span class='ocrx_word' id='word_1_810' title='bbox 938 5367 1212 5428; x_wconf 79' lang='grc' dir='ltr'><strong>Ἀθηναῖον,</strong></span> <span class='ocrx_word' id='word_1_811' title='bbox 1239 5363 1616 5426; x_wconf 77' lang='lat' dir='ltr'><strong>Atheniensem,</strong></span> <span class='ocrx_word' id='word_1_812' title='bbox 1665 5359 1925 5439; x_wconf 35' lang='lat' dir='ltr'><strong>cum-Lu-</strong></span> 
     </span>
    </p>
   </div>
   <div class='ocr_carea' id='block_1_104' title="bbox 333 5431 1924 5511">
    <p class='ocr_par' dir='ltr' id='par_1_104' title="bbox 333 5431 1924 5511">
     <span class='ocr_line' id='line_1_104' title="bbox 333 5431 1924 5511; baseline -0.008 -18"><span class='ocrx_word' id='word_1_813' title='bbox 333 5438 449 5511; x_wconf 53' lang='lat' dir='ltr'><strong>cili;</strong></span> <span class='ocrx_word' id='word_1_814' title='bbox 491 5452 543 5494; x_wconf 87' lang='lat' dir='ltr'><strong>et</strong></span> <span class='ocrx_word' id='word_1_815' title='bbox 573 5448 641 5511; x_wconf 75' lang='grc' dir='ltr'><strong>μή</strong></span> <span class='ocrx_word' id='word_1_816' title='bbox 668 5439 1054 5511; x_wconf 53' lang='grc' dir='ltr'><strong>πολιτεύεσθαι,</strong></span> <span class='ocrx_word' id='word_1_817' title='bbox 1078 5453 1139 5511; x_wconf 84' lang='lat' dir='ltr'><strong>ne</strong></span> <span class='ocrx_word' id='word_1_818' title='bbox 1171 5452 1222 5490; x_wconf 86' lang='lat' dir='ltr'><strong>se</strong></span> <span class='ocrx_word' id='word_1_819' title='bbox 1270 5443 1528 5511; x_wconf 52' lang='lat' dir='ltr'><strong>regerent,</strong></span> <span class='ocrx_word' id='word_1_820' title='bbox 1556 5441 1680 5511; x_wconf 78' lang='lat' dir='ltr'><strong>post</strong></span> <span class='ocrx_word' id='word_1_821' title='bbox 1701 5431 1924 5511; x_wconf 41' lang='lat' dir='ltr'><strong>lgibus.</strong></span> 
     </span>
    </p>
   </div>
   <div class='ocr_carea' id='block_1_105' title="bbox 335 5499 1928 5580">
    <p class='ocr_par' dir='ltr' id='par_1_105' title="bbox 335 5499 1928 5580">
     <span class='ocr_line' id='line_1_105' title="bbox 335 5499 1928 5580; baseline -0.008 -15"><span class='ocrx_word' id='word_1_822' title='bbox 335 5499 732 5580; x_wconf 71' lang='lat' dir='ltr'><strong>Lugdunenses</strong></span> <span class='ocrx_word' id='word_1_823' title='bbox 775 5520 830 5562; x_wconf 74' lang='lat' dir='ltr'><strong>et</strong></span> <span class='ocrx_word' id='word_1_824' title='bbox 875 5509 1214 5580; x_wconf 68' lang='lat' dir='ltr'><strong>Sabatierius</strong></span> <span class='ocrx_word' id='word_1_825' title='bbox 1261 5499 1467 5580; x_wconf 33' lang='lat' dir='ltr'><strong>contra;</strong></span> <span class='ocrx_word' id='word_1_826' title='bbox 1501 5504 1660 5580; x_wconf 79' lang='lat' dir='ltr'><strong>ﬁdem</strong></span> <span class='ocrx_word' id='word_1_827' title='bbox 1701 5499 1928 5553; x_wconf 69' lang='lat' dir='ltr'><strong>Titiana:</strong></span> 
     </span>
    </p>
   </div>
   <div class='ocr_carea' id='block_1_106' title="bbox 334 5573 1928 5654">
    <p class='ocr_par' dir='ltr' id='par_1_106' title="bbox 334 5573 1928 5654">
     <span class='ocr_line' id='line_1_106' title="bbox 334 5573 1928 5654; baseline 0.007 -29"><span class='ocrx_word' id='word_1_828' title='bbox 334 5573 626 5654; x_wconf 47' lang='lat' dir='ltr'><strong>edg&#39;riguis,</strong></span> <span class='ocrx_word' id='word_1_829' title='bbox 654 5594 829 5654; x_wconf 63' lang='lat' dir='ltr'><strong>senem</strong></span> <span class='ocrx_word' id='word_1_830' title='bbox 847 5577 1242 5641; x_wconf 81' lang='lat' dir='ltr'><strong>Antiochenam,</strong></span> <span class='ocrx_word' id='word_1_831' title='bbox 1276 5591 1396 5654; x_wconf 78' lang='lat' dir='ltr'><strong>cum</strong></span> <span class='ocrx_word' id='word_1_832' title='bbox 1427 5573 1581 5654; x_wconf 45' lang='lat' dir='ltr'><strong>iulg.</strong></span> <span class='ocrx_word' id='word_1_833' title='bbox 1639 5648 1651 5654; x_wconf 87' lang='lat'><strong><em>_</em></strong></span> <span class='ocrx_word' id='word_1_834' title='bbox 1718 5652 1725 5654; x_wconf 18' lang='grc' dir='ltr'><em>Α</em></span> <span class='ocrx_word' id='word_1_835' title='bbox 1788 5643 1826 5654; x_wconf 47' lang='lat' dir='ltr'><strong>ﬂ</strong></span> 
     </span>
    </p>
   </div>
   <div class='ocr_carea' id='block_1_107' title="bbox 406 5643 1928 5720">
    <p class='ocr_par' dir='ltr' id='par_1_107' title="bbox 406 5643 1928 5720">
     <span class='ocr_line' id='line_1_107' title="bbox 406 5643 1928 5720; baseline -0.007 -14"><span class='ocrx_word' id='word_1_836' title='bbox 406 5653 432 5690; x_wconf 68' lang='grc' dir='ltr'>ιε</span> <span class='ocrx_word' id='word_1_837' title='bbox 464 5651 535 5706; x_wconf 80' lang='lat' dir='ltr'><strong>Et</strong></span> <span class='ocrx_word' id='word_1_838' title='bbox 563 5654 617 5705; x_wconf 80' lang='lat' dir='ltr'><strong>in</strong></span> <span class='ocrx_word' id='word_1_839' title='bbox 654 5649 882 5705; x_wconf 68' lang='lat' dir='ltr'><strong>Garizim</strong></span> <span class='ocrx_word' id='word_1_840' title='bbox 924 5660 1073 5720; x_wconf 78' lang='lat' dir='ltr'><strong>prout</strong></span> <span class='ocrx_word' id='word_1_841' title='bbox 1122 5658 1264 5703; x_wconf 83' lang='lat' dir='ltr'><strong>erant</strong></span> <span class='ocrx_word' id='word_1_842' title='bbox 1310 5646 1383 5698; x_wconf 82' lang='lat' dir='ltr'><strong>Iti.</strong></span> <span class='ocrx_word' id='word_1_843' title='bbox 1433 5645 1602 5720; x_wconf 52' lang='grc' dir='ltr'><strong>Ῡιξιίςζ</strong></span> <span class='ocrx_word' id='word_1_844' title='bbox 1625 5648 1751 5720; x_wconf 46' lang='lat' dir='ltr'><strong>Ant:</strong></span> <span class='ocrx_word' id='word_1_845' title='bbox 1788 5643 1928 5720; x_wconf 60' lang='lat' dir='ltr'><strong>biﬂiti</strong></span> 
     </span>
    </p>
   </div>
   <div class='ocr_carea' id='block_1_108' title="bbox 332 5713 1929 5795">
    <p class='ocr_par' dir='ltr' id='par_1_108' title="bbox 332 5713 1929 5795">
     <span class='ocr_line' id='line_1_108' title="bbox 332 5713 1929 5795; baseline -0.007 -15"><span class='ocrx_word' id='word_1_846' title='bbox 332 5725 569 5795; x_wconf 85' lang='lat' dir='ltr'><strong>pessime</strong></span> <span class='ocrx_word' id='word_1_847' title='bbox 597 5713 936 5795; x_wconf 59' lang='lat' dir='ltr'><strong>Margarizinl</strong></span> <span class='ocrx_word' id='word_1_848' title='bbox 969 5721 1212 5795; x_wconf 73' lang='lat' dir='ltr'><strong>Fortein</strong></span> <span class='ocrx_word' id='word_1_849' title='bbox 1254 5716 1560 5795; x_wconf 50' lang='lat' dir='ltr'><strong>exemplari.</strong></span> <span class='ocrx_word' id='word_1_850' title='bbox 1583 5713 1929 5795; x_wconf 76' lang='lat' dir='ltr'><strong>Luciferiano</strong></span> 
     </span>
    </p>
   </div>
   <div class='ocr_carea' id='block_1_109' title="bbox 337 5784 1928 5870">
    <p class='ocr_par' dir='ltr' id='par_1_109' title="bbox 337 5784 1928 5870">
     <span class='ocr_line' id='line_1_109' title="bbox 337 5784 1928 5870; baseline -0.008 -18"><span class='ocrx_word' id='word_1_851' title='bbox 337 5784 602 5870; x_wconf 60' lang='lat' dir='ltr'><strong>Scriptum</strong></span> <span class='ocrx_word' id='word_1_852' title='bbox 653 5784 821 5851; x_wconf 68' lang='lat' dir='ltr'><strong>luérit</strong></span> <span class='ocrx_word' id='word_1_853' title='bbox 863 5792 1244 5866; x_wconf 75' lang='lat' dir='ltr'><strong>grandioribus</strong></span> <span class='ocrx_word' id='word_1_854' title='bbox 1284 5784 1486 5848; x_wconf 76' lang='lat' dir='ltr'><strong>litteris</strong></span> <span class='ocrx_word' id='word_1_855' title='bbox 1529 5785 1826 5862; x_wconf 81' lang='lat' dir='ltr'><strong>Ingarizin,</strong></span> <span class='ocrx_word' id='word_1_856' title='bbox 1860 5784 1928 5841; x_wconf 83' lang='lat' dir='ltr'><strong>ad</strong></span> 
     </span>
    </p>
   </div>
   <div class='ocr_carea' id='block_1_110' title="bbox 2106 4497 2776 4554">
    <p class='ocr_par' dir='ltr' id='par_1_110' title="bbox 2106 4497 2776 4554">
     <span class='ocr_line' id='line_1_110' title="bbox 2106 4497 2776 4554; baseline 0 -3"><span class='ocrx_word' id='word_1_857' title='bbox 2106 4499 2121 4536; x_wconf 79' lang='grc' dir='ltr'><strong>ι</strong></span> <span class='ocrx_word' id='word_1_858' title='bbox 2161 4499 2422 4554; x_wconf 84' lang='lat' dir='ltr'><strong>Inrursio.</strong></span> <span class='ocrx_word' id='word_1_859' title='bbox 2454 4497 2612 4552; x_wconf 79' lang='lat' dir='ltr'><strong>Vers.</strong></span> <span class='ocrx_word' id='word_1_860' title='bbox 2648 4500 2776 4551; x_wconf 86' lang='lat' dir='ltr'><strong>Ant.</strong></span> 
     </span>
    </p>
   </div>
   <div class='ocr_carea' id='block_1_111' title="bbox 2100 4570 3624 4640">
    <p class='ocr_par' dir='ltr' id='par_1_111' title="bbox 2100 4570 3624 4640">
     <span class='ocr_line' id='line_1_111' title="bbox 2100 4570 3624 4640; baseline 0.009 -16"><span class='ocrx_word' id='word_1_861' title='bbox 2100 4581 2140 4607; x_wconf 74' lang='grc' dir='ltr'><strong>ιιι</strong></span> <span class='ocrx_word' id='word_1_862' title='bbox 2162 4570 2301 4624; x_wconf 84' lang='lat' dir='ltr'><strong>Nam</strong></span> <span class='ocrx_word' id='word_1_863' title='bbox 2333 4571 2575 4640; x_wconf 87' lang='lat' dir='ltr'><strong>templum</strong></span> <span class='ocrx_word' id='word_1_864' title='bbox 2608 4570 2819 4624; x_wconf 72' lang='lat' dir='ltr'><strong>luxuria</strong></span> <span class='ocrx_word' id='word_1_865' title='bbox 2848 4578 2896 4622; x_wconf 84' lang='lat' dir='ltr'><strong>et</strong></span> <span class='ocrx_word' id='word_1_866' title='bbox 2935 4587 3116 4627; x_wconf 84' lang='lat' dir='ltr'><strong>com...</strong></span> <span class='ocrx_word' id='word_1_867' title='bbox 3146 4584 3194 4626; x_wconf 88' lang='lat' dir='ltr'><strong>et</strong></span> <span class='ocrx_word' id='word_1_868' title='bbox 3215 4579 3624 4638; x_wconf 82' lang='lat' dir='ltr'><strong>scortantiunt...</strong></span> 
     </span>
    </p>
   </div>
   <div class='ocr_carea' id='block_1_112' title="bbox 2029 4640 3629 4720">
    <p class='ocr_par' dir='ltr' id='par_1_112' title="bbox 2029 4640 3629 4720">
     <span class='ocr_line' id='line_1_112' title="bbox 2029 4640 3629 4720; baseline 0.008 -25"><span class='ocrx_word' id='word_1_869' title='bbox 2029 4644 2342 4720; x_wconf 69' lang='lat' dir='ltr'><strong>sacratisque</strong></span> <span class='ocrx_word' id='word_1_870' title='bbox 2371 4640 2574 4695; x_wconf 69' lang='lat' dir='ltr'><strong>(edibus</strong></span> <span class='ocrx_word' id='word_1_871' title='bbox 2602 4642 3109 4720; x_wconf 63' lang='lat' dir='ltr'><strong>utriliei-es_se_r:ltro</strong></span> <span class='ocrx_word' id='word_1_872' title='bbox 3132 4648 3448 4720; x_wconf 81' lang='lat' dir='ltr'><strong>ingerebant,</strong></span> <span class='ocrx_word' id='word_1_873' title='bbox 3495 4656 3629 4708; x_wconf 85' lang='lat' dir='ltr'><strong>intro</strong></span> 
     </span>
    </p>
   </div>
   <div class='ocr_carea' id='block_1_113' title="bbox 2028 4713 3627 4784">
    <p class='ocr_par' dir='ltr' id='par_1_113' title="bbox 2028 4713 3627 4784">
     <span class='ocr_line' id='line_1_113' title="bbox 2028 4713 3627 4784; baseline 0.009 -18"><span class='ocrx_word' id='word_1_874' title='bbox 2028 4715 2245 4784; x_wconf 76' lang='lat' dir='ltr'><strong>ferentes</strong></span> <span class='ocrx_word' id='word_1_875' title='bbox 2272 4731 2329 4766; x_wconf 83' lang='lat' dir='ltr'><strong>ea</strong></span> <span class='ocrx_word' id='word_1_876' title='bbox 2356 4729 2470 4784; x_wconf 73' lang='lat' dir='ltr'><strong>qnw</strong></span> <span class='ocrx_word' id='word_1_877' title='bbox 2493 4730 2592 4767; x_wconf 91' lang='lat' dir='ltr'><strong>non</strong></span> <span class='ocrx_word' id='word_1_878' title='bbox 2616 4713 2817 4766; x_wconf 81' lang='lat' dir='ltr'><strong>licebat.</strong></span> <span class='ocrx_word' id='word_1_879' title='bbox 2850 4714 2981 4768; x_wconf 73' lang='lat' dir='ltr'><strong>Earl.</strong></span> <span class='ocrx_word' id='word_1_880' title='bbox 3035 4713 3209 4774; x_wconf 61' lang='grc' dir='ltr'><strong>ϐιωθῖ</strong></span> <span class='ocrx_word' id='word_1_881' title='bbox 3245 4721 3343 4777; x_wconf 87' lang='lat' dir='ltr'><strong>hoc</strong></span> <span class='ocrx_word' id='word_1_882' title='bbox 3372 4713 3493 4780; x_wconf 68' lang='lat' dir='ltr'><strong>cuin</strong></span> <span class='ocrx_word' id='word_1_883' title='bbox 3516 4726 3627 4782; x_wconf 80' lang='lat' dir='ltr'><strong>Lu-</strong></span> 
     </span>
    </p>
   </div>
   <div class='ocr_carea' id='block_1_114' title="bbox 2029 4785 3016 4857">
    <p class='ocr_par' dir='ltr' id='par_1_114' title="bbox 2029 4785 3016 4857">
     <span class='ocr_line' id='line_1_114' title="bbox 2029 4785 3016 4857; baseline 0.001 -16"><span class='ocrx_word' id='word_1_884' title='bbox 2029 4785 2114 4841; x_wconf 86' lang='lat' dir='ltr'><strong>cif.</strong></span> <span class='ocrx_word' id='word_1_885' title='bbox 2143 4787 2543 4850; x_wconf 69' lang='grc' dir='ltr'><strong>πλησιαζόντων.</strong></span> <span class='ocrx_word' id='word_1_886' title='bbox 2568 4787 3016 4857; x_wconf 86' lang='lat' dir='ltr'><strong>appropiantibus.</strong></span> 
     </span>
    </p>
   </div>
   <div class='ocr_carea' id='block_1_115' title="bbox 2100 4857 3623 4928">
    <p class='ocr_par' dir='ltr' id='par_1_115' title="bbox 2100 4857 3623 4928">
     <span class='ocr_line' id='line_1_115' title="bbox 2100 4857 3623 4928; baseline 0.009 -18"><span class='ocrx_word' id='word_1_887' title='bbox 2100 4865 2125 4892; x_wconf 82' lang='grc' dir='ltr'><strong>η</strong></span> <span class='ocrx_word' id='word_1_888' title='bbox 2160 4857 2617 4928; x_wconf 79' lang='lat' dir='ltr'><strong>Custodiebantur.</strong></span> <span class='ocrx_word' id='word_1_889' title='bbox 2653 4867 2698 4911; x_wconf 92' lang='lat' dir='ltr'><strong>et</strong></span> <span class='ocrx_word' id='word_1_890' title='bbox 2720 4858 2873 4928; x_wconf 74' lang='lat' dir='ltr'><strong>patrii</strong></span> <span class='ocrx_word' id='word_1_891' title='bbox 2902 4859 3259 4917; x_wconf 76' lang='lat' dir='ltr'><strong>servabantur.</strong></span> <span class='ocrx_word' id='word_1_892' title='bbox 3298 4864 3456 4922; x_wconf 82' lang='lat' dir='ltr'><strong>Vers.</strong></span> <span class='ocrx_word' id='word_1_893' title='bbox 3495 4870 3623 4924; x_wconf 84' lang='lat' dir='ltr'><strong>Aut.</strong></span> 
     </span>
    </p>
   </div>
   <div class='ocr_carea' id='block_1_116' title="bbox 2030 4927 3401 5004">
    <p class='ocr_par' dir='ltr' id='par_1_116' title="bbox 2030 4927 3401 5004">
     <span class='ocr_line' id='line_1_116' title="bbox 2030 4927 3401 5004; baseline 0.004 -20"><span class='ocrx_word' id='word_1_894' title='bbox 2030 4928 2207 5004; x_wconf 57' lang='lat' dir='ltr'><strong>Gra-c.</strong></span> <span class='ocrx_word' id='word_1_895' title='bbox 2241 4927 2593 5000; x_wconf 77' lang='grc' dir='ltr'><strong>διαφυλάττειν</strong></span> <span class='ocrx_word' id='word_1_896' title='bbox 2625 4929 2919 5004; x_wconf 78' lang='lat' dir='ltr'><strong>custodire,</strong></span> <span class='ocrx_word' id='word_1_897' title='bbox 2941 4942 3060 5000; x_wconf 85' lang='lat' dir='ltr'><strong>post</strong></span> <span class='ocrx_word' id='word_1_898' title='bbox 3091 4935 3201 4989; x_wconf 85' lang='lat' dir='ltr'><strong>dies</strong></span> <span class='ocrx_word' id='word_1_899' title='bbox 3226 4937 3401 5004; x_wconf 86' lang='lat' dir='ltr'><strong>patrii.</strong></span> 
     </span>
    </p>
   </div>
   <div class='ocr_carea' id='block_1_117' title="bbox 2106 4999 3622 5078">
    <p class='ocr_par' dir='ltr' id='par_1_117' title="bbox 2106 4999 3622 5078">
     <span class='ocr_line' id='line_1_117' title="bbox 2106 4999 3622 5078; baseline 0.009 -27"><span class='ocrx_word' id='word_1_900' title='bbox 2106 4999 2288 5078; x_wconf 54' lang='lat' dir='ltr'><strong>(tCum</strong></span> <span class='ocrx_word' id='word_1_901' title='bbox 2334 4999 2514 5078; x_wconf 78' lang='lat' dir='ltr'><strong>amara</strong></span> <span class='ocrx_word' id='word_1_902' title='bbox 2563 5000 2865 5078; x_wconf 58' lang='lat' dir='ltr'><strong>percssitate</strong></span> <span class='ocrx_word' id='word_1_903' title='bbox 2905 4999 2958 5078; x_wconf 83' lang='lat' dir='ltr'><strong>in</strong></span> <span class='ocrx_word' id='word_1_904' title='bbox 2998 5005 3174 5078; x_wconf 44' lang='lat' dir='ltr'><strong>dig...</strong></span> <span class='ocrx_word' id='word_1_905' title='bbox 3208 4999 3275 5058; x_wconf 81' lang='lat' dir='ltr'><strong>ad</strong></span> <span class='ocrx_word' id='word_1_906' title='bbox 3296 5010 3622 5078; x_wconf 81' lang='lat' dir='ltr'><strong>sacriﬁcia...</strong></span> 
     </span>
    </p>
   </div>
   <div class='ocr_carea' id='block_1_118' title="bbox 2031 5068 3627 5150">
    <p class='ocr_par' dir='ltr' id='par_1_118' title="bbox 2031 5068 3627 5150">
     <span class='ocr_line' id='line_1_118' title="bbox 2031 5068 3627 5150; baseline 0.009 -29"><span class='ocrx_word' id='word_1_907' title='bbox 2031 5069 2221 5150; x_wconf 80' lang='lat' dir='ltr'><strong>hedera</strong></span> <span class='ocrx_word' id='word_1_908' title='bbox 2245 5072 2499 5150; x_wconf 78' lang='lat' dir='ltr'><strong>_corouati</strong></span> <span class='ocrx_word' id='word_1_909' title='bbox 2549 5068 2737 5150; x_wconf 57' lang='lat' dir='ltr'><strong>Libero</strong></span> <span class='ocrx_word' id='word_1_910' title='bbox 2771 5073 3023 5150; x_wconf 73' lang='lat' dir='ltr'><strong>_circuire.</strong></span> <span class='ocrx_word' id='word_1_911' title='bbox 3072 5075 3224 5129; x_wconf 70' lang='lat' dir='ltr'><strong>Vers.</strong></span> <span class='ocrx_word' id='word_1_912' title='bbox 3267 5082 3391 5150; x_wconf 82' lang='lat' dir='ltr'><strong>Ant.</strong></span> <span class='ocrx_word' id='word_1_913' title='bbox 3421 5068 3627 5150; x_wconf 65' lang='lat' dir='ltr'><strong>absque</strong></span> 
     </span>
    </p>
   </div>
   <div class='ocr_carea' id='block_1_119' title="bbox 2029 5143 3628 5216">
    <p class='ocr_par' dir='ltr' id='par_1_119' title="bbox 2029 5143 3628 5216">
     <span class='ocr_line' id='line_1_119' title="bbox 2029 5143 3628 5216; baseline 0.007 -21"><span class='ocrx_word' id='word_1_914' title='bbox 2029 5144 2289 5197; x_wconf 86' lang='lat' dir='ltr'><strong>miseratio</strong></span> <span class='ocrx_word' id='word_1_915' title='bbox 2305 5155 2433 5197; x_wconf 88' lang='lat' dir='ltr'><strong>erat.</strong></span> <span class='ocrx_word' id='word_1_916' title='bbox 2454 5143 2660 5216; x_wconf 64' lang='lat' dir='ltr'><strong>‘Sabat.</strong></span> <span class='ocrx_word' id='word_1_917' title='bbox 2682 5144 2808 5216; x_wconf 73' lang='lat' dir='ltr'><strong>legit</strong></span> <span class='ocrx_word' id='word_1_918' title='bbox 2834 5162 2854 5197; x_wconf 86' lang='lat'><strong>.:</strong></span> <span class='ocrx_word' id='word_1_919' title='bbox 2888 5144 2955 5197; x_wconf 84' lang='lat' dir='ltr'><strong>In</strong></span> <span class='ocrx_word' id='word_1_920' title='bbox 2973 5147 3054 5198; x_wconf 82' lang='lat' dir='ltr'><strong>die</strong></span> <span class='ocrx_word' id='word_1_921' title='bbox 3078 5149 3214 5216; x_wconf 75' lang='lat' dir='ltr'><strong>regis</strong></span> <span class='ocrx_word' id='word_1_922' title='bbox 3235 5149 3422 5203; x_wconf 82' lang='lat' dir='ltr'><strong>natalis</strong></span> <span class='ocrx_word' id='word_1_923' title='bbox 3445 5152 3514 5205; x_wconf 89' lang='lat' dir='ltr'><strong>ad</strong></span> <span class='ocrx_word' id='word_1_924' title='bbox 3541 5143 3628 5206; x_wconf 75' lang='lat' dir='ltr'><strong>sa-</strong></span> 
     </span>
    </p>
   </div>
   <div class='ocr_carea' id='block_1_120' title="bbox 2030 5213 3627 5291">
    <p class='ocr_par' dir='ltr' id='par_1_120' title="bbox 2030 5213 3627 5291">
     <span class='ocr_line' id='line_1_120' title="bbox 2030 5213 3627 5291; baseline 0.008 -25"><span class='ocrx_word' id='word_1_925' title='bbox 2030 5216 2244 5291; x_wconf 70' lang='lat' dir='ltr'><strong>criﬁcia.</strong></span> <span class='ocrx_word' id='word_1_926' title='bbox 2280 5215 2454 5271; x_wconf 70' lang='lat' dir='ltr'><strong>Gra&#39;c.</strong></span> <span class='ocrx_word' id='word_1_927' title='bbox 2486 5229 2608 5268; x_wconf 86' lang='lat' dir='ltr'><strong>cum</strong></span> <span class='ocrx_word' id='word_1_928' title='bbox 2641 5213 2810 5269; x_wconf 84' lang='lat' dir='ltr'><strong>Lucil.</strong></span> <span class='ocrx_word' id='word_1_929' title='bbox 2840 5219 2910 5291; x_wconf 63' lang='grc' dir='ltr'><strong>εἰς</strong></span> <span class='ocrx_word' id='word_1_930' title='bbox 2937 5223 3024 5276; x_wconf 77' lang='grc' dir='ltr'><strong>τήν</strong></span> <span class='ocrx_word' id='word_1_931' title='bbox 3054 5213 3187 5291; x_wconf 67' lang='grc' dir='ltr'><strong>κᾳιέὰ</strong></span> <span class='ocrx_word' id='word_1_932' title='bbox 3217 5229 3371 5291; x_wconf 75' lang='grc' dir='ltr'><strong>μῆνα.</strong></span> <span class='ocrx_word' id='word_1_933' title='bbox 3397 5239 3485 5288; x_wconf 87' lang='lat' dir='ltr'><strong>per</strong></span> <span class='ocrx_word' id='word_1_934' title='bbox 3516 5225 3627 5278; x_wconf 86' lang='lat' dir='ltr'><strong>sin-</strong></span> 
     </span>
    </p>
   </div>
   <div class='ocr_carea' id='block_1_121' title="bbox 2067 5286 3631 5359">
    <p class='ocr_par' dir='ltr' id='par_1_121' title="bbox 2067 5286 3631 5359">
     <span class='ocr_line' id='line_1_121' title="bbox 2067 5286 3631 5359; baseline 0.004 -21"><span class='ocrx_word' id='word_1_935' title='bbox 2067 5286 2178 5340; x_wconf 85' lang='lat' dir='ltr'><strong>ulos</strong></span> <span class='ocrx_word' id='word_1_936' title='bbox 2200 5303 2430 5352; x_wconf 84' lang='lat' dir='ltr'><strong>menses;</strong></span> <span class='ocrx_word' id='word_1_937' title='bbox 2479 5296 2525 5340; x_wconf 87' lang='lat' dir='ltr'><strong>et</strong></span> <span class='ocrx_word' id='word_1_938' title='bbox 2570 5291 2782 5349; x_wconf 79' lang='grc' dir='ltr'><strong>κισσούς</strong></span> <span class='ocrx_word' id='word_1_939' title='bbox 2833 5286 3063 5359; x_wconf 79' lang='grc' dir='ltr'><strong>ἔχοντες,</strong></span> <span class='ocrx_word' id='word_1_940' title='bbox 3093 5286 3307 5344; x_wconf 81' lang='lat' dir='ltr'><strong>hederas</strong></span> <span class='ocrx_word' id='word_1_941' title='bbox 3347 5286 3631 5349; x_wconf 82' lang='lat' dir='ltr'><strong>habentes:</strong></span> 
     </span>
    </p>
   </div>
   <div class='ocr_carea' id='block_1_122' title="bbox 2053 5359 3626 5438">
    <p class='ocr_par' dir='ltr' id='par_1_122' title="bbox 2053 5359 3626 5438">
     <span class='ocr_line' id='line_1_122' title="bbox 2053 5359 3626 5438; baseline 0.008 -29"><span class='ocrx_word' id='word_1_942' title='bbox 2053 5359 2228 5438; x_wconf 67' lang='lat' dir='ltr'><strong>egitnr</strong></span> <span class='ocrx_word' id='word_1_943' title='bbox 2259 5373 2390 5438; x_wconf 63' lang='lat' dir='ltr'><strong>vero</strong></span> <span class='ocrx_word' id='word_1_944' title='bbox 2411 5367 2531 5424; x_wconf 56' lang='lat' dir='ltr'><strong>(est</strong></span> <span class='ocrx_word' id='word_1_945' title='bbox 2562 5359 2695 5411; x_wconf 80' lang='lat' dir='ltr'><strong>diem</strong></span> <span class='ocrx_word' id='word_1_946' title='bbox 2719 5359 2850 5438; x_wconf 63' lang='lat' dir='ltr'><strong>regis</strong></span> <span class='ocrx_word' id='word_1_947' title='bbox 2867 5361 3081 5438; x_wconf 70' lang='lat' dir='ltr'><strong>natalis,</strong></span> <span class='ocrx_word' id='word_1_948' title='bbox 3102 5363 3185 5416; x_wconf 78' lang='grc' dir='ltr'><strong>ἐπὶ</strong></span> <span class='ocrx_word' id='word_1_949' title='bbox 3211 5364 3626 5438; x_wconf 71' lang='grc' dir='ltr'><strong>σπλαγχνισμὸν.</strong></span> 
     </span>
    </p>
   </div>
   <div class='ocr_carea' id='block_1_123' title="bbox 2032 5427 3630 5504">
    <p class='ocr_par' dir='ltr' id='par_1_123' title="bbox 2032 5427 3630 5504">
     <span class='ocr_line' id='line_1_123' title="bbox 2032 5427 3630 5504; baseline 0.004 -22"><span class='ocrx_word' id='word_1_950' title='bbox 2032 5429 2099 5482; x_wconf 86' lang='lat' dir='ltr'><strong>ad</strong></span> <span class='ocrx_word' id='word_1_951' title='bbox 2131 5429 2554 5504; x_wconf 73' lang='lat' dir='ltr'><strong>t&#39;iserrulionem;</strong></span> <span class='ocrx_word' id='word_1_952' title='bbox 2587 5427 2963 5504; x_wconf 27' lang='lat' dir='ltr'><strong>(lllbl&#39;e‘Lillillr</strong></span> <span class='ocrx_word' id='word_1_953' title='bbox 2995 5430 3068 5482; x_wconf 81' lang='lat' dir='ltr'><strong>ita</strong></span> <span class='ocrx_word' id='word_1_954' title='bbox 3110 5437 3332 5504; x_wconf 75' lang='lat' dir='ltr'><strong>corrigit</strong></span> <span class='ocrx_word' id='word_1_955' title='bbox 3355 5427 3424 5490; x_wconf 67' lang='grc' dir='ltr'>ἰἶῖ</span> <span class='ocrx_word' id='word_1_956' title='bbox 3461 5427 3630 5491; x_wconf 49' lang='lat' dir='ltr'><strong>Lucil;</strong></span> 
     </span>
    </p>
   </div>
   <div class='ocr_carea' id='block_1_124' title="bbox 2033 5499 3633 5576">
    <p class='ocr_par' dir='ltr' id='par_1_124' title="bbox 2033 5499 3633 5576">
     <span class='ocr_line' id='line_1_124' title="bbox 2033 5499 3633 5576; baseline 0.007 -24"><span class='ocrx_word' id='word_1_957' title='bbox 2033 5504 2098 5576; x_wconf 76' lang='lat' dir='ltr'><strong>ad</strong></span> <span class='ocrx_word' id='word_1_958' title='bbox 2123 5501 2505 5576; x_wconf 68' lang='lat' dir='ltr'><strong>uiscerationem</strong></span> <span class='ocrx_word' id='word_1_959' title='bbox 2533 5541 2545 5560; x_wconf 88' lang='lat'><strong>,</strong></span> <span class='ocrx_word' id='word_1_960' title='bbox 2600 5499 2682 5576; x_wconf 80' lang='lat' dir='ltr'><strong>vel</strong></span> <span class='ocrx_word' id='word_1_961' title='bbox 2719 5501 3145 5576; x_wconf 74' lang='lat' dir='ltr'><strong>_viscrratio_erat</strong></span> <span class='ocrx_word' id='word_1_962' title='bbox 3165 5547 3178 5566; x_wconf 98' lang='lat'><strong>,</strong></span> <span class='ocrx_word' id='word_1_963' title='bbox 3209 5499 3401 5568; x_wconf 52' lang='lat' dir='ltr'><strong>id&#39;est,</strong></span> <span class='ocrx_word' id='word_1_964' title='bbox 3430 5511 3549 5576; x_wconf 87' lang='lat' dir='ltr'><strong>quia</strong></span> <span class='ocrx_word' id='word_1_965' title='bbox 3576 5527 3633 5563; x_wconf 83' lang='lat' dir='ltr'><strong>co</strong></span> 
     </span>
    </p>
   </div>
   <div class='ocr_carea' id='block_1_125' title="bbox 2033 5571 3637 5652">
    <p class='ocr_par' dir='ltr' id='par_1_125' title="bbox 2033 5571 3637 5652">
     <span class='ocr_line' id='line_1_125' title="bbox 2033 5571 3637 5652; baseline 0.007 -28"><span class='ocrx_word' id='word_1_966' title='bbox 2033 5571 2117 5625; x_wconf 82' lang='lat' dir='ltr'><strong>die</strong></span> <span class='ocrx_word' id='word_1_967' title='bbox 2144 5573 2432 5652; x_wconf 64' lang='lat' dir='ltr'><strong>uisceratio</strong></span> <span class='ocrx_word' id='word_1_968' title='bbox 2458 5579 2568 5652; x_wconf 63' lang='lat' dir='ltr'><strong>erat</strong></span> <span class='ocrx_word' id='word_1_969' title='bbox 2610 5572 2952 5652; x_wconf 72' lang='lat' dir='ltr'><strong>victimarum.</strong></span> <span class='ocrx_word' id='word_1_970' title='bbox 3004 5573 3108 5652; x_wconf 64' lang='grc' dir='ltr'><strong>δρα</strong></span> <span class='ocrx_word' id='word_1_971' title='bbox 3152 5571 3552 5652; x_wconf 61' lang='grc' dir='ltr'><strong>σπλαγχνιάμὸς</strong></span> <span class='ocrx_word' id='word_1_972' title='bbox 3591 5591 3637 5634; x_wconf 83' lang='lat' dir='ltr'><strong>et</strong></span> 
     </span>
    </p>
   </div>
   <div class='ocr_carea' id='block_1_126' title="bbox 2033 5638 3642 5718">
    <p class='ocr_par' dir='ltr' id='par_1_126' title="bbox 2033 5638 3642 5718">
     <span class='ocr_line' id='line_1_126' title="bbox 2033 5638 3642 5718; baseline 0.007 -23"><span class='ocrx_word' id='word_1_973' title='bbox 2033 5645 2360 5718; x_wconf 51' lang='lat' dir='ltr'><strong>sacriﬁcium</strong></span> <span class='ocrx_word' id='word_1_974' title='bbox 2392 5641 2656 5710; x_wconf 66' lang='lat' dir='ltr'><strong>signiﬁcat</strong></span> <span class='ocrx_word' id='word_1_975' title='bbox 2689 5683 2701 5706; x_wconf 87' lang='lat'><strong>,</strong></span> <span class='ocrx_word' id='word_1_976' title='bbox 2731 5654 2778 5696; x_wconf 87' lang='lat' dir='ltr'><strong>et</strong></span> <span class='ocrx_word' id='word_1_977' title='bbox 2823 5644 3228 5718; x_wconf 63' lang='lat' dir='ltr'><strong>miserationem,</strong></span> <span class='ocrx_word' id='word_1_978' title='bbox 3259 5638 3370 5718; x_wconf 62' lang='lat' dir='ltr'><strong>«(ita</strong></span> <span class='ocrx_word' id='word_1_979' title='bbox 3393 5638 3642 5706; x_wconf 49' lang='lat' dir='ltr'><strong>vii‘tiina-</strong></span> 
     </span>
    </p>
   </div>
   <div class='ocr_carea' id='block_1_127' title="bbox 2033 5712 3659 5790">
    <p class='ocr_par' dir='ltr' id='par_1_127' title="bbox 2033 5712 3659 5790">
     <span class='ocr_line' id='line_1_127' title="bbox 2033 5712 3659 5790; baseline 0.007 -22"><span class='ocrx_word' id='word_1_980' title='bbox 2033 5728 2152 5768; x_wconf 89' lang='lat' dir='ltr'><strong>rum</strong></span> <span class='ocrx_word' id='word_1_981' title='bbox 2181 5712 2398 5768; x_wconf 78' lang='lat' dir='ltr'><strong>viscera</strong></span> <span class='ocrx_word' id='word_1_982' title='bbox 2449 5723 2773 5783; x_wconf 81' lang='lat' dir='ltr'><strong>tanguntur;</strong></span> <span class='ocrx_word' id='word_1_983' title='bbox 2823 5712 2947 5770; x_wconf 79' lang='lat' dir='ltr'><strong>hinc</strong></span> <span class='ocrx_word' id='word_1_984' title='bbox 2979 5717 3030 5770; x_wconf 90' lang='lat' dir='ltr'><strong>iu</strong></span> <span class='ocrx_word' id='word_1_985' title='bbox 3063 5712 3334 5790; x_wconf 73' lang='lat' dir='ltr'><strong>Lucil’oro,</strong></span> <span class='ocrx_word' id='word_1_986' title='bbox 3377 5719 3659 5780; x_wconf 66' lang='lat' dir='ltr'><strong>utian</strong></span> 
     </span>
    </p>
   </div>
   <div class='ocr_carea' id='block_1_128' title="bbox 2031 5794 2158 5839">
    <p class='ocr_par' dir='ltr' id='par_1_128' title="bbox 2031 5794 2158 5839">
     <span class='ocr_line' id='line_1_128' title="bbox 2031 5794 2158 5839; baseline -0.008 0"><span class='ocrx_word' id='word_1_987' title='bbox 2031 5794 2140 5839; x_wconf 86' lang='lat' dir='ltr'><strong>erat</strong></span> <span class='ocrx_word' id='word_1_988' title='bbox 2148 5825 2158 5838; x_wconf 93' lang='lat'><strong>.</strong></span> 
     </span>
    </p>
   </div>
  </div>
