4094 6190
552 290 690 356 4007

1629 286 1952 348 LUCIFERI
1992 283 2303 346 EPISCOPI
2344 279 2761 340 CALARITANI

3687 282 3795 346 1008

550 418 798 489 gebantur
826 415 959 468 enim
981 411 1195 466 hederas
1225 412 1467 466 habentes
1492 409 1678 465 Libero
1729 412 2017 467 circumire.
2049 410 2153 465 De-
2180 416 2233 473 Α
2259 408 2440 463 facere
2470 415 2597 460 tunc
2623 404 2867 459 cultores
2909 403 3045 458 Dei?
3085 405 3197 461 Deo
3230 417 3544 475 oportuerat
3567 422 3629 463 an
3651 408 3801 465 Antio-

548 518 744 563 cretum
773 516 945 559 autem
979 505 1100 559 exiit
1129 505 1181 558 in
1230 504 1490 574 proximas
1514 501 1814 557 Graecorum
1848 513 1871 539 ιι
1896 504 2145 569 civitates,

554 601 943 673 suggerentibus
970 598 1292 664 Ptolomaeis,
1320 597 1374 651 id
1406 598 1885 668 ipsuminstitutum
1906 596 2153 651 adversus

550 694 764 748 Jutlteos
791 708 945 764 agere
972 702 1018 745 et
1044 692 1279 745 misereri
1308 707 1324 744 :
1350 706 1437 745 eos
1462 704 1581 744 vero
1598 691 1684 758 qui
1708 689 1873 743 nolint
1890 687 1916 726 ι)
1936 689 2157 745 transire

553 786 621 840 ad
652 786 891 839 instituta
915 782 1235 848 ercorunt,
1265 782 1573 852 interﬁcere.
1607 782 1824 835 Advenit
1846 797 1967 851 ergo
1989 781 2159 834 videre

554 877 838 932 miseriam.
890 875 1021 929 Duce
1062 875 1199 929 enim
1228 874 1467 929 mulieres
1505 873 1695 928 delata:
1720 886 1838 928 sunt
1870 883 2019 927 natos
2040 888 2161 927 suos

458 1016 463 1020 ,
552 971 936 1026 circumcidisse
964 1012 979 1037 ,
1010 985 1227 1040 quarum
1256 979 1279 1007 ο
1308 969 1532 1037 infantes
1570 970 1640 1022 ad
1684 968 1841 1022 ubera
1878 967 2162 1037 suspende-

555 1074 703 1128 runt,
734 1072 781 1117 et
808 1080 921 1116 cttm
939 1062 1141 1134 publice
1155 1077 1244 1130 per
1266 1061 1522 1114 civitatem
1538 1060 1658 1114 illas
1675 1060 2159 1127 circumduxissent,

560 1174 651 1225 per
688 1173 890 1211 murum
922 1156 1042 1209 illas
1074 1155 1546 1226 prtecipitaverunt.
1581 1153 1686 1209 Alii
1735 1171 1855 1211 vero
1895 1156 1947 1209 in
1981 1152 2008 1192 ἀ
2043 1174 2165 1227 pro-

557 1249 699 1303 ximo
731 1257 1102 1302 concurrerunt
1144 1248 1197 1300 in
1238 1249 1512 1319 speculas,
1561 1258 1607 1301 et
1648 1248 1865 1302 latenter
1893 1249 2165 1317 septimum

560 1340 698 1395 diem
722 1326 1071 1397 celebrabant.
1108 1339 1261 1405 Quod
1288 1356 1405 1393 cum
1427 1340 1710 1394 indicatum
1729 1348 1855 1395 esset
1880 1383 1895 1406 ,
1929 1341 2166 1410 sufﬂam-

559 1435 834 1497 matisunt,
858 1450 917 1487 eo
929 1433 1068 1503 quod
1083 1442 1366 1486 metuerent
1389 1434 1441 1486 in
1461 1432 1546 1487 die
1563 1434 1779 1488 solemni
1795 1434 2023 1505 gloriosa
2034 1435 2170 1502 ferre

560 1528 659 1581 sibi
687 1528 889 1581 auxilia
911 1526 980 1597 (ll
1006 1524 1250 1581 Mos/tab.
1277 1542 1350 1593 γι,
1371 1526 1455 1595 7).
1477 1526 1615 1594 Quid
1634 1541 1828 1584 censes
1859 1527 2171 1597 Oportuisse

636 1674 661 1746 ᾗ
691 1663 826 1719 Cum
859 1662 1383 1748 ϐτωεοςελληνίδᾳςθ
1417 1662 1648 1747 (ξι-ωεαε.
1681 1664 1841 1748 Vers.
1876 1666 2004 1721 Ant.
2040 1667 2180 1748 tien-
2208 1686 2258 1748 Β

564 1736 836 1790 tilium....
869 1745 924 1789 ut
954 1737 1065 1803 pari
1093 1738 1248 1788 modo
1279 1746 1323 1787 et
1354 1738 1549 1801 ipsi....
1579 1747 1809 1806 agerent,
1840 1748 1893 1790 ut
1915 1740 2180 1805 sacri/ica-

563 1819 697 1881 rent.
724 1806 899 1881 Gneo.
948 1808 1035 1881 hic
1066 1809 1439 1881 σπλαγχνίζειν
1468 1807 1557 1881 ubi
1591 1807 1644 1861 in
1685 1808 1861 1861 Lucil.
1896 1810 2127 1864 misereri
2162 1852 2175 1876 ,

554 1877 621 1932 id
653 1891 730 1932 εει
757 1880 825 1931 ad
854 1880 1172 1945 sacrificium
1202 1877 1432 1931 uictimas
1462 1880 1746 1933 eviscerare
1775 1896 1786 1931 :
1825 1896 2011 1932 verum
2052 1898 2176 1936 cum

571 1965 601 2001 a
626 1964 844 2025 nutttttte
866 1952 1174 2025 σπλάγχνφν
1197 1960 1251 2025 el
1285 1952 1648 2022 σπλαγχνίζω,
1684 1950 1825 2025 quod
1856 1953 2177 2025 sacriﬁcare,

566 2030 613 2073 et
646 2022 1081 2095 “mxumae
1109 2023 1411 2095 derivetur,
1460 2026 1603 2095 quod
1651 2022 2007 2095 misericordia
2036 2042 2178 2077 cont-

566 2094 759 2145 moveri
788 2092 1079 2165 gignmgat,
1115 2093 1238 2147 ideo
1258 2101 1350 2145 aut
1368 2092 1601 2165 Lucifer,
1626 2104 1713 2144 aut
1747 2092 2042 2161 InterprCs,
2067 2111 2175 2165 quo

566 2178 699 2216 usus
728 2175 831 2227 est,
864 2164 1029 2219 vertit
1050 2166 1299 2219 misereri.
1325 2164 1430 2218 Sed
1460 2182 1526 2217 an
1552 2163 1660 2217 [uec
1678 2164 1939 2217 editorum
1967 2163 2117 2220 lectio
2143 2184 2175 2220 a

564 2232 798 2309 Luciferi
827 2253 982 2309 manu
998 2238 1221 2305 primum
1240 2233 1905 2309 prodierit[laudet/uident
1927 2240 2172 2309 putarim,

566 2305 1004 2360 aithllandius.
1040 2308 1225 2359 Saliat.
1268 2306 1399 2377 legit
1441 2324 1453 2358 :
1489 2306 1862 2361 Gentilium...
1914 2305 1967 2361 ut
2023 2310 2172 2364 id....

568 2389 779 2449 agerent
797 2390 843 2432 et
866 2380 1239 2449 sacriﬁcarent.

645 2446 671 2485 δ
711 2446 889 2504 Graec.
922 2446 1041 2503 cum
1076 2450 1247 2503 Lucii.
1281 2449 1521 2502 instituta
1551 2450 1799 2516 ἑλληνικά,
1848 2449 2173 2518 Graecorum,

569 2527 625 2572 et
650 2522 1098 2597 napizv,_aduenit.
1120 2520 1276 2578 Vers.
1299 2522 1427 2576 Ant.
1460 2519 1567 2573 Eos
1591 2533 1765 2574 autent
1793 2523 1879 2591 qui
1909 2524 2174 2577 nollent...

570 2593 818 2661 gentium,
851 2593 1198 2663 interﬁcerent
1227 2608 1245 2647 :
1276 2603 1384 2646 erat
1416 2608 1558 2663 ergo,
1589 2600 1695 2647 etc.

2253 499 2357 554 cbo
2416 496 2739 567 placendum
2773 496 2842 547 οἳ)
2893 496 2951 551 Si
3000 496 3124 552 illos
3176 515 3289 554 non
3349 513 3534 555 censes
3584 499 3804 558 Antiocho

2256 592 2475 663 placere
2522 590 2830 660 oportuisse
2867 631 2882 656 ,
2945 605 3046 646 nec
3090 606 3188 646 nos
3243 591 3432 663 utique
3488 592 3602 657 tibi,
3631 595 3735 664 quia
3765 604 3810 650 et

2260 686 2343 753 tu:
2367 685 2475 742 alio
2515 686 2643 740 licet
2686 684 2871 752 modo,
2905 695 3084 741 tamen
3130 701 3228 741 nos
3260 686 3340 741 sis
3368 686 3584 755 cupiens
3607 686 3810 744 tollerea

2264 782 2397 848 Deo,
2422 789 2476 836 et
2502 780 2729 849 iungere
2758 779 3002 845 diabolo,
3043 788 3101 835 ut
3134 780 3224 835 ille
3259 778 3491 835 voluerit
3530 780 3643 834 illos
3674 796 3685 833 :
3721 781 3812 849 ipsa

2265 890 2363 946 per
2389 884 2444 930 te
2475 872 2771 929 crudelitas
2792 873 3005 944 geritur
3027 915 3042 940 ,
3077 875 3153 928 sic
3182 888 3365 928 saevus
3388 880 3541 942 atque
3564 872 3751 941 iniquus
3774 874 3814 928 in

2270 984 2387 1035 eos,
2411 968 2501 1038 qui
2534 976 2627 1022 tuo
2652 970 2867 1022 lunesto
2888 967 3066 1023 edicto
3087 966 3378 1023 resistunt.
3407 966 3652 1035 Superest
3666 964 3815 1035 igitur,

2230 1067 2234 1071 ’
2270 1072 2330 1119 ut
2351 1072 2436 1118 est
2464 1076 2609 1133 saepe
2634 1062 2857 1126 dictum,
2891 1060 3077 1116 doleas
3102 1071 3153 1115 te
3182 1074 3431 1125 errasse,
3464 1073 3816 1130 agnoscensque

2275 1165 2327 1211 te
2360 1170 2484 1211 esse
2510 1153 2837 1209 homicidam
2869 1165 3030 1223 atque
3059 1151 3816 1224 blaSphemum,temet,deser-

2276 1259 2360 1306 tor
2385 1249 2507 1317 Dei,
2539 1256 2905 1319 repraesentes
2931 1247 3117 1303 domui
3147 1245 3164 1284 ί
3180 1289 3192 1314 ,
3217 1247 3464 1318 alioquin
3485 1255 3535 1301 tu
3571 1245 3655 1302 tibi
3674 1244 3815 1317 impu-

2278 1352 2509 1409 taturus,
2538 1358 2660 1397 cum
2697 1354 2748 1397 te
2777 1341 2963 1397 videre
2995 1341 3231 1412 caperis
3270 1340 3387 1396 illic
3422 1354 3572 1405 esse,
3604 1338 3681 1394 ubi
3707 1354 3819 1394 nunc

2277 1439 2607 1495 suntcuncti
2639 1438 2719 1494 illi
2748 1438 3074 1510 contyranni
3109 1438 3204 1493 tui.

2357 1681 2378 1708 ε
2426 1670 2584 1725 Vers.
2642 1673 2770 1726 Ant.
2804 1673 2947 1738 Quas
2992 1668 3387 1741 infantibusad
3407 1668 3559 1723 ubera
3604 1665 3818 1736 suspensis

2284 1757 2403 1795 cum
2430 1742 2631 1810 publice
2662 1760 2754 1812 per
2780 1744 3037 1797 civitatem
3064 1740 3546 1799 circumduxissent,
3588 1753 3819 1812 permunit

2285 1810 2758 1881 pi'wcipitaverunt.
2778 1814 2951 1868 Lucii.
2971 1830 3035 1867 ex
3055 1813 3272 1874 Gnecn,
3290 1813 3431 1875 illas,
3449 1813 3621 1877 αὐτὰς,
3646 1810 3816 1863 circum-

2283 1885 2569 1956 duatissent,
2598 1896 2643 1938 et
2674 1901 2765 1956 per
2793 1901 3017 1945 murum.
3043 1889 3171 1940 κατὰ
3200 1891 3294 1941 τοῦ
3312 1886 3545 1954 τείχους.

2352 1952 2377 1991 ἀ
2420 1956 2499 2008 Ad
2522 1950 2783 2025 proximas
2810 1968 3043 2011 coeuntes
3074 1950 3488 2027 speluncas...“
3518 1952 3694 2027 sabbati
3719 1950 3820 2003 diem

2281 2022 2613 2092 celebrantes,
2640 2045 2752 2081 cum
2783 2028 3001 2081 iudicati
3031 2022 3196 2080 essent
3222 2025 3493 2096 Philippo,
3519 2022 3711 2096 ﬂammis
3736 2037 3820 2074 sitc-

2280 2100 2416 2151 censi
2456 2110 2595 2161 sunt,
2643 2116 2701 2151 eo
2729 2099 2865 2163 quod
2919 2099 3221 2152 rerebantur
3278 2094 3481 2167 propter
3509 2094 3763 2167 religionem
3785 2101 3819 2143 et

2281 2169 2649 2223 observantiam
2673 2187 2827 2224 manu
2850 2172 3050 2224 sibimet
3076 2170 3332 2224 auxilium
3374 2165 3525 2237 ferre.
3570 2165 3733 2237 Grtrc._
3757 2170 3819 2221 nrt

2280 2239 2565 2311 ἑϐδομάδα,
2596 2241 3041 2315 diem_septimum,
3065 2254 3116 2297 et
3144 2235 3819 2315 συνεφλοέγίσθησίανβαίῆαιη-

2283 2308 2411 2363 mari
2431 2322 2548 2365 sunt
2580 2328 2701 2367 cum
2728 2313 2899 2367 Lucii.
2927 2308 3463 2369 Sabaticrius'babet
3489 2328 3502 2365 :
3527 2308 3586 2362 In
3613 2308 3819 2379 proximat

2280 2395 2609 2456 cucurrerunt
2629 2388 2919 2456 speluncas.

2283 2464 2381 2579 T'lc
2422 2454 2526 2509 Pro
2559 2454 2759 2525 placere
2784 2474 2804 2522 ;
2827 2457 2967 2512 sicut
2995 2467 3118 2512 ante
3146 2456 3294 2513 dixit
3320 2456 3539 2511 nocitum
3560 2467 3645 2523 pro
3663 2462 3814 2503 nocere.

2336 2542 2347 2577 I
2380 2562 2393 2576 .

2361 2594 2613 2667 {Domni
2640 2598 2752 2664 Dei,
2776 2599 2831 2654 id
2855 2608 2938 2656 est
2967 2599 3214 2657 Ecclesia:
3240 2600 3313 2656 ad
3346 2593 3716 2671 paenitentiam?

598 2724 3816 2762 _._______________________________..

1439 2904 1585 3021 s.
1664 2907 1842 3018 P.
1900 2854 2090 3016 N.
2132 2906 3029 3024 Lacu-tm“

1796 3096 2153 3159 EPISCOPI
2196 3099 2693 3164 CALABITANI
2711 3147 2728 3179 ,

588 3263 1843 3418 MORIENDUM.
1888 3259 2373 3410 ESSE
2432 3265 2847 3416 PRO
2894 3268 3245 3412 DEI
3297 3254 3807 3440 FILIO,

1216 3502 1371 3589 AD
1448 3503 2306 3591 CONSTANTIUM
2379 3506 3299 3615 IMPERATOREM,

1891 3680 2234 3753 LIBER
2314 3681 2461 3755 UN
2473 3682 2629 3761 US.

667 3989 935 4046 Decuerat
980 3982 1228 4055 quidem,
1255 3979 1540 4036 Constanti
1562 3978 1885 4047 imperator,
1922 3975 2058 4030 nihil
2080 3975 2191 4044 jam
2220 3955 2268 4019 (ἶ
2298 3977 2495 4048 quibus
2526 3987 2575 4033 te
2606 3985 2762 4047 putas
2790 3993 3068 4050 magnum,
3102 3993 3225 4035 esse
3257 3988 3313 4036 te
3339 3977 3603 4034 miserum,
3623 3968 3813 4055 content-

598 4092 775 4135 tccum
804 4079 873 4133 dc
900 4076 1106 4131 divinis
1134 4084 1435 4128 retractare
1466 4070 1776 4140 scripturis,
1809 4084 1931 4122 cum
1954 4082 2020 4122 eo
2044 4067 2198 4122 vide-

602 4171 757 4236 licet,
788 4182 951 4238 quem
986 4164 1234 4220 veritatis
1262 4162 1696 4231 compererimus
1727 4159 2197 4228 interpolatorem,

606 4274 782 4319 tecum
815 4275 975 4332 quem
1027 4257 1095 4313 de
1123 4256 1230 4312 illis
1260 4272 1325 4311 ex
1364 4254 1574 4310 actibus
1605 4253 1711 4307 tuis
1744 4261 1795 4308 te
1840 4250 2202 4321 comprehen-

602 4356 846 4413 derimus
893 4368 1037 4420 esse,
1078 4350 1171 4422 qui
1206 4348 1412 4405 idcirco
1458 4347 1718 4403 dicantur
1754 4344 1856 4399 sibi
1903 4344 2199 4413 sapientes,

606 4450 753 4521 quod
787 4450 930 4504 enim
962 4448 1073 4502 sint
1097 4443 1430 4514 insipientia:
1463 4442 1567 4497 iter
1599 4449 1887 4504 tenentes;
1916 4436 2202 4503 decuerat,

604 4554 662 4599 ut
692 4542 953 4609 diximus,
1016 4550 1139 4609 post
1192 4548 1345 4593 tanta
1386 4537 1481 4592 illa
1515 4550 1634 4606 quae
1688 4534 2041 4605 ingessimus,
2090 4532 2203 4601 jam

608 4637 857 4703 prteberc
888 4634 1192 4696 silentium,
1224 4631 1460 4685 maxime
1506 4644 1628 4684 cum
1658 4628 1915 4697 scriptum
1944 4626 2207 4681 memine-

608 4732 780 4783 rimus
815 4744 827 4777 ε
864 4725 991 4779 Noli
1041 4724 1351 4795 respondere
1372 4722 1688 4793 imprudenti
1715 4721 1784 4773 ad
1808 4719 2206 4787 imprudentiam

609 4822 743 4893 ejus,
768 4837 830 4874 ne
856 4820 1038 4873 similis
1068 4819 1165 4887 ﬁas
1195 4818 1274 4871 illi
1294 4816 1743 4886 (Prov.x.\w,4).
1780 4816 1845 4869 Et
1875 4814 2067 4869 iterum
2093 4832 2105 4867 :
2140 4812 2207 4866 In

612 4931 765 4970 aures
813 4911 1159 4985 imprudentis
1212 4914 1319 4965 noli
1345 4914 1618 4979 quicquam
1649 4911 1838 4974 dicere,
1888 4925 1949 4962 ne
1998 4909 2207 4978 quando

611 5008 858 5069 audierit,
892 5006 1106 5060 irrideat
1135 5016 1369 5059 sensatos
1392 5020 1647 5058 sermones
1671 5014 1784 5057 tuos
1806 5000 1914 5073 (Ib.
1946 5016 2099 5063 χχιιι.
2125 5002 2204 5071 9).

609 5101 738 5165 Sed,
774 5102 901 5172 quia
931 5098 1111 5154 adhuc
1156 5098 1224 5153 de
1251 5113 1527 5153 armorum
1578 5110 1794 5153 tuorum
1845 5106 2114 5166 potestate
2157 5107 2211 5151 et

610 5210 747 5247 Vana
778 5192 988 5263 imperii
1023 5191 1493 5246 tuidominatione
1523 5192 1685 5245 times
1705 5201 1748 5253 τι.
1784 5190 1977 5259 collegi
2008 5188 2037 5227 ι)
2061 5190 2212 5259 plau-

613 5289 765 5351 dere,
794 5287 939 5357 quod
968 5288 1111 5341 enim
1146 5286 1356 5356 possis,
1383 5299 1517 5353 quos
1544 5283 1757 5337 ratione
1780 5282 2053 5336 debueras
2080 5282 2131 5335 in
2158 5281 2208 5336 id

2305 4071 2467 4139 nique
2501 4086 2719 4125 omnem
2747 4071 3080 4128 carniﬁcina:
3110 4081 3217 4128 tuae
3277 4071 3479 4128 rabiem
3506 4080 3533 4119 a
3560 4056 3704 4118 servis
3727 4046 3813 4106 Dei.

2304 4162 2451 4218 volui
2486 4164 2591 4218 isto
2643 4166 2947 4235 prmsertim
2978 4166 3118 4220 libro
3150 4175 3343 4221 notum
3395 4151 3654 4223 sacrilegio
3686 4145 3819 4198 “1095‘

2306 4263 2431 4309 tata:
2456 4254 2638 4311 facere
2665 4256 2836 4312 menti
2866 4267 2994 4311 tute.
3025 4256 3101 4311 Te
3131 4258 3279 4313 enim
3312 4269 3431 4313 cum
3460 4237 3727 4315 temporali,
3751 4242 3818 4284 ca-

2306 4347 2473 4417 duco,
2522 4350 2723 4422 fragili,
2778 4350 3127 4422 corruptibili
3169 4367 3341 4422 regno
3378 4360 3466 4405 tuo
3515 4333 3815 4397 transiturum.

2307 4455 2363 4500 ει
2414 4443 2481 4499 ad
2532 4457 2798 4501 ωιετιιθιη
2854 4460 3096 4516 poenam,
3150 4447 3259 4503 nisi
3290 4447 3409 4511 tibi,
3439 4442 3556 4497 dum
3600 4437 3673 4486 est
3694 4424 3821 4478 locus.

2308 4538 2647 4607 provideris,
2677 4548 3093 4609 perventurum,
3115 4538 3457 4595 Christianos
3482 4539 3603 4585 vero
3627 4518 3682 4575 ad
3706 4520 3821 4567 ater-

2310 4649 2435 4689 nam
2463 4642 2720 4689 venturos
2766 4634 3035 4703 requiem,
3067 4629 3481 4705 incorruptibile
3501 4624 3700 4705 regnum
3724 4615 3822 4705 conf

2309 4733 2619 4791 secuturos,
2652 4725 2816 4780 fixum
2850 4701 3313 4797 manifestumque
3336 4722 3524 4780 habere
3545 4723 3590 4766 te
3608 4701 3817 4797 velum“?-

2312 4816 2394 4872 An
2423 4788 2721 4873 defendere
2755 4817 3010 4883 tentabis,
3063 4788 3400 4888 quod-enim
3430 4822 3521 4880 per
3555 4802 3672 4855 hanc
3696 4788 3819 4888 hart-

2312 4912 2413 4966 sim
2449 4923 2594 4966 tuam
2624 4911 3124 4982 comprehensurus
3146 4912 3223 4967 sis
3247 4920 3465 4982 regnum
3504 4893 3741 4953 caelorum,
3761 4882 3816 4982 tu:

2313 5005 2403 5076 qui
2437 5021 2558 5060 cum
2590 5004 3094 5074 compestileutibus
3128 5004 3233 5060 tuis
3266 4998 3475 5059 Arianis
3513 4989 3701 5076 11111995!
3726 4974 3817 5076 "if

2316 5053 2403 5076 ν-
2441 5053 2558 5060 __.__
2595 5053 3092 5074 _--__l,__-_____-__-__
3129 5053 3232 5060 η--

2314 5099 2475 5154 nobis
2525 5099 2849 5155 Christianis
2891 5100 3130 5155 revictns
3186 5112 3381 5154 manus
3428 5091 3549 5146 dare
3590 5053 3818 5138 aliquam“

2314 5193 2587 5249 clamante
2634 5195 2868 5249 veritate
2899 5194 3012 5264 ipsa
3063 5195 3360 5265 cogereris,
3393 5163 3819 5267 disceptatione?

2310 5285 2477 5354 jecta,
2521 5284 2587 5339 ad
2629 5285 2882 5341 virtutem
2915 5259 3338 5355 confugiendum
3368 5274 3613 5349 frﬂﬂilium
3642 5259 3814 5355 “in?

610 5381 752 5452 quod
780 5395 1074 5437 censueras
1101 5380 1460 5444 constituere,
1494 5377 1720 5443 violare,
1744 5376 1797 5431 in
1830 5375 1914 5431 his
1927 5376 2203 5441 omnibus,
2233 5366 2288 5427 D
2314 5391 2432 5433 rum
2455 5388 2476 5415 ο
2500 5386 2712 5434 tuorum
2743 5379 3060 5434 censueris?
3086 5387 3356 5450 tamquam
3388 5380 3560 5447 posses
3581 5351 3716 5415 armis
3742 5341 3817 5397 “1‘

686 5530 711 5557 ἰ
756 5521 941 5575 Times.
967 5518 1148 5574 Vatic.
1181 5528 1359 5573 tumes.
1390 5517 1494 5572 Til.

685 5591 710 5628 δ
752 5593 917 5647 Forte
943 5591 1171 5644 intellexi
1203 5601 1250 5643 te
1281 5589 1368 5643 tibi
1391 5589 1667 5660 plaudere;
1696 5587 1843 5660 vel‘si
1865 5586 2209 5660 retinendum

614 5673 697 5714 est
716 5665 893 5727 times;
922 5662 944 5715 Ι
952 5661 1178 5726 ntellexi,
1204 5662 1323 5731 quia
1343 5656 1499 5714 victus
1524 5660 1585 5713 ab
1609 5661 1736 5731 ipsis
1757 5656 2059 5731 Catholicis,
2085 5676 2211 5730 quos

611 5734 935 5803 intereritisti,
995 5748 1153 5800 neque
1182 5730 1235 5785 in
1273 5733 1370 5785 tuis
1421 5733 1529 5803 ipse
1581 5730 1738 5785 armis
1788 5730 2044 5801 conﬁdis;
2094 5733 2210 5786 ideo

610 5802 824 5874 plaudo,
851 5802 1017 5868 lector,
1051 5818 1157 5855 esse
1185 5812 1232 5855 te
1258 5802 1523 5867 miserunt,
1560 5811 1667 5858 etc.

2396 5530 2413 5555 ο
2436 5518 2749 5601 Armorum.
2782 5517 2961 5601 Latin.
2992 5528 3141 5601 recte
3170 5536 3184 5585 ;
3221 5517 3338 5601 Ι)ωο
3361 5489 3812 5601 εηῖηιῇςςξείθξξθέξ

2318 5588 2539 5655 dentur,
2569 5606 2688 5658 qum
2722 5591 2882 5659 paulo
2913 5600 3039 5645 ante
3066 5560 3475 5672 legdntﬁurlquia
3496 5560 3811 5672 af’Iffjfmf;

2324 5639 2538 5655 μνη-ν,
2725 5639 2865 5659 τηρ
2914 5639 3036 5645 --η
3066 5639 3337 5661 -νο---τ---ν
3368 5639 3409 5658 ~,~
3684 5639 3689 5641 τ
3770 5639 3811 5668 υ,

2318 5678 2520 5717 morum
2542 5670 2744 5738 tuorum
2776 5672 3045 5729 potestate,
3070 5674 3178 5717 etc.
3232 5662 3367 5738 Quid
3410 5639 3811 5738 q09d_-"ffg$:;m

2776 5710 3045 5729 τ--τ-νηη,
3074 5710 3178 5717 --ν-
3238 5710 3367 5729 ,ι--μ
3422 5710 3439 5725 τ
3754 5710 3807 5738 ,ιη

2319 5748 2445 5790 nem
2476 5734 2979 5818 conﬁrmantmqntta:
3011 5749 3135 5818 mox
3159 5734 3363 5818 “subdit
3390 5731 3584 5818 alitis-‘1":
3600 5710 3807 5818 gfx“.

2317 5786 2499 5877 posses,
2520 5786 2676 5859 armis
2704 5786 3135 5885 fragilibtts,etc.
3159 5786 3199 5859 ‘li
3434 5796 3573 5853 aliter
3599 5786 3704 5836 sane
