4094 6190
319 239 344 300 1
355 239 459 299 009

1236 239 1657 301 MORIENDUM
1698 241 1872 302 ESSE
1910 241 2050 300 PRO
2091 243 2203 300 DEI
2243 243 2427 304 FILIO
2463 246 2691 304 LIBER.

3479 245 3620 306 1010

315 358 522 431 gilibus
554 357 885 416 immortalia
928 357 1068 416 dona
1096 370 1492 416 consecuturos
1519 374 1780 432 superare
1812 361 1915 416 ini-
1941 372 1991 430 Α
2021 375 2050 416 a
2083 377 2170 417 me
2197 361 2263 417 ad
2296 367 2726 423 conservandam
2750 367 3006 433 salutem,
3030 383 3220 425 omnes
3262 368 3358 426 Dei
3408 382 3621 434 servos,

317 453 492 508 micus
523 452 725 508 divinae
781 453 1083 524 religionis,
1139 452 1424 524 religiosos
1476 466 1664 508 servos
1711 451 1916 508 Christi

316 559 634 617 prmeursor
697 545 1039 610 antichristi,
1095 545 1295 600 milites
1343 545 1439 600 Dei
1490 560 1610 612 eos,
1657 559 1794 616 quos
1850 544 1917 600 ad

317 651 552 696 mternas
582 638 886 694 divinitatis
932 655 1044 693 sua:
1093 638 1458 709 perfruendas
1485 639 1764 694 amicitias
1797 639 1920 692 uni-

317 748 412 790 cus
442 746 526 790 est
570 731 739 788 Filius
769 733 865 788 Dei
913 732 1150 789 invitare
1188 733 1462 804 dignatus,
1513 733 1733 788 dicens:
1771 732 1918 788 Beati

317 829 438 883 estis
462 843 579 882 cum
610 834 638 864 ει
667 843 755 882 vos
777 827 898 881 odio
924 825 1194 881 habuerint
1239 827 1495 892 homines,
1535 836 1582 881 et
1609 827 1918 882 maledicen-

315 933 388 979 tes
415 932 804 994 persequentur,
829 932 876 976 et
900 922 1304 992 exprobrabant,
1339 932 1386 976 et
1429 922 1600 975 dicent
1646 922 1916 975 adversum

314 1032 404 1072 vos
429 1033 576 1070 omne
604 1015 797 1070 malum
814 1015 1066 1088 :gaudete
1092 1025 1138 1069 et
1165 1018 1440 1084 exsultate,
1463 1016 1706 1087 quoniam
1726 1032 1916 1071 merces

313 1120 481 1165 vestra
507 1110 671 1165 multa
690 1109 721 1149 ι)
745 1121 821 1166 est
859 1112 914 1165 in
940 1112 1064 1166 coelo
1091 1129 1109 1165 :
1131 1113 1205 1165 sic
1235 1113 1370 1165 enim
1421 1111 1676 1183 persecuti
1709 1120 1825 1164 sunt
1867 1120 1916 1164 et

314 1201 618 1274 prophetas,
648 1204 736 1273 qui
766 1213 911 1258 erant
965 1214 1086 1259 ante
1133 1221 1238 1259 vos.
1298 1205 1406 1259 llos
1446 1214 1502 1258 tu
1557 1205 1609 1258 in
1661 1204 1914 1259 omnibus

314 1299 592 1368 impotens
620 1297 690 1354 de
711 1298 883 1368 gradu
915 1299 1118 1369 putasti
1150 1298 1375 1369 pellere,
1412 1297 1512 1352 hos
1533 1306 1913 1368 prosternere,

313 1405 454 1462 quos
492 1389 682 1446 videas
711 1389 919 1446 idcirco
947 1405 1070 1446 esse
1120 1400 1337 1462 paratos
1358 1416 1360 1418 τ
1381 1404 1482 1459 pro
1513 1389 1802 1444 unico-Dei
1834 1389 1917 1444 in—

315 1482 486 1539 terﬁci
520 1482 681 1551 Filio,
715 1481 862 1553 quod
891 1483 1038 1538 enim
1064 1482 1338 1553 elegerint
1360 1497 1469 1537 non
1501 1481 1788 1536 vobiscum
1818 1496 1914 1536 ne-

312 1575 595 1646 gatoribus
624 1576 867 1646 torqueri
894 1576 1038 1647 apud
1072 1576 1298 1644 inferos,
1335 1576 1429 1632 sed
1463 1575 1689 1632 caeleste
1715 1589 1916 1630 conse-

312 1669 406 1741 qui
437 1684 700 1741 regnum;
731 1669 833 1726 hos
863 1686 961 1740 per
991 1671 1208 1726 inanem
1243 1672 1395 1740 regni
1429 1673 1502 1726 tui
1530 1673 1911 1726 auctoritatem

2019 455 2227 510 calcata
2285 455 2482 513 frivola
2537 461 2864 516 auctoritate
2909 473 3021 529 ttta,
3055 472 3261 528 mente,
3315 461 3621 528 voluntate,

2019 547 2221 615 studio,
2264 549 2482 616 virtute,
2515 567 2650 608 voce
2675 555 3010 609 consentire.
3055 553 3315 609 Advertis
3346 553 3621 625 quomodo

2018 643 2221 697 caduca
2245 643 2544 699 dominatio
2572 656 2662 700 tua
2687 656 2890 718 quanto
2916 659 3103 702 contra
3147 663 3247 702 nos
3276 646 3475 702 saevire
3507 645 3624 716 dig-

2019 746 2204 800 natur,
2241 737 2381 805 quod
2418 746 2571 792 tanto
2615 754 2676 793 ea
2717 739 2994 809 judicetur
3024 754 3147 794 esse
3195 739 3429 804 inﬁrma,
3483 753 3621 794 con-

2020 827 2364 897 temptibilis,
2398 830 2599 892 inanis,
2648 831 2845 886 debilis
2875 840 2929 887 et
2972 831 3185 903 objecta
3234 850 3246 886 :
3298 830 3486 886 furore
3539 839 3621 885 et-

2021 921 2165 975 enim
2197 929 2251 974 et
2281 922 2491 976 scelere
2516 925 2793 978 c0ncitata
2825 939 3018 978 manus
3047 933 3139 978 tua
3171 925 3235 978 ad
3267 925 3621 995 pcrimendos

2020 1029 2120 1069 nos
2151 1014 2407 1084 quotiens
2437 1016 2742 1085 pra-valuit,
2772 1017 2973 1073 totiens
2998 1033 3097 1072 uOs
3129 1018 3394 1082 crevisse,
3426 1027 3480 1072 et
3507 1033 3624 1072 ma-

2018 1111 2098 1180 gis
2159 1120 2322 1180 atque
2376 1113 2546 1182 magis
2597 1112 2834 1167 victores
2904 1112 3181 1166 exstitisse
3245 1110 3620 1168 meminimus.

2020 1203 2313 1257 Maclastiﬂ
2377 1204 2813 1274 quamplurimos
2872 1205 2928 1259 in
2974 1203 3300 1260 Alenudria
3336 1246 3352 1271 ,
3405 1204 3624 1258 laniasti

2018 1308 2200 1355 certos
2230 1306 2344 1353 toto
2371 1299 2423 1353 in
2453 1298 2609 1363 orbe,
2638 1299 3012 1371 disperdidisti
3041 1299 3367 1354 resistentes
3408 1299 3503 1353 tibi
3530 1315 3625 1354 va-

2019 1391 2116 1446 riis
2142 1392 2192 1445 in
2223 1392 2393 1456 locis;
2421 1391 2514 1446 sed
2555 1391 2606 1444 hi
2641 1406 2854 1460 omnes,
2881 1391 3028 1462 quod
3084 1401 3138 1446 tu
3173 1391 3364 1446 audire
3396 1392 3622 1446 minime

2020 1485 2141 1545 vis.
2193 1495 2463 1556 martyres
2506 1493 2638 1540 sunt
2675 1502 2688 1538 :
2720 1486 2843 1540 illos
2887 1500 3082 1541 omnes
3128 1485 3478 1541 beatissimos
3529 1497 3622 1540 tuo

2019 1585 2284 1633 mactatos
2335 1578 2514 1648 gladio
2565 1579 2620 1632 in
2665 1579 2922 1649 paradiso
2972 1593 3093 1634 esse
3144 1579 3236 1649 qui
3269 1576 3618 1634 bcredimus.

2018 1671 2193 1727 Crede
2241 1673 2370 1726 mihi
2401 1672 2542 1742 quod
2573 1688 2604 1727 a
2637 1681 2687 1727 te
2716 1672 3072 1727 statuerimus
3105 1670 3372 1736 interﬁci,
3406 1671 3533 1744 quia
3565 1681 3622 1728 et

311 1775 604 1817 censueras
635 1770 806 1817 temet
839 1773 860 1799 ο
895 1772 1274 1832 superaturos,
1303 1763 1394 1834 qui
1435 1763 1530 1818 Dei
1562 1763 1760 1832 templa
1785 1777 1907 1819 esse
1938 1771 1984 1832 Β
2015 1766 2211 1821 melius
2237 1781 2360 1821 esse
2391 1766 2691 1822 viderimus
2749 1768 2800 1820 in
2834 1767 3014 1820 omnia
3061 1781 3177 1819 acva
3210 1766 3378 1821 Deum
3415 1767 3619 1822 habere

312 1858 428 1928 ipsa
449 1855 803 1913 confessione
835 1856 959 1911 ﬁdei
1001 1872 1114 1911 sum
1155 1857 1482 1912 clarescunt.
1515 1856 1585 1912 Ut
1613 1857 1759 1911 enim
1807 1870 1906 1910 vos

310 1953 500 2008 Ariani
557 1951 810 2021 negando
861 1950 1060 2005 Filium
1113 1951 1208 2005 Dei
1235 1951 1427 2005 domos
1473 1965 1597 2005 esse
1644 1948 1906 2004 immundi

311 2043 557 2114 spiritus,
590 2042 817 2098 vocibus
867 2043 1284 2112 pr0phetarum,
1318 2043 1714 2113 apostolorum,
1743 2055 1908 2112 atque

310 2150 593 2191 sacrorum
623 2133 1034 2206 evangeliorum
1064 2134 1451 2205 desiguamiui,
1503 2135 1575 2191 ita
1605 2132 1631 2172 ά
1663 2137 1752 2206 qui
1818 2136 1909 2191 Fi-

311 2229 443 2286 lium
487 2231 580 2285 Dei
608 2229 956 2292 conﬁtemur,
989 2230 1189 2300 templa
1248 2229 1344 2284 Dei
1395 2243 1518 2284 esse
1572 2229 1909 2284 ostendimus

311 2337 430 2378 nos.
456 2322 652 2378 Milites
685 2321 781 2376 Dei
813 2331 918 2376 tute
943 2322 1272 2377 carniﬁcina:
1292 2321 1646 2376 succumbere
1665 2321 1909 2392 potuisse

306 2416 543 2473 crudelis
597 2427 763 2487 atque
793 2417 1056 2488 sacrilega
1113 2431 1268 2472 mens
1324 2425 1412 2471 tua
1465 2417 1907 2488 suggestionibus

307 2510 504 2566 favens
532 2509 990 2566 cohwreticorum
1036 2520 1252 2564 tuorum
1307 2517 1755 2577 praesumpserat,
1811 2524 1909 2564 nos

309 2618 449 2675 quos
481 2603 681 2671 templa
712 2617 811 2658 sua
834 2601 966 2656 dicit
988 2615 1114 2656 esse
1141 2601 1284 2656 Deus
1308 2601 1387 2655 sic
1417 2617 1431 2657 :
1471 2601 1729 2668 Quoniam
1759 2599 1910 2654 inha-

309 2697 478 2752 bitabo
513 2698 566 2751 in
595 2697 722 2762 illis,
751 2705 799 2750 et
847 2697 982 2750 inter
1024 2711 1110 2750 eos
1147 2695 1440 2762 ambulabo,
1474 2705 1521 2749 et
1570 2711 1657 2750 ero
1698 2697 1907 2751 illorum

309 2789 468 2856 Deus,
492 2801 539 2845 et
561 2791 661 2862 ipsi
686 2799 834 2845 erunt
857 2790 981 2844 mihi
1012 2788 1272 2861 populus(
1305 2787 1322 2842 1
1353 2787 1473 2842 Cor.
1518 2805 1612 2854 vtt,
1646 2788 1759 2860 16).
1796 2790 1904 2845 llos

308 2894 362 2940 te
387 2885 605 2940 vincere
632 2885 876 2954 potuisse
898 2884 1269 2953 judicavcras,
1305 2897 1443 2953 quos
1475 2884 1759 2952 apostolus
1780 2883 1906 2936 hor-

310 2988 452 3035 tatur
476 2977 668 3033 tollere
700 2978 892 3042 Deum,
945 2985 1001 3032 et
1025 2986 1246 3048 portare
1287 2975 1340 3030 in
1382 2976 1702 3046 corporibus
1752 2977 1904 3042 suis;

311 3069 409 3126 hos
456 3079 508 3126 te
537 3069 707 3125 armis
751 3068 995 3124 futilibus
1047 3067 1201 3138 regni
1234 3067 1308 3121 tui
1359 3068 1612 3139 subigere
1662 3069 1907 3139 potuisse

2014 1869 2338 1924 amatorem,
2382 1874 2543 1927 quam
2590 1869 2642 1915 te
2668 1874 2792 1914 cum
2845 1859 2984 1914 Juda
3017 1857 3268 1913 Scarioth
3300 1857 3618 1914 .ludmornm

2013 1954 2342 2009 imitatorem
2375 1954 2573 2022 puniri.
2601 1953 2735 2008 lliuc
2758 1963 2842 2009 est
2863 1953 3116 2024 denique,
3143 1952 3449 2018 Constanti,
3476 1952 3621 2020 quod

2013 2047 2304 2104 freudores
2329 2047 2547 2102 colubri
2581 2062 2675 2116 per
2707 2055 2760 2101 te
2789 2047 2970 2101 illatos
3009 2061 3117 2100 non
3153 2045 3408 2101 timentes
3432 2045 3620 2100 subire

2012 2142 2185 2213 parati
2214 2156 2403 2197 sumus
2430 2156 2592 2196 omne
2615 2140 2861 2194 exitium.
2895 2139 3180 2210 Nunquam
3227 2154 3327 2193 nos
3355 2138 3618 2193 consilio-

2013 2249 2132 2290 rum
2164 2243 2475 2288 nostrorum
2509 2233 2777 2304 poenitere
2806 2240 2984 2300 potest
3012 2273 3026 2295 ,
3054 2230 3099 2284 si
3147 2245 3244 2301 per
3281 2241 3332 2285 te
3369 2230 3618 2295 mactati,

2013 2329 2106 2398 qui
2135 2328 2312 2383 adhuc
2339 2329 2444 2382 tuis
2474 2326 2792 2382 crudelibus
2824 2324 3104 2380 restitisse
3157 2322 3409 2378 videmur
3445 2321 3624 2376 mani-

2014 2421 2136 2482 bus,
2171 2419 2455 2476 fuerimus.
2490 2421 2636 2475 Mors
2667 2419 2892 2478 etenim,
2917 2431 3081 2486 quam
3116 2416 3274 2470 nobis
3310 2425 3364 2470 ιιι
3393 2416 3616 2470 minita-

2013 2512 2088 2567 ris
2121 2511 2343 2578 inferre,
2379 2512 2638 2566 omnibus
2665 2521 2744 2566 est
2779 2517 2972 2580 parata
3004 2527 3016 2562 :
3053 2517 3259 2563 tantam
3291 2523 3422 2563 vero
3479 2508 3618 2563 bea-

2014 2605 2322 2670 titudinem,
2380 2614 2637 2674 quantam
2685 2604 2860 2658 sancti
2913 2608 3042 2656 sunt
3091 2614 3362 2673 martyres
3406 2601 3612 2671 adepti,

2015 2713 2175 2752 nemo
2205 2708 2260 2750 ut
2291 2697 2541 2751 videmus
2586 2703 2672 2751 est
2722 2703 3077 2759 consecutus,
3109 2693 3210 2748 nisi
3245 2694 3300 2748 hi
3336 2693 3428 2762 qui
3477 2711 3616 2748 mor-

2015 2797 2121 2843 tem
2150 2799 2369 2859 propter
2395 2790 2612 2843 unicnm
2656 2789 2756 2842 Dei
2780 2787 2980 2842 Filium
3020 2785 3306 2841 moriendo
3338 2787 3614 2842 vicerunt.

2018 2881 2232 2936 Dicatos
2259 2881 2368 2935 Deo
2390 2881 2641 2935 homines
2671 2891 2916 2950 torques,
2946 2879 3230 2943 interﬁcis,
3256 2879 3632 2941 exterminas;.

2015 2984 2071 3030 ct
2100 2990 2199 3030 cur
2220 2975 2337 3030 haec
2361 2991 2544 3046 geras,
2599 2990 2794 3030 causas
2824 2974 3076 3029 odiorum
3108 2973 3343 3028 reddere
3382 2988 3488 3026 non
3522 2985 3616 3026 va-

2015 3070 2120 3136 les,
2151 3072 2280 3140 quia
2314 3079 2370 3126 tu
2393 3085 2566 3126 erras.
2600 3069 2777 3124 Etiam
2827 3067 2983 3123 nobis
3012 3067 3270 3122 irasceris
3299 3080 3398 3120 cur
3426 3080 3610 3120 veram

312 3165 496 3221 fueras
552 3163 772 3235 quidem
818 3161 1116 3218 arbitratus
1148 3178 1161 3214 :
1199 3159 1296 3216 sed
1335 3163 1596 3230 perspicis
1629 3171 1674 3228 θ,
1710 3163 1762 3216 in
1818 3174 1910 3218 tuo
1939 3176 1984 3239 ρ
2019 3172 2304 3219 teneamus
2334 3164 2496 3229 viam,
2532 3174 2582 3220 et
2611 3179 2735 3218 cum
2770 3170 2954 3217 nostra
2997 3160 3201 3216 salubri
3233 3157 3613 3213 admonitione

312 3260 514 3332 palatio
542 3260 684 3315 intra
737 3257 920 3314 velum
947 3254 966 3294 ί
997 3255 1128 3311 licet
1172 3263 1324 3310 stans
1357 3255 1528 3310 tulisti
1580 3254 1902 3326 respbnsutn

313 3448 445 3505 dere
466 3453 763 3503 noscuntur
791 3443 905 3498 sive
928 3441 1098 3498 libelli
1129 3449 1532 3512 argumentum.
1580 3439 1914 3495 Moriendum

314 3536 422 3576 esse
439 3535 532 3592 pro
559 3516 698 3572 Filio
723 3514 844 3583 Dei,
871 3515 986 3570 sive
1015 3514 1181 3568 totius
1209 3513 1407 3583 opellae
1437 3523 1753 3568 contextus.
1787 3512 1913 3568 Gal-

319 3592 462 3646 land.

391 3672 417 3700 ⁸
457 3659 586 3715 Cum
613 3675 701 3714 vos
731 3657 1061 3722 maledicent,
1091 3667 1136 3710 et
1164 3663 1526 3726 persequentur
1539 3665 1584 3708 et
1615 3655 1906 3710 dicent.....

319 3742 527 3806 propter
562 3731 842 3806 justitiam.
904 3729 1063 3806 V‘ers.
1097 3729 1222 3806 A_nt.
1246 3727 1354 3806 _Ms.
1387 3728 1644 3782 German.
1669 3743 1790 3806 _curn
1822 3745 1908 3782 vos

319 3798 438 3860 odio
493 3798 763 3858 habuerint
814 3802 1064 3855 homines.
1112 3798 1345 3854 Floriac.
1400 3808 1446 3850 et
1499 3798 1906 3868 exprobrabant,

319 3893 440 3932 cum
472 3873 648 3931 Lucif.
683 3874 735 3928 in
764 3889 871 3944 quo
889 3872 1077 3944 Sabat.
1107 3870 1276 3940 legit:
1312 3869 1582 3924 Persecuti
1613 3872 1829 3943 fuerint,
1862 3881 1909 3925 et

319 3946 763 4058 exprobraverint,
784 3943 835 4000 et
862 3943 1112 3998 dixerint.

462 4019 595 4058 ηυεη
644 4032 833 4058 nunc“
885 4023 1050 4058 metm
1101 4034 1112 4058 ι

462 4019 596 4084 Quia
644 4032 833 4071 merces
885 4023 1050 4069 vestra
1101 4013 1314 4083 copiosa
1358 4022 1431 4066 est
1471 4012 1525 4066 in
1557 4012 1718 4067 caelis.
1755 4013 1908 4068 Vers.

327 4092 451 4146 Ant.
485 4089 663 4146 Graec.
697 4087 871 4142 Vatic.
904 4086 1089 4141 multa.

395 4174 416 4201 ο
451 4161 594 4232 Lege
613 4170 996 4232 superaturum.

394 4235 422 4276 ιι
462 4227 554 4287 [tri
576 4227 690 4286 cunt
723 4232 841 4286 :sic
881 4228 1107 4299 legimus
1140 4236 1198 4282 ιιι
1241 4227 1580 4299 comparatio
1625 4227 1724 4299 rite
1756 4227 1912 4280 insti-

323 4314 526 4360 tuatur.
561 4303 704 4358 Editi
735 4295 1229 4372 itaqnefScriptum
1265 4297 1404 4351 forte
1435 4295 1606 4372 fuerit
1646 4297 1698 4372 in
1727 4312 1916 4372 exem—

322 4378 458 4447 plari
515 4366 856 4447 Lueiferiano
912 4373 1016 4447 itaA
1034 4366 1216 4447 quant,
1252 4377 1326 4447 _et
1371 4369 1547 4422 scriba
1583 4366 1916 4447 fugientibus

323 4438 497 4503 oculis
523 4449 715 4517 legerit
735 4446 928 4514 itaque.
978 4438 1224 4517 Gallaud.
1251 4439 1362 4517 Nos
1383 4454 1452 4493 ex
1481 4438 1915 4494 correctionibus

323 4519 550 4574 Tiliana-
578 4512 831 4572 {-ditionis
860 4517 1109 4584 legimus,
1137 4515 1210 4566 ita
1231 4512 1340 4582 qui.

2013 3257 2292 3327 corrigere
2325 3266 2376 3312 te
2406 3257 2604 3328 possis,
2645 3271 2864 3312 errores
2895 3265 3017 3311 tuos
3049 3257 3276 3324 insuper
3297 3251 3616 3308 crudelibus

2022 3452 2232 3498 stantes
2254 3443 2418 3498 veluti
2439 3459 2503 3498 ex
2528 3458 2686 3498 sacro
2716 3457 2934 3498 recessu
2957 3443 3162 3498 dabant
3188 3456 3470 3512 responsa,
3499 3443 3613 3497 sive

2021 3525 2079 3568 nt
2106 3515 2302 3570 occnlti
2334 3515 2609 3580 audirent,
2629 3531 2750 3585 quae
2770 3516 2822 3569 in
2839 3515 3150 3579 consilium,
3174 3527 3264 3569 aut
3285 3513 3608 3585 injudicinm

2017 3585 2360 3641 decernenda
2423 3584 2884 3656 proponebantur.
2937 3586 3236 3652 Utrumque
3288 3584 3613 3640 conﬁrmant

2018 3668 2129 3711 tum
2161 3659 2248 3712 hic
2279 3659 2510 3714 Luciferi
2541 3659 2715 3720 locus,
2738 3659 2824 3711 ubi
2853 3660 2929 3712 ait
2952 3659 3334 3713 Consmntitnn
3362 3657 3500 3710 intra
3522 3674 3610 3711 t‘e-

2014 3729 2122 3783 lum
2151 3741 2367 3784 stantem
2421 3732 2649 3784 tulissea
2694 3747 2747 3784 se
2774 3746 3098 3794 responsum,
3153 3739 3287 3791 etc.,
3328 3737 3441 3782 tum
3473 3728 3610 3783 alius

2013 3801 2177 3870 paulo
2207 3801 2430 3856 inferior
2455 3845 2470 3868 ,
2505 3817 2624 3854 cum
2653 3802 2840 3854 scribit
2860 3819 2913 3855 se
2935 3801 3126 3872 dixisse
3143 3799 3412 3872 judicibus
3431 3797 3610 3872 ._Con-

2011 3873 2200 3925 stantia
2221 3873 2330 3926 velo
2347 3874 2504 3926 misso
2530 3873 2790 3933 audiente,
2820 3881 2927 3926 etc.
2951 3871 3057 3926 Sed
3083 3870 3359 3939 sagittarii
3383 3870 3615 3939 diligen-

2015 3942 2142 3996 tiam
2179 3954 2408 4008 uterqne
2439 3944 2591 3998 locus
2635 3943 2842 4013 effugit.
2895 3943 3257 4014 Hieronymus
3303 3941 3507 4014 Magius
3557 3942 3608 3995 in

2014 4013 2239 4069 Miscell.
2270 4015 2364 4070 lib.
2411 4015 2470 4079 2,
2498 4031 2618 4084 cap.
2665 4012 2768 4078 15,
2808 4015 2967 4071 docet
3000 4012 3176 4068 velum
3207 4024 3316 4068 tum
3345 4012 3511 4067 inisse
3558 4014 3611 4068 in

2011 4086 2231 4156 judiciis
2273 4088 2497 4155 agendis
2532 4089 2878 4156 interjectmn
2902 4129 2916 4151 ,
2954 4101 3077 4141 cum
3127 4086 3404 4156 graviores
3434 4100 3614 4139 causae

2018 4159 2072 4211 in
2096 4160 2455 4228 quaestionem
2481 4170 2918 4228 proponerentur
2950 4175 2964 4221 ;
2993 4157 3295 4223 cujusmodi
3341 4165 3490 4212 certe
3519 4157 3618 4228 fuit

2021 4227 2256 4284 LuCiferi
2284 4245 2444 4284 causa
2477 4227 2586 4296 ,de
2615 4229 2749 4285 Fide
2774 4231 3026 4286 nimirum
3058 4228 3336 4285 Catholica
3365 4237 3422 4284 et
3447 4227 3617 4283 Atha-

2018 4301 2153 4354 nasii
2201 4299 2508 4355 innocentia
2555 4301 2776 4355 tuenda.

2091 4380 2116 4417 κ
2134 4371 2268 4425 Cum
2301 4372 2447 4426 cives
2471 4371 3284 4425 Alexandriniconstantissime
3315 4368 3616 4422 Athanasio

2019 4441 2288 4510 EpiscOpo
2333 4441 2702 4503 adluererent,
2753 4457 2930 4511 neque
2981 4443 3032 4495 in
3075 4442 3192 4508 ejus
3233 4442 3408 4495 locum
3441 4439 3619 4494 sufﬁci

2017 4527 2342 4581 quemquam
2377 4512 2608 4576 ferrent,
2637 4514 2938 4579 pra‘sertim
2967 4512 3223 4568 Ariannm
3255 4512 3581 4580 EpiscOpum
3602 4553 3617 4576 ,

399 4599 422 4627 °
464 4589 629 4645 Forte
681 4575 1106 4656 subjicieiidmu,
1158 4575 1276 4636 cum
1303 4584 1357 4656 in
1386 4591 1474 4635 tuo
1505 4582 1702 4654 palatio
1730 4622 1755 4656 ,4
1800 4589 1906 4637 etc.
1938 4575 1990 4633 D
2020 4575 2222 4656 idcirco
2242 4583 2296 4636 in
2333 4599 2428 4637 eos
2473 4575 2774 4656 Constantii
2826 4582 2976 4656 furor
3017 4584 3210 4656 saepius
3234 4575 3466 4656 exarsit,
3505 4575 3618 4637 tum

325 4661 643 4718 Gallandius
673 4654 938 4728 perspicue
993 4673 1090 4728 pro
1138 4655 1406 4724 perspicis,
1449 4661 1544 4708 aut
1585 4654 1917 4727 perspicuum

563 4750 632 4783 ιηι
659 4750 808 4783 19211.

324 4749 632 4801 responsum
659 4731 808 4799 legit.

403 4804 420 4842 ί
465 4803 667 4857 [ndicat
704 4803 792 4856 hic
820 4798 1040 4856 Lucifer
1079 4813 1180 4868 qua
1239 4797 1546 4852 constantia
1582 4797 1634 4850 in
1683 4797 1916 4852 cencilio

328 4875 716 4931 Mediolanensi
751 4872 1013 4928 restiterit
1041 4869 1386 4932 Constantio,
1416 4883 1540 4922 cum
1576 4871 1627 4922 in
1656 4868 1915 4933 palatium

326 4947 601 5002 admisSus
621 4945 689 5000 ad
719 4945 945 4999 interius
976 4940 1557 5012 principismtbicnlutn
1583 4940 1698 5012 ipse
1718 4939 1920 4992 Catho-

327 5019 556 5074 licorum
579 5017 897 5072 Antistitum
948 5010 1169 5068 nomine
1199 5013 1370 5065 veluti
1403 5011 1604 5065 Liberii
1637 5010 1919 5064 Pontiﬁcis

330 5091 561 5160 legatus,
607 5097 663 5143 et
707 5085 922 5142 concilii
951 5098 1182 5160 praeses,
1221 5084 1438 5153 negavit
1467 5095 1624 5160 posse
1650 5096 1730 5142 se,
1756 5092 1922 5160 caete-

331 5153 528 5230 rosque
548 5153 614 5215 in
661 5160 805 5216 illius
830 5167 886 5214 et
911 5153 1251 5230 Arianorum
1264 5155 1592 5230 sententiam
1628 5168 1703 5230 _ac
1733 5153 1925 5206 volun-

332 5223 499 5286 tatem
522 5230 852 5294 concedere,
888 5238 1034 5283 tanta
1067 5228 1220 5281 vocis
1245 5225 1510 5288 libertate,
1542 5233 1604 5279 ut
1628 5223 1930 5296 Imperator

329 5304 420 5374 qui
449 5313 572 5374 post
599 5303 780 5358 velum
808 5300 1008 5374 stabat,
1036 5315 1147 5374 quo
1175 5298 1403 5374 intetjus
1419 5297 1725 5374 cubiculum
1750 5297 1931 5350 occlu-

331 5368 582 5436 debatur.
613 5372 852 5441 potuerit
879 5371 1028 5425 illum
1059 5369 1274 5423 Arianis
1298 5368 1580 5441 Episcopis
1601 5382 1665 5441 ac
1695 5370 1930 5436 Impera-

333 5448 470 5502 toris
494 5439 760 5500 ministris
783 5441 1206 5510 respondentem
1229 5439 1437 5492 andire.
1466 5439 1540 5492 De
1567 5439 1704 5510 velis
1727 5447 1932 5510 autem,

333 5517 530 5588 quibus
561 5516 847 5588 interiores
879 5507 1196 5588 principum
1233 5513 1472 5588 virorum
1509 5507 1653 5588 aedes
1698 5525 1804 5588 prae
1854 5508 1936 5588 _fu-

335 5577 488 5645 ribns
516 5577 944 5640 occludehantur
971 5577 1119 5649 plura
1144 5581 1358 5635 disserit
1384 5577 1590 5647 Caspar
1613 5580 1937 5648 Sagittarius

336 5663 392 5716 in
423 5659 518 5713 lib.
541 5657 611 5711 de
635 5655 827 5710 Januis
857 5663 1126 5715 veterum,
1151 5667 1270 5722 cap.
1293 5649 1386 5704 24.
1418 5649 1493 5705 lis
1520 5650 1807 5704 utebantur
1834 5666 1930 5720 po-

340 5732 613 5786 tissimum
644 5727 1030 5795 Imperatores,
1061 5725 1185 5795 sive,
1221 5734 1278 5778 ut
1328 5722 1590 5792 majorem
1643 5722 1933 5795 quamdam

343 5800 647 5872 maiestatis
672 5793 910 5869 speciem
955 5810 1128 5867 prmse
1167 5793 1393 5857 ferrent,
1425 5807 1547 5847 eum
1582 5803 1701 5864 post
1756 5794 1930 5848 velum

2026 4655 2260 4709 maxime
2303 4669 2426 4709 cum
2466 4654 2763 4724 Gregorius
2804 4654 3058 4723 primum.
3103 4654 3298 4709 deinde
3350 4653 3619 4725 Georgius

2026 4727 2134 4780 duo
2169 4726 2492 4780 Arianorum
2537 4738 2776 4780 monstra
2807 4725 3106 4781 Athanasio
3146 4729 3196 4780 in
3219 4726 3466 4781 exsilium
3500 4736 3625 4781 acto

2028 4797 2238 4852 Sttlfecti
2261 4808 2406 4858 sunt,
2432 4798 2753 4868 quibuscum
2779 4799 2981 4852 nullam
3016 4800 3218 4853 habere
3253 4814 3313 4853 se
3344 4799 3624 4864 religionis

2028 4871 2468 4923 communionem
2499 4873 2640 4939 passi
2678 4881 2804 4924 sunt
2843 4868 3116 4924 Catholici
3158 4869 3510 4924 Alexandrini
3555 4868 3622 4939 ad

2028 4940 2289 5013 quaelibet
2316 4938 2807 5013 petins’toleranda
2835 4942 3028 5013 parati,
3066 4957 3227 5013 quam
3262 4958 3382 4995 cum
3407 4938 3625 4993 Arianis

2027 5011 2378 5083 convenirent
2408 5029 2421 5064 :
2447 5010 2573 5065 hinc
2587 5019 2738 5066 att'ox
2765 5011 2956 5066 inillos
2985 5010 3289 5083 persecutio
3311 5021 3479 5074 mota,
3506 5025 3628 5080 quae

2026 5093 2192 5154 totam
2219 5082 2492 5137 crudelius
2523 5085 2756 5151 pervasit
2786 5082 3080 5154 {Egyptum
3114 5085 3178 5138 ad
3211 5084 3629 5154 obitutn‘usque

2028 5153 2354 5217 Constantii,
2378 5154 2503 5208 licet
2519 5155 2806 5224 aliquando
2829 5151 3159 5216 constiterit,
3179 5153 3272 5208 sed
3293 5151 3467 5207 brevi.
3488 5152 3629 5206 Vide

2034 5225 2229 5280 Athan.
2263 5225 2578 5296 Apologias,
2602 5223 2656 5280 ct
2682 5229 2968 5296 epistolam
2990 5227 3055 5280 ad
3072 5225 3227 5281 Solit.
3257 5238 3379 5296 tum
3398 5223 3632 5296 notatio-

2035 5313 2154 5359 nes,
2183 5293 2665 5366 quas—subiecimus
2681 5293 2812 5366 ipsis
2830 5297 3063 5352 Luciferi
3081 5296 3231 5349 libris
3247 5311 3341 5364 pro
3360 5293 3628 5366 S.Athan.

2037 5365 2234 5423 Totum
2269 5383 2401 5424 vero
2424 5369 2537 5423 fere
2569 5383 2666 5437 per
2687 5365 2900 5432 Orbem,
2931 5370 3010 5422 vel
3040 5367 3286 5437 iubente,
3317 5367 3401 5420 vel
3442 5365 3632 5420 conni-

2037 5450 2196 5494 vente
2242 5439 2596 5504 Constantio,
2647 5441 2970 5494 Arianorum
3025 5437 3323 5493 crudelitas
3366 5437 3503 5491 adeo
3577 5437 3634 5489 in

2043 5509 2356 5566 Catholicos
2388 5511 2656 5570 desmviit,
2706 5519 2762 5562 ut
2812 5509 3034 5578 plurimi
3083 5513 3356 5578 praecipue
3395 5507 3636 5578 episcOpi

2042 5583 2338 5650 gloriosmu
2385 5583 2620 5635 obierint
2651 5577 2966 5651 martyrium
2996 5599 3009 5636 :
3041 5577 3183 5650 quod
3211 5577 3264 5636 et
3294 5579 3382 5634 hic
3417 5588 3490 5651 et
3515 5577 3637 5651 aliis

2043 5654 2096 5708 in
2154 5655 2286 5708 locis
2319 5651 2510 5725 hujus_
2533 5651 2654 5725 libri
2690 5650 2908 5708 Lucifer
2958 5654 3135 5709 innuit
3161 5650 3636 5725 ejusdetnjlorite

2043 5726 2353 5780 obtinendae
2390 5722 2794 5791 cupidissimus.

2111 5792 2141 5829 ³³
2174 5801 2252 5849 An
2291 5794 2451 5862 quin?
2479 5793 2727 5847 Galland.
