4094 6190
498 193 638 253 1015
1567 189 1894 248 LUCIFERI
1934 188 2248 247 EPISCOPI
2287 188 2712 247 CALARITANI
3716 190 3836 248 1016

496 312 623 369 licet
670 319 839 367 totum
870 310 1095 366 militem
1128 319 1275 365 tuum
1307 309 1362 364 in
1393 322 1496 365 nos
1542 308 1881 364 decrevisses
1903 308 2090 379 jacere
2118 317 2172 380 Α
2197 322 2304 363 non
2332 307 2524 373 valuit,
2583 318 2639 363 et
2684 308 2959 379 utiquete
2985 307 3134 363 satis
3170 312 3425 377 agente,
3479 304 3602 373 sed,
3632 316 3683 360 et
3710 307 3789 362 ubi
3816 308 3826 358 i

494 407 646 478 regni
673 406 747 461 tui
781 405 906 469 tela,
933 404 986 459 in
1023 421 1122 460 nos
1149 412 1530 460 exsecratores
1557 403 1920 473 blasphemiae
1968 412 2093 470 tute,
2202 400 2416 456 radices
2493 400 2661 471 figere
2731 409 3090 467 tentavcrat,
3181 399 3395 462 aruit,
3477 398 3837 454 recedentibus

497 508 558 556 ut
585 500 637 554 in
668 499 919 569 sacrilegi
948 506 977 536 ⁸
1009 500 1081 553 tui
1111 498 1317 553 decreti
1338 506 1768 567 contemptores,
1792 498 1974 553 omnia
2001 512 2097 551 sua
2203 495 2413 549 scilicet
2441 495 2696 549 omnibus
2726 493 2823 548 Dei
2853 492 3074 548 famulis
3113 507 3149 546 a
3193 502 3277 557 te,
3315 499 3496 563 atque
3522 490 3709 559 paucis
3733 491 3840 556 tuis,

497 592 825 649 colliderent
863 607 1034 659 arma,
1084 606 1182 647 nec
1227 594 1271 647 si
1304 590 1331 628 δ
1363 601 1539 646 tamen
1584 592 1725 663 quod
1756 606 2041 661 possemus
2068 607 2096 645 a
2201 603 2341 659 quos
2372 588 2556 661 lolium
2584 603 2706 644 esse
2755 602 2922 656 super
2966 585 3337 641 frumentum
3398 585 3708 639 seminatos
3750 584 3841 637 Do-

498 686 782 756 proposito
810 684 1104 741 recedere?
1136 685 1242 740 Sed
1273 694 1326 738 tu
1370 699 1467 754 pro
1499 694 1592 738 tua
1616 685 1703 739 illa
1734 685 2016 755 prudentia
2046 686 2097 740 in
2203 681 2386 736 minus
2419 681 2753 751 praedixerit,
2791 690 2968 735 tecum
3030 678 3427 734 manentibus
3456 694 3469 730 :
3502 692 3627 748 qua:
3681 678 3842 733 omnia

500 780 648 833 omni
680 796 776 849 pro
806 788 857 834 te
886 780 1202 835 moriundos
1233 780 1375 835 bello
1425 778 1627 834 milites
1658 788 1778 833 tuos
1816 780 2098 846 ccnsuisti,
2206 774 2297 828 tibi
2325 774 2573 844 praestitit
2620 783 2781 843 atque
2826 781 2912 829 est
2963 783 3255 842 praestans
3288 768 3514 824 artifex
3567 769 3766 823 fraudis
3792 784 3844 824 ac

497 870 839 927 Christianos
862 887 992 927 vero
1042 872 1272 927 sanxisti
1325 871 1419 926 Dei
1476 872 1785 941 oportuisse
1834 872 2101 925 exsistere
2204 869 2416 937 mortis,
2450 869 2540 939 qui
2571 880 2740 939 perte
2765 869 3024 939 plurimos
3052 867 3372 923 blanditiis
3409 865 3654 936 obliquis
3698 864 3843 920 illit-it

502 976 811 1036 negatores.
849 965 914 1019 Et
940 965 1125 1035 utique
1144 966 1217 1019 tui
1246 966 1488 1019 sentiunt
1517 964 1761 1019 dolorem
1794 964 2099 1030 vulnerum,
2205 976 2268 1016 ac
2289 962 2512 1031 decipit,
2541 962 2654 1031 qui,
2679 976 2801 1015 cum
2837 962 2904 1015 sit
2932 976 3057 1015 reus
3085 960 3279 1014 tutius
3313 958 3585 1023 sceleris,
3625 955 3845 1027 suggerit

500 1061 693 1115 dolent
720 1075 778 1114 se
811 1058 1057 1129 periisse,
1086 1058 1272 1113 dolent
1314 1057 1452 1111 hanc
1488 1056 1736 1111 amittere
1766 1056 1971 1123 lucem;
2004 1072 2102 1112 nos
2205 1055 2355 1111 cordi
2389 1054 2471 1110 illi
2504 1066 2595 1111 tuo
2621 1057 2994 1123 amarissimo,
3031 1065 3087 1110 ut
3119 1070 3237 1109 nos
3271 1064 3571 1123 tamquam
3613 1066 3735 1106 reos
3761 1052 3843 1106 ali-

503 1155 822 1223 veroprimo
841 1155 1042 1208 sentire
1061 1154 1639 1223 pcenarumcruciatus
1662 1168 1767 1206 non
1791 1166 2100 1219 possumus,
2205 1151 2357 1221 cujus
2380 1150 2625 1205 criminis
2674 1151 2888 1220 punias.
2921 1149 3026 1206 Sed
3077 1148 3367 1219 prospice
3404 1147 3658 1212 tandem,
3711 1146 3841 1215 aperi

508 1248 771 1318 inquibus
793 1246 1039 1319 Christus
1055 1243 2101 1316 patitur,inquibusCliristusazternam
2205 1244 2390 1300 cordis
2420 1245 2630 1309 oculos,
2660 1245 2712 1299 in
2740 1245 2941 1314 quibus
2971 1243 3067 1299 tibi
3118 1242 3275 1296 nihil
3312 1239 3557 1295 luminis
3607 1247 3710 1305 est,
3758 1238 3837 1293 sed

507 1340 738 1395 salutem
791 1346 1088 1405 operatur:
1123 1336 1321 1392 deinde
1344 1379 1357 1399 ,
1388 1336 1513 1408 quia
1558 1338 1844 1406 praesentia
1879 1351 1976 1405 pro
2024 1336 2105 1390 ui-

500 1432 613 1486 bilo
640 1432 925 1497 ducamus,
953 1438 1007 1485 et
1038 1430 1239 1485 lumine
1275 1430 1326 1483 in
1360 1430 1453 1483 illo
1501 1430 1728 1499 perenni
1782 1445 2000 1499 semper
2023 1430 2104 1483 fn-

507 1525 611 1579 turi
640 1539 849 1591 sumus,
899 1525 988 1594 qui
1018 1535 1038 1561 ε
1072 1522 1189 1578 fieri
1243 1533 1442 1593 potest,
1476 1531 1531 1575 ut
1589 1540 1694 1577 non
1751 1538 1846 1593 pro
1887 1521 2105 1577 Christo

510 1621 600 1675 Dei
631 1619 769 1675 Filio
790 1620 910 1674 vita)
942 1628 1160 1675 aeterna:
1188 1619 1453 1673 tributore
1483 1619 1773 1688 sacrilegio
1821 1617 2107 1673 funestatis

2209 1336 2386 1391 omnis
2428 1336 2611 1406 caligo
2640 1346 2689 1391 et
2739 1338 2985 1407 ingentes
3034 1336 3300 1390 tenebra:
3335 1344 3669 1399 versantur,
3698 1341 3750 1386 et
3775 1333 3842 1386 iu-

2208 1429 2395 1483 venies
2445 1428 2590 1498 quod
2626 1443 2773 1483 mors
2830 1436 2921 1483 tua
2968 1428 3155 1499 fragili
3196 1428 3372 1481 illata
3427 1426 3838 1497 potestateintc-

2208 1521 2444 1592 griorem
2473 1529 2691 1590 reparet
2720 1521 2908 1586 vitam,
2940 1522 3087 1591 quod
3123 1520 3257 1576 haec
3290 1520 3478 1591 magis
3537 1535 3639 1574 nos
3681 1518 3832 1573 dedu-

2210 1624 2296 1669 cat
2325 1614 2390 1667 ad
2422 1613 2649 1685 gloriam
2674 1629 2769 1685 per
2819 1615 2989 1684 ignes,
3022 1630 3118 1684 per
3164 1613 3441 1684 gladios,
3478 1628 3586 1682 per
3635 1621 3830 1667 catenas

510 1712 761 1767 manibus
803 1710 907 1765 tuis
939 1711 1226 1765 maluimus
1255 1707 1280 1744 ιι
1313 1709 1542 1764 interfici
1570 1709 1587 1761 ?
1642 1710 1730 1779 qui
1788 1710 1949 1764 aliter
2004 1724 2103 1763 nos
2136 1718 2183 1778 B
2212 1722 2273 1761 ac
2303 1706 2470 1771 feras,
2506 1722 2601 1776 per
2632 1706 2888 1776 quicquid
2920 1705 3169 1776 denique
3207 1704 3411 1760 rahics
3444 1716 3537 1758 tua
3570 1705 3782 1774 piissimi
3808 1702 3826 1739 ἱ

511 1804 621 1857 Deo
650 1802 796 1857 Patri
830 1803 1044 1873 placere
1073 1817 1180 1856 non
1207 1816 1363 1872 posse
1391 1816 1697 1866 cernamus,
1729 1802 1828 1855 nisi
1855 1801 2108 1855 conventi

512 1909 541 1949 a
560 1905 611 1951 te
629 1895 696 1949 ad
720 1895 1026 1966 negandum
1045 1897 1263 1949 unicum
1288 1896 1380 1950 Dei
1396 1894 1592 1949 Filium
1612 1895 1732 1964 ejus
1753 1909 1848 1965 per
1866 1902 2103 1949 mortem

508 1992 671 2047 etiam
689 1993 859 2062 ipsam
878 2007 1065 2047 verum
1083 2006 1206 2047 esse
1226 1991 1377 2045 illum
1390 1987 1591 2043 Filium
1613 1990 1707 2044 Dei
1723 1989 1963 2044 confessi
1990 1987 2111 2043 fue-

512 2087 721 2143 rimus?
748 2087 1099 2143 Detestabilis
1131 2102 1287 2142 mens
1307 2097 1391 2140 tua
1419 2086 1638 2155 indigne
1671 2084 1929 2155 fert,quia
1962 2083 2109 2138 dica-

513 2196 634 2235 mus
648 2176 924 2234 Christum
945 2179 1035 2234 Dei
1054 2178 1251 2233 Filium
1269 2178 1364 2233 Dei
1383 2192 1505 2233 esse
1523 2175 1876 2241 verbum,Dei
1892 2192 1946 2229 sa
1957 2175 2108 2245 pien-

517 2275 669 2337 tiam,
695 2263 788 2329 Dei
804 2273 1079 2336 virtutem,
1101 2270 1270 2325 Deum
1292 2282 1314 2309 θ
1341 2288 1512 2325 verum
1536 2270 1600 2323 de
1614 2269 1724 2323 Deo
1754 2286 1895 2335 vero,
1929 2278 2111 2323 natum

513 2368 578 2420 de
605 2365 786 2433 Patre,
817 2365 871 2418 id
895 2376 969 2419 est
987 2365 1050 2417 de
1075 2364 1363 2417 substantia
1392 2364 1587 2427 Patris,
1615 2362 1785 2416 lumen
1812 2362 1875 2416 de
1898 2361 2110 2427 lumine,

511 2469 693 2515 natum
719 2477 821 2514 non
850 2462 1068 2529 factum,
1098 2459 1253 2511 unius
1300 2456 1598 2511 substantia:
1650 2455 1803 2509 illum
1834 2469 1957 2510 esse
1996 2471 2114 2508 cum

526 2555 723 2621 Patre,
784 2554 924 2625 quod
991 2552 1159 2609 (ἕνωεὶ
1222 2552 1400 2605 dicunt
1459 2550 1760 2623 ὁμοούσιον,
1830 2566 1919 2619 per
1966 2566 2116 2620 quem

514 2649 687 2704 omnia
712 2657 831 2700 sunt
874 2650 1038 2717 facta,
1082 2646 1193 2700 sine
1238 2662 1339 2717 quo
1393 2660 1671 2714 numquam
1726 2646 1879 2713 fuerit
1931 2643 2110 2697 Pater.

518 2740 746 2811 lndigue
777 2737 911 2805 fers,
962 2738 1079 2794 Arii
1128 2738 1352 2806 vermis,
1384 2752 1482 2793 cur
1538 2736 1917 2801 defendamus,
1970 2736 2115 2807 quod

515 2830 763 2898 claritas,
793 2839 1058 2901 potestas,
1094 2829 1436 2901 magnitudo,
1480 2830 1786 2893 aeternitas,
1835 2827 2112 2895 divinitas,

515 2940 640 2995 quae
672 2922 691 2960 ί
727 2939 831 2977 una
854 2927 926 2978 sit
981 2922 1156 2977 Patris
1188 2931 1243 2977 et
1292 2922 1439 2979 unici
1488 2922 1606 2992 ejus
1632 2921 1780 2976 Filii.
1829 2921 1944 2977 Non
1992 2936 2117 2977 esse

520 3033 719 3072 novum
749 3017 895 3087 quod
922 3032 1022 3071 nos
1051 3018 1212 3086 legati
1237 3017 1690 3072 asseverabamus
1715 3016 1768 3070 in
1803 3027 1826 3063 tt
1854 3026 1945 3070 tuo
1969 3017 2117 3086 pala—

2213 1805 2558 1878 imperatoris
2597 1804 2651 1858 in
2699 1812 2937 1858 nostram
2982 1804 3287 1858 censuerit
3332 1802 3597 1871 ingerere
3640 1814 3823 1855 necem.

2211 1896 2446 1952 Tutante
2479 1896 2588 1951 Deo
2624 1912 2731 1950 non
2767 1894 2928 1949 modo
2959 1911 3066 1951 non
3110 1894 3578 1964 exstinguimur,
3608 1892 3699 1947 sed
3730 1907 3825 1944 ma-

2208 1990 2292 2061 gis
2313 2000 2477 2060 atque
2510 1991 2681 2059 magis
2728 1988 3068 2043 vivilieamur
3091 2030 3104 2053 ,
3139 1989 3243 2059 qui
3302 1985 3721 2043 meminerimus
3762 1986 3822 2038 nil

2211 2097 2334 2139 esse
2365 2097 2527 2152 super
2554 2098 2654 2138 nos
2684 2091 2881 2152 praeter
2908 2082 3078 2137 Deum
3104 2099 3119 2149 ;
3183 2081 3351 2137 unde
3406 2080 3678 2136 erubescit
3727 2082 3823 2133 ani.

2214 2194 2335 2232 mus
2365 2178 2596 2234 devotus
2622 2188 2781 2248 atque
2826 2178 3181 2245 mancipatus
3236 2178 3365 2233 Deo
3420 2176 3519 2230 tibi
3560 2192 3652 2246 per
3699 2186 3818 2229 tuam

2214 2283 2431 2326 mortuo
2458 2270 2872 2341 blaSphemiam,
2896 2272 3019 2328 cani
3042 2272 3278 2327 latranti
3310 2280 3513 2326 contra
3543 2270 3814 2330 veritatem,

2214 2368 2490 2423 vermibus
2505 2366 2622 2422 Arii
2649 2370 2880 2424 scatenti
2908 2369 3307 2424 succumbere.
3328 2368 3631 2424 Servorum
3647 2363 3811 2419 Christi

2216 2461 2414 2516 animae
2434 2463 2647 2531 quoties
2664 2461 2772 2514 vim
2810 2460 3108 2531 diligenter
3142 2476 3354 2516 veram
3388 2459 3699 2515 examinant
3723 2466 3812 2509 tor-

2217 2556 2903 2621 mentorum,eonsiderant
2920 2556 3131 2610 nullum
3148 2556 3347 2628 majus
3366 2571 3495 2611 esse
3522 2562 3806 2609 tormentum

2216 2663 2379 2719 quam
2426 2664 2457 2703 a
2514 2657 2566 2702 te
2614 2647 2910 2703 adversarii
2978 2651 3153 2705 uestri
3214 2665 3392 2706 servo
3438 2663 3649 2704 servum
3691 2645 3804 2701 vinci

2218 2739 2437 2795 Christi.
2472 2740 2843 2795 Recordamur
2869 2740 3160 2797 Dominum
3209 2741 3435 2797 dixisse
3471 2741 3572 2796 :Si
3606 2740 3707 2809 quis
3724 2737 3806 2790 ruit

2221 2842 2333 2902 post
2361 2849 2439 2886 me
2459 2834 2646 2897 venire,
2682 2833 2895 2905 abneget
2918 2850 2970 2888 se
2995 2834 3117 2901 sibi,
3147 2847 3201 2889 et
3234 2836 3397 2891 tollat
3420 2835 3639 2906 {crucem
3661 2848 3799 2895 suain,

2220 2936 2267 2978 et
2294 2936 2537 2996 sequatur
2559 2943 2657 2980 me.
2692 2927 2794 2994 Qui
2823 2929 2960 2981 enim
2999 2930 3228 2984 voluerit
3287 2930 3523 2984 animant
3566 2943 3699 2982 suam
3718 2926 3803 2978 sa!-

2221 3036 2334 3073 vam
2362 3022 2554 3090 facere,
2583 3021 2760 3092 perdet
2794 3021 2964 3077 illam.
2992 3022 3095 3090 Qui
3127 3022 3145 3059 1
3178 3034 3368 3078 autem
3415 3020 3685 3094 perdiderit
3706 3018 3797 3071 ωιὶ·

519 3112 617 3178 tio,
636 3109 973 3166 etﬁrmando
989 3127 1096 3165 non
1118 3114 1375 3165 desumus
1394 3111 1705 3180 sempersic
1727 3110 1897 3165 fuisse
1916 3120 2109 3166 etesse
2140 3104 2184 3169 (ἶ
2216 3131 2351 3168 mam
2381 3131 2528 3167 suam
2547 3124 2757 3183 propter
2786 3132 2885 3182 me,
2918 3116 3139 3171 inveniet
3170 3134 3322 3171 eam.
3362 3115 3506 3184 Quid
3550 3114 3673 3168 enim
3696 3126 3795 3181 pro-

517 3205 781 3261 crcditum
814 3221 844 3259 a
882 3205 1230 3271 Christianis,
1266 3204 1427 3259 sicuti
1472 3204 1611 3275 apud
1642 3204 1879 3259 Nicaeam
1926 3215 2118 3260 contra

518 3298 774 3354 breresim
817 3310 963 3353 tuam
993 3299 1247 3353 Ariauam
1283 3294 1383 3353 eth
1411 3312 1603 3353 omnes
1648 3312 1868 3353 errores
1902 3298 2116 3354 videtur

518 3406 644 3448 esse
684 3407 838 3448 sacra
886 3392 1023 3448 fides
1053 3394 1386 3463 conscripta,
1430 3393 1474 3447 si
1520 3389 1736 3446 tandem
1786 3393 1978 3447 oculos
2006 3409 2121 3448 scr-

522 3489 703 3557 pentis
735 3488 1011 3543 morsibus
1041 3488 1328 3544 confossos
1373 3488 1555 3543 cordis
1579 3489 1655 3542 tui
1699 3489 1933 3559 aperias,
1965 3490 2118 3544 inve-

521 3580 661 3647 nies,
693 3581 837 3650 quod
871 3582 1012 3635 hanc
1037 3581 1218 3646 habet,
1244 3581 1381 3634 hanc
1409 3580 1650 3635 defendit
1678 3581 1906 3636 ecclesia
1929 3581 2114 3648 fidem,

519 3686 682 3742 quam
706 3670 812 3725 sibi
838 3672 1092 3727 traditam
1139 3673 1422 3743 cognoscit
1463 3690 1559 3744 per
1589 3674 1776 3729 beatos
1819 3674 2118 3743 apostolos.

515 3760 718 3819 Omnes
750 3773 1029 3819 momento
1071 3781 1364 3837 peragrare
1402 3766 1447 3821 si
1502 3782 1691 3837 posses
1721 3776 1936 3839 gentes,
1965 3769 2119 3824 inve-

518 3857 718 3924 nisses,
749 3859 1098 3915 stolidissime
1155 3862 1473 3931 imperator,
1530 3860 1729 3931 ubique
1780 3859 2120 3916 Christianos

519 3952 680 4007 sicuti
710 3970 808 4008 nos
851 3955 1101 4019 credere,
1155 3955 1207 4009 in
1252 3954 1352 4008 hac
1398 3952 1721 4009 defensione
1774 3963 1961 4007 nostra
1995 3968 2119 4023 per-

521 4053 729 4113 stantes
752 4063 848 4115 pro
877 4047 968 4100 Dei
1001 4046 1140 4099 Filio
1162 4055 1219 4100 ut
1250 4061 1347 4100 nos
1380 4046 1513 4099 mori
1538 4060 1760 4112 cupere.
1796 4045 1868 4097 At
1902 4054 1991 4096 tua
2022 4059 2120 4095 no-

521 4135 659 4190 vclla
687 4137 995 4203 praedicatio
1023 4147 1076 4190 et
1100 4151 1291 4190 recens
1338 4135 1548 4205 religio,
1610 4134 1711 4189 sub
1761 4118 2026 4204 praetestu
2060 4134 2122 4189 li-

518 4228 606 4284 dei
637 4228 972 4300 blasphemia
1008 4229 1020 4265 ί
1050 4230 1102 4284 in
1130 4227 1424 4299 perniciem
1445 4230 1633 4282 salutis
1657 4236 1761 4281 tute
1794 4244 1889 4296 per
1914 4238 1967 4282 te
1994 4243 2122 4298 pro-

521 4322 650 4390 lata,
686 4340 793 4378 non
822 4322 998 4378 solum
1024 4323 1199 4378 adhuc
1228 4320 1449 4377 limitem
1477 4321 1781 4376 Romanum
1832 4336 2124 4392 peragrare

523 4441 742 4497 solitum
770 4441 1007 4513 antiquis
1030 4441 1217 4497 fuisse.

596 4522 623 4550 ἰ
656 4515 726 4568 Ita
755 4510 1094 4569 correximus
1124 4529 1247 4569 eum
1281 4511 1517 4576 Latinio,
1547 4524 1669 4567 cum
1714 4518 1869 4565 antea
1903 4510 2117 4581 legere—

524 4596 631 4653 tur,
657 4587 714 4639 in
743 4586 995 4653 sacrilego
1033 4596 1121 4640 tuo
1150 4586 1371 4639 decreto.

540 4722 543 4723 ν
598 4643 628 4690 5
659 4655 771 4708 Nec
799 4657 894 4708 sic.
919 4643 1096 4711 talin.
1125 4667 1178 4711 et
1209 4655 1458 4711 6³113ηά-

604 4735 625 4762 ε
663 4724 822 4791 Quin.
847 4724 1019 4779 Vatic.
1045 4728 1140 4781 sed
1172 4736 1444 4794 corrupte.

598 4795 627 4831 ά
659 4794 929 4849 Malimus.
964 4796 1141 4851 Latin.
1176 4809 1229 4851 et
1251 4795 1481 4851 Galand.

604 4877 627 4903 °
661 4867 871 4920 Initium
914 4866 1152 4937 Synthnli
1180 4868 1385 4922 Nicazni
1414 4869 1500 4921 hic
1551 4865 1741 4937 refert,
1809 4866 1950 4935 quod
1986 4867 2118 4921 inte-

525 4954 681 5009 grum
712 4937 1001 5007 descripsit
1032 4940 1084 4991 in
1116 4938 1210 4992 lib.
1238 4938 1300 4991 de
1327 4955 1429 4992 non
1453 4953 1596 5008 paro.
1625 4938 1678 4989 in
1705 4936 1871 4991 Deum
1899 4936 2090 5008 detinq.

605 5009 624 5047 ί
651 5008 1029 5073 Βὶυἱιιὶιαςιμιε.
1063 5010 1243 5065 Latin.
1299 5019 1351 5063 et
1380 5009 1629 5065 Galland.

602 5090 627 5129 Β
662 5081 737 5135 De
765 5079 996 5137 Luciferi
1041 5082 1310 5152 legatione
1363 5081 1414 5135 in
1459 5080 1845 5136 Mediolanensi
1889 5080 2122 5135 concilio

527 5153 652 5223 vide
681 5168 800 5223 qua:
829 5155 879 5206 in
908 5156 1027 5222 ejus
1053 5152 1168 5207 Vita
1190 5162 1409 5207 narrata
1437 5161 1582 5205 sunt.

598 5222 629 5261 h
651 5223 721 5278 Et
748 5234 948 5278 contra.
976 5223 1151 5281 Vatic.

605 5296 621 5332 ί
652 5296 901 5351 Edictum
926 5297 1189 5364 intellige,
1213 5296 1329 5350 sive
1368 5293 1656 5363 epistolam
1693 5293 1990 5364 Cptistantii
2025 5310 2121 5347 no-

527 5366 675 5421 mine
702 5369 771 5422 ab
793 5368 1005 5438 Arianis
1035 5363 1311 5438 preposita
1347 5370 1397 5420 in
1431 5365 1662 5438 concilio
1700 5363 2115 5438 Mediolanensi,

528 5441 598 5507 de
624 5452 728 5504 qua
775 5439 829 5492 in
875 5437 1106 5494 Luciferi
1137 5436 1268 5494 vita.
1318 5437 1639 5495 Gallandius
1694 5436 1881 5490 mallet
1935 5438 2116 5507 legere
2160 5484 2163 5487 γ

524 5506 823 5580 blasphema
868 5509 1070 5580 religio.

598 5578 708 5651 irld
730 5594 833 5646 est,
858 5581 911 5651 in
945 5578 1062 5651 ipso
1103 5583 1335 5637 concilio
1376 5580 1794 5644 Mediolanensi,
1831 5578 1972 5635 unde
2017 5594 2112 5648 per

524 5646 752 5722 Italiam,
777 5662 831 5705 et
855 5646 1200 5717 Occidentem
1223 5654 1331 5707 late
1358 5663 1541 5722 posset
1553 5652 1751 5722 yagari
1773 5670 1791 5722 7:
1824 5652 1917 5705 sed
1959 5646 2111 5722 irrito

524 5716 825 5774 Constantii
850 5724 1253 5778 etArianorum
1285 5716 1503 5777 conatu.
1545 5716 1855 5789 Erl/uibus
1907 5720 2105 5790 videas,

2214 5722 2344 5776 edit.
2382 5722 2767 5780 Riluzianmad
2803 5723 3061 5793 Martyres
3105 5736 3160 5781 et.

2224 3208 2335 3262 dest
2356 3206 2574 3273 homini,
2602 3210 2648 3262 si
2676 3218 2836 3262 totum
2867 3219 2906 3246 ιη
2928 3210 3181 3265 mundum
3216 3213 3482 3274 lucretur,
3508 3210 3681 3263 anime
3700 3219 3793 3260 vero

2222 3318 2330 3356 θυαε
2356 3301 2716 3356 detrimentum
2742 3302 2969 3374 patiatur
2991 3305 3015 3357 ?
3040 3315 3129 3357 aut
3153 3322 3325 3374 quam
3358 3304 3501 3358 dabit
3527 3301 3665 3355 homo
3680 3311 3790 3352 eom-

2224 3394 2558 3448 mutationem
2586 3393 2773 3447 anima:
2822 3411 2931 3449 sua
2977 3394 3194 3467 (Matth.
3234 3412 3351 3462 xw,
3399 3395 3535 3466 24)?
3588 3387 3785 3460 Martyrii

2223 3486 2365 3554 cogit
2395 3484 2627 3556 dignitas
2680 3494 2739 3540 ut
2778 3486 2939 3541 vitam
2984 3485 3288 3542 Christiani
3343 3494 3567 3543 morten
3593 3492 3788 3539 contem-

2226 3592 2449 3642 namus,
2507 3577 2777 3648 siquidem
2810 3594 3006 3632 novum
3056 3579 3253 3635 salutis
3283 3595 3457 3652 genus
3507 3592 3591 3648 per
3611 3573 3691 3629 Dei
3711 3569 3783 3625 Fi-

2225 3670 2357 3725 lium
2394 3669 2558 3725 fuerit
2608 3670 2891 3737 tributum;
2926 3671 3137 3726 interire
3166 3676 3189 3701 υ
3224 3691 3292 3728 ne
3321 3686 3547 3743 percara.
3572 3663 3783 3723 Novimus

2225 3762 2365 3817 hanc
2393 3777 2515 3817 esse
2560 3762 2716 3818 nobis
2744 3763 2995 3817 traditam
3045 3764 3316 3820 divinitus
3371 3760 3708 3830 disciplinam.
3734 3759 3777 3804 ιιι

2224 3858 2344 3912 sine
2378 3856 2487 3911 ullo
2510 3864 2721 3912 terrore
2742 3857 2950 3912 militi-.1:
2979 3858 3081 3911 vim
3117 3868 3377 3914 tueamur
3405 3856 3535 3912 tanti
3564 3846 3775 3908 nominis.

2223 3949 2425 4019 quippe
2450 3963 2587 4019 quos
2610 3948 2720 4016 jam
2753 3948 2959 4018 pridem
2991 3959 3208 4005 aeternae
3241 3947 3519 4006 memoria:
3556 3937 3773 4011 cupiditas

2225 4041 2559 4095 abstraxerit
2588 4056 2618 4093 a
2646 4040 2926 4096 desiderio
2948 4041 3103 4098 isrius
3156 4044 3331 4110 lucis,
3368 4053 3597 4113 quosque
3614 4033 3670 4088 ad
3694 4029 3777 4085 cal-

2231 4134 2403 4189 canda
2448 4134 2629 4189 omnia
2693 4144 2908 4190 terrena
2960 4134 3161 4192 Christi
3212 4140 3454 4193 societas
3507 4123 3770 4201 segregarit-

2232 4228 2435 4284 Crescit
2458 4230 2507 4297 Ρ,
2561 4230 2868 4295 Constanti,
2924 4231 3270 4288 crudelitatis
3326 4243 3429 4287 tum
3475 4237 3635 4299 pugna
3668 4214 3773 4272 εεοά

2233 4339 2480 4380 crescere
2511 4323 2735 4380 adverte
2779 4335 2832 4379 ct
2859 4325 3061 4380 Christi
3101 4326 3365 4382 militibus
3416 4321 3646 4395 gloriam,
3693 4321 3771 4364 ιιεε

2142 4439 2297 4509 Dait
2345 4438 2612 4494 Baronius
2659 4439 2725 4493 ad
2775 4454 2864 4493 an.
2918 4440 3045 4508 556,
3100 4457 3251 4495 num.
3309 4441 3399 4506 7i,
3452 4424 3770 4509 quantumlibet

2226 4511 2409 4564 Ariani
2456 4511 2632 4580 favore
2674 4509 2982 4574 Constantii,
3031 4507 3077 4565 et
3129 4513 3242 4577 ipse
3295 4507 3611 4581 Constantius
3641 4508 3766 4581 emt“

2224 4578 2535 4636 Arianorum
2589 4591 2778 4635 conatu
2827 4592 2989 4636 totum
3021 4582 3375 4638 Christianum
3405 4578 3564 4635 orbem
3591 4578 3766 4644 miscuf'

2223 4654 2347 4724 rint,
2374 4665 2427 4707 ut
2466 4654 2710 4706 Arianam
2751 4652 3007 4719 hreresim,
3040 4654 3145 4724 ﬁde
3184 4657 3397 4724 explosa
3427 4644 3686 4706 Catholica,
3724 4650 3764 4686 ’⁷⁸

2222 4723 2437 4778 ecclesia
2459 4726 2786 4777 seminarent.

2294 4794 2319 4872 If
2351 4798 2611 4872 ξίρφνικῶς
2646 4795 2791 4872 dictu
2802 4811 2847 4848 m
2859 4836 2882 4872 .‘
3033 4868 3042 4872 _
3382 4840 3383 4843 η

2298 4865 2314 4903 ι
2354 4858 2455 4934 Qui
2508 4870 2646 4920 enim
2689 4865 2903 4920 voluerit
2953 4868 3180 4923 animant
3226 4885 3373 4923 suam
3431 4860 3639 4934 perderf.
3675 4858 3755 4934 ἔξεο·

2234 4916 2705 5001 νωὲῗᾎώζ
3431 4916 3563 4989 [cum
3598 4916 3754 4981 Lucii”

2232 5020 2428 5079 praeter
2459 5026 2577 5063 nam
2606 5024 2703 5079 pro
2733 5020 2926 5064 autem.

2303 5090 2340 5112 ἠ
2382 5081 2454 5135 Ex
2487 5072 2698 5140 Graeco.
2727 5081 2813 5135 τὸν
2842 5080 2952 5136 ὅλον
2982 5082 3366 5145 κόσμονΝοτε.
3395 5082 3512 5134 Ant.
3538 5072 3671 5145 nunc.

2301 5154 2329 5180 "
2357 5151 2525 5207 Morte
2569 5161 2745 5206 contra
2800 5168 3048 5210 eruamus.
3079 5140 3250 5210 Latin.
3278 5165 3333 5210 et
3372 5140 3753 5207 Gallandminns

2231 5234 2408 5278 tamen
2440 5232 2604 5288 recte,
2635 5238 2757 5277 cum
2794 5239 2988 5278 sensus
3020 5236 3244 5294 perstet.
3412 5293 3415 5294 ν
3625 5279 3634 5290 ,

2306 5295 2330 5321 ο
2363 5294 2542 5349 Editio
2565 5283 2770 5349 Tiliana
2800 5310 2904 5350 non
2941 5283 3103 5353 habet
3135 5299 3273 5353 hanc
3303 5293 3587 5361 lectionem.
3617 5283 3743 5361 ξηίθῖζ

2222 5367 2298 5419 ire
2322 5382 2385 5420 ne
2424 5382 2514 5437 per
2542 5382 2683 5433 eam,
2725 5374 2783 5419 ut
2834 5367 3067 5423 affirmat
3096 5368 3441 5437 Gallandiusi;
3491 5355 3574 5437 se}!
3616 5354 3743 5437 ίίξξῗ

2220 5424 2505 5508 ρενειιίέιιθ
2532 5424 2745 5503 legitur,
2776 5438 2983 5511 interire
3034 5458 3097 5495 ne
3142 5424 3742 5511 pereamsLugfilfl'ﬂ‘ff?

2220 5490 2429 5563 δέω.οί
2453 5490 2686 5575 piissime
2717 5490 2771 5563 έι
2808 5490 3013 5581 absque
3035 5490 3362 5567 "atriensi
3386 5510 3449 5562 ita
3471 5490 3731 5557 ediderunt:

2216 5580 2424 5633 interire
2454 5597 2515 5633 ne
2542 5582 2750 5649 possim.

2289 5652 2317 5691 Ρ
2344 5620 2586 5715 Similem
2619 5653 2944 5706 sententiam
2981 5653 3141 5711 habet
3178 5654 3219 5711 C
3264 5656 3467 5727 prianus
3490 5644 3537 5698 in
3558 5620 3733 5743 θρῖδι·

2289 5722 2344 5775 ἱι-
2382 5722 2767 5780 Rtluzianmad
2803 5723 3061 5781 Martwea
3105 5736 3160 5781 et.
3212 5672 3707 5781 (ξοηῐρεεοτοεεθνθω

3236 5738 3543 5784 λοηιθεεοτυδ
3562 5750 3570 5762 ·
3594 5738 3624 5757 υ
