4094 6190
281 270 433 328 1017

1210 272 1626 332 MORIENDUM
1665 272 1836 332 ESSE
1878 273 2015 331 PRO
2056 274 2170 332 DEI
2209 274 2392 332 FlLlO
2431 273 2662 334 LIBER.

3457 280 3598 342 1018

272 391 634 449 retardamur
673 391 908 465 denique
960 391 1028 449 ab
1081 393 1198 450 acie
1259 402 1655 450 tormentorum
1713 403 1882 461 metu,
1911 393 2437 470 Acircumscriptor
2465 394 2842 451 innocentium
2876 394 2933 452 in
2959 405 3047 453 tua
3067 406 3252 454 mente
3270 399 3455 456 sedem
3489 401 3595 458 sibi

271 487 382 542 sed
415 487 546 557 ipsis
564 488 736 560 magis
759 489 866 543 tuis
883 487 1172 544 tormentis
1198 486 1266 542 ad
1292 487 1464 542 aciem
1489 500 1879 559 provocamur.

275 577 416 634 Hice
445 579 518 633 ita
544 593 668 635 esse
685 595 884 651 negare
908 596 1016 636 non
1053 580 1279 651 poteris,
1326 579 1546 650 quando
1575 579 1883 650 conspicias

276 679 306 709 ⁸
343 672 467 742 pari
514 683 569 728 et
618 674 780 728 simili
830 674 1008 730 calore
1037 674 1253 730 virtutis
1278 673 1618 730 Christianos
1659 681 1774 728 toto
1828 673 1880 729 in

275 766 427 823 orbe
447 767 513 822 ad
569 768 869 838 gerendum
913 777 1189 825 certamen
1223 769 1510 833 animatos,
1561 767 1779 838 quando
1804 768 1882 822 vi-

273 859 440 925 deas,
469 860 692 916 militent
719 859 946 928 Christi,
978 863 1346 934 incorruptam
1393 862 1516 918 ﬁdei
1565 862 1879 916 ﬁrmitatem

272 953 429 1024 quod
459 969 563 1008 non
594 953 935 1011 detestanda:
963 966 1068 1012 tuae
1095 957 1375 1012 blanditiae
1423 956 1722 1028 decipiant,
1772 973 1880 1012 non

274 1047 450 1100 minze
480 1045 682 1102 furoris
712 1050 789 1103 tui
815 1057 1077 1117 terreant,
1107 1065 1215 1106 non
1245 1051 1516 1107 cruciatus
1539 1061 1644 1106 tuae
1663 1051 1882 1107 carniﬁ-

269 1137 418 1193 cina:
440 1153 504 1192 ac
526 1146 798 1196 tormenta
820 1142 1156 1198 crudelitatis
1173 1143 1487 1210 devincant,
1510 1143 1601 1200 illo
1623 1144 1882 1200 videlicet

274 1229 334 1284 in
381 1230 542 1286 nobis
574 1241 849 1299 manente,
899 1244 954 1291 et
983 1236 1264 1292 nobiscum
1289 1251 1510 1307 semper
1557 1237 1873 1305 constitulo,

266 1320 456 1392 quiad
488 1323 676 1379 beatos
699 1326 978 1396 apostolos
994 1327 1195 1384 dixerit
1225 1347 1237 1382 :
1279 1328 1552 1384 Vobiscum
1571 1347 1684 1384 sum
1714 1331 1880 1384 omni-

269 1414 372 1468 bus
403 1415 582 1471 diebus
613 1433 771 1488 usque
795 1419 863 1474 ad
892 1423 1385 1477 consummationem
1415 1425 1592 1478 saeculi
1636 1423 1656 1496 (
1683 1424 1874 1479 Matth.

268 1525 466 1576 xxvm,
489 1511 610 1582 ‘20).
642 1512 736 1568 Est
785 1514 986 1585 ubique
1013 1530 1278 1585 praesens,
1308 1516 1435 1587 quia
1467 1517 1819 1588 omnipotens
1849 1516 1875 1555 δ

266 1604 388 1672 sit,
447 1605 614 1662 Filius
664 1617 836 1664 totum
896 1619 1124 1678 potens,
1156 1611 1243 1666 cui
1284 1625 1406 1666 cum
1456 1611 1618 1667 Patre
1661 1626 1766 1666 una
1805 1611 1879 1667 sit

264 1698 554 1753 aeternitas
580 1707 742 1770 atque
769 1709 1014 1770 potestas
1033 1701 1238 1757 divina.
1274 1700 1381 1758 Sed
1434 1711 1483 1757 te
1511 1711 1712 1773 quanta
1746 1703 1876 1758 cali-

1986 486 2307 555 collocasse,
2329 489 2686 545 etarhitraris
2700 505 2806 545 non
2829 498 2881 546 te
2905 489 3084 546 adhuc
3100 491 3474 562 publicatum?
3499 494 3598 550 ad-

1987 576 2094 633 huc
2111 579 2164 634 in
2185 594 2362 645 ovem,
2389 594 2512 635 cum
2534 580 2612 636 sis
2630 580 2812 652 lupus,
2837 581 3183 652 perl‘rigescis
3203 593 3284 649 tu,
3305 586 3442 654 quia
3463 599 3593 640 san-

1985 671 2249 728 ctissimis
2281 672 2565 742 prophetis
2598 673 2778 729 bestia
2813 673 3138 743 nominaris,
3181 691 3210 730 a
3257 675 3594 734 heatissimis

1982 768 2246 836 apostolis
2264 768 2418 823 cauis
2451 782 2514 822 ac
2544 768 2708 839 lupus
2746 785 2938 839 rapax,
2969 770 3320 838 subornatus,
3354 787 3477 828 cum
3511 774 3588 828 sis

1983 859 2266 928 operarius
2319 859 2641 930 iniquitatis,
2694 870 2976 932 tamquam
3026 863 3274 920 minister
3313 864 3584 935 justititc:

1983 959 2039 1007 et
2064 962 2116 1007 te
2143 965 2264 1007 esse
2302 951 2581 1007 hominem
2624 959 2988 1022 censes,’cum
3019 955 3154 1010 nihil
3209 956 3447 1012 hominis
3493 957 3598 1013 nisi

1982 1044 2314 1100 lineamenta
2343 1060 2408 1100 ac
2439 1059 2707 1100 summam
2738 1045 2968 1116 ﬁguram
2999 1047 3190 1117 geras?
3221 1047 3386 1102 Doles
3410 1057 3461 1104 te
3490 1049 3590 1102 im-

1983 1153 2199 1194 manem
2243 1138 2475 1194 bestiam
2522 1138 2648 1205 dici,
2701 1138 2838 1194 nihil
2885 1149 2936 1194 te
2986 1139 3229 1195 hominis
3277 1141 3383 1195 nisi
3417 1141 3590 1197 linea-

1983 1244 2163 1290 menta
2194 1251 2257 1290 ac
2287 1252 2556 1292 summam
2586 1252 2780 1309 gerere
2808 1238 3060 1308 ﬁguram.
3110 1239 3224 1305 Dic,
3257 1255 3466 1308 quaeso,
3516 1257 3586 1296 an

1982 1330 2181 1398 possis,
2239 1330 2614 1386 innocentium
2645 1331 3028 1402 interemptor,
3063 1333 3269 1387 merito
3297 1331 3406 1386 dici
3435 1329 3592 1387 Chri-

1982 1421 2218 1490 stianus,
2243 1431 2298 1479 et
2347 1441 2452 1479 non
2502 1425 2690 1496 potius
2746 1426 2992 1491 insanus,
3029 1424 3223 1493 hebes,
3260 1441 3592 1497 vccorsque,

1981 1513 2154 1570 hostis
2181 1517 2384 1587 quippe
2413 1517 2504 1573 Dei
2539 1518 2841 1590 religionis,
2879 1519 2931 1573 in
2965 1534 3068 1590 qua
3100 1518 3296 1590 pietas,
3327 1519 3585 1575 humani-

1981 1617 2086 1676 tas,
2117 1612 2406 1683 omnisque
2429 1611 2640 1683 justitia
2674 1623 2949 1681 versatur,
3013 1614 3066 1668 in
3096 1627 3203 1685 qua
3230 1629 3330 1670 nec
3379 1614 3587 1670 malum

1981 1716 2080 1770 pro
2134 1703 2282 1758 malo
2338 1704 2570 1760 discitur
2616 1705 2876 1774 reddere,
2912 1707 2964 1760 in
3015 1721 3120 1775 qua
3155 1720 3262 1762 non
3305 1706 3583 1774 occidere,

264 1804 338 1860 go
389 1789 669 1847 obsederit
724 1792 1118 1848 incredulitatis
1141 1835 1157 1861 ,
1234 1801 1543 1865 quantaque
1618 1794 1871 1850 tenebra-
1900 1800 1949 1863 Β
1975 1795 2070 1850 sed
2100 1797 2274 1851 occidi
2308 1807 2530 1868 propter
2558 1799 2654 1855 Dei
2681 1799 2881 1854 Filium
2912 1797 3214 1856 docemur?
3253 1799 3334 1854 Tu
3358 1800 3587 1856 sacrile-

265 1903 391 1944 rum
421 1898 476 1944 et
500 1903 752 1944 errorum
786 1890 958 1946 nubes
1003 1899 1151 1946 tuum
1186 1902 1377 1962 pectus
1408 1891 1715 1958 obduxerit,
1768 1891 1876 1948 dici

265 1998 380 2037 non
411 1990 615 2051 potest,
640 1983 735 2054 qui
762 1998 884 2039 cum
913 1994 964 2039 te
991 1983 1359 2040 Christianum
1386 1986 1579 2057 ﬁngas,
1613 1985 1876 2041 Christia-

263 2091 398 2131 num
426 2083 605 2132 tamen
634 2091 831 2133 nomen
854 2093 885 2133 e
908 2077 1089 2134 medio
1111 2078 1328 2135 auferre
1351 2080 1559 2135 nitaris.
1584 2078 1734 2135 Inter
1755 2077 1876 2134 haec

271 2169 500 2226 daturos
553 2171 798 2243 legentes
841 2174 1054 2226 veniam
1105 2172 1422 2241 conspicere
1467 2171 1676 2238 debes,
1728 2170 1872 2240 quod

270 2278 374 2336 pro
399 2264 596 2320 merito
619 2264 913 2335 impietatis
943 2273 1051 2320 tum
1073 2263 1324 2320 facundia
1353 2265 1647 2321 mediocris
1668 2265 1870 2335 ingenii

271 2358 378 2413 mei
411 2358 476 2413 ad
503 2357 973 2433 essecrandum_te
1000 2358 1314 2414 describere
1341 2373 1448 2413 non
1475 2358 1737 2424 valuerit;
1770 2356 1868 2412 dc-

265 2450 415 2506 disse
436 2467 524 2506 me
554 2451 758 2507 etenim
785 2451 1043 2507 videbant
1091 2451 1321 2508 formam
1376 2450 1647 2508 universis
1699 2451 1866 2506 Deum

264 2543 604 2610 timentibus,
625 2544 1037 2614 praebuisseque
1053 2545 1334 2599 materiam
1353 2543 1690 2610 tractaturis,
1715 2559 1823 2616 quo
1843 2554 1864 2583 ε

261 2645 318 2694 te
365 2636 558 2693 ordine
591 2647 815 2709 possent
849 2639 968 2693 sine
1011 2639 1133 2693 vita:
1161 2649 1383 2694 aeterna:
1410 2639 1686 2695 radicibus
1715 2640 1862 2710 posi-

265 2740 378 2784 tum
411 2745 624 2786 secare.
659 2729 772 2786 Nec
821 2741 871 2786 tc
899 2731 1177 2787 maledicis
1205 2732 1431 2787 vocibus
1461 2733 1613 2788 dicas
1649 2748 1678 2786 a
1707 2734 1865 2788 nobis

268 2823 566 2895 obiurgari,
599 2825 643 2879 si
673 2840 793 2894 qua:
823 2825 1018 2896 dignus
1043 2840 1103 2880 es
1128 2823 1154 2862 ά
1183 2841 1212 2880 a
1245 2825 1494 2893 rusticis,
1525 2826 1652 2880 licet
1683 2835 1862 2882 tamen

269 2915 614 2983 Christianis,
645 2917 823 2974 audis.
859 2919 1116 2974 Novimus
1146 2934 1250 2973 non
1278 2918 1736 2985 maledicendum,
1765 2920 1861 2975 sed

268 3011 440 3080 magis
492 3020 712 3082 propter
767 3012 1017 3068 inimicos
1071 3013 1411 3083 rogandum:
1447 3013 1616 3068 Filius
1659 3013 1859 3070 etenim

263 3104 380 3171 Dei,
414 3120 593 3161 rerum
625 3121 748 3161 cum
771 3107 841 3162 sit
869 3107 1156 3173 Dominus,
1207 3116 1386 3163 tamen
1415 3123 1535 3162 cum
1567 3107 1858 3163 maledice-

1981 1905 2048 1960 go
2078 1899 2279 1945 conatu
2331 1901 2443 1957 tuo,
2487 1900 2865 1962 contemptam
2903 1907 3099 1946 vanam
3151 1891 3592 1950 dominationem

1981 1989 2126 2034 tuam
2150 1981 2530 2049 considerans,
2553 1992 2823 2039 tormenta
2866 1983 3160 2050 admoves;
3194 1984 3290 2040 sed
3323 1993 3408 2040 est
3454 2000 3582 2056 pro-

1981 2081 2156 2128 tector
2182 2083 2205 2111 ε
2233 2075 2384 2142 ﬁdei,
2411 2075 2749 2146 gubernator
2778 2076 2997 2144 salutis,
3041 2086 3223 2132 rector
3253 2077 3582 2144 animarum,

1975 2181 2136 2238 quem
2169 2183 2268 2224 nos
2299 2169 2541 2240 impellis
2591 2186 2793 2242 negare
2846 2186 3097 2242 semper,
3127 2171 3413 2228 nobiscum
3439 2187 3582 2228 sem-

1979 2279 2074 2334 per
2112 2263 2266 2320 adest
2295 2266 2581 2320 certamiui
2628 2275 2840 2330 nostro,
2874 2267 3002 2338 quia
3034 2267 3373 2337 praeliatores
3416 2277 3583 2338 atque

1974 2368 2280 2414 assertores
2305 2359 2474 2414 divini
2506 2360 2590 2415 sui
2637 2360 2878 2416 nominis
2908 2360 3104 2431 erigat.
3135 2360 3276 2415 llinc
3317 2371 3403 2416 est
3433 2360 3577 2431 quod

1972 2451 2339 2507 servientibus
2375 2450 2392 2488 τ
2427 2452 2714 2522 injustitiae
2762 2463 2866 2507 tua:
2915 2467 2978 2507 ac
3007 2451 3294 2520 ministris,
3345 2452 3446 2508 hoc
3495 2461 3581 2508 est

1970 2544 2424 2600 concarniﬁcihus
2478 2545 2584 2600 tuis
2640 2545 3042 2616 torquentibus,
3105 2555 3318 2601 stemus
3371 2543 3565 2600 fortio-

1970 2651 2082 2703 res,
2113 2637 2476 2692 inanitnamur
2517 2648 2573 2693 ut
2597 2648 2744 2692 luam
2767 2638 3031 2709 ungulam
3060 2650 3218 2693 artus
3250 2639 3418 2694 nostri
3449 2639 3575 2708 pulo

1968 2730 2073 2787 sati
2096 2747 2159 2787 ac
2186 2733 2373 2788 laniati
2421 2742 2704 2801 superent.
2735 2733 3024 2800 Quomodo
3074 2733 3276 2790 etenim
3310 2735 3576 2806 inexpug-

1969 2831 2208 2887 nabilem
2240 2831 2400 2887 ﬁdem
2432 2811 2696 2902 superare
2743 2831 2948 2900 poterit
2999 2831 3238 2887 saeviens
3283 2831 3374 2886 diu
3419 2822 3575 2902 plaga

1970 2924 2226 2995 repetita,
2259 2938 2382 2980 cum
2413 2924 2592 2980 omnis
2627 2924 2784 2980 miles
2814 2924 3019 2979 Christi
3067 2925 3208 2980 sciat
3238 2924 3438 2994 ipsum,
3473 2938 3571 2992 pro

1965 3033 2076 3090 quo
2101 3019 2327 3090 patitur,
2357 3033 2541 3075 secum
2575 3033 2700 3074 esse
2750 3026 3101 3089 pra-sentem,
3133 3017 3576 3088 gaudentemque

1964 3111 2034 3168 de
2088 3127 2314 3169 suorum
2373 3112 2660 3169 tolerantia
2702 3114 3027 3170 servorum?
3071 3113 3290 3170 Stamus
3321 3124 3344 3161 Β
3377 3113 3566 3183 utique

262 3209 431 3262 retur,
463 3214 570 3254 non
601 3199 1041 3256 remaledicebat.
1067 3202 1357 3269 Caeterum,
1389 3203 1432 3257 si
1461 3218 1644 3257 rerum
1682 3202 1851 3258 male-
1879 3193 1924 3258 C
1955 3203 2142 3260 famuli
2173 3206 2379 3261 Christi
2426 3207 2547 3277 ejus
2599 3207 2892 3279 majestate
2923 3205 3146 3271 ﬁrmati,
3181 3222 3316 3261 voce
3375 3207 3566 3272 libera,

261 3292 466 3347 diceret
521 3292 780 3347 Dominus
817 3334 830 3358 ,
883 3302 1046 3348 tanta:
1099 3295 1284 3365 utique
1326 3295 1630 3366 majestatis
1682 3296 1855 3365 impe-

262 3393 314 3438 tu
359 3385 608 3439 universa
639 3385 1007 3441 conciderent.
1061 3387 1208 3442 Dicis
1233 3388 1422 3459 utique
1461 3387 1527 3443 ad
1555 3387 1672 3444 haec
1701 3407 1714 3444 :
1745 3387 1855 3444 Do-

262 3479 430 3532 minus
461 3487 509 3531 te
533 3480 709 3533 mitem
739 3495 847 3534 esse
874 3481 1034 3534 voluit
1064 3483 1254 3552 quippe
1279 3483 1560 3536 antistitem
1588 3499 1771 3550 suum,
1805 3496 1854 3538 et

263 3581 315 3623 tu
343 3579 391 3624 te
421 3570 735 3640 pervicacem
763 3588 842 3626 me
864 3573 1003 3626 circa
1032 3575 1245 3642 prtebes.
1279 3572 1567 3643 Propheta:
1587 3613 1600 3636 ,
1632 3583 1853 3644 aposto-

262 3662 322 3729 li,
352 3673 408 3719 et
431 3664 633 3720 chorus
656 3665 1062 3735 evangeliorum
1103 3681 1208 3721 non
1242 3665 1598 3723 occidendum
1627 3666 1845 3731 docent,

263 3763 316 3808 tu
345 3765 526 3811 contra
569 3755 679 3812 Deo
708 3757 944 3828 dignaris
980 3757 1289 3814 interficere
1321 3757 1551 3814 dicatos.
1581 3757 1847 3815 Christia-

262 3848 315 3904 ni
343 3848 408 3905 ad
435 3849 754 3920 placandum
804 3867 962 3922 quem
995 3851 1226 3906 colimus
1254 3851 1339 3908 his
1367 3853 1532 3907 rebus
1563 3868 1698 3924 opus
1727 3868 1849 3908 esse

259 3944 526 4012 novimus,
552 3944 747 4015 quibus
790 3944 938 3999 illum
972 3944 1232 3999 delectari
1263 3961 1326 3999 ac
1350 3944 1587 4016 gaudere
1617 3946 1844 4004 scimus.

257 4036 310 4092 Si
343 4037 508 4107 igitur
532 4037 742 4105 placere
763 4037 1101 4093 censendum
1149 4047 1233 4093 est
1266 4052 1427 4108 posse
1458 4037 1570 4093 Deo
1594 4038 1737 4109 quod
1770 4038 1848 4095 fu-

257 4128 350 4192 cis,
375 4142 566 4184 omnes
611 4142 710 4184 nos
756 4138 970 4196 oportet
1003 4130 1302 4186 homicidas
1349 4145 1495 4196 esse,
1542 4133 1844 4203 sacrilegos

256 4235 316 4277 ac
342 4221 712 4292 blasphemos.
742 4223 788 4279 0
813 4221 1123 4292 Constanti,
1157 4241 1318 4294 quam
1373 4227 1608 4295 ingentis
1639 4228 1716 4282 sis
1748 4228 1844 4282 de-

256 4314 490 4381 mentite,
520 4314 722 4372 videris
753 4334 764 4370 :
799 4319 1134 4387 conspicitur
1165 4326 1440 4372 veterator
1474 4317 1564 4370 ille
1594 4318 1840 4385 subtilis,

1961 3309 2145 3355 mente
2172 3300 2510 3370 incorrupta,
2551 3302 2674 3358 telis
2701 3303 2917 3374 quidem
2945 3303 3222 3372 fragilibus
3254 3302 3380 3370 tuis,
3409 3303 3562 3370 nudi,

1956 3393 2050 3449 sed
2091 3393 2184 3448 illa
2213 3394 2389 3450 induti
2420 3411 2596 3463 arma,
2620 3413 2737 3467 qure
2766 3411 2868 3451 nos
2891 3403 2948 3451 ut
2969 3395 3324 3452 indueremus
3355 3407 3439 3452 est
3468 3397 3564 3452 de-

1956 3493 2207 3555 precatus
2235 3487 2425 3543 beatus
2451 3489 2733 3559 apostolus
2760 3488 2954 3546 dicens
2989 3508 3001 3542 :
3033 3489 3112 3543 De
3136 3500 3325 3545 cretero
3371 3491 3565 3560 con/ir-

1954 3579 2166 3632 mamini
2195 3577 2224 3615 h
2251 3579 2307 3634 in
2329 3579 2554 3636 Domino
2585 3591 2631 3635 et
2674 3582 2726 3635 in
2755 3583 2984 3654 potentia
3016 3584 3220 3637 virtu'is
3243 3585 3356 3653 ejus
3387 3582 3550 3652 (Eph.

1956 3687 2032 3738 νι,
2065 3671 2176 3742 10).
2204 3674 2272 3730 Et
2300 3691 2314 3729 :
2347 3671 2560 3728 Induite
2582 3692 2729 3728 arma
2769 3675 2890 3740 Dei,
2923 3686 2978 3728 ut
3023 3676 3231 3748 possitis
3275 3687 3414 3730 stare
3465 3676 3563 3729 ad-

1953 3779 2128 3819 versus
2151 3765 2378 3821 remedia
2410 3766 2423 3803 ί
2459 3767 2675 3832 diaboli,
2701 3769 2821 3834 quia
2853 3785 2953 3823 non
2994 3781 3066 3823 est
3094 3769 3235 3823 vobis
3263 3768 3563 3824 colluctatio

1950 3856 2196 3912 adversus
2226 3875 2432 3914 carnem
2451 3870 2500 3914 et
2527 3863 2851 3932 sanguinem,
2881 3860 2972 3914 sed
3003 3874 3183 3916 contra
3209 3862 3222 3911 i
3267 3871 3559 3931 potestates,

1950 3959 2129 4004 contra
2151 3950 2305 4021 huius
2336 3952 2520 4007 mundi
2559 3963 2776 4008 rectores
2829 3954 3151 4008 tenebrarum
3196 3955 3405 4021 harum,
3435 3972 3560 4010 con-

1953 4054 2033 4096 tra
2062 4043 2327 4113 spiritalia
2375 4047 2620 4117 nequitia:
2669 4047 2723 4101 in
2764 4045 3074 4102 caelestibus.
3106 4046 3396 4117 Propterea
3417 4050 3528 4101 acri
3539 4078 3558 4089 -

1952 4137 2054 4205 pite
2078 4154 2222 4190 arma
2246 4135 2366 4203 Dei,
2395 4148 2452 4191 ut
2501 4139 2708 4209 possitis
2735 4140 2972 4194 resistere
3018 4141 3071 4194 in
3101 4141 3183 4195 die
3207 4141 3365 4207 malo,
3427 4151 3474 4193 et
3503 4141 3555 4194 in

1951 4229 2185 4284 omnibus
2233 4229 2675 4303 perfectikstare,
2724 4235 2989 4304 praecincti
3034 4233 3230 4289 lumbos
3268 4245 3459 4289 vestros
3504 4237 3556 4289 in

1952 4323 2186 4389 veritate,
2244 4324 2514 4378 indicentes
2563 4325 2776 4379 loricam
2798 4327 3045 4399 justitite,
3071 4337 3119 4380 et
3172 4325 3377 4380 calciati
3401 4325 3557 4396 pedes

2025 4429 2043 4468 ί
2069 4432 2204 4486 Cum
2220 4433 2626 4498 Callandio,ubi
2644 4436 2851 4489 Titiana
2866 4436 3036 4491 editio
3050 4435 3284 4490 habebat
3307 4438 3554 4501 serviens,

1942 4501 2258 4576 Latiniuset
2273 4505 2664 4572 Lugdunenses
2681 4507 2973 4560 servientes.
2993 4506 3297 4576 Cyprianus
3315 4505 3366 4559 in
3389 4509 3551 4576 epist.

1939 4573 2448 4649 lattdat:t:8teterunt_
2462 4577 2581 4629 torti
2601 4579 2951 4649 torquentibus
2963 4573 3278 4646 [oa’tiores,et
3290 4573 3555 4649 pulsantes

1939 4644 2264 4716 aclaniantes
2288 4646 2509 4716 ungulas
2524 4649 2728 4714 pulsata
2749 4664 2810 4701 ac
2824 4644 3020 4701 lania—ta
3041 4650 3268 4702 membra
3290 4644 3550 4704 uicerunt.

2013 4725 2051 4790 ΒΔ
2071 4715 2376 4790 Cyprianus
2427 4717 2628 4790 ibidem
2664 4735 2677 4770 :
2715 4717 2860 4772 Vidit
2884 4789 2890 4790 γ
2914 4719 3182 4772 admirans
3213 4721 3550 4790 prtesentiunt

1942 4785 2561 4861 multitudo....stetisse
2612 4805 2783 4844 servos
2843 4789 3097 4860 (Christi)
3155 4785 3274 4845 race
3341 4791 3548 4861 libera,

1943 4866 2108 4933 mente
2136 4858 2459 4933 incorrupta,
2499 4860 2689 4914 virtute
2717 4862 2915 4926 divina,
2951 4858 3302 4933 telis'quidem
3329 4858 3550 4918 sterulaé

1939 4928 2293 5001 ribus_nudos,
2319 4931 2409 4984 sed
2435 4934 2596 4985 armis
2624 4933 2747 5001 ﬁdei
2774 4934 3040 4987 credentes
3069 4928 3320 4989 armatos.

2013 4997 2038 5035 ιι
2065 4999 2466 5074 Confortamini,
2501 5016 2553 5057 et
2601 4997 2656 5056 in
2688 5006 2987 5074 potentiam.
3020 5004 3178 5060 Vers.
3226 5005 3356 5060 Ant.
3411 5003 3546 5060 Con-

1946 5073 2236 5142 fortamini,
2275 5073 2417 5128 idem
2445 5073 2663 5128 Lucifer
2706 5075 2866 5131 infra.

2019 5141 2328 5216 ilusidias.
2390 5145 2520 5198 Ead.
2571 5143 2708 5201 Vide
2766 5156 2948 5203 notata
3004 5149 3058 5202 in
3105 5147 3198 5203 lib.
3254 5145 3291 5200 Ξ
3331 5161 3430 5216 pro
3487 5148 3546 5202 S.

1940 5214 2139 5270 Athan.
2167 5226 2220 5269 ct
2253 5217 2414 5285 paulo
2446 5216 2604 5271 infra.

2017 5288 2030 5334 t
2058 5285 2247 5340 Nullus
2267 5288 2478 5349 dubito,
2509 5288 2638 5359 quin
2654 5290 2953 5362 scripserit
2969 5289 3184 5344 Lucifer
3208 5290 3552 5362 eontraprin-

1941 5356 2104 5431 cipes,
2126 5368 2304 5431 contra
2325 5356 2618 5423 potestaies.
2638 5356 2882 5416 Galla'nul.
2915 5361 2983 5414 Et
3013 5363 3080 5414 ita
3131 5362 3352 5429 quidem
3398 5356 3541 5431 ivgi-

1942 5435 2028 5480 tur
2076 5429 2129 5500 in
2168 5429 2361 5484 Graeco
2394 5448 2406 5484 :
2437 5431 2529 5485 sed
2584 5444 2775 5485 auctor
2821 5443 3007 5485 noster
3068 5432 3235 5500 probe
3289 5429 3544 5488 convenit

1942 5513 2063 5572 cum
2084 5499 2235 5556 Vere.
2255 5505 2379 5555 Ant.
2396 5501 2536 5569 apud
2561 5501 2772 5567 Sabat.;
2790 5503 2919 5556 nihil
2941 5499 3227 5572 propterea
3248 5504 3542 5558 immutan-

1941 5568 2068 5641 dum
2098 5581 2184 5626 est
2213 5587 2310 5641 pro
2339 5568 2584 5626 arbitrio.

2013 5639 2036 5678 ¹ι
2071 5642 2136 5695 In
2158 5639 2390 5696 omnibus
2430 5645 2599 5711 operis
2631 5645 2792 5696 stetis.
2837 5643 2991 5699 Vers.
3026 5643 3155 5701 Ant.
3203 5645 3419 5701 Lucifer
3468 5647 3538 5703 ad

1940 5711 2115 5768 Graeci
2148 5721 2325 5768 textus
2349 5715 2628 5768 amussim.
2663 5713 2910 5769 Galtand.
2947 5716 3054 5772 Sed
3087 5717 3246 5772 aliter
3277 5731 3309 5770 a
3335 5720 3539 5774 versio-

1947 5799 2014 5839 ne
2040 5783 2294 5855 Cypriani
2323 5796 2433 5840 tum
2456 5787 2510 5840 in
2532 5785 2626 5840 lib.
2652 5785 2686 5839 5
2706 5786 3016 5843 Testimom
3044 5797 3153 5844 tum
3187 5789 3242 5844 in
3271 5789 3533 5862 epist.58t

255 4443 440 4501 pugna,
466 4428 620 4482 crevit
648 4437 696 4484 et
731 4429 1067 4501 pugnantium
1095 4429 1296 4501 gloria;
1316 4445 1406 4482 nec
1434 4427 1680 4482 retardati
1713 4430 1835 4482 estis
1867 4432 1915 4492 D

253 4498 310 4552 ab
337 4499 446 4553 acie
501 4498 868 4554 tormentorum
924 4511 1059 4554 metu
1077 4498 1214 4565 {sed
1252 4502 1380 4569 ipsis
1421 4501 1685 4554 tormentis
1726 4517 1836 4553 ma-

253 4570 326 4641 gis
345 4587 405 4624 ac
435 4573 598 4641 magis
628 4573 744 4626 estis
773 4574 841 4626 ad
893 4572 1052 4625 aciem
1104 4573 1384 4638 provocati.
1417 4571 1472 4625 In
1502 4580 1648 4624 textu
1680 4570 1837 4626 Luci-

255 4639 345 4695 feri
383 4656 483 4712 pro
510 4639 574 4695 ne
594 4644 920 4697 retardamur
963 4642 1232 4697 edidimus
1286 4658 1351 4698 ex
1399 4643 1592 4697 Latinii
1621 4657 1838 4697 correc-

256 4712 418 4777 tione,
461 4729 550 4767 nec
588 4714 935 4767 retardantur.

320 4782 603 4858 {Rursum
655 4785 962 4858 Cyprianus
1003 4783 1196 4858 eodem
1221 4783 1302 4858 “in
1355 4785 1513 4858 loco:
1543 4784 1665 4839 1am
1695 4801 1838 4858 coms

254 4855 446 4928 peri..._.
472 4855 824 4922 universos...,
848 4857 964 4928 pari
1008 4872 1070 4909 ac
1112 4855 1270 4910 simili
1308 4857 1483 4928 calore
1529 4859 1729 4911 virtutis
1768 4857 1837 4911 ad

254 4926 524 4999 gerendum
569 4939 825 4982 certamen
849 4926 1216 4999 animatos...
1243 4935 1296 4981 ut
1332 4927 1685 4999 incorruptam
1715 4927 1836 4995 ﬁdei

253 4996 534 5066 ﬁrmitatem
565 5015 665 5053 non
691 4999 959 5054 blanditia!
988 4996 1266 5067 decipiant,
1288 5015 1391 5052 non
1417 4996 1572 5054 mima
1592 5009 1834 5064 terreant,

252 5083 346 5142 non
367 5071 633 5142 cruciatus
675 5088 738 5125 ac
776 5079 1027 5142 tormenta
1055 5070 1322 5123 devincam
1352 5071 1515 5142 :quia
1542 5073 1712 5142 major
1735 5081 1833 5136 est,

251 5140 332 5213 qui
359 5141 412 5213 in
442 5143 585 5195 nobis
609 5153 704 5205 est,
730 5159 884 5213 quam
908 5141 1091 5212 quiest
1113 5142 1166 5194 in
1183 5142 1280 5195 hoc
1301 5141 1512 5195 mundo.

316 5208 341 5248 δ
375 5208 774 5281 Omriipotentis.
801 5208 971 5268 Vatic.

320 5293 340 5320 ο
373 5283 497 5356 llaec
523 5284 764 5349 deJibro
794 5282 1139 5356 intelligenda
1167 5283 1440 5356 videntur,
1471 5299 1632 5356 quem
1663 5285 1840 5356 scrip-

253 5351 316 5407 sit
343 5354 416 5419 ad
434 5353 810 5410 Constantium
857 5355 923 5408 de
950 5351 1052 5408 non
1076 5354 1334 5422 parcendo
1363 5359 1416 5408 in
1460 5354 1630 5410 Deum
1666 5351 1837 5411 delin-

251 5426 530 5492 quentibus.

313 5493 338 5531 ί¹
375 5496 571 5567 Dignus
600 5514 654 5552 es
679 5497 882 5562 audire,
905 5496 1181 5562 arusticis,
1201 5505 1306 5550 etc.
1336 5495 1587 5550 Galland.

317 5575 340 5604 ο
371 5566 501 5638 ltetn
525 5566 832 5638 Cyprianus
861 5571 912 5621 in
946 5568 1066 5622 loco
1097 5568 1264 5636 paulo
1299 5570 1550 5632 superius
1574 5567 1792 5621 laudato
1823 5588 1835 5621 :

255 5637 414 5710 Quam
443 5637 590 5691 littus
635 5638 744 5710 illic
773 5637 1008 5710 Christus
1053 5639 1298 5710 fait....et
1340 5639 1456 5691 vicit
1498 5648 1752 5706 protector
1776 5640 1842 5710 ﬁ-

253 5709 419 5778 dei....
450 5709 719 5784 certamini»
761 5724 855 5784 suo
883 5709 1088 5784 adfuit"
1113 5709 1430 5781 proeliatores
1481 5719 1634 5778 atque
1673 5709 1840 5766 asser-

255 5776 376 5835 tores
394 5779 476 5836 sui
502 5776 722 5836 nominis
753 5777 913 5835 erexit
