4094 6190
315 291 446 350 10¢!

1207 285 1654 354 QMORIENDUM
1697 288 1872 345 ESSE
1908 283 2052 345 PRO
2093 285 2206 347 DEI
2245 285 2427 346 FlLlO
2466 289 2698 348 LIBER.

3481 289 3624 347 1022

311 409 462 464 illum
493 409 702 464 scilicet
723 407 811 477 qui
841 405 1180 462 conics~orcs
1211 421 1338 462 suos
1369 421 1474 461 non
1504 406 1726 469 deserit,
1759 405 1916 475 cujus
1944 405 1995 469 Α
2023 405 2150 472 tuis,
2175 405 2370 473 quibus
2398 415 2450 460 te
2472 421 2682 462 morum
2711 406 2987 476 conjunxit
3015 406 3342 462 similitudo:
3369 405 3624 476 relinque

313 517 416 557 nos
445 503 648 556 milites
696 509 1075 572 agnoscentes,
1123 509 1181 554 ut
1227 499 1484 565 advortis,
1535 497 1919 568 congredimur

314 594 548 659 fortiter,
573 594 895 649 d-imicamus
916 600 1247 648 constanter.
1271 592 1484 647 Scimus
1505 589 1648 644 enim
1668 603 1916 659 magnam

313 702 439 743 esse
463 687 766 743 claritatem
789 730 802 754 ,
836 687 1158 741 immensam
1185 685 1573 740 sublimitatem
1591 723 1608 750 ,
1637 698 1700 738 ac
1726 683 1915 752 singu-

315 780 485 836 larem
531 779 895 845 sanctitatem,
939 779 1109 834 vitam
1142 778 1334 834 salutis
1373 785 1592 833 :cternas
1631 777 1917 832 honestate

316 874 587 943 passionis
615 885 816 928 ornare
842 914 856 938 ,
887 874 1184 927 maximam
1214 886 1334 928 esse
1361 871 1694 925 nobilitatem
1727 881 1914 942 potes-

315 968 442 1022 tatis
472 978 573 1020 tuo:
598 974 868 1022 tormenta
900 974 1250 1021 contemnere
1274 1008 1287 1028 ,
1324 979 1424 1021 nec
1453 965 1678 1020 horrere
1707 964 1918 1020 calcare

314 1067 390 1121 te,
422 1073 521 1112 nec
544 1066 690 1112 tuam
723 1058 931 1114 rabiem
964 1060 1368 1127 pertimescere,
1400 1056 1567 1128 quiin
1598 1057 1919 1111 innocentes

315 1159 423 1204 tam
448 1149 638 1206 rabide
661 1151 842 1217 suavis,
871 1151 985 1221 qui,
1013 1165 1135 1206 cum
1167 1151 1242 1204 sis
1273 1150 1650 1221 blasphemiae,
1679 1159 1734 1204 ct
1759 1149 1919 1220 injus-

314 1245 468 1310 titiat,
499 1252 558 1300 et
587 1245 751 1299 totius
781 1243 1120 1299 crudelitatis
1145 1243 1360 1309 doctor,
1393 1255 1572 1297 tamen
1604 1251 1630 1279 ι
1650 1241 1916 1298 Christia-

315 1351 444 1390 num
478 1344 531 1391 te
559 1336 726 1406 pium,
757 1334 1101 1405 prudentem,
1138 1337 1520 1404 atquejustum
1555 1335 1725 1389 videri
1757 1348 1918 1404 posse

312 1420 756 1493 ceuseas,eaecus
770 1436 822 1482 et
851 1427 1038 1493 hebes,
1065 1435 1120 1482 et
1136 1427 1380 1482 veritatis
1399 1428 1637 1499 ignarus.
1655 1426 1915 1496 Adverte,

314 1532 534 1576 voratur
566 1521 955 1586 innocentium,
989 1520 1157 1591 quod,
1197 1522 1248 1574 in
1279 1536 1386 1591 quo
1428 1520 1679 1574 Christus
1705 1519 1914 1590 vigilet,

315 1615 457 1670 vinci
482 1614 590 1668 tuis
621 1613 903 1669 tormentis
932 1629 1036 1668 non
1065 1613 1273 1684 possit,
1305 1613 1500 1668 famem
1531 1612 1743 1678 vincat,
1768 1615 1914 1668 sitim

315 1719 556 1780 spernat,
586 1709 892 1779 squalorem
915 1710 1156 1764 carceris
1176 1719 1231 1764 et
1253 1708 1606 1777 receptaculi,
1633 1721 1914 1776 [insitarum

2023 498 2180 552 nobis
2207 497 2493 552 stultitiam
2525 509 2788 565 nostram,
2824 515 2944 554 cum
2975 514 3075 554 nos
3100 499 3375 556 Christum
3405 497 3500 554 Dei
3532 498 3622 553 Fi-

2024 590 2150 646 lium
2179 606 2367 646 verum
2396 606 2520 647 esse
2565 591 2762 649 Filium
2795 594 3155 658 confitemur,
3196 607 3320 647 cum
3369 591 3625 647 eumdem

2023 681 2183 735 unius
2227 697 2348 736 esse
2377 683 2698 738 substantia:
2726 699 2848 738 cum
2898 684 3059 738 Patre
3083 681 3451 748 defendimus,
3499 697 3622 738 cum

2022 787 2123 829 nos
2149 787 2375 845 propter
2399 791 2556 844 eum,
2591 792 2659 832 ne
2689 778 2808 847 ejus
2839 779 3184 832 divinitatem
3229 793 3514 848 negemus,
3547 778 3630 833 in-

2024 867 2194 922 terfici
2223 883 2424 936 cupere
2457 869 2781 938 profitemur
2807 887 2818 922 :
2851 871 3101 940 relinque
3130 870 3285 925 nobis
3313 869 3626 940 huiusmodi

2020 964 2330 1019 stultitiam.
2355 963 2495 1032 Quid
2519 974 2573 1017 ut
2594 963 2734 1017 hanc
2761 965 3074 1017 amittamus
3096 964 3192 1018 das
3215 964 3476 1033 operam?
3497 963 3627 1034 quid

2022 1057 2443 1127 impugnandam
2479 1066 2634 1126 putas
2667 1070 2826 1126 posse
2855 1072 2883 1110 a
2926 1066 2978 1110 te
3007 1059 3292 1111 veritatem
3322 1097 3337 1121 ,
3372 1057 3628 1125 ignorans

2020 1149 2166 1219 quod
2197 1150 2247 1204 vi
2297 1163 2396 1204 sua
2449 1149 2668 1203 valeat?
2713 1149 2855 1203 unde
2899 1149 3103 1203 etenim
3135 1157 3326 1203 contra
3378 1148 3629 1204 fremitus

2018 1253 2256 1304 atroces,
2281 1255 2614 1309 asperosque
2642 1251 2763 1295 tuos
2783 1241 3060 1295 cruciatus
3081 1239 3284 1294 invicta
3309 1241 3508 1294 virtute
3531 1255 3628 1310 po-

2023 1336 2204 1406 pulum
2235 1336 2327 1389 Dei
2357 1335 2630 1405 conspicis
2658 1334 3046 1389 resistentem?
3077 1333 3183 1387 nisi
3214 1336 3338 1404 quia
3373 1333 3488 1388 haec
3531 1335 3625 1400 sit,

2021 1445 2180 1499 quam
2208 1428 2571 1495 defendimus,
2598 1429 2894 1498 apostolica
2929 1436 3092 1498 atque
3115 1429 3434 1497 evangelica
3460 1428 3615 1485 fides.

2023 1523 2085 1577 Hi
2111 1524 2368 1578 resistunt
2399 1531 2501 1576 tua:
2520 1521 2856 1582 crudelitati.
2890 1520 2945 1574 hi
2977 1531 3122 1575 tuam
3147 1521 3364 1576 calcant
3393 1523 3622 1588 rabiem,

2021 1630 2247 1687 quorum
2275 1631 2400 1686 spes
2427 1626 2645 1670 aeternas
2672 1615 3094 1670 immortalitatis
3119 1655 3134 1680 ,
3166 1626 3220 1670 et
3251 1617 3357 1670 vita
3385 1617 3626 1673 emleStis

2020 1721 2126 1776 est,
2177 1725 2518 1780 quorumque
2546 1710 2710 1765 ardor
2741 1711 2793 1764 in
2824 1709 3131 1780 cupidinem
3180 1721 3458 1780 perpetuae
3489 1711 3626 1765 lucis

317 1804 628 1871 horrorem,
663 1803 875 1858 roboris
907 1804 988 1858 sui
1017 1804 1202 1874 vigore
1231 1803 1464 1873 subigat,
1497 1815 1715 1857 omnem
1746 1803 1918 1858 calcet
1948 1813 1995 1874 Β
2022 1803 2357 1864 accenditur,
2384 1812 2439 1858 et
2468 1805 2614 1858 salus
2643 1803 2709 1858 de
2735 1805 2997 1873 promissa
3026 1803 3244 1858 lauatur
3270 1803 3626 1859 beatitudine.

314 1911 556 1968 pinnam,
606 1905 832 1951 cunctos
885 1905 1135 1952 conterat
1179 1895 1469 1963 cruciatus,
1526 1909 1626 1949 nec
1657 1905 1913 1958 mortem,

316 2007 476 2066 quam
501 2002 556 2046 tu
589 2007 784 2062 magno
813 1992 934 2045 ttisu
955 1991 1220 2046 minitaris
1252 1991 1468 2055 inferre,
1503 1999 1726 2044 tnetuat.
1748 1989 1919 2060 Supe-

317 2099 442 2141 rare
495 2096 546 2140 te
588 2085 872 2140 existimas
919 2084 1092 2148 illum,
1126 2083 1218 2152 qui
1259 2084 1571 2138 meminerit
1614 2083 1916 2154 scriptum:

318 2179 439 2250 (Ps.
474 2195 612 2244 cxv,
645 2177 736 2248 η)
769 2178 907 2247 Quid
935 2178 1219 2234 retribuam
1266 2179 1492 2233 Domino
1543 2194 1639 2248 pro
1681 2178 1919 2233 omnibus

315 2289 433 2343 quae
458 2273 696 2328 retribuit
724 2271 750 2310 δ
777 2272 906 2326 mihi
921 2273 947 2326 .’
963 2269 1193 2329 Calicem
1221 2273 1466 2328 salutaris
1487 2273 1739 2344 accipiam
1762 2283 1808 2326 et
1836 2287 1923 2327 no-

319 2385 432 2423 men
466 2368 678 2423 Domini
713 2368 979 2421 invocabo.
1031 2366 1265 2421 Pretiosa
1311 2369 1362 2420 in
1399 2377 1677 2436 conspectu
1707 2364 1919 2420 Domini

319 2478 457 2515 mors
484 2470 778 2515 sanctorum
806 2464 917 2534 ejus
946 2460 1240 2532 (lbidJS).
1275 2462 1340 2516 Et
1361 2462 1540 2532 (Rom.
1596 2477 1694 2516 vui
1714 2503 1729 2529 ,
1778 2460 1874 2534 55)
1901 2479 1916 2518 :

323 2555 453 2621 Quis
481 2572 571 2609 nos
601 2557 906 2626 separabita
930 2557 1183 2610 charitate
1197 2554 1428 2611 Christi?
1458 2556 1801 2612 tribulatioan
1826 2575 1918 2612 an-

320 2649 530 2722 gustia?
551 2666 618 2703 an
646 2651 962 2721 persecutio,
994 2665 1059 2702 an
1083 2649 1268 2718 fames,
1312 2667 1379 2703 an
1406 2651 1616 2704 nuditas
1636 2693 1651 2716 ,
1686 2666 1752 2704 an
1783 2649 1920 2724 peri-

321 2741 517 2808 culum,
548 2758 616 2795 an
661 2742 909 2814 gladius?
935 2743 1068 2796 sicut
1113 2743 1365 2812 scriptum
1397 2753 1467 2796 est
1493 2758 1511 2796 :
1541 2742 1675 2806 Quia
1705 2755 1921 2814 propter

320 2843 370 2887 te
395 2843 556 2886 morte
581 2843 604 2872 ο
637 2834 888 2904 aﬂicimur
912 2877 924 2899 ,
959 2844 1065 2887 tota
1095 2835 1176 2887 die
1203 2834 1445 2887 wstimati
1492 2850 1670 2888 sumus
1701 2845 1756 2887 ut
1805 2851 1921 2890 ores

322 2926 613 2990 occisionis,
637 2926 724 2980 sed
742 2927 796 2979 in
813 2926 889 2978 his
905 2927 1141 2979 omnibus
1161 2941 1464 2996 superamus
1482 2936 1689 2998 prapter
1702 2943 1816 2980 eum
1835 2927 1922 2998 qui

323 3017 504 3071 dilexit
536 3036 646 3071 nos.
679 3018 819 3084 Quid
851 3031 946 3072 nos
971 3029 1118 3072 tuum
1147 3020 1317 3086 possit
1338 3019 1405 3072 ab
1428 3018 1510 3073 his
1537 3019 1752 3074 auferre
1778 3021 1924 3075 salu-

326 3110 532 3165 taribus
559 3111 862 3180 praeceptis,
898 3125 1120 3180 prorsus
1147 3110 1333 3164 videre
1364 3127 1469 3164 non
1498 3111 1676 3164 valeo.
1703 3111 1836 3165 Nam
1870 3121 1919 3166 et

2020 1896 2171 1952 Adeo
2197 1911 2432 1966 namque
2461 1895 2641 1951 securi
2680 1896 2746 1950 ad
2791 1905 3051 1949 aeternam
3086 1909 3188 1950 nos
3236 1895 3622 1965 perfruendam

2017 1988 2183 2044 vitam
2209 1999 2560 2059 perventuros
2589 1991 2826 2045 scientes
2868 1990 3047 2044 omnia
3079 1999 3358 2062 gratanter
3387 1991 3626 2061 perpeti-

2021 2098 2162 2148 mur,
2195 2082 2412 2153 quando
2442 2099 2547 2137 non
2572 2092 2842 2138 tormenta
2867 2083 3080 2152 propria
3104 2082 3348 2152 cogitare
3369 2096 3467 2137 nos
3501 2097 3626 2151 pro-

2020 2175 2290 2236 fiteamur,
2314 2173 2410 2228 sed
2441 2185 2528 2228 tua
2557 2175 2777 2229 tortoris
2803 2173 3085 2245 supplicia;
3115 2174 3310 2228 damna
3335 2187 3623 2243 corporum

2019 2267 2186 2322 lucris
2213 2266 2410 2321 animae
2431 2266 2724 2322 Christiani
2750 2280 3122 2336 repensamns,
3147 2281 3406 2321 coronam
3433 2267 3486 2320 in
3507 2266 3626 2320 vul-

2022 2361 2242 2417 neribus
2283 2372 2664 2431 com-putamus
2689 2399 2704 2428 ,
2735 2361 2803 2416 de
2835 2362 3122 2416 tormentis
3151 2372 3207 2416 et
3242 2360 3526 2416 doloribus
3555 2361 3624 2416 il-

2023 2454 2147 2508 latis
2177 2468 2271 2522 per
2296 2463 2346 2508 te
2370 2454 2632 2508 la-t'issimi
2668 2455 2718 2507 iit
2742 2453 2959 2508 Christo
2982 2453 3402 2523 triumphamus.
3425 2453 3629 2508 Recor-

2022 2547 2155 2604 dare
2202 2547 2246 2614 ί,
2295 2549 2624 2611 Constanti,
2668 2546 2734 2602 de
2781 2547 3053 2602 scelerum
3097 2556 3310 2602 tuorutn
3365 2547 3628 2602 memoria

2022 2643 2260 2708 recenti,
2293 2657 2455 2713 quam
2495 2642 2591 2695 tibi
2622 2643 2672 2694 in
2701 2642 2922 2696 civitate
2952 2641 3442 2695 Alexendrinorum
3479 2641 3627 2694 inus-

2022 2740 2176 2805 sisti,
2232 2747 2466 2808 quantos
2497 2746 2521 2783 Β
2555 2752 2652 2806 per
2679 2737 2904 2804 abrupta
2938 2749 3040 2788 una
3074 2736 3240 2789 tincta
3279 2731 3304 2769 ιι
3339 2733 3623 2804 subscrip-

2025 2833 2187 2888 tionis
2226 2842 2330 2887 tua!
2354 2832 2638 2903 deiecerit,
2667 2841 2906 2902 quantos
2945 2829 3130 2900 gladio
3167 2829 3367 2884 demeti
3401 2829 3626 2893 fecerit,

2025 2936 2254 2998 quantos
2287 2926 2429 2980 tame
2473 2927 2672 2994 sit-ique
2717 2925 2900 2990 exedi,
2934 2925 3018 2980 vel
3047 2925 3358 2979 carceribus
3413 2927 3622 2989 necari,

2026 3032 2260 3089 quantos
2301 3022 2603 3090 intercepto
2651 3018 2892 3074 effecerit
2933 3019 3130 3086 spiritu
3170 3016 3542 3089 strangulari;
3576 3026 3630 3072 et

2028 3126 2206 3169 tamen
2241 3113 2325 3168 his
2371 3114 2624 3168 omnibus
2669 3111 3092 3167 crudelitatibus
3140 3112 3191 3165 in
3242 3120 3460 3165 sanctos
3490 3125 3631 3164 mar-

327 3202 448 3257 licet
475 3217 570 3258 eos
587 3202 676 3274 qui
697 3215 800 3257 tua:
829 3203 1080 3274 pravitati
1105 3203 1538 3258 consentiuntad
1563 3219 1662 3258 nos
1694 3204 1922 3259 illicien-
1952 3199 1996 3262 C
2031 3218 2196 3280 tyres,
2229 3220 2367 3278 quos
2398 3216 2526 3260 tuus
2552 3204 2824 3260 interfecit
2855 3204 3217 3276 gladiatorios
3241 3203 3476 3266 animus,
3505 3217 3628 3257 cum

325 3295 425 3349 dos
456 3296 686 3351 levando
712 3297 858 3351 Omni
896 3297 1078 3351 officio
1119 3309 1212 3351 tuo
1245 3313 1349 3351 non
1378 3297 1598 3352 desinas
1628 3299 1792 3368 impio
1817 3291 1837 3365 ,
1867 3307 1925 3353 ut

327 3387 625 3457 Epictetum
655 3385 680 3425 ά
704 3398 761 3444 et
790 3401 1041 3455 caeteros,
1064 3405 1200 3460 quos
1228 3407 1292 3444 cx
1321 3391 1410 3445 Dei
1440 3395 1612 3446 servis
1651 3401 1770 3446 tuos
1801 3405 1923 3447 esse

327 3497 390 3535 :tc
419 3482 586 3551 patris
615 3492 636 3519 θ
679 3483 754 3536 ttti
784 3482 1044 3538 satellites
1084 3483 1278 3548 tce-isti,
1318 3497 1496 3539 tamen
1525 3485 1667 3540 absit
1693 3503 1720 3540 τι
1769 3487 1925 3542 nobis

329 3575 443 3629 tunc
470 3575 728 3640 amentia,
764 3587 820 3629 ut
849 3576 1042 3630 falsum
1075 3591 1205 3632 vero
1236 3589 1630 3647 anteponamus
1653 3620 1667 3644 ,
1701 3591 1792 3633 aut
1825 3581 1924 3635 ali-

328 3683 430 3737 qua
463 3683 562 3722 nos
591 3669 769 3724 oblata
797 3685 893 3738 per
922 3679 972 3725 te
1000 3669 1234 3725 felicitas
1263 3670 1454 3725 illiciat
1483 3673 1634 3742 regni
1663 3674 1736 3727 tui
1765 3691 1775 3726 :
1809 3674 1922 3728 ina-

330 3775 450 3813 nem
479 3763 703 3830 gloriam
753 3761 967 3816 tibimet
990 3775 1168 3827 serva,
1211 3777 1538 3833 omnemque
1583 3764 1921 3821 stolidissiml

327 3853 508 3908 cordis
539 3855 612 3907 tui
643 3853 984 3923 prudentiam
1030 3853 1238 3908 tibimet
1265 3855 1444 3910 retine
1473 3867 1524 3910 et
1575 3857 1922 3926 comparibus

400 3999 424 4026 α
450 3988 662 4045 Rursus
686 3989 923 4044 Hilarius
942 3989 1142 4043 ibidem
1162 3989 1411 4046 Lucifero
1428 3993 1730 4048 consentit:
1755 3993 1927 4052 Chris-

329 4073 437 4114 tum
469 4062 738 4130 conﬁtetur
768 4061 1152 4126 Constantius,
1189 4073 1240 4114 ut
1272 4075 1486 4132 neget...
1536 4063 1752 4119 han-eses
1780 4085 1920 4122 cont-

330 4133 526 4203 primit,
568 4149 632 4186 ne
669 4133 952 4203 Christiani
990 4135 1186 4187 sint...
1240 4137 1530 4190 sacerdotes
1582 4137 1820 4201 licuerat,
1863 4155 1924 4194 ne

329 4204 577 4273 Episcopi
615 4205 740 4261 sint.
768 4204 858 4269 Te,
887 4202 1108 4270 Christe,
1129 4207 1186 4259 in
1217 4207 1401 4272 verbis,
1431 4220 1476 4261 te
1498 4210 1552 4262 in
1583 4224 1670 4261 ore
1701 4211 1926 4262 circum-

327 4278 448 4348 fert,
464 4287 507 4330 ct
533 4276 705 4330 omnia
726 4277 936 4330 omnino
955 4277 1085 4348 agit,
1102 4293 1164 4331 ne
1187 4288 1238 4330 tu
1264 4275 1400 4332 Deus
1426 4279 1591 4343 ita,ut
1619 4279 1795 4346 Pater,
1816 4297 1922 4340 esse

331 4346 579 4401 credo-ris.

402 4417 428 4456 δ
469 4418 755 4474 Retribuet.
786 4417 942 4474 Vers.
974 4417 1102 4472 Ant.

2029 3302 2272 3356 s:evieris
2317 3302 2368 3354 in
2414 3315 2534 3368 nos,
2587 3301 2863 3354 etudclius
2895 3300 3053 3352 SHTViS
3097 3299 3224 3353 dum
3260 3299 3465 3352 retines
3512 3297 3628 3368 gla-

2027 3396 2199 3459 dium,
2243 3394 2370 3448 dum
2416 3393 2512 3448 das
2541 3409 2788 3463 operam,
2822 3408 2890 3470 ne
2935 3395 2988 3446 in
3038 3389 3340 3447 remedium
3389 3390 3631 3445 velocius

2026 3491 2208 3543 exitus
2257 3495 2546 3542 succurrat
2589 3488 2798 3540 mortis.
2849 3483 3147 3540 Dilaccrari
3202 3495 3320 3539 toto
3360 3498 3631 3554 oorpore,

2031 3582 2225 3652 urique
2254 3595 2351 3634 nos
2382 3580 2638 3650 patimur,
2668 3579 2962 3648 probantes
2987 3577 3123 3633 nihil
3160 3575 3173 3614 ί
3211 3590 3518 3648 congruere
3547 3589 3633 3630 sa-

2028 3674 2294 3744 pientium
2345 3671 2599 3744 gravitati
2646 3681 2810 3743 atque
2861 3673 3209 3737 constantia,
3257 3687 3421 3741 quatn
3472 3669 3637 3723 nullis

2031 3770 2339 3824 terreribus
2365 3768 2433 3824 de
2457 3769 2731 3823 sententia
2757 3775 2814 3823 et
2839 3768 3122 3838 proposito
3145 3765 3366 3835 depelli,
3392 3765 3484 3819 sed
3514 3776 3636 3819 esse

2031 3863 2384 3918 utilissimum
2417 3877 2515 3932 pro
2563 3861 2676 3917 Deo
2719 3862 2974 3926 cruciari,
3009 3871 3062 3916 et
3090 3861 3260 3916 emori
3314 3874 3421 3913 non
3471 3872 3634 3928 posse

2030 4000 2198 4055 renda
2227 4015 2348 4056 esse
2380 4000 2444 4054 ad
2491 4015 2580 4055 an.
2608 3999 2734 4062 560,
2767 4015 2876 4070 quo
2908 3999 2998 4054 hic
3044 3999 3181 4054 liber
3209 3999 3447 4059 scriptus
3495 3997 3632 4070 fuit;

2028 4072 2178 4126 ttulla
2210 4081 2388 4126 tamen
2420 4071 2488 4127 de
2517 4073 2621 4126 hoc
2651 4069 2954 4126 Constantii
2989 4072 3229 4124 facinore
3255 4073 3461 4124 mentio
3490 4069 3632 4138 apud

2029 4142 2329 4198 Historicos
2357 4162 2369 4197 :
2405 4144 2448 4197 si
2484 4152 2686 4198 tamen.
2721 4142 2864 4209 quod
2895 4142 2973 4195 ait
3000 4141 3238 4204 Lucifer,
3270 4142 3532 4194 memoritt'
3554 4157 3635 4195 re—

2028 4217 2188 4268 centis
2229 4215 2449 4269 nomine
2480 4215 2712 4269 Velimus
2741 4215 3051 4277 intelligere
3072 4252 3087 4279 ,
3121 4227 3324 4282 paucos
3352 4229 3472 4282 quze
3504 4221 3634 4268 ante

2027 4300 2201 4340 annos
2227 4286 2578 4342 Constantius
2600 4288 2860 4340 adversus
2883 4284 3200 4340 Catholicos
3229 4284 3633 4340 Alexandrinos

2027 4358 2333 4411 ertnlelitcr
2359 4359 2525 4424 jussit
2578 4357 2905 4426 perpetrari.
2939 4358 3094 4426 forte
3142 4356 3408 4426 conjicias
3454 4369 3515 4406 ea
3543 4354 3634 4426 hic

2028 4429 2297 4496 enarrari,
2327 4422 2447 4496 quae
2466 4422 2609 4480 anno
2645 4422 2868 4480 circiter
2899 4424 3000 4481 557
3042 4424 3310 4496 Georgius
3338 4422 3631 4496 Cappadox

404 4500 427 4528 ε
460 4489 1923 4568 Morti.Ead.inqua_h:ecverbatotadieconjunguntur
1950 4509 2003 4568 D
2027 4489 2503 4565 Constantinopoli
2537 4497 2920 4568 Alexandriam
2952 4489 3212 4568 reversus
3228 4489 3630 4568 intpie,'s:t:vis-

328 4576 451 4617 cum
501 4564 682 4616 verbis
733 4573 896 4616 ntorte
933 4563 1198 4633 efﬁcimur.
1236 4563 1376 4619 lrcu.
1408 4565 1507 4619 lib.
1560 4581 1627 4627 tt,
1675 4580 1795 4632 Cap.
1826 4564 1916 4632 22,

330 4643 513 4707 morte;
536 4635 700 4707 etlib.
719 4649 924 4702 iv,cap.
952 4633 1038 4698 16,
1058 4645 1166 4707 tota
1191 4634 1274 4707 die
1293 4639 1641 4707 conjungitur
1666 4652 1786 4691 cum
1804 4651 1923 4690 ver—

329 4703 412 4758 bis
440 4705 680 4759 wstimati
701 4721 900 4768 sumus,
933 4716 988 4759 ut
1017 4704 1161 4772 apud
1194 4704 1366 4760 Lucif.
1396 4703 1711 4776 qui'tamen
1744 4707 1837 4762 lib.
1892 4707 1914 4762 Ι

329 4790 429 4846 pro
453 4779 510 4832 S.
543 4779 839 4831 Athanasio
863 4793 982 4846 pag.
1008 4777 1098 4841 58,
1121 4777 1282 4831 habet
1309 4796 1322 4832 :
1355 4778 1656 4834 Occidimur
1677 4791 1782 4834 tota
1813 4779 1918 4836 die.

403 4845 428 4885 ἀ
475 4852 548 4903 lie
578 4864 686 4918 quo
720 4851 883 4903 etiam
918 4845 969 4902 in
1003 4849 1096 4902 lib.
1131 4850 1197 4902 de
1240 4865 1345 4903 non
1377 4853 1755 4906 conveniendo
1798 4868 1922 4906 cum

332 4919 547 4992 ilﬂﬂ‘CL;
586 4921 680 4974 sed
714 4937 778 4976 ex
830 4920 1000 4992 hisce
1028 4919 1262 4973 Luciferi
1315 4923 1494 4978 verbis
1525 4924 1920 4992 giutelligimus,

331 4990 475 5044 hunc
507 4992 781 5046 hominem
814 4991 1109 5044 Catltolicis
1143 4992 1376 5060 primum
1411 4994 1654 5062 partibus
1677 5037 1689 5058 ,
1722 4990 1922 5049 deinde

329 5065 634 5119 ambitiOue
657 5063 998 5134 compulsum
1028 5063 1242 5116 Ariauis
1261 5064 1575 5119 adhaesisse.
1611 5066 1722 5118 Hoc
1748 5066 1925 5120 innuit

333 5134 662 5190 Athanasius
683 5137 889 5208 iu_orat.
921 5144 1107 5208 icont.
1134 5134 1358 5189 Arian.:
1394 5135 1534 5190 Nam
1559 5140 1622 5190 de
1649 5135 1922 5208 Cecropio,

333 5208 612 5267 Auxentio.
643 5221 688 5261 et
721 5205 955 5274 Epicteto
981 5204 1257 5278 hypocrita
1281 5211 1604 5278 superﬂuum
1633 5220 1707 5262 est
1731 5204 1919 5273 dicere,

333 5293 448 5329 cum
473 5281 703 5334 munibus
726 5277 1246 5349 li1ueat,quomodo,
1281 5279 1342 5331 ob
1373 5277 1498 5349 quas
1522 5297 1702 5334 causas
1726 5321 1740 5348 ,
1767 5291 1812 5333 et
1837 5298 1926 5344 per

332 5365 458 5417 quos
488 5352 722 5403 inimicos
755 5348 1005 5421 Ecclesia:
1041 5350 1196 5421 etiam
1223 5349 1307 5421 isti
1350 5348 1572 5421 promoti
1597 5353 1720 5419 sint,
1771 5354 1924 5405 nimi-

331 5435 446 5492 rum
469 5423 555 5491 qui
578 5439 631 5475 se
657 5419 1110 5492 calumniarumin
1135 5417 1417 5492 Episcopus
1446 5417 1780 5488 orthodoxos,
1811 5424 1926 5492 qui-

333 5490 426 5543 bus
449 5489 650 5576 insigne
682 5491 998 5556 parabantur
1034 5489 1332 5573 histriones,
1366 5501 1661 5576 actorcsqne
1687 5489 1923 5576 prmb'ue-

332 5571 474 5615 runt.
531 5560 627 5628 Hi,
678 5577 795 5616 cum
839 5568 1006 5613 essent
1062 5564 1262 5633 nonnisi
1312 5563 1362 5615 in
1415 5560 1697 5633 presbyteri
1749 5566 1927 5616 ordine

335 5634 742 5706 constitutiLnec
775 5632 930 5697 uulgo
951 5631 1140 5706 cogniti
1167 5630 1494 5699 haberentur,
1524 5630 1693 5687 tzimcn
1721 5650 1812 5706 per
1833 5635 1928 5688 iut-

335 5705 573 5776 pietatem
595 5703 941 5776 Episcopatus
970 5703 1174 5758 titulum
1198 5707 1293 5758 sibi
1313 5715 1678 5776 procurarunt.

414 5785 436 5811 °
483 5777 534 5830 Id
556 5788 640 5832 est
670 5774 886 5847 diaboli,
907 5779 996 5847 uti
1033 5779 1191 5844 paulo
1219 5774 1491 5847 superius.

418 5847 433 5887 ί
476 5849 606 5922 Quae
658 5846 872 5906 Lucifer
903 5846 992 5903 hic
1033 5846 1450 5920 cetntnemorat,
1499 5849 1754 5912 videntur
1785 5851 1927 5908 rele-

2028 4571 2270 4638 simeque
2299 4564 2588 4638 aggressus
2619 4566 2716 4628 est!
2745 4570 2796 4620 in
2832 4565 3238 4638 Alexandrinos
3281 4566 3451 4638 ipsius
3487 4564 3631 4620 Cou-

2027 4635 2208 4693 stantii
2235 4635 2561 4692 auelriritate
2582 4638 2861 4707 etedicto.
2885 4637 3016 4694 Vide
3041 4638 3259 4692 Sozam.
3289 4635 3383 4691 lib.
3407 4652 3478 4701 tv,
3504 4651 3624 4707 eap.

2029 4711 2119 4774 10,
2152 4710 2287 4765 edit.
2313 4711 2516 4772 Vales.,
2551 4719 2604 4765 et
2639 4705 2858 4764 Prmfat.
2894 4722 3158 4773 nostram,
3196 4707 3222 4780 §
3256 4722 3326 4762 tv.

2101 4791 2126 4828 κ
2164 4782 2208 4836 Α
2235 4781 2470 4852 Georgio
2498 4795 2750 4849 namque,
2793 4783 2882 4851 qui
2907 4779 3229 4835 Alexandria
3281 4779 3538 4850 expulsus
3560 4779 3628 4835 ad

2027 4853 2416 4920 Imperatorem
2453 4853 2811 4921 confugerat,
2860 4856 3216 4908 vehementer
3261 4854 3338 4906 ira
3375 4856 3631 4907 incensus

2028 4926 2170 4980 idem
2189 4926 2485 4994 Imperator
2498 4926 2776 4980 Notarium
2795 4923 2939 4979 tnisit
2965 4923 3376 4987 Alexandriam,
3392 4921 3633 4994 quiCott-

2027 5001 2210 5050 Stantii
2239 4993 2392 5065 jussu
2425 4998 2614 5051 multos
2647 4995 3118 5049 Alexandrinorum
3151 4996 3414 5047 tormentis
3446 4993 3628 5065 subdi-

2028 5066 2122 5131 dit,
2153 5085 2213 5121 ac
2242 5064 2528 5120 uerberibus
2551 5068 2742 5134 affecit.
2769 5066 2879 5120 Nec
2909 5068 3070 5120 multo
3101 5079 3211 5136 post
3241 5065 3494 5132 Georgius
3516 5064 3627 5136 ipse

2026 5141 2298 5194 revertitur
2326 5140 2605 5194 terribilior
2629 5143 2815 5208 (actus,
2846 5140 3032 5210 quippe
3051 5134 3138 5207 qui
3163 5136 3536 5210 Imperatorem
3561 5134 3630 5188 uti

2027 5214 2304 5265 multorum
2337 5213 2655 5264 vexrrtionem
2700 5208 2994 5273 incitasset;
3050 5210 3126 5261 ait
3157 5210 3357 5260 ibidem
3403 5208 3629 5260 Sozom.

2032 5283 2167 5336 llinc
2197 5282 2408 5336 Lucifer
2436 5283 2651 5347 scribit,
2683 5299 2785 5335 una
2817 5286 2972 5334 tinctu
3005 5279 3394 5344 stbscriptionis
3421 5285 3628 5331 tantum

2029 5355 2299 5408 scelerum
2335 5355 2385 5407 in
2418 5371 2477 5408 ea
2527 5357 2659 5408 urbe
2691 5352 3068 5414 commismun,
3107 5349 3160 5402 Id
3206 5357 3289 5402 est
3331 5365 3432 5408 una
3465 5347 3627 5401 edicti

2030 5425 2430 5492 subscriptione
2454 5436 2657 5479 temere
2679 5440 2740 5477 ac
2766 5425 3005 5478 furenter
3023 5437 3049 5473 a
3074 5418 3397 5474 Constantio
3417 5420 3626 5488 signata

2030 5495 2250 5564 Georgii
2277 5497 2531 5564 impulsu.

2103 5563 2130 5602 δ
2172 5563 2365 5621 Tincta
2387 5563 2806 5633 subscriptionis
2833 5580 2959 5636 uua,
2991 5580 3084 5636 pro
3114 5580 3217 5617 una
3245 5563 3624 5634 subscriptirme

2028 5653 2145 5706 qua:
2172 5639 2390 5691 tinctura
2423 5653 2512 5691 seu
2543 5645 2825 5690 atramento
2853 5635 2944 5706 ﬁt:
2987 5637 3142 5689 tincta
3187 5650 3371 5688 nomen
3407 5648 3622 5688 novum.

2031 5709 2136 5763 'l‘il.
2167 5718 2221 5764 et
2253 5711 2296 5762 la
2323 5709 2520 5764 Corda.

2112 5779 2124 5816 ί
2177 5779 2326 5834 Nihil
2353 5781 2538 5854 magis.
2565 5777 2816 5836 Galland.
