4094 6190
608 225 751 283 ίοίδ

1707 224 2030 286 LUCIFERI
2070 225 2383 286 EPISCOPI
2424 225 2841 284 CALARITANI

3762 230 3861 288 ιοξι

599 341 714 398 Deo
744 342 1081 413 mancipatos
1105 384 1118 409 ,
1176 351 1439 413 perpetua
1488 343 1634 399 vinci
1681 352 1987 412 tormenta,
2023 344 2117 400 sed
2151 353 2201 400 te
2309 358 2451 410 mur,
2483 344 2740 415 quoniam
2772 345 2863 415 qui
2912 358 3007 415 per
3042 352 3093 401 te
3124 344 3186 400 in
3222 357 3334 399 nos
3363 344 3541 411 saevit,
3571 343 3754 402 ’nostra
3788 350 3862 406 ﬁde

605 435 777 507 magis
800 436 1073 508 prosterni
1106 447 1268 508 atque
1286 437 1482 493 deduci
1513 438 1580 494 ad
1623 439 1874 494 nihilum.
1903 440 2105 510 Accipe
2147 444 2201 494 in

606 530 868 585 vicesimo
891 538 1050 585 sexto
1094 531 1304 600 psalmo
1328 532 1563 601 positum
1585 530 1761 603 (Psat.
1790 548 1937 596 xxvi,
1964 533 2018 602 1)
2047 550 2059 587 :
2096 532 2204 586 Do-

604 623 774 677 minus
802 623 1117 678 illuminatio
1160 642 1294 689 mea,
1324 635 1371 679 et
1401 627 1546 680 salus
1590 643 1703 681 mea
1727 667 1743 693 ,
1789 644 1938 698 quem
1982 628 2205 681 timebo?

607 714 859 771 Dominus
900 717 1139 786 defensor
1182 721 1298 773 vitm
1322 736 1447 775 ntere
1470 764 1483 785 ,
1514 738 1547 775 a
1574 738 1676 791 quo
1707 722 2017 792 trepidabo?
2062 718 2205 775 Dum

602 810 1029 881 appropinquant
1047 828 1201 882 super
1222 828 1302 865 nte
1318 822 1579 880 nocentes,
1594 822 1647 866 ut
1666 815 1820 867 edant
1837 830 2018 868 carnes
2040 830 2199 869 meas.

609 905 712 973 Qui
739 907 985 961 tribulant
1012 925 1090 961 me
1118 908 1313 963 inimici
1356 910 1453 961 ntei
1475 949 1490 971 ,
1540 910 1643 976 ipsi
1671 910 1925 979 inﬁrmati
1965 920 2085 963 sunt
2112 950 2125 974 ,
2155 920 2206 964 et

606 998 925 1053 ceciderunt.
958 999 1020 1055 Si
1040 1002 1323 1054 consistant
1361 1002 1636 1055 adversum
1663 1018 1741 1055 me
1769 1012 1960 1068 castra,
2005 1020 2108 1056 non
2134 1005 2203 1056 ti-

605 1091 761 1146 mebit
791 1109 881 1146 cor
904 1109 1093 1147 nteum.
1122 1094 1182 1149 Si
1212 1104 1455 1165 exsurgat
1482 1096 1729 1151 adversus
1752 1113 1831 1149 me
1861 1097 2120 1167 prtelium,
2151 1099 2204 1153 in

606 1186 705 1241 hoc
731 1203 824 1260 ego
842 1188 1075 1259 sperabo.
1112 1188 1281 1244 Unam
1305 1190 1426 1259 petii
1444 1208 1474 1243 a
1497 1189 1744 1257 Domino,
1762 1192 1895 1246 hanc
1916 1194 2201 1264 requiram,

610 1291 667 1333 ut
698 1281 975 1335 inhabitem
1002 1283 1055 1335 in
1095 1290 1119 1318 τι
1150 1283 1304 1337 donto
1335 1282 1429 1336 Dei
1456 1300 1547 1351 per
1574 1300 1748 1338 omnes
1775 1285 1883 1338 dies
1910 1286 2028 1340 rita:
2056 1302 2200 1343 mete.

608 1371 795 1442 Igitur,
831 1386 952 1427 cum
981 1372 1215 1442 justitize
1244 1374 1415 1428 virtus
1457 1374 1509 1429 in
1541 1375 1626 1429 his
1658 1376 1972 1446 perﬁciatur
1999 1379 2207 1447 passio-

602 1466 787 1530 nibus,
817 1480 963 1532 cum,
986 1467 1113 1537 quia
1143 1466 1393 1523 Christus
1423 1470 1475 1523 in
1509 1470 1668 1525 nobis
1699 1470 1921 1540 patitur,
1956 1487 2058 1526 nec
2082 1487 2205 1527 sen-

602 1558 804 1613 tiamus
826 1559 1175 1629 supplicium,
1204 1570 1492 1631 propterea
1515 1561 1682 1632 quod,
1718 1562 1806 1616 ubi
1835 1562 1988 1617 deest
2017 1565 2201 1635 culpa,

603 1666 705 1708 nec
735 1667 898 1724 poena
950 1654 1043 1719 sit,
1076 1654 1353 1722 quomodo
1382 1655 1463 1709 his
1511 1664 1563 1710 te
1612 1657 1777 1711 rebus
1817 1657 2044 1712 vincere
2095 1657 2205 1712 Deo

2310 438 2689 508 prosternitur.
2721 436 2838 491 Non
2882 438 3026 492 enim
3078 446 3271 493 morte
3304 439 3361 492 in
3411 446 3719 507 perpetuam
3745 442 3862 496 mali-

2306 530 2565 599 gnitatem
2588 530 2734 583 illam
2759 530 2932 585 deleri
2957 545 3057 585 nos
3081 545 3251 600 posse
3272 531 3552 596 novimus,
3575 530 3662 600 qui
3679 533 3864 587 inChris~

2306 631 2417 676 tum
2446 624 2573 676 vita:
2619 632 2836 678 ueterum
2882 624 3209 680 tributorem
3264 626 3499 679 unicum
3532 634 3555 661 θ
3586 624 3673 679 Dei
3718 625 3865 682 Filium

2306 716 2735 782 crediderimus;
2770 716 2866 772 sed
2893 717 3191 773 credentes
3226 731 3433 772 sumus
3464 727 3522 771 et
3555 716 3685 773 bene
3711 734 3866 788 praesu-

2308 818 2541 873 mentes,
2590 808 2733 878 quud
2766 808 2830 862 ad
2865 808 3041 863 lucem
3073 810 3371 879 vitamque
3419 822 3705 877 perennem
3746 810 3866 865 etiam

2305 913 2533 968 corpora
2584 902 2694 954 sint
2738 911 3128 967 resurrectura,
3167 915 3303 970 qua:
3353 910 3411 954 tu
3446 914 3591 956 nunc
3620 901 3743 967 uris,
3784 912 3866 956 tor-

2306 1008 2463 1064 ques,
2494 1010 2556 1049 ac
2587 995 2781 1051 lanius.
2806 994 2861 1052 Si
2896 998 3067 1062 enim,
3111 1007 3489 1067 posteaquam
3520 1012 3612 1066 per
3638 1008 3686 1052 te
3709 997 3871 1052 interli-

2305 1086 2503 1149 cimur,
2534 1087 2666 1141 nihil
2694 1102 2791 1143 nos
2814 1104 2937 1143 esse
2960 1090 3178 1143 futuros
3203 1090 3511 1153 sciremus,
3536 1089 3758 1158 profecto
3777 1091 3870 1145 stul~

2309 1179 2499 1234 tissimi
2539 1194 2785 1235 essemus
2815 1196 2920 1235 non
2953 1182 3081 1237 huic
3109 1184 3242 1237 vita:
3279 1183 3662 1245 consulentes,
3693 1194 3743 1236 ut
3763 1195 3869 1238 esset

2306 1287 2468 1343 quam
2496 1272 2727 1338 diutina.
2773 1284 2827 1329 et
2873 1274 3179 1330 commodis
3232 1274 3503 1331 omnibus
3548 1273 3723 1344 plena;
3762 1279 3865 1344 quod

2306 1364 2623 1432 contingere
2674 1363 2834 1418 nobis
2888 1374 3124 1434 poterat,
3178 1365 3229 1419 si
3266 1365 3367 1419 tibi
3402 1366 3580 1434 magis
3625 1380 3765 1433 quam
3802 1366 3867 1419 Dei

2307 1454 2544 1509 decretis
2572 1455 2985 1524 ternperandnm
3020 1457 3447 1512 censuissemns
3473 1473 3487 1522 ;
3522 1471 3585 1511 ac
3608 1472 3733 1511 nunc
3755 1471 3861 1523 cum,

2310 1562 2405 1618 per
2428 1557 2480 1601 te
2508 1548 2551 1601 si
2578 1548 2683 1601 vita
2707 1563 2951 1618 praesens
2972 1549 3287 1615 auferantur,
3316 1549 3640 1604 immortalis
3656 1560 3862 1615 sumatur,

2310 1639 2449 1695 hanc
2477 1651 2799 1711 przesentetn
2836 1643 3003 1697 vitam
3043 1653 3275 1714 propter
3308 1644 3406 1698 Dei
3452 1642 3645 1697 Filium
3673 1658 3773 1697 cum
3798 1645 3861 1697 bo-

604 1745 817 1800 dicatos
867 1744 1201 1817 devotosque
1240 1748 1483 1817 potuisse
1532 1749 1832 1804 arbitratus
1863 1764 1961 1817 es,
2007 1749 2206 1819 quibus

2314 1735 2398 1790 nis
2420 1738 2534 1791 suis
2574 1747 2933 1792 contemnere
2963 1752 3156 1793 servos
3188 1740 3318 1807 ejus
3363 1751 3590 1791 necesse
3619 1745 3716 1801 est,
3738 1736 3864 1805 siqui-

604 1851 897 1911 augmenta
924 1840 1146 1896 virtutis
1171 1842 1367 1896 invicta
1394 1842 1638 1914 prmbeat
1665 1842 1833 1898 ﬁdes?
1854 1842 2033 1898 Credo
2055 1844 2208 1914 equi-

606 1932 752 1998 dem,
785 1950 885 1989 nec
912 1951 999 1990 me
1041 1936 1240 1991 veritas
1273 1936 1434 2002 fallit,
1480 1936 1648 2007 quod,
1700 1937 1831 1993 licet
1856 1936 2032 1993 adhuc
2084 1938 2208 1994 totis

604 2029 715 2082 tuis
743 2042 810 2082 eo
846 2026 1133 2084 incumbas
1180 2029 1511 2085 carniﬁcina:
1558 2030 1770 2085 viribus
1796 2072 1810 2095 ,
1864 2042 1920 2086 ut
1961 2031 2205 2087 membra

603 2119 872 2186 divellas,
918 2133 1177 2192 artusque
1226 2123 1458 2178 laniatos
1506 2125 1558 2178 in
1592 2124 1910 2195 sanguinem
1960 2133 2205 2180 nostrum

606 2213 844 2267 saeviens
887 2212 975 2267 diu
1018 2222 1194 2268 tortor
1237 2230 1465 2270 vexares
1492 2257 1506 2280 ,
1553 2216 1699 2285 quod
1750 2218 1975 2273 vincere
2026 2231 2206 2273 tamen

604 2319 902 2375 numquam
931 2306 1024 2361 Dei
1055 2307 1236 2376 possis
1260 2308 1546 2374 familiam,
1582 2324 1878 2380 numquam
1902 2310 2206 2366 exercitum

605 2396 809 2453 Christi
853 2412 1116 2467 superare
1148 2399 1367 2466 valeas,
1417 2416 1528 2454 non
1578 2401 1862 2457 doloribus
1910 2404 2204 2473 subjicere,

607 2504 717 2544 non
742 2489 916 2555 poenis
939 2490 1260 2560 augentibus
1283 2491 1485 2560 poteris
1509 2491 1756 2549 ﬂectere.
1774 2491 2069 2548 Chrisriani
2097 2496 2209 2550 nul.

608 2582 692 2639 los
721 2583 1033 2650 cruciatus,
1083 2586 1358 2641 nullamve
1408 2597 1641 2641 mortem
1686 2602 2044 2653 recusamus;
2098 2606 2205 2646 non

609 2674 925 2745 tyrannicas
953 2684 1071 2731 tuas
1095 2677 1398 2746 jnssiones,
1432 2694 1538 2732 non
1563 2680 1810 2747 juilicum
1844 2689 2059 2735 tuorum
2089 2682 2206 2752 gla-

605 2765 728 2822 dios
758 2777 997 2825 tremere
1025 2784 1337 2839 possumus,
1370 2772 1498 2841 quia
1528 2771 1711 2842 gladio
1742 2773 1840 2828 Dei
1874 2776 2068 2828 armati
2111 2774 2208 2828 tibi

606 2859 950 2913 resistamus.
982 2860 1178 2915 Beatus
1201 2864 1500 2933 apostolus,
1527 2863 1605 2917 De
1628 2876 1837 2932 cretero,
1867 2865 2001 2921 dicit
2029 2866 2209 2936 Ephe-

608 2949 706 3004 siis
737 2949 895 3022 (Epit.
924 2967 996 3016 v1,
1026 2951 1115 3023 10)
1145 2971 1157 3007 :
1201 2952 1584 3025 Confortamini
1610 2957 1663 3009 in
1688 2957 1931 3023 Domino,
1968 2970 2015 3011 et
2036 2961 2087 3012 in
2118 2977 2209 3027 pa-

608 3044 768 3097 tentia
794 3042 821 3080 δ
852 3044 1054 3098 virtutis
1071 3048 1203 3117 ejus.
1229 3043 1440 3100 Induite
1461 3064 1603 3100 arma
1618 3047 1735 3113 Dei,
1771 3058 1827 3103 ut
1850 3051 2052 3119 possitis
2072 3061 2209 3105 stare

2309 1829 2430 1882 dein
2463 1830 2646 1883 omnis
2677 1828 2988 1898 hujusmodi
3025 1831 3244 1901 jactura
3282 1828 3694 1884 immortalitate
3715 1843 3860 1899 pense-

2312 1932 2416 1976 tur.
2467 1921 2678 1989 Quanta
2726 1924 2940 1989 virtus,
2990 1935 3259 1995 quantum
3291 1924 3468 1979 robur
3493 1924 3651 1977 animi
3677 1964 3689 1988 ,
3729 1923 3860 1991 qualis

2309 2015 2475 2072 fuerit
2512 2017 2741 2073 ﬁrmitas
2774 2018 2902 2075 lidei
2928 2034 3141 2083 eorum,
3196 2035 3343 2089 quos
3376 2017 3713 2082 interfecisti,
3747 2026 3788 2071 et
3809 2015 3856 2068 sit

2310 2113 2502 2168 horum
2530 2114 2622 2184 qui
2654 2114 2829 2170 adhuc
2868 2124 2959 2168 tuo
3000 2113 3299 2185 sacrilegio
3341 2114 3621 2175 resistunt,
3663 2113 3853 2173 adverte,

2308 2206 2632 2272 Constanti,
2666 2207 2883 2262 sretisse
2926 2216 3022 2261 aut
3064 2207 3187 2261 illos
3225 2206 3424 2262 beatos
3456 2216 3728 2275 martyres,
3752 2214 3853 2269 quos

2304 2299 2415 2369 jam
2446 2300 2535 2354 Dei
2569 2301 2808 2369 potentia
2855 2300 2910 2354 in
2964 2300 3288 2355 coelestibus
3322 2300 3506 2371 regnis
3549 2312 3658 2351 csse
3698 2294 3852 2349 consti-

2311 2400 2459 2447 tutos
2494 2393 2790 2455 cernimus,
2842 2402 2935 2447 aut
2963 2393 3063 2447 hos
3081 2408 3225 2464 quos
3273 2392 3460 2447 adhuc
3488 2389 3846 2446 interticerenon

2309 2484 2546 2548 valuisti,
2577 2496 2766 2540 contra
2800 2495 2850 2541 te
2881 2487 3176 2543 immanem
3225 2489 3426 2551 feram,
3458 2487 3546 2556 qui
3572 2484 3707 2539 lauda
3725 2492 3846 2551 atque

2312 2578 2530 2633 infanda
2548 2580 2702 2635 nobis
2724 2581 3112 2637 cmuminando
3134 2599 3249 2638 non
3268 2583 3513 2646 desinas,
3534 2595 3645 2635 cum
3670 2574 3838 2632 multis‘

2308 2673 2653 2729 tolerabilius
2676 2676 2878 2730 audere
2902 2691 3123 2745 semper
3153 2677 3488 2733 desiderans
3506 2674 3676 2736 fueris,
3702 2685 3749 2725 ac
3770 2670 3840 2733 sis,

2309 2766 2600 2821 adversum
2633 2778 2683 2822 te
2706 2768 2933 2825 :enmlos
2957 2784 3186 2841 surgere
3228 2770 3522 2840 principes,
3550 2781 3688 2835 quam
3712 2762 3839 2816 Chris-

2312 2869 2424 2913 tum
2452 2860 2547 2915 Dei
2598 2861 2789 2915 Filium
2822 2864 3147 2918 conﬁtentes
3188 2864 3471 2919 exsistere
3498 2860 3721 2914 victores.
3754 2853 3837 2907 Pla-

2311 2966 2497 3009 cuerat
2524 2957 2666 3011 enim
2694 2958 2939 3013 tenebris
2965 2959 3206 3013 onmium
3240 2972 3491 3014 errorum
3517 2954 3713 3008 obsesso
3729 2944 3835 3001 cordi

2313 3055 2435 3114 tuo,
2467 3058 2520 3103 et
2548 3048 2811 3117 profunda
2844 3050 3073 3120 caligine
3102 3062 3320 3106 excato
3351 3051 3547 3113 animo,
3578 3060 3663 3099 nos
3698 3050 3835 3094 omnes

606 3135 849 3189 adversus
868 3136 1095 3191 remedia
1120 3148 1141 3176 ε
1166 3138 1380 3207 diaboli,
1405 3142 1640 3208 quianon
1663 3150 1736 3195 est
1758 3142 1894 3196 vobis
1912 3144 2208 3200 colluctatio
2237 3138 2281 3201 C
2316 3154 2412 3210 per
2442 3149 2589 3195 tuam
2624 3143 2877 3197 haeresim
2921 3158 2952 3196 a
2980 3143 3093 3198 Deo
3142 3152 3479 3199 convertens
3507 3150 3529 3185 ὅ
3560 3139 3707 3209 primo
3749 3144 3834 3186 "105

610 3229 855 3283 adversus
886 3248 1093 3285 carnent
1124 3241 1171 3285 et
1208 3234 1534 3305 sanguinem,
1566 3233 1658 3288 sed
1688 3246 1867 3290 contra
1902 3247 2203 3307 potestates,

610 3334 789 3376 contra
811 3325 966 3398 hujus
995 3327 1176 3380 mundi
1203 3339 1424 3381 rectores
1450 3328 1771 3383 tenebrarum
1799 3332 2003 3400 harum,
2031 3346 2211 3389 contra

610 3419 867 3489 spiritalia
906 3421 1165 3487 nequitiis.
1210 3422 1376 3476 Arma
1424 3421 1642 3477 indutos
1674 3423 1764 3478 Dei
1795 3435 1870 3490 tu,
1924 3427 2208 3497 perIquem

610 3527 801 3569 omnes
827 3514 880 3569 in
926 3524 1172 3570 nostram
1218 3531 1405 3572 necem
1436 3517 1673 3572 saeviunt
1717 3518 2015 3587 dmmoues,
2046 3538 2209 3592 supe-

612 3622 737 3663 rare
767 3608 892 3677 quia
920 3623 1027 3662 non
1061 3617 1236 3678 potes,
1269 3608 1552 3665 hortamur
1587 3610 1802 3667 tandem
1834 3623 1885 3668 te
1916 3614 2073 3667 nobis
2107 3626 2213 3667 tra-

608 3700 731 3766 das,
763 3716 830 3756 ne
856 3716 978 3755 cum
1010 3700 1148 3764 istis,
1169 3717 1304 3771 quos
1327 3703 1592 3758 describit
1610 3707 1914 3775 apostolus,
1939 3709 1992 3761 in
2013 3720 2210 3764 cuncta

612 3792 919 3863 torquearis
945 3808 1079 3848 rava.
1114 3793 1205 3849 Sic
1236 3810 1341 3850 non
1377 3797 1428 3850 in
1464 3797 1717 3854 tenebras
1747 3801 1982 3856 carceris
2008 3803 2082 3855 tui
2116 3803 2209 3858 lilii

609 3888 822 3958 possint
843 3888 979 3942 vinci
1004 3888 1141 3944 lucis
1169 3904 1196 3941 a
1224 3890 1571 3945 tenebrarum
1598 3891 1732 3959 ﬁlio,
1761 3902 2035 3962 tamquam
2063 3906 2211 3952 teuc-

610 3979 735 4032 bras
762 3982 965 4035 sentire
989 3980 1200 4049 possint
1230 3980 1306 4044 hi,
1337 3982 1388 4034 in
1413 3984 1607 4052 quibus
1632 3984 1937 4040 inhabitare
1956 3988 2210 4055 dignatur

611 4067 736 4134 ille,
776 4070 867 4139 qui
914 4071 984 4123 sit
1014 4071 1151 4125 lucis
1181 4074 1451 4127 conditor.
1480 4073 1725 4129 Perierat
1756 4078 1930 4132 virtus
1984 4094 2209 4136 necesse

607 4168 713 4221 est,
745 4160 891 4230 quod
917 4160 1201 4216 ferendum
1229 4174 1420 4217 natura
1446 4167 1693 4221 mortalis
1716 4168 1958 4236 edocuit;
1989 4172 2032 4225 si
2062 4175 2207 4228 enim

606 4251 823 4323 ignibus
836 4268 1165 4310 consumere
1188 4265 1404 4310 nostros
1422 4267 1575 4313 artus
1600 4263 1918 4327 tentaveris,
1955 4272 2006 4319 te
2037 4267 2209 4337 magis

603 4345 658 4401 in
708 4355 895 4403 nostra
941 4364 1172 4419 corpora
1202 4352 1503 4406 sentiemus
1534 4354 1690 4408 exuri
1736 4370 1901 4425 quam
1934 4372 2069 4423 nos,
2115 4360 2207 4429 qui

604 4456 731 4498 cum
765 4444 998 4500 libenter
1024 4460 1087 4499 ac
1120 4454 1369 4515 prompte
1401 4462 1687 4503 curramus
1726 4448 1791 4503 ad
1826 4459 2058 4506 mortem
2109 4469 2207 4520 pro

2314 3236 2541 3291 clientes
2571 3235 2814 3302 efﬁcere,
2844 3237 3041 3293 deinde
3068 3239 3471 3294 consatellites.
3497 3233 3593 3290 Sed
3616 3229 3720 3285 vicit
3743 3238 3781 3280 te
3795 3233 3833 3277 ει

2314 3327 2489 3398 ipsum
2520 3330 2573 3383 in
2609 3342 2678 3397 te,
2714 3330 2814 3384 ista
2845 3333 2936 3401 qni
2968 3331 3131 3387 fuerit
3160 3331 3484 3388 machinare
3510 3326 3707 3385 molitus,
3729 3315 3831 3369 veri-

2316 3432 2432 3487 tas;
2464 3423 2604 3477 valet
2634 3424 2778 3478 enim
2814 3425 2863 3478 vi
2894 3440 3013 3480 sua.
3046 3425 3449 3493 EXSpectantes
3475 3420 3829 3505 delii‘l“95“'_‘_‘"’:

2316 3516 2609 3570 momentis
2641 3516 2893 3572 omnibus
2930 3531 3095 3587 super
3122 3516 3147 3552 ¹¹
3182 3518 3288 3573 ista
3316 3559 3330 3581 ,
3379 3529 3497 3585 quae
3520 3512 3619 3581 jam
3656 3500 3829 3599 intulisti

2317 3619 2605 3673 tormenta,
2642 3609 2818 3664 adhuc
2841 3609 3009 3665 addas
3037 3609 3431 3666 constituendo
3452 3606 3671 3661 saeviores
3692 3608 3830 3649 carin-

2315 3702 2467 3769 ﬁces,
2502 3704 2797 3759 ferociores
2824 3705 3051 3769 ultores,
3077 3706 3168 3775 qui
3192 3705 3428 3759 devotos
3458 3699 3560 3754 Deo
3584 3690 3740 3747 milites
3761 3682 3830 3736 atl-

2314 3812 2505 3852 versns
2531 3798 2707 3852 edicta
2756 3797 2941 3852 feralia
2993 3808 3076 3852 tua
3115 3798 3474 3858 resistentes,
3507 3804 3599 3861 qun
3622 3780 3758 3879 minas
3788 3780 3827 3826 et

2312 3891 2585 3946 cruciatus
2608 3900 2662 3944 et
2690 3901 2956 3945 tormenta
2992 3890 3115 3945 ﬁdei
3146 3890 3339 3960 vigore
3368 3903 3462 3958 per
3492 3881 3573 3938 Dei
3596 3878 3826 3931 miserunt-

2313 3979 2456 4034 diam
2490 3982 2785 4046 calcemus,
2824 3985 3035 4052 possint
3066 3983 3147 4037 vel
3176 3984 3362 4053 gladio
3386 3976 3638 4034 invadere.
3658 3965 3826 4019 ΜΕΝ·

2312 4071 2555 4142 ciligere,
2586 4075 2671 4127 vel
2693 4076 2799 4144 igni
2826 4084 3059 4138 torrere,
3080 4076 3162 4129 vel
3187 4075 3434 4145 quolibet
3458 4065 3669 4124 inaudito
3683 4062 3825 4126 grum-

2314 4181 2594 4236 ptenarum
2652 4168 2859 4225 viscera
2917 4179 3097 4224 nostra
3153 4184 3216 4225 ac
3268 4168 3507 4224 membra
3548 4156 3743 4213 laniare;
3785 4149 3825 4241 υξ

2311 4268 2518 4317 stamus
2565 4278 2709 4317 nunc
2738 4279 2908 4334 usque
2939 4280 3034 4335 per
3064 4264 3357 4318 Dominum
3388 4252 3660 4316 immobiles
3685 4249 3823 4335 stall!"

2312 4368 2550 4426 semper,
2584 4357 2627 4411 si
2659 4333 2877 4427 quidem
2908 4333 3015 4410 non
3039 4370 3140 4411 nos
3160 4356 3337 4411 simus
3359 4352 3447 4424 qni
3471 4359 3579 4403 tuos
3606 4333 3823 4439 freti-dotes

2311 4449 2617 4515 vincamus,
2649 4452 2744 4507 sed
2779 4451 2896 4521 ipse
2928 4452 2981 4505 in
3016 4452 3195 4517 nobis,
3228 4452 3387 4523 cujus
3413 4441 3601 4502 auxilio
3628 4436 3822 4497 regem".

606 4539 733 4605 ﬁde,
766 4555 877 4595 non
909 4556 1005 4595 nos
1037 4542 1290 4597 amittere
1322 4541 1487 4597 vitam
1520 4558 1717 4613 posse,
1748 4544 1846 4599 sed
1878 4546 2051 4617 magis
2075 4561 2203 4602 con-
2233 4541 2286 4601 D
2310 4544 2467 4612 cujus
2490 4545 2685 4599 virtute
2714 4559 3019 4599 scrvamur.
3040 4545 3289 4613 Quantus
3317 4542 3458 4600 enim
3486 4546 3535 4591 tu
3557 4528 3820 4617 θῌυβίιυηξ

604 4634 844 4702 quirere,
871 4645 926 4689 et
946 4636 1164 4704 quidem
1192 4645 1315 4707 post
1343 4636 1593 4706 fragilem
1619 4648 1882 4693 aeternam
1908 4655 2206 4709 praesuma-

607 4739 749 4779 mus.
780 4726 896 4779 Stat
925 4740 1140 4797 semper
1169 4743 1364 4798 nempe
1390 4730 1557 4799 gladii
1588 4728 1665 4784 tui
1687 4731 1834 4786 acies
1864 4733 2122 4787 exstricta
2151 4731 2200 4798 ἀ,

606 4828 791 4887 parata
826 4818 1258 4874 Christianorum
1306 4821 1450 4885 neci,
1484 4830 1541 4875 et
1583 4830 1764 4876 tamen
1797 4825 1945 4877 omni
1981 4826 2206 4893 plumbo

606 4910 827 4965 curvior
880 4924 1001 4965 esse
1051 4911 1209 4965 nobis
1262 4912 1476 4968 videtur
1527 4914 1630 4969 iste
1660 4929 1850 4970 mucro
1878 4917 2045 4987 gladii
2103 4920 2201 4984 tui,

601 5004 744 5057 sicut
770 5011 823 5057 et
854 5003 1002 5059 acies
1027 5004 1221 5058 animae
1253 5014 1377 5059 ltttB.
1407 5006 1730 5063 'l‘oleramus
1774 5010 1955 5064 omnia
1999 5011 2051 5065 in
2084 5028 2208 5081 pas-

604 5097 761 5153 sione
804 5099 1006 5166 securi,
1052 5098 1221 5154 veluti
1270 5099 1580 5170 ingeramus
1625 5102 1891 5174 supplicia
1919 5120 2041 5174 quae
2069 5105 2212 5173 pati-

682 5285 707 5314 λ
749 5275 814 5331 In
842 5276 995 5332 domo
1018 5275 1227 5330 Domini
1261 5275 1494 5329 omnibus
1523 5274 1703 5329 diebus
1727 5276 1847 5329 vita:
1872 5292 2015 5332 mete.
2046 5277 2201 5334 Vers.

613 5351 819 5473 Al{Fin
840 5421 1142 5491 potentiam.
1177 5417 1310 5475 Ead.

686 5504 708 5531 ε
750 5490 883 5546 Cum
912 5492 1012 5545 Ms.
1047 5508 1159 5561 reg.
1206 5491 1347 5560 apud
1387 5491 1573 5545 Sabat.
1600 5491 1755 5547 Vers.
1794 5494 1920 5547 Ant.
1971 5493 2206 5548 insidias.

612 5563 750 5619 Vide
774 5572 887 5633 not.
920 5565 971 5616 in
1003 5563 1098 5617 lib.
1129 5579 1186 5626 ll,
1217 5578 1315 5633 pro
1338 5563 1395 5620 S.
1422 5563 1620 5619 Athan.
1651 5576 1705 5619 et
1732 5570 1831 5621 hoc
1849 5564 2043 5621 eodem
2073 5566 2212 5620 libro

619 5650 742 5741 pag.
770 5632 900 5716 ξιξ.
1109 5704 1121 5717 .
1220 5632 1225 5633 “
1716 5709 1726 5721 ⁸
1764 5706 1765 5709 η

759 5703 949 5741 Ωιτ-,μην
1004 5702 1160 5741 [αι-ιι
1217 5714 1264 5741 οι
1294 5720 1360 5741 ον
1387 5720 1453 5741 οη
1477 5704 1765 5741 Culta-ul...

758 5703 975 5775 Stricta.
1003 5702 1182 5773 Latin.
1217 5714 1271 5775 et
1294 5720 1362 5760 ex
1387 5720 1453 5775 eo
1477 5704 1822 5764 Gallandins.

694 5784 717 5811 ο
763 5766 981 5827 Unicum
1006 5770 1198 5829 verum.
1234 5772 1410 5829 Vatic.

2316 4637 2403 4703 “Si
2431 4639 2519 4708 αυῖ
2552 4639 2725 4708 Ροδεῖδ
2749 4638 2985 4705 SPOIiare
3005 4653 3101 4693 nos
3124 4637 3209 4693 his
3231 4637 3409 4702 bonis,
3441 4646 3549 4702 (ιιιω
3573 4626 3677 4678 sunt
3698 4613 3738 4709 in
3754 4616 3820 4709 nos

2311 4731 2505 4786 collata
2535 4731 2841 4786 divinitus?
2869 4732 3014 4803 rapis
3043 4748 3143 4788 nos
3164 4773 3180 4799 ,
3211 4746 3375 4802 negas
3422 4726 3463 4792 ί,
3492 4727 3668 4790 egenos
3692 4704 3815 4803 ﬁcis,

2311 4824 2559 4891 damnas,
2589 4824 2784 4890 vincis,
2821 4824 2933 4878 uris
2960 4866 2975 4889 ,
3011 4826 3224 4879 miseris
3253 4824 3416 4879 etiam
3442 4811 3597 4871 modis
3619 4808 3759 4857 necas.
3783 4794 3819 4839 ει

2313 4929 2490 4974 tamen
2511 4923 2729 4974 vincere
2752 4916 3187 4973 ChriSIianorum
3214 4920 3461 4972 invictam
3487 4906 3628 4961 ﬁdem
3653 4893 3815 4996 riunt:

2312 5013 2414 5067 les.
2457 5013 2559 5067 l’cr
2587 5011 2730 5083 quod
2762 5011 3069 5080 intelligere
3100 5010 3334 5065 deimiin
3366 5008 3570 5061 factum,
3596 4979 3816 5087 quia'fff‘.‘

2311 5106 2516 5161 erroris
2543 5103 2994 5175 crudelitatisque
3020 5113 3125 5158 tum
3148 5105 3219 5157 sis
3256 5106 3553 5169 recepturus
3578 5072 3808 5148 supplicm,

3711 5258 3751 5296 η.
3772 5232 3809 5287 ετ

2392 5277 2849 5365 antirtenmulto,
2900 5288 2994 5365 aut
3032 5276 3378 5365 titilllOb._Tlii.

2317 5329 2583 5407 Callani].
2802 5329 3018 5417 intuit—is,
3255 5329 3549 5405 tolerabilius
3568 5329 3689 5383 rebus

2318 5426 2413 5513 tis1
2436 5439 2533 5513 ι)Ξο
2560 5438 2660 5513 suo
2689 5424 2963 5507 scribendi
2997 5437 3250 5513 more.”
3312 5492 3382 5513 ΔΛ
3405 5470 3702 5513 “ﬁmum:
3723 5462 3807 5503 (οη.

2389 5479 2413 5542 ἐ
2438 5479 2809 5565 Ῥειτιίοἱρὶιιιη
2840 5511 2936 5564 pro
2958 5494 3281 5563 gerundivo,
3309 5492 3383 5565 sic
3405 5479 3700 5565 ΞΨΡΞἮΗἛ

2315 5548 2556 5620 vertendo
2574 5548 2687 5622 ὧιὸὶ
2704 5548 2815 5620 ωδε
2834 5548 3042 5620 ἑιίειῑὶεε
3072 5548 3283 5635 εθεεενεζ
3305 5562 3405 5619 'l‘il.
3431 5563 3481 5611 et
3505 5548 3541 5605 G

2318 5649 2563 5692 vertentes
2595 5641 2811 5707 primos.
2844 5638 3023 5692 Latin.
3094 5706 3097 5707 ν
3288 5698 3307 5707 _

2390 5708 2419 5784 1}
2456 5710 2511 5784 Id
2538 5693 2642 5784 est,
2666 5710 2920 5784 atrociora
2947 5706 3103 5778 quani
3122 5708 3242 5763 ista.
3267 5693 3503 5764 Galland.

2401 5780 2411 5813 ¹
2462 5780 2703 5849 Relegas.
2741 5780 2917 5834 Latin.
