4094 6190
302 288 437 347 1025

1220 280 1632 347 ΜΟΒΙΕΝΒΠΜ
1676 288 1848 349 ESSE
1889 282 2024 345 PRO
2052 286 2175 357 ~Dl‘ll
2216 282 2395 345 FILIO
2434 287 2663 346 LIBER.

3462 289 3600 348 1028

293 423 349 469 et
375 422 566 468 contra
601 428 729 479 nos,
759 412 902 484 quod
934 428 1029 483 per
1059 412 1201 468 hanc
1240 414 1579 485 propositam
1609 412 1899 469 difﬁculta-
1925 421 1975 480 Α
2005 413 2195 478 Filius,
2230 426 2282 467 ut
2312 422 2398 471 est
2423 415 2560 470 Deus
2590 413 2772 481 Pater,
2806 413 3287 479 incommutabilis,
3315 414 3605 470 inconver-

296 517 402 563 tem
420 506 841 576 augustissimus
859 518 1057 564 trames
1077 509 1145 563 ad
1166 509 1588 563 immortalitatis
1610 508 1897 579 praemium

296 602 610 658 sublimiter
637 601 825 669 ducat,
871 620 978 659 non
1006 605 1310 676 poterimus
1339 604 1540 660 cedere
1570 613 1676 659 tua.
1705 603 1901 659 crude-

296 693 458 757 litati,
492 694 583 765 qui
634 694 886 750 novimus
931 695 1075 766 quod
1128 699 1200 752 sit
1246 695 1565 768 martyrium
1612 695 1900 751 dominicze

297 786 635 845 fortitudinis
684 787 974 858 singularis
1019 788 1271 844 imitatio.
1326 788 1556 845 Laboris
1592 788 1813 859 quidem
1844 798 1901 844 et

297 881 634 937 difficultatis
664 881 820 951 plena
852 882 983 936 satis
1014 890 1070 937 et
1106 882 1275 937 ardua
1320 894 1617 954 martyrum
1645 881 1785 937 adeo
1816 882 1900 936 via

295 986 402 1040 est,
436 986 491 1029 ut
513 990 620 1030 non
651 975 774 1041 quis
801 974 1052 1029 humanis
1081 976 1308 1045 implere
1335 976 1513 1029 valeat
1541 975 1778 1040 viribus;
1804 972 1901 1030 sed

294 1081 416 1131 nos,
449 1066 541 1134 qui
572 1066 779 1121 auxilio
822 1065 1021 1120 divinm
1051 1065 1459 1137 suffragationis
1481 1066 1756 1136 juvamur,
1790 1066 1903 1120 cal—

292 1168 557 1228 cemusJe
574 1172 815 1227 semper,
840 1169 901 1212 ut
932 1159 1380 1226 uunccalcamus,
1402 1172 1624 1214 necesse
1642 1168 1747 1214 est.
1763 1158 1903 1212 Hinc

293 1258 376 1306 est
402 1250 551 1321 quod
581 1250 792 1306 libitum
814 1250 908 1313 ,sit
930 1251 1108 1319 nobis,
1140 1268 1247 1306 non
1277 1252 1455 1306 solum
1486 1267 1595 1306 non
1628 1261 1679 1306 te
1711 1251 1903 1306 timere

293 1342 391 1398 Dei
420 1341 702 1415 religionis
731 1344 1103 1399 adversarium
1124 1384 1139 1408 ,
1188 1343 1284 1398 sed
1314 1353 1369 1399 et
1401 1344 1542 1398 ultro
1575 1358 1898 1413 provocare.

291 1436 621 1493 Provoearis
649 1446 698 1501 α,
732 1452 853 1491 cum
881 1438 1209 1507 sempergut
1239 1450 1346 1490 non
1379 1435 1691 1491 miserearis
1724 1436 1902 1489 innui-

295 1531 555 1597 serieors,
584 1530 678 1586 sed
704 1530 1075 1586 utinlerticias
1101 1532 1439 1601 exspectaris
1464 1548 1477 1584 :
1510 1530 1634 1584 hinc
1652 1542 1731 1585 est
1755 1527 1903 1600 quod

294 1645 403 1684 non
451 1629 618 1697 possit
644 1643 839 1698 capere
868 1627 1191 1683 divisionem
1240 1626 1472 1682 felicitas
1502 1636 1710 1693 nostra,
1753 1627 1899 1695 quia,

293 1736 349 1783 et
379 1742 501 1782 cum
534 1726 834 1782 occidimur
860 1742 958 1797 pro
980 1725 1075 1781 Dei
1107 1725 1265 1791 Filio,
1297 1724 1412 1795 ipse
1433 1724 1733 1779 dilectione
1757 1724 1902 1778 vivat

2001 507 2194 573 tibilis,
2229 507 2643 575 inaestimabilis,
2670 508 3074 575 inenarrabilis,
3105 518 3363 576 mternus,
3390 510 3599 579 perfec-

2002 609 2109 655 tus.
2143 600 2284 670 Quid
2315 608 2419 668 est,
2450 603 2537 671 qui
2560 619 2677 656 cum
2709 602 2761 655 in
2789 606 2959 672 forma
2993 601 3090 656 Dei
3115 602 3288 657 esset?
3317 601 3420 656 nisi
3453 600 3600 671 quod

2000 693 2171 764 ipsam
2205 696 2633 752 inaccessibilem
2665 697 2840 752 lucem
2874 696 3089 753 habitet
3119 697 3328 763 Filius,
3363 712 3523 768 quam
3548 705 3603 753 et

2002 785 2188 851 Pater;
2221 786 2328 841 nisi
2377 788 2502 857 quia
2531 804 2635 843 una
2666 790 2736 843 sit
2779 788 2963 843 divina
2995 788 3300 844 sublimitas
3344 787 3520 844 Patris
3547 795 3604 844 et

2002 878 2149 934 Filii.
2180 879 2413 933 Sanctus
2445 890 2470 927 ε
2498 880 2751 947 Spiritus,
2786 881 2838 936 in
2866 881 3025 937 beato
3052 895 3278 937 manens
3310 882 3560 952 apostolo
3582 923 3597 948 ,

2001 974 2165 1029 corda
2187 986 2370 1029 vestra
2397 975 2574 1029 omnia
2605 974 2985 1031 hazretieorum
3014 976 3140 1046 |jam
3190 985 3320 1033 tunc
3379 976 3600 1046 conspi-

2002 1067 2154 1121 ciens
2184 1066 2394 1121 addidit
2420 1068 2950 1136 interpretationem,
2983 1069 3110 1139 qnid
3140 1070 3209 1123 sit
3232 1070 3288 1122 in
3317 1073 3486 1140 forma
3508 1068 3607 1123 Dei

2003 1174 2125 1215 esse
2156 1159 2349 1215 Filium
2376 1180 2389 1216 :
2421 1160 2469 1233 (Ι
2480 1160 2615 1231 bid.)
2646 1160 2747 1227 Qui
2776 1180 2889 1216 cum
2920 1164 2974 1217 in
2998 1166 3168 1235 forma
3196 1162 3294 1218 Dei
3315 1173 3469 1231 esset,
3500 1180 3604 1218 non

2002 1264 2075 1308 est
2103 1254 2345 1322 rapinam
2387 1254 2670 1308 arbitratus
2697 1271 2806 1309 esse
2844 1271 2899 1311 se
2926 1256 3174 1327 aequalem
3207 1255 3339 1310 Deo.
3373 1255 3607 1326 Aposto‘

2003 1347 2089 1401 lus
2114 1347 2312 1402 beatus
2344 1348 2607 1418 mqualem
2641 1348 2841 1403 Filium
2874 1350 3019 1405 Patri
3053 1350 3213 1417 dicit,
3240 1366 3400 1405 unam
3430 1350 3605 1406 deita-

2002 1451 2112 1496 tem
2141 1441 2495 1496 manifestans
2528 1443 2701 1496 Patris
2728 1452 2784 1497 et
2814 1442 2973 1508 Filii;
3007 1451 3062 1497 et
3093 1453 3146 1498 tu
3172 1444 3339 1498 audes
3368 1458 3490 1499 cum
3518 1459 3607 1500 sa-

2003 1534 2218 1605 crilegio
2246 1535 2485 1591 audacia:
2518 1546 2621 1590 tua:
2659 1536 2986 1591 satellitibus
3032 1545 3195 1607 atque
3226 1537 3499 1608 sacrilegii
3529 1537 3605 1593 tui

2004 1629 2428 1699 comparticibus
2450 1630 2666 1686 dicere:
2694 1630 2817 1685 Non
2834 1632 2970 1684 enim
2992 1648 3084 1685 nos
3108 1647 3379 1701 possumus
3400 1647 3607 1702 requare

2004 1734 2095 1778 aut
2122 1740 2428 1796 comparare
2470 1722 2674 1778 Filium
2707 1722 2892 1779 Patri?
2920 1731 3025 1779 Aut
3063 1740 3161 1779 cur
3200 1724 3491 1780 Dominum
3523 1724 3608 1779 di-

295 1821 351 1877 in
395 1821 573 1887 nobis,
608 1821 749 1888 ipse,
801 1821 891 1891 qui
940 1831 1026 1875 est
1057 1821 1107 1874 in
1142 1834 1394 1890 pressura
1426 1830 1481 1874 et
1533 1817 1810 1884 excitatio,
1846 1818 1899 1873 in
1932 1826 1980 1886 Β
2008 1820 2152 1874 xisse
2172 1817 2595 1886 arhitraris,Qui
2619 1834 2697 1872 me
2728 1818 3028 1885 ridit,vidit
3050 1828 3098 1873 et
3122 1818 3335 1873 Patrem
3360 1819 3385 1854 ιι
3412 1818 3603 1890 (Joan.

295 1916 736 1985 persecutionum
770 1916 976 1984 praeliis
998 1913 1275 1970 fortitudo.
1297 1913 1503 1981 Quibus
1537 1914 1738 1968 etenim
1762 1914 1902 1968 velis

298 2018 350 2065 te
381 2009 555 2064 modis
602 2024 824 2064 exseras
865 2009 1126 2064 adversus
1172 2009 1271 2063 Dei
1297 2008 1534 2063 cultores
1559 2052 1573 2075 ,
1610 2024 1899 2078 numquam

298 2114 476 2160 tamen
510 2105 715 2174 poteris
746 2118 1017 2158 evacuare
1065 2105 1331 2172 signatam
1365 2101 1659 2169 virtutem,
1701 2103 1903 2174 quippe

296 2215 417 2256 cum
448 2198 716 2253 mundana
752 2214 857 2252 non
904 2198 1155 2263 invitent,
1193 2214 1302 2253 non
1329 2207 1569 2253 terreant
1610 2207 1898 2251 tormenta.

296 2288 429 2347 Cum
478 2295 591 2345 haec
623 2291 691 2345 ita
725 2291 853 2352 sint,
890 2299 941 2344 te
972 2290 1062 2343 Dei
1096 2289 1289 2344 domus
1338 2298 1738 2359 persecutorem
1775 2288 1902 2357 quid

299 2382 442 2437 aliud
472 2381 648 2437 dicam
681 2397 843 2453 quam
886 2381 1145 2436 miserum
1167 2424 1180 2448 ,
1217 2382 1308 2452 qui
1341 2382 1656 2451 przedounm
1688 2391 1901 2435 tuorum

298 2474 606 2531 daemonum
650 2474 1096 2545 instigationibus
1149 2490 1361 2544 pareas,
1394 2489 1623 2546 quorum
1667 2474 1905 2529 stimulis

299 2579 456 2625 actus
504 2569 621 2624 hac
656 2569 823 2625 fueris
856 2574 1176 2641 perpetrare
1224 2571 1591 2635 machinatus,
1643 2585 1741 2640 per
1768 2584 1907 2639 quos

299 2666 606 2722 inhaerente
632 2666 784 2721 cordi
812 2675 904 2722 tuo
932 2667 1289 2736 persuasione
1319 2676 1404 2721 tua
1438 2666 1704 2735 sacrilega
1733 2666 1904 2720 liben-

302 2766 385 2814 ter
414 2774 587 2813 erras.
620 2758 830 2814 Faveas
876 2759 1123 2813 stultitiae
1155 2768 1259 2814 tua:
1297 2760 1391 2814 tibi
1423 2761 1619 2830 ignota:
1646 2757 1711 2825 1t;
1744 2769 1907 2829 atque

301 2851 507 2906 utinam
539 2865 661 2906 cum
691 2852 825 2907 Solis
857 2850 1076 2906 Arianis
1100 2852 1563 2923 comblaspltemis
1593 2852 1697 2907 tuis
1723 2866 1908 2907 errare

302 2957 367 2998 ac
392 2944 645 3015 desipere
668 2945 837 3001 velis!
874 2960 975 3000 nos
995 2944 1161 3000 etiam
1190 2947 1243 3000 in
1272 2947 1609 3001 consortium
1639 2946 1906 3001 malorum

306 3046 518 3093 tuorum
548 3054 747 3110 rapere
792 3040 1042 3107 conaris,
1088 3040 1386 3112 proscribis
1414 3084 1428 3108 ,
1460 3042 1763 3111 exspolias;
1813 3040 1908 3097 sed

304 3131 554 3187 novimus
577 3136 832 3187 maximae
855 3133 1134 3189 felicitatis
1146 3150 1317 3204 genus
1338 3149 1459 3190 esse
1483 3143 1710 3205 propter
1725 3132 1907 3190 Chris-

2007 1929 2116 1977 xrv,
2149 1913 2249 1985 9);
2295 1913 2385 1979 Et,
2412 1912 2526 1986 Ego
2549 1922 2597 1967 et
2616 1912 2951 1968 Paterunum
2982 1929 3159 1967 sumus
3178 1911 3346 1983 (Ibid.
3392 1928 3448 1977 x,
3479 1912 3609 1981 '50)?

2008 2008 2107 2061 nisi
2139 2008 2280 2076 quod
2311 2023 2417 2061 una
2450 2008 2520 2062 sit
2569 2008 2809 2076 potentia
2843 2006 3020 2062 Patris
3048 2014 3106 2061 et
3132 2004 3279 2059 Filii.
3310 2005 3389 2059 Tu
3438 2002 3609 2069 dicis,

2006 2100 2150 2170 quod
2183 2101 2343 2155 habet
2371 2100 2542 2155 Filius
2572 2101 2783 2156 initium
2810 2117 2824 2167 ;
2853 2110 3026 2156 atnos
3053 2100 3281 2155 dicimus
3302 2101 3424 2156 sine
3454 2099 3611 2155 initio

2007 2209 2161 2249 esse:
2194 2195 2238 2249 si
2266 2194 2481 2264 quidem
2511 2210 2697 2259 omne,
2727 2194 2872 2264 quod
2894 2194 3054 2250 habet
3086 2193 3330 2261 initium,
3361 2204 3417 2250 et
3448 2193 3610 2249 linem

2006 2289 2176 2358 possit
2205 2287 2408 2345 habere
2432 2302 2657 2343 necesse
2684 2298 2787 2343 est.
2816 2288 3006 2359 Igitur,
3030 2302 3153 2342 cum
3179 2286 3466 2342 credamus
3493 2286 3614 2342 uni-

2007 2398 2129 2438 cum
2176 2384 2269 2440 Dei
2303 2383 2499 2438 Filium
2529 2392 2798 2439 teternum
2828 2398 2983 2448 esse,
3028 2382 3131 2437 hoc
3156 2392 3241 2437 est
3275 2392 3610 2438 coaeternuin

2008 2478 2175 2543 Patri,
2210 2487 2264 2533 et
2309 2492 2407 2532 vos
2450 2478 2635 2532 hostes
2668 2477 2764 2531 Dei
2795 2476 3027 2545 negetis,
3076 2490 3258 2532 nonne
3309 2476 3613 2532 rectissime

2008 2570 2290 2627 dementes
2312 2579 2366 2625 et
2387 2570 2535 2625 omni
2557 2570 2809 2625 vecordia
2828 2570 3105 2641 saginatos
3128 2569 3271 2623 lilios
3288 2569 3612 2639 peSIilentia:

2008 2680 2108 2721 vos
2131 2665 2549 2736 nuncnpamus?
2568 2664 2635 2720 de
2656 2665 2851 2735 quibus
2869 2664 3068 2719 clamat
3093 2664 3286 2718 beatus
3308 2666 3614 2734 apostolus,

2010 2768 2071 2814 ut
2104 2769 2229 2814 tunc
2262 2759 2329 2815 de
2355 2756 2772 2825 JttdteisUiom.
2802 2773 2841 2822 ι,
2873 2756 3017 2828 28);
3048 2754 3117 2808 Et
3138 2755 3268 2810 sicut
3294 2773 3396 2810 non
3426 2755 3615 2826 proba-

2010 2862 2197 2906 verunt
2226 2850 2395 2906 Deum
2423 2851 2610 2905 habere
2638 2851 2693 2904 in
2720 2850 2907 2903 notitia
2930 2864 2950 2914 ;
2982 2848 3194 2903 tradidit
3232 2849 3356 2917 illos
3388 2847 3534 2905 Deus
3559 2850 3615 2903 in

2010 2944 2295 3014 reprobum
2322 2944 2627 3010 sensum,'ut
2657 2943 2855 3015 faciant
2878 2958 2957 3010 ea,
2977 2958 3093 3013 quin
3114 2958 3215 2996 non
3232 2943 3536 2997 conveniant
3566 2941 3609 2995 ί.

2012 3038 2079 3093 Et
2102 3039 2169 3092 ad
2196 3038 2609 3109 Philippenses:
2635 3034 2997 3092 Coimitatores
3020 3037 3118 3090 mei
3133 3045 3309 3101 estote,
3327 3038 3538 3108 fratres,
3563 3045 3614 3091 et

2014 3132 2277 3186 observate
2310 3130 2324 3180 ἱ
2360 3148 2446 3184 eos
2472 3131 2560 3202 qui
2589 3131 2662 3185 sic
2690 3129 2981 3196 ambulant,
3006 3129 3139 3184 sicut
3166 3127 3363 3182 habetis
3393 3131 3615 3199 formam

308 3234 418 3280 tum
451 3227 734 3297 quaesitam
758 3235 1153 3297 paupertatem.
1196 3226 1431 3294 InferSC,
1462 3227 1727 3294 carnifex,
1765 3243 1908 3283 mor—
1938 3215 1983 3279 C
2017 3234 2244 3280 nostram
2266 3221 2315 3276 ιι.
2345 3223 2504 3279 Multi
2531 3225 2665 3278 enim
2692 3223 2981 3289 ambulant,
3009 3223 3190 3293 quodI
3220 3239 3356 3292 stupe
3382 3222 3615 3279 dicebam

309 3325 415 3373 tem
446 3314 474 3354 ἀ
504 3318 571 3373 ad
602 3334 736 3384 nos;
764 3334 869 3375 non
899 3321 1074 3375 solum
1101 3336 1207 3375 non
1234 3321 1503 3376 cervicem
1527 3321 1900 3388 subducimus,

307 3410 402 3465 sed
435 3419 489 3465 et
514 3410 706 3465 damus
737 3421 782 3477 θ,
819 3420 875 3465 ut
900 3419 1121 3481 propter
1148 3413 1242 3467 Dei
1274 3413 1491 3467 unicum
1526 3413 1720 3468 Filium
1747 3413 1908 3484 jugu-

304 3502 499 3559 lemur.
549 3501 819 3569 Quorsum
869 3503 982 3559 haec
1017 3504 1215 3559 retuli?
1248 3514 1307 3558 ut
1347 3503 1519 3560 scires
1550 3519 1738 3575 poenas
1787 3514 1907 3561 tuas

306 3598 484 3654 nullas
516 3598 720 3655 habere
740 3608 930 3655 contra
962 3600 1160 3655 Christi
1207 3616 1400 3656 servos
1432 3603 1574 3656 vires
1600 3642 1616 3668 ,
1667 3610 1721 3656 et
1762 3602 1905 3672 quod

306 3706 676 3762 expavescere
706 3708 814 3747 non
844 3707 1135 3763 possumus
1164 3692 1240 3760 id,
1274 3693 1416 3763 quod
1453 3702 1738 3748 venturum
1766 3708 1907 3748 sem-

306 3799 408 3856 per
432 3794 830 3856 exspectemus.
853 3785 1077 3854 lndigue
1110 3784 1218 3839 fers
1246 3801 1344 3839 cur
1374 3785 1573 3841 dicaris
1596 3784 1905 3852 hazreticus,

306 3887 361 3935 et
387 3879 554 3934 audes
579 3886 759 3934 tamen
783 3877 967 3933 dicere
986 3893 1092 3932 non
1120 3878 1429 3948 comparari
1475 3893 1655 3949 posse,
1695 3879 1780 3934 vel
1813 3894 1907 3933 ex-

306 3972 512 4042 aequari
530 3970 673 4026 Patri
699 3971 891 4026 Filium
912 3988 925 4035 ;
946 3986 1070 4037 nos,
1096 3970 1186 4040 qui
1214 3986 1374 4026 unam
1397 3971 1655 4027 deitatem
1684 3972 1826 4027 Patri
1855 3980 1908 4027 et

307 4066 447 4122 Filio
491 4065 869 4132 defendimus,
920 4065 1118 4120 Filium
1148 4066 1414 4137 aequalem
1452 4066 1683 4122 dicimus
1737 4065 1903 4121 Patri.

302 4158 606 4225 Credimus,
642 4170 699 4214 ut
729 4159 957 4215 credidit
987 4159 1180 4215 beatus
1209 4160 1413 4215 Paulus
1444 4162 1728 4232 apostolus
1756 4203 1771 4228 ,
1804 4163 1903 4232 .qui

305 4251 437 4307 dicit
464 4252 534 4308 de
564 4252 702 4307 Filio
725 4251 894 4325 (Phil.
922 4268 959 4306 ll
982 4293 997 4318 ,
1029 4252 1062 4307 6
1094 4253 1110 4322 )
1145 4269 1157 4305 :
1195 4251 1298 4317 Qui
1327 4269 1443 4306 cum
1464 4254 1520 4307 in
1554 4252 1573 4290 ί
1600 4258 1771 4324 forma
1811 4253 1910 4308 Dei

305 4354 461 4411 esset,
490 4361 592 4399 non
614 4358 688 4399 est
714 4346 958 4415 rapinam
987 4344 1273 4399 arbitratus
1297 4360 1405 4399 esse
1426 4361 1479 4398 se
1500 4344 1751 4414 wqualem
1776 4344 1904 4401 Deo.

305 4436 447 4505 Quid
473 4446 585 4505 est,
633 4438 863 4505 quicum
890 4438 944 4492 in
970 4442 1142 4508 forma
1170 4436 1271 4494 Dei
1300 4440 1470 4494 esset?
1504 4437 1607 4493 nisi
1650 4438 1795 4510 quod
1841 4439 1912 4494 sit

383 4608 410 4638 α
450 4599 760 4655 Provocaris
790 4600 950 4654 enim.
984 4597 1237 4655 Galland.

378 4669 405 4709 δ
448 4672 643 4727 Melius
669 4686 792 4727 cum
823 4672 1001 4726 Latin.
1021 4681 1077 4726 et
1098 4670 1356 4725 Galland.
1385 4685 1510 4725 nam
1533 4677 1694 4726 antea
1713 4671 1912 4742 ignitte.

388 4753 407 4813 (ᾗ
450 4743 615 4799 Forte
642 4744 861 4813 inferas,
894 4753 952 4798 ut
985 4743 1151 4810 paulo
1182 4750 1309 4797 ante
1331 4743 1524 4811 [at-eas.
1560 4742 1812 4799 Galland.

384 4812 409 4850 ι¹
453 4815 714 4879 Mortem;
743 4824 795 4869 at
826 4832 940 4879 nos,
974 4823 1082 4870 etc.
1112 4813 1291 4869 Latin.
1328 4825 1381 4869 et
1410 4814 1662 4869 Galland.

386 4896 409 4923 ο
454 4887 651 4942 Damus
672 4902 793 4940 eum
828 4886 951 4941 iisd.
990 4897 1044 4940 ut
1087 4901 1282 4940 sensus
1309 4884 1408 4941 sit:
1432 4885 1627 4957 Infers,
1655 4887 1911 4957 carnifex,

311 4968 546 5024 mortem,
570 4970 621 5013 at
649 4975 743 5013 nos
784 4975 888 5013 non
925 4960 1095 5012 solum
1118 4974 1220 5011 non
1260 4957 1506 5011 cervicem
1546 4958 1912 5027 subducimus,

310 5031 402 5085 sed
424 5042 471 5085 et
498 5032 717 5096 damus;
740 5040 900 5085 antea
926 5029 1034 5098 leg.
1060 5045 1267 5083 manus.

388 5102 405 5141 τ
452 5102 609 5157 Vers.
642 5104 769 5159 Ant.
804 5100 877 5173 In?
904 5104 1072 5173 forma
1106 5102 1199 5154 Dei
1222 5102 1552 5173 constitutus.

385 5184 410 5222 ε
448 5175 525 5229 lta
558 5189 681 5230 cum
706 5171 948 5227 Latinio:
976 5184 1136 5227 antea
1171 5175 1471 5242 legebatur,
1507 5172 1678 5227 Patris
1710 5183 1757 5227 et
1786 5171 1916 5227 Filii

310 5247 478 5372 ssagcti
505 5245 758 5317 Spiritus,
789 5246 843 5299 in
871 5246 1017 5299 beato
1042 5260 1256 5299 manens
1293 5244 1564 5315 Apostolo.
1601 5246 1663 5301 V.
1694 5245 1911 5317 praefat.

316 5319 351 5465 ξ
376 5319 433 5427 Ξ.
450 5392 584 5445 Cum
613 5389 828 5457 Graeco,
863 5392 946 5446 τὸν
973 5390 1177 5465 πατέρα
1206 5388 1557 5458 simpliciter.
1589 5388 1749 5445 Vers.
1785 5389 1913 5444 Ant.

312 5461 530 5518 Patrem
559 5477 749 5515 meum.

392 5536 407 5571 1
458 5534 615 5588 Vers.
641 5535 768 5587 Ant.
799 5531 1143 5587 Conveniunt.

388 5607 403 5655 l
458 5604 733 5658 Observato
754 5605 863 5674 qui.
892 5602 1048 5657 Vers.
1078 5602 1204 5657 Ant.

387 5675 410 5713 ιε
458 5675 615 5730 V’ers.
642 5673 773 5729 Ant.
802 5673 1053 5730 Formam
1083 5691 1197 5730 nos.

390 5744 405 5785 ¹
456 5747 612 5803 Vers.
644 5748 771 5802 Ant.
804 5746 945 5812 Quos
974 5762 1193 5813 semper.
1222 5746 1385 5813 Quos,
1411 5745 1556 5802 idem
1582 5745 1799 5802 Lucifer
1823 5746 1858 5803 l.
1882 5748 1917 5801 2

313 5835 417 5899 pro
444 5818 501 5877 S.
536 5817 739 5875 Athan.
773 5818 911 5876 Vide
951 5835 1073 5891 pag.
1109 5820 1211 5877 159
1240 5819 1347 5889 (hic
1379 5817 1480 5875 col.
1513 5820 1639 5890 9‘26,
1668 5818 1764 5874 lin.
1801 5820 1911 5892 l7).

1937 4550 1991 4663 ι)

2012 3322 2179 3386 vobis,
2210 3338 2348 3375 nunc
2376 3330 2547 3375 autem
2571 3330 2616 3374 et
2638 3322 2769 3390 flens
2783 3320 2919 3384 dico,
2950 3319 3189 3373 inimicos
3216 3318 3382 3374 crucis
3398 3316 3614 3385 Christi,

2009 3432 2230 3485 quorum
2264 3415 2385 3484 ﬁnis
2411 3424 2483 3469 est
2514 3413 2773 3479 interitus,
2817 3428 3036 3483 quorum
3065 3414 3190 3466 deus
3217 3421 3389 3467 venter
3413 3422 3489 3468 est
3515 3456 3528 3479 ,
3568 3420 3616 3467 et

2010 3506 2181 3578 gloria
2209 3506 2261 3560 in
2289 3515 2328 3542 ω
2361 3505 2664 3575 confusione
2714 3506 2947 3577 ipsorum
2979 3546 2994 3571 ,
3035 3506 3124 3573 qui
3163 3515 3365 3560 terrena
3409 3507 3617 3576 sapiunt

2011 3600 2236 3672 (Philip.
2261 3616 2341 3667 Ill,
2369 3599 2480 3671 i7).
2500 3598 2568 3653 Et
2585 3599 2649 3654 ad
2672 3598 3017 3655 Timotheum
3038 3600 3107 3656 de
3126 3609 3198 3668 te,
3223 3599 3529 3668 Constanti,
3550 3616 3616 3657 ac

2010 3692 2496 3762 tibi;dilectissimis
2521 3691 2876 3761 comperditis
2894 3682 3002 3767 tu‘is
3027 3691 3236 3763 (lTim.
3264 3709 3341 3759 ιν,
3370 3692 3431 3763 1)
3453 3710 3465 3746 :
3492 3691 3618 3765 Spi—

2009 3783 2141 3837 ritus
2159 3793 2326 3836 atttent
2341 3783 2613 3855 manifeste
2629 3782 2775 3849 dicit,
2795 3784 2916 3853 quia
2930 3784 2982 3837 in
2997 3785 3289 3839 novissimis
3302 3784 3616 3855 temporibus

2010 3874 2250 3929 recedent
2272 3875 2486 3946 quidam
2506 3892 2536 3928 a
2559 3875 2664 3945 ﬁde
2690 3883 2716 3910 υ
2742 3875 3063 3930 attendentes
3080 3876 3349 3946 spiritibus
3377 3879 3615 3932 seducto-

2012 3972 2172 4040 ribus,
2198 3971 2448 4027 doctrinis
2471 3972 2869 4035 dwmoniorum,
2893 3972 2948 4025 in
2968 3980 2992 4007 ο
3016 3971 3280 4043 hypocrisi
3301 3972 3618 4028 mendacilo-

2011 4067 2299 4136 quentium,
2338 4066 2677 4120 cauteriatam
2695 4065 2991 4120 habentium
3016 4066 3384 4121 conscientiam
3402 4078 3428 4117 P
3446 4084 3592 4121 suant
3606 4110 3619 4123 .

2015 4160 2126 4216 Vos
2157 4160 2336 4216 adhuc
2367 4161 2601 4231 percutit
2626 4170 2790 4231 atque
2821 4160 3083 4216 interficit
3119 4161 3357 4233 Spiritus
3386 4163 3621 4220 Sanctus

2017 4266 2111 4308 ore
2136 4253 2381 4323 ejusdem
2412 4255 2554 4311 beati
2579 4255 2810 4325 apostoli
2839 4266 2865 4305 ιι
2887 4272 2900 4312 :
2926 4255 2995 4308 In
3018 4256 3308 4310 novissimis
3324 4256 3501 4311 diebus
3522 4258 3619 4311 ad-

2016 4347 2219 4400 venient
2259 4358 2489 4418 tempora
2528 4349 2840 4417 periculosa.
2896 4346 3067 4402 Erunt
3112 4348 3342 4405 homines
3371 4366 3425 4405 se
3474 4351 3618 4421 ipsos

2018 4451 2274 4509 amantes,
2331 4442 2512 4512 cupidi
2546 4452 2593 4510 ι’,
2623 4442 2851 4512 superbi,
2901 4443 3162 4512 fastidiosi
3214 4452 3261 4510 ³,
3311 4443 3618 4514 blasphenti,

2022 4670 2068 4727 Α
2088 4607 2129 4635 ιιι
2168 4596 2247 4652 Ex
2279 4596 2489 4665 Graeco,
2522 4598 2573 4652 ἐν
2598 4606 2661 4675 τῇ
2686 4598 2940 4674 αἰσχύνῃ.
2974 4596 3043 4653 In
3082 4600 3426 4671 confessione.
3457 4602 3615 4662 Vers.

2075 4679 2150 4724 nt.

2075 4679 2150 4724 nt.

2093 4752 2121 4777 ¹ι
2162 4741 2343 4796 Gneo.
2365 4750 2458 4803 τῆς
2484 4745 2732 4805 πίστεως.
2756 4740 2801 4794 Α
2827 4743 3056 4798 veritate.
3083 4742 3242 4800 Vers.
3274 4747 3403 4802 Alit.

2095 4823 2119 4848 ο
2158 4814 2238 4869 Ἐν
2267 4814 2555 4891 sumta-5..
2595 4813 2775 4891 Graec.
2806 4812 3308 4891 In‘dissiinulatione
3355 4822 3620 4876 mendacia

2020 4886 2313 4957 loquorum.
2345 4884 2503 4941 vers.
2537 4892 2663 4941 Ant.
2695 4886 3005 4943 Cotelerius
3033 4889 3085 4943 in
3119 4889 3277 4945 Tom.
3320 4908 3333 4946 ι
3376 4892 3615 4948 Monum.

2025 4959 2170 5029 Eccl.
2220 4957 2399 5029 Graec.
2431 4974 2552 5029 pag.
2595 4958 2721 5025 557,
2775 4970 2961 5014 monet
2989 5000 3003 5025 ,
3038 4961 3091 5016 in
3136 4960 3388 5019 Lucifero
3428 4972 3523 5016 aut
3551 4965 3619 5019 ad

2022 5028 2266 5085 Graecam
2317 5028 2649 5084 locutionem
2695 5047 2856 5087 voces
2891 5031 3080 5087 ambas
3111 5033 3182 5086 ita
3214 5049 3335 5089 esse
3386 5036 3620 5098 conjun-

2019 5101 2835 5181 geltdas,mendaciloquentium
2857 5143 2874 5170 ,
2904 5105 2955 5157 ἐν
2981 5105 3249 5181 tia-expiari
3278 5105 3617 5181 ψευδολόγων,

2020 5171 2313 5245 fTitnuth.
2347 5188 2421 5239 Iv,
2457 5184 2547 5245 aut
2574 5173 2861 5244 legendum
2916 5171 3238 5230 mendacium
3282 5171 3617 5245 loquentium.

2020 5244 2130 5299 Nos
2160 5244 2226 5316 ad
2253 5260 2473 5299 sensum
2503 5244 2707 5301 Grteca:
2728 5248 2881 5302 vocis
2903 5255 3189 5316 utramque
3214 5244 3616 5315 conjunximus.

2057 5327 2121 5441 be
2160 5314 2390 5442 lMergitur
2407 5326 2455 5370 et
2475 5319 2840 5373 conscientiam
2856 5334 3024 5374 suam.
3055 5314 3215 5375 γει-ς.
3240 5314 3365 5373 Ant.
3393 5316 3621 5374 Mentem

2093 5403 2152 5441 es
2203 5406 2229 5439 a
2312 5403 2474 5442 ra'co.

2022 5402 2178 5441 308$!
2203 5406 2229 5439 il
2262 5402 2474 5443 UI'EI‘CO.

2094 5469 2122 5507 ει
2163 5460 2397 5531 ᾼροδιοιὶ
2420 5459 2597 5517 Pauli.
2630 5461 2808 5517 Vatic.

2098 5541 2118 5566 τ
2160 5530 2293 5585 Cum
2322 5534 2485 5602 Cypr.
2505 5533 2598 5589 lib.
2619 5533 2687 5589 de
2712 5533 2859 5589 Unit.
2885 5531 3034 5588 Eccl.
3053 5533 3209 5589 Vers.
3236 5534 3364 5591 Ant.
3389 5534 3615 5591 Avari...

2022 5620 2126 5658 non
2148 5602 2499 5658 obaudientes.

2096 5681 2116 5709 ³
2162 5674 2343 5755 Gneo:
2372 5677 2636 5742 ἀλαζόνες,
2667 5676 3328 5755 ὑπερήφανοιλνυιςεεζαιί
3348 5721 3363 5744 ,
3394 5677 3617 5755 superbi.

2022 5747 2088 5802 Et
2118 5762 2186 5802 eo
2215 5746 2443 5821 quidem
2466 5762 2655 5821 sensu,
2687 5746 2795 5819 quo
2818 5746 3045 5821 superbi,
3077 5746 3253 5820 ac'cipi
3280 5766 3439 5817 posse
3456 5746 3622 5806 'vide-

2021 5827 2111 5876 tur
2136 5820 2397 5893 fastidiosi
2427 5818 2681 5878 Luciferi.
2708 5818 2912 5883 Cicero
2938 5837 2975 5879 ι
2999 5818 3223 5896 Ριιὶιὶρ.;
3255 5822 3512 5893 Quorum,
3536 5823 3591 5882 in
