4094 6190
285 267 424 346 1039

1203 228 1623 332 nontamen
1666 254 1837 329 esse
1879 251 2020 325 eno
2058 253 2172 312 om
2211 255 2393 325 riuo
2434 253 2663 326 eteae.

3452 245 3586 319 5039

285 383 538 448 litteras;
571 385 756 444 noster
785 389 967 438 sermo
997 382 1085 433 est
1115 372 1447 444 communis,
1487 379 1681 442 contra
1707 380 1889 428 vester
1917 369 1970 434 Α
1993 370 2157 428 latam
2183 371 2499 436 felicitatem
2531 380 2788 442 reSpuat,
2822 369 2930 434 nisi.
2955 371 3048 439 qui
3098 370 3170 426 sit
3201 377 3252 424 te
3296 367 3591 434 infelicior,

287 474 514 544 politus,
547 479 794 538 ornatus,
829 469 922 540 qui
953 468 1119 525 etiam
1151 466 1257 540 diei
1288 475 1563 534 mereatur
1607 463 1886 530 disertus;

287 578 341 622 et
370 575 554 620 tamen
605 563 840 622 suadere
887 560 1062 628 dulcis
1091 575 1188 630 per
1217 569 1392 626 artem
1423 556 1685 630 qua-situs
1710 571 1891 618 sermo

290 667 476 713 vester
499 656 632 722 nulli
658 662 833 726 potest
859 651 1306 720 christianorum,
1323 649 1425 722 nisi
1451 649 1525 714 ei,
1550 648 1640 719 qui
1670 663 1776 727 nou
1801 648 1889 714 sit,

290 751 384 808 sed
419 759 626 806 tantum
670 749 906 814 dicatur,
937 753 996 802 ut
1045 755 1121 812 tu,
1152 745 1240 814 qui
1271 758 1391 798 cum
1441 742 1518 804 sis,
1565 741 1724 811 lupus
1754 755 1894 808 unus

290 858 416 906 esse
448 843 518 902 de
542 840 734 896 ovibus
765 839 832 896 ab
874 837 1060 902 insciis
1083 835 1370 906 judiceris.
1403 834 1535 916 Quis
1564 840 1672 889 tam
1703 847 1895 888 excors

292 946 396 1003 est,
430 935 536 994 nisi
567 933 658 1006 qui
691 945 746 988 ut
778 942 832 988 tu
856 946 1075 988 omnem
1121 930 1368 984 hauseris
1395 927 1690 992 amentiam
1720 925 1743 979 ?
1775 925 1896 997 quis

291 1039 377 1086 est
427 1029 525 1088 Dei
576 1026 927 1094 famulorum,
959 1026 1052 1096 qui
1108 1024 1245 1082 nolit
1276 1020 1586 1082 devotionis
1631 1019 1898 1088 obsequio

294 1130 470 1188 morte
502 1117 830 1176 honestari?
860 1117 982 1188 quis
1031 1128 1112 1172 ρει
1170 1114 1262 1183 qui
1315 1128 1570 1179 cruorem
1616 1110 1899 1186 sanguinis

292 1213 375 1266 sui
411 1227 514 1284 pro
543 1209 763 1266 Christo
787 1223 892 1274 non
918 1209 991 1270 sit
1019 1206 1340 1266 desiderans
1370 1203 1634 1275 fundere?
1656 1218 1777 1270 eum
1802 1201 1902 1256 hu-

291 1289 536 1376 jusmodi
569 1317 720 1358 mors
752 1301 1103 1372 integrioretn
1137 1296 1303 1352 faciat
1325 1296 1511 1372 vitam,
1532 1306 1790 1362 attentam
1821 1293 1903 1349 in-

298 1397 478 1452 veniat
505 1395 755 1464 gloriam.
783 1393 1024 1459 Stamus,
1057 1399 1116 1445 ιιι
1136 1389 1400 1456 advertis,
1426 1389 1626 1455 virtute
1657 1387 1750 1441 Dei
1779 1401 1902 1455 pro-

298 1489 452 1556 tecti,
482 1487 774 1562 praeceptis
810 1483 1092 1554 Evangelii
1142 1482 1378 1548 calciati,
1431 1480 1539 1550 fixo
1594 1478 1903 1546 immobiles

298 1582 491 1656 gradu,
519 1597 588 1637 ne
618 1580 829 1652 possint
861 1594 956 1650 per
985 1587 1038 1632 te
1064 1575 1329 1648 pnecipiti
1357 1573 1477 1630 labe
1509 1573 1628 1644 rapi
1654 1571 1901 1641 vestigia.

298 1680 517 1750 Stemus
547 1686 762 1732 scutum
797 1673 924 1729 fidei
956 1681 1232 1737 tenentes,
1263 1678 1320 1730 ut
1349 1669 1401 1722 in
1433 1677 1606 1734 totum
1638 1683 1745 1724 non
1777 1680 1903 1736 pos-

1992 481 2113 522 cum
2137 466 2316 523 videat
2337 467 2683 534 confessimie
2713 466 2863 534 vocis
2889 467 3071 531 unius,
3093 464 3427 520 Christianus
3453 480 3591 529 sum,

1992 558 2222 615 adversa
2280 560 2662 627 succumbere,
2696 559 2817 626 lteta
2849 559 3159 629 provenire,
3215 555 3458 626 patefieri
3507 571 3596 610 re.—

1993 666 2123 722 gna,
2157 666 2362 706 aeterna
2417 653 2595 722 parari
2639 653 2864 720 imperia
2889 653 2911 705 ?
2937 653 3080 715 Dicis
3111 669 3122 704 :
3158 649 3359 721 Negate
3381 646 3480 704 Dri
3507 647 3599 706 Fi-

1999 745 2148 811 lium,
2175 755 2263 811 aut
2286 747 2662 815 inter/icictt'os
2683 747 2845 802 virtus
2870 748 3016 819 regni
3048 745 3164 812 uici.
3199 744 3368 812 Quam
3403 742 3599 804 melius

1997 847 2083 892 est
2110 838 2178 896 ab
2211 837 2366 902 hoste
2393 837 2592 906 Christi
2630 839 2883 905 interfici,
2909 853 3070 908 quam
3096 854 3123 900 ιι
3146 837 3365 894 Christo
3389 839 3402 892 l
3437 851 3596 908 quam

1999 939 2085 986 cst
2136 933 2402 1000 optimum
2457 942 2573 996 ate
2623 933 2930 988 antichristi
2989 935 3167 990 amico
3209 933 3459 997 mactari,
3492 943 3602 988 eta

2001 1023 2226 1081 Christo
2258 1024 2518 1092 vivificari
2546 1027 2560 1080 ι
2589 1026 2720 1096 Quis
2749 1026 2890 1088 nolit
2914 1027 3188 1100 particeps
3209 1042 3276 1084 ac
3301 1025 3482 1080 socius
3511 1041 3606 1095 pa-

2004 1116 2391 1182 triarcharum,
2446 1117 2855 1196 prophetarum,l
2915 1118 3288 1188 apostolorum
3321 1158 3336 1181 ,
3395 1127 3603 1188 marty-

2001 1224 2141 1277 rum,
2176 1221 2608 1284 cunctorumque
2631 1212 2908 1279 iustorum
2937 1211 3191 1278 inveniri,
3223 1225 3382 1278 quam
3425 1209 3601 1274 Jlldic,

2003 1302 2157 1373 cujus
2187 1311 2241 1370 tu
2272 1303 2530 1368 exStitisti
2563 1305 2849 1359 imitator?
2883 1305 2935 1368 In
2959 1319 3182 1359 carcere
3205 1319 3302 1372 per
3332 1303 3603 1360 lit-rudem

2005 1395 2484 1468 compestilentetn
2519 1407 2666 1460 tuum
2700 1396 2916 1464 punitus
2941 1406 3023 1452 cst
3048 1397 3288 1466 Baptista
3323 1395 3602 1462 Joannes;

2005 1485 2268 1550 Iacobum
2301 1488 2508 1544 smvitia
2533 1487 3047 1552 llerodisinterfecit
3083 1505 3096 1554 ;
3130 1488 3180 1541 in
3204 1488 3436 1552 insulam
3463 1486 3490 1524 ιν
3524 1505 3609 1544 te.-

2011 1577 2222 1657 legatus
2271 1579 2556 1648 apostolus
2610 1577 2898 1645 Joannes;
2946 1580 3240 1640 crucifixus
3287 1591 3368 1648 est
3420 1581 3608 1640 lit-atus

2014 1673 2233 1738 Petrus;
2263 1674 2520 1743 alligatus
2545 1683 2629 1727 est
2651 1674 2842 1729 beatus
2871 1675 3150 1744 apostolus
3181 1674 3402 1742 Paulus,
3433 1677 3612 1731 ret-lu-

301 1776 412 1830 sint
443 1788 538 1844 per
566 1783 616 1829 te
642 1773 793 1842 iacta
825 1769 1086 1828 fumantia
1121 1766 1292 1822 lmslis
1319 1778 1677 1824 concrescere
1702 1762 1904 1838 iacula,
2017 1781 2108 1834 sus
2129 1774 2213 1832 est
2239 1766 2571 1834 carceribus,
2601 1766 2900 1837 lingu-limus
2929 1775 3030 1832 est,
3065 1776 3117 1834 et
3141 1783 3285 1838 saepe
3317 1768 3607 1842 lapidatus,

303 1868 504 1939 quippe
558 1880 680 1936 qua:
739 1878 956 1934 semper
995 1860 1047 1916 in
1084 1869 1134 1916 te
1192 1857 1649 1930 repercutiantur.
1705 1855 1908 1916 Munita

307 1970 434 2016 sunt
463 1970 648 2030 nostra
671 1958 850 2029 capita
881 1953 1097 2018 casside
1130 1953 1344 2017 salutis,
1366 1958 1452 2006 est
1482 1950 1533 2006 in
1562 1964 1661 2004 ore
1684 1949 1908 2014 verbum

310 2053 543 2119 Domini,
568 2063 625 2108 ut
652 2051 825 2114 hostis
848 2049 899 2104 in
928 2059 982 2104 te
1007 2047 1309 2104 collocatus
1331 2043 1512 2114 gladio
1534 2042 1770 2114 elidatur
1801 2042 1913 2114 spi-

308 2147 478 2215 ritali,
502 2155 781 2206 sternatur
805 2141 1116 2216 pariterque
1143 2140 1476 2210 dissipetur;
1505 2151 1626 2192 esse
1657 2135 1912 2201 advertas

310 2249 556 2296 sanctam
592 2237 776 2301 fidem,
803 2251 968 2306 quam
1002 2248 1101 2289 nos
1150 2232 1393 2303 alijicere
1422 2231 1680 2300 cogebas,
1717 2229 1913 2286 anima:

310 2341 510 2392 nostrae
541 2330 822 2402 clypeum,
843 2341 892 2384 et
924 2328 1120 2381 fortem
1139 2334 1191 2380 et
1219 2322 1756 2394 impenetrabilemet
1785 2337 1915 2382 con-

311 2434 520 2479 textam
549 2421 793 2488 loricam,
830 2435 990 2491 quam
1026 2419 1172 2472 nulla
1204 2417 1409 2472 diaboli
1442 2417 1648 2485 possint
1683 2415 1790 2470 tela
1822 2431 1916 2485 per

314 2528 366 2574 te
397 2515 678 2588 perforare
721 2497 892 2568 illata.
925 2511 1156 2580 Tantam
1194 2511 1655 2582 perseverantiam
1686 2522 1919 2563 cernens

315 2608 762 2673 Christianorum,
785 2602 1178 2675 Defendendunt
1196 2611 1294 2665 est,
1310 2602 1516 2672 inquis,
1534 2610 1583 2656 et
1603 2617 1734 2658 α,ηιε
1763 2600 1919 2656 semel

315 2710 614 2773 susceptum
641 2700 894 2770 Aricinum
941 2695 1168 2768 dogma;
1199 2693 1336 2749 dicis
1379 2694 1506 2747 talia
1536 2692 1770 2746 honesta
1828 2708 1922 2746 vu-

319 2795 528 2851 luntate
560 2808 772 2849 errans.
810 2789 992 2845 Sentis
1022 2787 1167 2843 enim
1214 2785 1351 2842 nihil
1395 2801 1519 2840 esse
1544 2784 1596 2838 in
1629 2784 1794 2842 rebus
1822 2783 1922 2836 hu-

322 2891 500 2946 manis
556 2889 825 2959 religione
880 2883 1232 2956 praestantius
1268 2924 1281 2947 ,
1331 2897 1561 2950 eamque
1607 2895 1816 2944 sunuua
1873 2879 1922 2932 vi

322 2992 578 3052 oportere
595 2964 812 3035 defendi
842 2995 854 3031 :
883 2975 1131 3036 defendis
1173 2973 1356 3048 gladio
1379 2990 1394 3040 ;
1420 2981 1475 3027 at
1498 2988 1597 3027 nos
1621 2971 1924 3027 defenden-

324 3051 447 3136 dam
481 3074 729 3132 novimus
782 3070 1105 3141 religionem
1164 3051 1269 3122 non
1320 3067 1646 3132 occidendo,
1677 3070 1773 3122 sed
1809 3082 1927 3120 mo-

2017 1858 2335 1930 interfectus
2365 1868 2452 1920 est
2483 1869 2784 1932 postremo.
2822 1859 2950 1927 Sed,
3000 1859 3052 1912 hi
3088 1861 3270 1929 cuncti
3302 1859 3394 1916 illa
3419 1861 3614 1934 gratis~

2015 1953 2152 2022 sitne
2205 1952 2525 2018 sustinendo
2573 1951 2715 2026 quod
2768 1951 2926 2022 amici
2962 1951 3053 2016 Dei
3088 1951 3291 2006 fuerint
3339 1952 3487 2018 facti,
3521 1951 3613 2028 qui

2017 2044 2373 2116 advertimus,
2410 2056 2463 2101 et
2497 2045 2596 2116 ipsi
2643 2044 2851 2101 crudeli
2902 2061 3064 2106 ntanu
3099 2054 3186 2100 tua
3228 2047 3452 2113 mactari
3505 2062 3617 2104 ma-

2019 2140 2218 2201 lumus,
2255 2153 2417 2206 quam
2443 2145 2548 2192 tua:
2574 2136 2773 2194 cedere
2824 2137 3172 2204 carniﬁcinae.
3205 2136 3317 2204 Cur
3345 2155 3442 2192 nos
3487 2152 3616 2202 exo-

2018 2245 2109 2284 sos
2161 2229 2354 2300 habes,
2402 2246 2500 2285 cur
2558 2242 2705 2296 tanta
2755 2231 2970 2288 saevitia
3003 2231 3392 2302 persequeris?
3424 2247 3622 2308 nempe

2019 2322 2143 2395 quia
2170 2337 2268 2376 uos
2293 2322 2624 2394 christianos
2652 2325 2956 2390 fateamur:
2990 2334 3044 2380 et
3068 2325 3142 2378 illi
3187 2327 3353 2393 litati,
3387 2342 3618 2396 quorum

2022 2417 2250 2488 fecimus
2281 2421 2637 2488 mentionem,
2673 2436 2769 2489 pro
2799 2421 2958 2480 unico
2985 2431 3110 2474 sunt
3140 2420 3410 2488 inletfecti
3432 2437 3461 2480 τι
3486 2438 3620 2476 cou-

2024 2511 2268 2581 tyrannis
2300 2510 2403 2564 luis
2431 2511 2524 2565 Dei
2551 2510 2709 2576 Filio,
2746 2527 2846 2566 cur
2890 2528 2949 2567 se
2992 2513 3110 2583 ejus
3140 2528 3329 2572 servos
3359 2513 3620 2582 dixerint.

2029 2603 2165 2656 Dicit
2192 2618 2287 2657 ore
2319 2602 2564 2674 religiosi
2597 2605 2760 2658 David
2809 2605 3043 2674 Spiritus
3085 2617 3310 2670 sanctus
3336 2623 3402 2666 ex
3453 2607 3625 2672 nostri

2027 2709 2259 2765 persona
2290 2695 2476 2765 populi
2506 2713 2518 2748 :
2551 2695 2611 2750 Si
2639 2695 2787 2760 obliti
2813 2713 2993 2750 sumus
3022 2715 3206 2766 nomen
3239 2698 3338 2764 Dei
3360 2702 3548 2766 nostri,
3579 2711 3627 2768 et

2027 2786 2068 2839 si
2093 2786 2432 2860 expandintus
2465 2803 2650 2841 manus
2683 2798 2884 2857 nostras
2909 2791 2977 2854 qd
3000 2789 3155 2846 deum
3180 2792 3427 2856 alienum,
3455 2810 3628 2858 nonne

2029 2874 2170 2931 Deus
2197 2877 2410 2946 requirit
2446 2887 2466 2914 ε
2496 2877 2644 2932 ista?
2671 2877 2793 2947 Ipse
2821 2881 2957 2933 enim
2986 2885 3123 2946 novit
3152 2882 3452 2950 aizscwidita
3474 2881 3496 2918 ι¹
3515 2901 3629 2944 cur-

2031 2969 2110 3024 dis
2127 2973 2151 3024 ἔ
2163 2971 2410 3042 quoniam
2433 2985 2644 3044 propter
2667 2983 2714 3028 te
2727 2976 3104 3046 mortiﬁcamur
3134 2989 3244 3046 (atq
3265 2979 3368 3043 die,
3388 2981 3632 3044 (extimui

2033 3083 2212 3119 sumus
2241 3079 2294 3118 ut
2317 3081 2430 3132 oves
2453 3068 2852 3142 occisionis(Ps.
2883 3087 3034 3139 mu,
3055 3070 3180 3143 21);
3208 3081 3266 3130 et
3291 3086 3346 3128 tu
3367 3077 3638 3132 COIléiilue

329 3173 520 3231 riendo
570 3185 669 3243 pro
702 3167 834 3234 Deo,
871 3167 1233 3234 universaque
1286 3162 1426 3218 mala
1463 3161 1581 3216 haec
1608 3176 1730 3232 quae
1762 3172 1818 3218 tu
1843 3164 1924 3214 iu-
1957 3157 2003 3222 C
2037 3156 2139 3226 tius
2166 3157 2377 3227 Arianze
2411 3158 2738 3216 idololatria:
2770 3165 3107 3236 mancipatus
3141 3167 3345 3226 interea
3399 3167 3632 3237 impeta-

326 3266 474 3338 geris
503 3258 847 3332 sustinendo.
878 3256 992 3311 'l‘ali
1044 3269 1246 3326 genere
1297 3252 1662 3309 defendentes
1714 3253 1929 3324 religio-

331 3372 454 3413 nem
487 3369 608 3428 quaa
665 3362 754 3406 tua
800 3348 1102 3405 crudelitas
1157 3345 1358 3416 poterit
1410 3346 1629 3413 vincere
1655 3346 1678 3398 ?
1703 3347 1758 3400 Si
1788 3345 1930 3399 enim

333 3449 566 3521 quilibet
607 3445 839 3501 militum
884 3453 1100 3497 tuorum
1149 3441 1202 3515 in
1235 3440 1336 3495 hac
1392 3439 1566 3511 fragili
1604 3441 1813 3508 imperii
1860 3440 1935 3495 ttti

336 3543 531 3601 militia
573 3540 669 3594 tibi
703 3537 920 3595 mortali
955 3535 1204 3591 mortalis
1238 3533 1396 3590 fidem
1427 3533 1724 3589 servaverit
1757 3536 1807 3588 in
1839 3534 1937 3589 ali-

339 3653 445 3712 quo
474 3635 694 3708 egregio
724 3632 986 3695 facinore,
1022 3639 1076 3684 et
1104 3628 1377 3698 acceptior
1432 3627 1510 3691 fit,
1541 3637 1593 3681 et
1627 3627 1807 3696 carior
1844 3647 1858 3692 ;
1891 3627 1937 3681 si

342 3729 564 3803 perierit
591 3726 737 3797 apud
772 3735 824 3780 te
856 3725 1073 3778 inanem
1114 3721 1413 3786 hominem,
1449 3737 1713 3786 summam
1743 3735 1939 3777 conse-

341 3825 524 3898 quitur
549 3821 803 3896 gloriam,
850 3818 994 3892 quod
1049 3833 1145 3888 pro
1174 3824 1224 3870 te
1255 3815 1395 3870 duce
1426 3830 1524 3869 suo
1551 3825 1725 3871 morte
1780 3830 1941 3870 occu-

346 3918 523 3974 buerit
553 3930 568 3969 :
602 3922 806 3986 quanto
837 3910 1008 3982 magis
1039 3908 1148 3962 Deo
1179 3916 1383 3962 :‘t-terno
1437 3907 1754 3979 imperatori
1810 3907 1942 3962 fides

344 4020 428 4068 est
452 4008 718 4066 servanda
751 4023 779 4061 a
812 4005 970 4062 nobis
993 4003 1298 4058 clementia:
1330 4001 1446 4072 ejus
1476 4000 1742 4058 militibus
1768 4005 1780 4055 !
1811 4001 1941 4057 Cum

349 4106 466 4160 hcce
493 4117 593 4158 nos
622 4115 790 4173 agere
818 4106 1130 4167 susceptum
1160 4104 1319 4166 cogat
1350 4094 1588 4150 officium
1617 4096 1944 4165 devotionis,

353 4207 428 4262 tu,
465 4193 590 4266 quia
623 4207 806 4250 caecus
850 4192 924 4245 sis
954 4189 1230 4246 Christum
1260 4203 1447 4244 verum
1493 4189 1658 4243 Deum
1707 4191 1819 4258 veri
1854 4189 1948 4244 Dei

351 4291 551 4347 Filium
585 4303 708 4344 esse
731 4303 842 4350 non
873 4283 1169 4350 credendo,
1199 4282 1321 4354 quia
1355 4281 1428 4354 sis
1459 4281 1781 4352 simpliciter
1808 4281 1948 4338 infea

355 4388 451 4454 lix,
485 4385 627 4457 quod
657 4393 880 4439 aeterna:
920 4381 1113 4436 mortis
1145 4381 1400 4434 tenebras
1433 4375 1654 4431 minime
1683 4375 1950 4441 evaseris,

354 4482 611 4536 volueras
624 4487 678 4544 et
697 4493 798 4544 nos
824 4475 1004 4552 redire
1027 4474 1093 4534 ad
1111 4481 1350 4544 veterem
1374 4470 1698 4538 caecitatem,
1719 4478 1778 4540 ιιι
1801 4477 1911 4526 tam
1928 4478 1954 4506 ιι

2037 3257 2144 3324 tor,
2166 3249 2404 3316 Metuitc,
2425 3253 2625 3330 inquis,
2641 3257 2910 3326 frendere;
2923 3261 3324 3318 rccrudesccntis
3344 3261 3396 3316 in
3415 3272 3634 3324 vestram

2037 3360 2212 3398 necent
2235 3345 2454 3401 insanire
2487 3364 2630 3411 mcw,
2663 3359 2710 3402 et
2759 3361 2915 3405 estote
2961 3369 3162 3410 mecum
3191 3366 3465 3424 apostatw.
3513 3359 3639 3426 llaec

2038 3435 2261 3492 audiens
2316 3454 2422 3492 non
2457 3440 2772 3495 vulneribus
2801 3445 2905 3510 tuis
2938 3446 3141 3512 mederi
3174 3447 3279 3511 vis,
3331 3448 3426 3504 sed
3471 3450 3642 3522 magis

2041 3530 2223 3600 pergis
2255 3546 2400 3586 czeco
2430 3540 2481 3586 et
2509 3532 2871 3589 irrationabili
2896 3535 3082 3592 furore
3103 3537 3324 3592 illorum
3357 3540 3641 3610 instinctu,

2041 3623 2133 3695 qui
2191 3625 2469 3680 insinuant
2525 3643 2585 3696 se
2615 3629 2784 3684 menti
2849 3640 2977 3696 tute,
3011 3641 3066 3690 et
3096 3634 3353 3710 instigant
3394 3640 3639 3707 nesciunt

2042 3717 2227 3775 furere
2257 3722 2340 3775 his
2370 3722 2650 3792 spiritibus
2678 3734 2726 3788 θ,
2762 3725 2962 3796 quibus
2989 3739 3071 3800 tu,
3102 3730 3249 3802 quod
3300 3732 3396 3786 Dei
3429 3736 3648 3802 unicum

2047 3811 2247 3867 Filium
2287 3829 2476 3885 neges,
2501 3815 2815 3886 sacrificare
2842 3818 3180 3894 dignosceris
3205 3839 3225 3898 ;_
3246 3825 3360 3892 qui,
3393 3827 3516 3894 quia
3547 3843 3646 3897 per

2046 3921 2106 3962 se
2132 3922 2338 3964 nocere
2363 3909 2520 3974 nobis
2554 3909 2686 3966 nihil
2711 3922 2959 3982 possunt,
2995 3918 3333 3987 protegimur
3355 3919 3509 3984 enim
3535 3935 3646 3987 ma-

2049 4002 2332 4087 gnitudine
2351 4003 2474 4070 Dei,
2495 4019 2589 4075 per
2612 4013 2663 4060 te
2687 4021 2784 4062 nos
2806 4007 3102 4074 satellitem
3130 4027 3290 4080 suum
3310 4028 3649 4084 persequuti?

2054 4105 2162 4162 tur,
2194 4112 2330 4165 quos
2378 4096 2479 4152 sibi
2512 4099 2763 4154 inimicos
2791 4115 2912 4168 esse
2971 4101 3354 4175 infestissimos
3384 4108 3651 4175 sentiunt,

2054 4202 2424 4262 exercentque
2467 4207 2562 4268 per
2596 4200 2650 4248 te
2676 4206 2981 4266 amatorem
3005 4213 3166 4266 suum
3201 4199 3467 4270 saevitiam
3490 4217 3650 4272 quam

2058 4285 2452 4354 violentissime
2500 4297 2749 4367 possunt,
2799 4290 3175 4360 existimantes
3204 4294 3514 4354 interventu
3561 4306 3654 4356 tuo

2057 4379 2329 4433 carnificis
2347 4395 2407 4433 se
2433 4389 2673 4433 nostram
2701 4383 2997 4437 violaturos
3027 4386 3208 4440 fidem.
3238 4388 3488 4442 Doctrina
3521 4405 3656 4445 cuu—

2061 4481 2272 4524 etarum
2307 4479 2390 4524 est
2433 4485 2712 4525 sacrarum
2753 4473 3187 4542 scripturarum,
3237 4479 3288 4544 in
3337 4478 3433 4538 Dei
3463 4479 3658 4540 Filium

359 4589 468 4630 non
522 4570 873 4641 simpliciter,
926 4566 1024 4628 sed
1050 4564 1452 4634 detestabiliter
1478 4578 1609 4626 eum
1639 4561 1846 4626 lumine
1878 4565 1955 4624 vi-
1983 4555 2034 4614 D
2059 4562 2285 4617 credere
2307 4561 2535 4632 primam
2555 4571 2608 4617 et
2627 4576 3058 4620 consummatam
3077 4581 3200 4622 esse
3217 4571 3503 4637 justitiam.
3526 4575 3663 4632 llinc

359 4670 615 4725 deremus
666 4668 918 4722 amisisse
944 4663 1311 4736 prudentiam.
1348 4659 1480 4714 Nam
1507 4669 1564 4713 et
1605 4673 1727 4730 cum
1760 4671 1962 4727 cogno-

361 4777 578 4819 scamus
628 4775 789 4826 unam
823 4755 1018 4813 mortis
1062 4753 1466 4824 damnationem
1514 4767 1638 4818 esse
1678 4751 1798 4815 tibi,
1835 4752 1960 4826 quia

365 4853 595 4912 credere
628 4851 786 4915 nolis,
822 4860 876 4905 et
923 4846 1260 4920 geminatum
1309 4843 1509 4908 malum
1542 4857 1664 4904 esse
1707 4843 1888 4907 nobis,
1920 4843 1963 4904 si

369 4947 568 5017 reiecta
605 4955 794 5000 nostra
850 4941 1180 5002 credulitate
1210 4937 1278 4992 ad
1332 4937 1620 4992 interitum
1647 4936 1828 4990 redire
1857 4951 1970 4990 ma-

371 5040 654 5104 luerimus,
689 5035 964 5108 quomodo
989 5048 1087 5088 nos
1118 5047 1276 5103 posse
1308 5032 1413 5086 tuis
1437 5044 1864 5100 praesumpseras
1883 5037 1975 5083 aut

373 5134 522 5202 faisis
550 5131 851 5200 obsequiis,
890 5145 1009 5199 qua)
1063 5127 1261 5200 magis,
1307 5125 1436 5188 dum
1478 5123 1732 5194 illicittztt.
1770 5123 1976 5180 interii-

375 5229 548 5298 ciunt.
578 5237 676 5284 aut
699 5225 955 5281 omnibus
1003 5229 1403 5278 tormentorum
1441 5217 1784 5276 crudelitatis
1812 5232 1978 5286 gene-

375 5323 529 5379 ribus
559 5337 587 5376 a
611 5321 707 5376 Dei
740 5317 1004 5391 charitate
1034 5313 1277 5386 separari
1311 5313 1488 5398 Minis
1516 5322 1727 5375 tantam
1751 5309 1851 5367 sibi
1883 5311 1979 5368 ohe

457 5510 481 5537 ³
509 5498 654 5562 Jam.
685 5495 867 5562 Latin.

455 5569 483 5608 ι»
509 5559 673 5645 [forte
698 5557 946 5645 addenda
976 5579 1080 5645 vox
1107 5561 1348 5635 Palmm.
1379 5557 1628 5630 Gaﬂpnd.

462 5653 483 5680 ε
518 5639 677 5700 V'et‘s.
719 5641 846 5704 Aut.
884 5639 1132 5704 requiret.

464 5710 490 5748 ιι
533 5701 770 5775 Occulta,
792 5714 849 5763 et
871 5701 1033 5762 morte
1055 5705 1337 5775 afﬁcietur.
1352 5701 1510 5775 ΔΕΜ.

469 5792 490 5820 ο
536 5769 799 5852 ιηιιὶςαὴι
827 5776 1053 5832 nescium
1091 5769 1288 5849 furere.
1345 5769 1416 5828 Hi
1455 5772 1675 5828 soiritus
1718 5783 1854 5842 sunt,
1881 5784 1990 5842 etc.

2064 4666 2149 4710 est
2195 4656 2336 4724 quod
2372 4667 2422 4711 te
2467 4657 2612 4710 victo
2643 4657 3032 4727 quazstiouario
3066 4658 3085 4697 ί
3122 4662 3196 4716 illi
3221 4665 3500 4736 dmmones
3531 4670 3583 4736 iu
3611 4681 3663 4726 te

2068 4751 2379 4818 vincantur,
2415 4750 2536 4821 quia
2580 4751 2868 4820 victoriam
2911 4770 3021 4812 non
3049 4765 3364 4828 nostrum,“
3389 4759 3664 4834 fragilium

2073 4842 2229 4904 nobis
2261 4852 2485 4911 prtestat
2521 4857 2820 4913 corporum
2853 4847 3047 4914 virtus,
3077 4849 3176 4905 sed
3205 4852 3356 4907 illius
3379 4855 3668 4912 dementia

2071 4938 2162 4993 ille
2190 4935 2394 4992 sufficit
2427 4938 2594 5004 vires,
2632 4948 2689 4993 ιιι
2717 4939 2862 4996 inter
2887 4957 3050 4998 omne
3073 4946 3402 5010 carnificina:
3445 4958 3548 5004 tum
3593 4951 3673 5005 in-

2075 5037 2440 5099 strumentum
2474 5028 2736 5086 duremus
2783 5033 3112 5104 immobiles,
3149 5049 3205 5104 ut
3237 5054 3350 5108 non
3393 5041 3674 5107 doloribus

2080 5124 2391 5187 vulnerum,
2437 5139 2544 5177 nou
2579 5123 2776 5190 ictibus
2807 5127 3170 5196 qumstiunum
3215 5132 3545 5200 frangantur,
3579 5134 3676 5191 sed

2079 5218 2259 5290 potius
2285 5215 2601 5286 erigantur;
2631 5216 2760 5272 hinc
2797 5233 2960 5274 verus
2992 5231 3078 5275 est
3106 5220 3203 5274 Dei
3236 5221 3435 5288 cultus,
3489 5226 3539 5280 in
3571 5242 3680 5296 quo

2084 5323 2297 5386 mentes
2328 5311 2630 5368 colentium
2660 5313 2871 5384 seipsas
2897 5313 3005 5382 Deo
3033 5314 3408 5388 immaculatas
3436 5320 3680 5388 victimas

2098 5491 2272 5578 Datin.
2292 5502 2360 5578 “et
2388 5492 2635 5578 Gallaud:
2668 5493 2761 5549 liis
2809 5495 3127 5578 immutatis,
3155 5499 3428 5578 spixitibm
3457 5519 3553 5570 pro
3583 5507 3689 5578 spi-

2097 5566 2249 5634 ritus,
2284 5566 2458 5632 furere
2488 5579 2584 5634 pro
2607 5567 2800 5634 furore,
2833 5567 3155 5622 sententiam
3186 5566 3509 5630 retinemus.

2135 5632 2196 5717 ,ί
2231 5635 2333 5702 Qui
2377 5632 2683 5705 quaestione:
2722 5635 2786 5691 de
2811 5635 2954 5695 Fida
2994 5639 3052 5694 in
3094 5657 3188 5697 nos
3217 5659 3428 5706 exerces
3457 5649 3698 5719 judicia.

2100 5722 2226 5766 nas.
