4094 6190
512 296 646 357 1051

1590 282 1921 343 LUClFERl
1962 280 2273 340 EPISCOPI
2311 260 2737 336 CALARITANI

3690 266 3828 326 103!

512 418 739 473 sistunt.
773 411 841 467 Et
889 406 1180 465 arbitraris
1212 406 1311 463 Dei
1338 418 1461 462 esse
1489 402 1760 459 cultorum
1792 415 2118 472 quemquam
2148 400 2197 459 Α
2226 396 2374 469 quia,
2400 395 2502 450 nisi
2533 404 2585 449 te
2624 400 2837 449 mature
2865 387 3225 454 cOuverteris,
3276 386 3381 442 nisi
3411 383 3748 448 credideris,
3778 393 3839 437 ut

518 519 625 565 tam
660 520 881 578 segnem
905 518 969 558 ac
999 501 1283 568 stolidum,
1332 509 1527 555 utnon
1560 496 1713 552 illum
1756 496 1919 551 ardor
1942 493 2117 547 tantitl

515 602 790 673 cupidinis
837 600 1081 663 excitet,
1116 607 1174 654 et
1205 611 1312 651 non
1360 602 1557 659 armet,
1604 606 1711 646 non
1742 590 1984 659 instiget,
2011 602 2117 642 non

516 700 782 765 stimulet,
812 712 919 752 non
947 694 1184 765 denique
1206 692 1315 747 illis
1341 690 1550 747 facibus
1576 686 1779 741 amoris
1801 683 2116 746 inﬂammet,

513 793 715 866 quibus
747 798 876 846 sunt
925 788 1101 845 sancti
1134 782 1456 842 inﬂammati
1511 780 1810 853 pr0pltetzc,
1859 774 2115 847 apostoli,

513 901 579 943 ac
609 885 1148 958 martyres?Quem,
1196 883 1437 953 inquam,
1493 888 1809 934 nostrorum
1859 888 1965 927 non
2018 868 2118 923 im-

516 982 703 1053 pingat
725 982 945 1037 auimus
1000 980 1145 1035 inter
1175 991 1372 1033 manus
1404 984 1521 1031 tuas
1553 970 1806 1028 crudeles
1839 982 1935 1040 pro
1963 963 2117 1022 Chri-

513 1085 600 1130 sto
629 1074 907 1130 interﬁci?
930 1089 1093 1143 quem
1127 1071 1195 1127 ad
1247 1068 1496 1142 martyrii
1525 1067 1757 1139 gloriam
1793 1074 1848 1119 et
1876 1061 2115 1119 culmina

514 1186 623 1227 non
656 1178 864 1225 tantum
917 1183 1013 1239 per
1066 1166 1204 1231 lucc,
1234 1180 1355 1236 quae
1383 1172 1442 1218 tu
1482 1161 1780 1225 ministras,
1825 1155 1923 1213 sed
1950 1154 2113 1210 etiam

515 1278 612 1333 per
640 1260 945 1317 crudeliora
964 1274 1072 1315 non
1097 1257 1387 1329 pervenire
1410 1251 1639 1325 urgeat?
1656 1251 1857 1323 quippe
1884 1262 2009 1305 cum
2040 1248 2116 1299 la-

512 1355 616 1411 cilc
648 1362 979 1425 superentur
1013 1362 1100 1406 tua
1149 1348 1442 1420 supplicia,
1474 1346 1521 1402 si
1548 1346 1788 1415 ipsorum
1814 1338 2114 1421 supplicio-

513 1467 636 1508 rum
679 1458 809 1505 ante
860 1448 1051 1504 oculos
1104 1452 1441 1517 proponatur
1470 1441 1662 1515 gloria.
1710 1437 1820 1494 Nec
1866 1431 2113 1496 enimid,

516 1544 660 1616 quod
707 1544 933 1609 lacerat,
965 1540 1372 1605 consideratur,
1404 1537 1497 1591 ubi
1529 1549 1703 1607 pinnae
1730 1544 1944 1587 merces
1968 1536 2113 1583 tanta

513 1647 834 1710 praestetur.
866 1634 1211 1692 Mercedibus
1243 1627 1757 1701 incorruptibilibus
1803 1633 1893 1679 tua
1926 1665 1941 1689 ,
1978 1621 2115 1675 Con-

509 1734 701 1800 stanti,
737 1742 1008 1788 tormenta
1056 1729 1379 1793 vincuntur,
1407 1735 1463 1781 et
1506 1724 1779 1779 cruciatus
1820 1716 2109 1781 obteritur,

513 1844 662 1884 mors
686 1824 979 1898 subigitur,
1007 1840 1129 1895 qua:
1160 1838 1282 1878 cum
1314 1820 1606 1883 inferatur,

515 1932 758 1993 paratur.
790 1918 1073 1985 Dolerent,
1116 1917 1435 1987 imperator,
1492 1911 1722 1965 vulnera
1770 1921 1866 1978 per
1897 1913 1950 1959 te
1978 1900 2118 1958 inlli-

511 2023 621 2083 cta,
655 2015 699 2070 si
727 2012 912 2069 statim
938 2026 1045 2067 non
1078 2009 1173 2065 Dei
1211 2010 1418 2063 amicos
1466 2004 1769 2060 efﬁcerent.
1802 1999 1879 2054 Ac
1913 2009 1961 2063 ο,
1990 2009 2114 2049 eum

513 2118 643 2166 tunc
670 2094 802 2166 vere
830 2109 1074 2164 victuros
1104 2119 1204 2161 nos
1238 2115 1649 2174 prtesumamus,
1689 2099 1732 2153 si
1759 2112 1789 2150 a
1822 2104 1873 2150 te
1895 2098 2116 2164 propter

512 2203 611 2259 Dei
635 2203 938 2274 plectamur
966 2198 1191 2263 Filium,
1223 2206 1351 2251 tunc
1400 2192 1532 2249 nihil
1557 2187 1753 2247 salutis
1791 2185 2114 2249 amissuros,

511 2297 643 2367 quin
675 2292 701 2330 ά
729 2295 844 2348 licri
874 2301 1054 2363 potest
1084 2298 1144 2344 ut
1175 2288 1282 2343 tuis
1328 2286 1585 2342 inanibus
1613 2282 1871 2338 cedamus
1898 2276 2118 2333 frando-

511 2385 711 2443 ribus?
739 2384 859 2439 Tuo
906 2397 1007 2438 nos
1057 2381 1305 2452 potuisse
1349 2392 1414 2433 ac
1442 2392 1604 2447 posse
1634 2375 1821 2445 vigore
1851 2372 2028 2441 subigi
2058 2385 2120 2426 es

519 2478 840 2542 arbitratus,
860 2485 916 2531 et
941 2472 1109 2530 credo
1140 2471 1319 2527 adhuc
1351 2469 1553 2524 frustra
1576 2465 1881 2521 arbitreris.
1906 2468 2116 2530 Quous-

509 2587 615 2643 que
644 2568 864 2625 tandem
889 2566 1133 2625 abuteris
1166 2566 1259 2621 Dei
1290 2562 1576 2635 patientia,
1600 2557 1922 2615 Constanti?
1948 2556 2117 2623 Quin-

509 2664 679 2721 immo
708 2663 920 2728 hortor,
939 2660 1058 2717 haec
1081 2659 1295 2731 pellens
1318 2674 1384 2715 ex
1416 2654 1721 2713 tenebrosis
1740 2651 1991 2709 sentibus
2013 2650 2118 2706 tuis

512 2758 605 2815 illa
634 2759 839 2814 insulsa
871 2771 1029 2813 tuens
1059 2765 1151 2811 tua
1203 2754 1442 2826 recipiat
1471 2749 1884 2815 meditationes,
1916 2760 2036 2817 quae
2067 2752 2121 2801 te

422 2874 431 2881 ί
510 2854 724 2925 possint
755 2853 811 2909 in
832 2853 975 2909 viam
1004 2860 1269 2918 statuere,
1288 2865 1408 2920 quae
1431 2846 1637 2903 ducunt
1661 2843 1727 2900 ad
1754 2843 1845 2899 Dei
1866 2856 2110 2913 regnum.

508 2945 883 3017 Apprehende
926 2943 1217 2999 amoeniter
1256 2940 1401 3012 quod
1431 2948 1488 2996 te
1516 2939 1679 2995 ducat
1715 2936 1784 2992 ad
1809 2934 2116 2992 convivium

510 3037 769 3105 Abrahae,
792 3036 966 3104 Isaac,
998 3045 1054 3091 et
1094 3033 1288 3101 Jacob,
1316 3032 1413 3088 Dei
1463 3031 1787 3095 amicorum,
1822 3037 1878 3084 tu
1906 3029 1995 3099 qtti
2025 3042 2119 3080 au-

510 3146 605 3187 sus
645 3130 818 3187 fueris
870 3129 1038 3187 homo
1088 3128 1257 3184 totius
1312 3125 1597 3196 injustitiaa
1622 3124 1831 3193 justum
1888 3130 1942 3177 te
1970 3119 2119 3175 testi-

2229 504 2352 555 uos,
2383 488 2602 543 unicum
2628 485 2826 541 Filium
2844 483 2941 539 Dei
2961 496 3183 551 semper
3210 496 3332 536 cum
3362 480 3525 536 Patre
3545 491 3836 549 regnasse,

2222 592 2277 636 et
2313 594 2607 651 numquam
2641 576 2812 633 fuisse
2847 575 3066 632 Patrem
3111 576 3230 630 sine
3269 573 3429 638 Filio,
3465 586 3640 627 unum
3670 570 3839 625 etiam

2222 689 2345 730 esse
2395 688 2623 744 regnum
2672 671 2850 727 Patris
2888 678 2943 725 et
2985 669 3131 724 unici
3182 668 3302 738 ejus
3350 665 3504 734 Filii,
3555 679 3847 733 unamque

2221 767 2479 822 deitatem
2510 765 2791 837 possidere
2814 764 3026 820 Patrem
3050 774 3107 820 et
3134 762 3355 830 Filium,
3393 762 3444 816 in
3468 771 3763 817 aeternum
3795 769 3848 813 te

2220 861 2521 931 periturum
2553 878 2564 913 :
2598 857 2869 931 siquidem
2898 858 3060 912 Arius
3088 856 3345 928 magister
3370 866 3494 910 tuus
3516 860 3851 909 creaturam

2219 953 2421 1009 dixerit
2448 952 2543 1009 Dei
2575 951 2799 1020 Filium,
2827 958 2881 1006 et
2904 959 2959 1004 ιιι
3003 948 3249 1019 ejusdem
3279 949 3344 1003 ad
3376 948 3580 1003 omium
3615 947 3853 1003 extule-

2219 1045 2296 1099 ris
2326 1059 2495 1114 usque
2547 1043 2801 1099 laudibus
2846 1040 3264 1111 blasphemiam.
3298 1038 3410 1096 Nos
3455 1048 3512 1095 te
3538 1054 3851 1107 urgemus,

2218 1154 2500 1210 rogamus,
2535 1138 2867 1208 impellimus
2924 1136 3040 1191 Deo
3094 1134 3215 1190 ﬁeri
3241 1132 3695 1188 amantissimum
3724 1172 3745 1197 ,
3794 1142 3851 1187 et

2221 1239 2337 1288 tute
2366 1232 2619 1302 injuriam
2653 1230 2761 1302 pati
2799 1244 2827 1283 a
2880 1229 3039 1284 nobis
3068 1227 3317 1300 quereris
3355 1246 3369 1282 :
3400 1226 3480 1282 sic
3510 1226 3749 1282 inanem
3774 1226 3854 1280 di-

2218 1325 2447 1397 gnitatis
2468 1336 2576 1381 tua:
2598 1325 2767 1380 tueris
2796 1338 3107 1389 censuram,
3145 1330 3420 1391 tamquam
3471 1320 3595 1376 hare
3624 1320 3709 1374 sit
3731 1332 3791 1375 te
3820 1336 3850 1374 a

2219 1421 2503 1491 perpetuis
2528 1427 2786 1489 ereptura
2830 1416 3160 1473 cruciatibus
3184 1432 3198 1481 ;
3227 1416 3389 1486 erigis
3416 1429 3589 1484 super
3615 1414 3856 1469 Domini

2218 1513 2531 1569 sacerdOtes
2576 1511 2870 1583 superbum
2925 1518 3132 1581 caput,
3186 1523 3293 1563 non
3344 1508 3651 1563 advertens
3703 1509 3857 1563 scri-

2220 1616 2368 1677 ptum
2400 1624 2411 1658 :
2448 1604 2629 1660 Omnis
2673 1605 2763 1676 qui
2803 1620 2857 1658 se
2900 1604 3115 1669 exultat,
3163 1601 3543 1669 Immiliabitur,
3574 1610 3629 1654 et
3655 1603 3751 1672 qui
3794 1620 3854 1657 se

2219 1698 2484 1765 humiliat,
2509 1697 2847 1752 exaltabitur.
2878 1695 3196 1765 Apostolus,
3230 1693 3334 1761 Qui
3377 1710 3494 1747 cum
3541 1695 3600 1747 in
3664 1697 3853 1763 fama

1636 1814 1806 1885 magis
1834 1812 1944 1867 vita
1970 1808 1999 1847 ι)
2030 1824 2117 1864 το.
2146 1822 2194 1883 Β
2222 1790 2319 1845 Dei
2348 1800 2477 1885 esset
2503 1789 2545 1857 ί,
2574 1790 2704 1846 dicit
2742 1789 2811 1844 de
2834 1788 3016 1853 unico,
3039 1802 3201 1858 quem
3232 1788 3283 1841 in
3314 1802 3414 1842 nos
3442 1789 3847 1857 persequeris,

2223 1886 2318 1941 Dei
2347 1884 2511 1953 Filio,
2541 1901 2644 1939 non
2670 1894 2743 1939 est
2772 1887 3009 1955 rapinam
3041 1882 3323 1938 arbitratus
3350 1898 3459 1938 esse
3486 1900 3545 1937 se
3572 1886 3851 1955 aequalem

2221 1980 2357 2050 Deo,
2415 1983 2507 2037 sed
2546 1983 2878 2052 semetipsum
2919 1981 3203 2035 exinanivit
3249 1985 3470 2053 formam
3515 1983 3659 2036 servi
3703 1983 3852 2036 acri-

2222 2076 2388 2146 piens,
2415 2074 2510 2129 ini
2564 2073 2741 2128 habitu
2792 2074 3027 2128 inventus
3060 2083 3116 2127 ut
3162 2074 3315 2127 homo
3355 2091 3373 2127 :
3395 2072 3707 2128 humiliavit
3732 2073 3755 2111 ι
3788 2093 3852 2129 se

2221 2186 2381 2240 usque
2410 2169 2479 2223 ad
2517 2177 2752 2235 mortem,
2783 2176 2997 2222 mortem
3046 2176 3216 2221 autem
3246 2168 3438 2222 crucis.
3490 2167 3613 2233 Ille,
3650 2169 3757 2239 qui
3786 2168 3848 2223 in

2221 2262 2396 2317 forma
2424 2261 2604 2316 Patris
2639 2275 2857 2330 semper
2906 2269 2962 2316 et
2989 2260 3108 2325 fuit,
3140 2271 3195 2315 ct
3218 2270 3322 2324 est,
3370 2268 3427 2315 et
3472 2259 3699 2317 futurus
3727 2273 3843 2327 est,

2220 2355 2422 2426 quippe
2456 2369 2622 2411 verus
2662 2354 2854 2419 Filius,
2887 2354 3087 2426 quippe
3144 2353 3499 2410 immutabilis
3536 2364 3594 2410 et
3638 2354 3848 2412 incon-

2221 2450 2516 2518 vertibilis,
2540 2451 2669 2521 quia
2693 2451 2837 2506 Deus
2869 2450 2941 2505 sit
2964 2458 3137 2505 totum
3159 2459 3355 2521 potens
3378 2448 3555 2504 Filius
3582 2452 3850 2520 omnipo-

2224 2544 2413 2610 tentis,
2445 2551 2671 2615 propter
2716 2550 2957 2598 nostram
3008 2552 3187 2598 tamen
3234 2543 3466 2597 salutem
3497 2557 3626 2598 sese
3653 2543 3844 2599 humi.

2223 2637 2364 2692 liare
2404 2636 2660 2708 dignatus
2683 2642 2788 2703 est,
2814 2644 2874 2690 ut
2896 2650 2994 2691 nos
3015 2635 3263 2706 jacentes
3311 2645 3476 2706 atque
3501 2634 3840 2705 depressos,

2221 2740 2439 2788 erectos
2468 2730 2844 2801 cxaltatosque
2875 2729 3146 2796 eflieeret;
3178 2745 3301 2800 qua:
3329 2730 3447 2799 ejus
3493 2740 3690 2785 saneta
3738 2732 3842 2786 bu-

2221 2827 2422 2883 militas
2450 2837 2502 2882 te
2529 2841 2721 2882 canem
2750 2824 2996 2880 rabidum
3028 2824 3219 2879 iecerit
3259 2824 3459 2879 latrare
3488 2833 3687 2879 contra
3718 2825 3841 2893 ejus

2219 2921 2459 2977 divinam
2500 2920 2842 2991 majestatem
2870 2962 2883 2985 ,
2941 2919 3055 2975 sola
3108 2918 3304 2991 videns
3346 2918 3415 2975 de
3463 2920 3643 2974 sacris
3696 2920 3841 2975 seri-

2221 2988 2796 3086 pturis,[qutcvpr:cter
2830 3018 2851 3058 1
2880 3021 3188 3083 susceptam
3222 2988 3585 3067 humilitatem
3626 3014 3838 3083 scripta

2221 3120 2369 3175 sunt,
2406 3108 2728 3177 praeteriens
2757 3123 2820 3163 ea
2847 3124 2970 3179 qua:
3016 3116 3275 3162 aeternam
3327 3116 3557 3162 narrent
3589 3107 3717 3178 ejus
3748 3108 3837 3161 di-

513 3239 667 3281 mare
692 3264 708 3291 ,
760 3222 1015 3280 omnibus
1048 3229 1101 3277 te
1146 3232 1475 3291 prmponens
1510 3216 1604 3271 Dei
1655 3214 1862 3286 judicio
1916 3221 2115 3269 sancta:
2144 3218 2189 3282 ρ
2224 3202 2527 3258 vinitatem.
2556 3201 2696 3270 Quid
2748 3201 2817 3256 ad
2868 3202 2985 3256 haec
3030 3199 3349 3270 respondes,
3384 3201 3719 3255 Constanti?
3745 3202 3837 3257 cui

508 3320 771 3377 Ecclesiae
821 3316 1137 3374 constitutis
1166 3313 1466 3386 episcopis,
1520 3311 1792 3381 iidemque
1840 3315 2109 3371 sanctam,

509 3430 673 3487 quam
704 3428 922 3483 semper
950 3411 1129 3468 tenuit
1180 3425 1245 3465 ac
1289 3415 1441 3465 tenet
1489 3405 1755 3471 Ecclesia,
1788 3401 2112 3473 reprobans,

510 3506 679 3563 lucris
712 3506 863 3561 nisus
912 3502 1309 3574 blasphemiam
1352 3499 1711 3569 consacrilegi
1756 3496 1830 3552 ttti
1871 3494 1986 3551 Arii
2015 3509 2115 3551 ore

511 3600 782 3671 prolatam
811 3612 953 3653 nunc
987 3611 1085 3667 per
1107 3595 1381 3651 satellites
1413 3603 1562 3658 tuos,
1582 3605 1727 3647 nunc
1754 3589 1973 3646 edictoe
2000 3598 2112 3650 tuo,

513 3705 661 3746 nunc
690 3685 1288 3760 spiritibusimtnundis
1318 3684 1522 3740 referto
1551 3697 1649 3739 ore
1677 3692 1767 3737 tuo
1791 3677 2115 3750 praedicare,

512 3792 570 3841 et
594 3783 740 3855 juste
771 3781 790 3820 ί
827 3783 1129 3855 perlectum
1155 3780 1428 3837 cultorem
1458 3776 1578 3845 Dei,
1633 3784 1687 3831 et
1715 3774 1897 3830 omnia
1924 3779 2115 3828 sancte

514 3887 768 3951 agentem
797 3875 1061 3941 vocitare,
1107 3889 1233 3929 cum
1285 3870 1465 3927 adhuc
1495 3877 1546 3925 te
1590 3882 1768 3939 neque
1815 3864 2114 3930 crudelior,

516 3985 696 4041 neque
717 3967 1120 4033 detestabilior,
1157 3979 1338 4036 neque
1378 3964 1430 4019 in
1465 3972 1489 4009 ες
1536 3958 1870 4031 blasphemis
1919 3956 2115 4027 major,

514 4077 676 4133 quam
704 4063 996 4133 quisquam
1045 4074 1238 4114 eorum
1272 4071 1485 4127 regum,
1511 4053 1602 4124 qui
1653 4049 1871 4123 tyranni
1908 4062 2117 4103 nuncu-

514 4163 734 4227 pantur,
789 4155 957 4209 fuisse
986 4153 1315 4221 reperiatur.
1349 4149 1481 4217 Quae
1508 4148 1584 4203 ita
1623 4160 1682 4201 se
1709 4144 1911 4199 habere
1954 4142 2007 4197 in
2055 4140 2121 4197 li-

512 4248 639 4314 bro,
665 4246 692 4286 ¹ι
711 4247 802 4320 qui
850 4245 1101 4302 titulatur
1129 4244 1193 4298 de
1219 4242 1449 4314 Regibus
1492 4238 1817 4312 apostolicis,
1856 4236 1981 4306 quia
2006 4236 2116 4306 jam

511 4338 707 4413 aperui
737 4348 843 4396 tute
886 4334 1293 4411 imprudentia),
1350 4345 1493 4389 nunc
1524 4328 1659 4386 illud
1704 4336 1757 4384 te
1799 4326 1942 4383 scire
1967 4327 2117 4391 volo,

586 4534 613 4564 ι
634 4525 836 4582 Tantm.
859 4523 1038 4580 Latin.

583 4596 612 4706 ξ
634 4596 986 4721 ἓυηίᾶιιειιίη.
1012 4595 1191 4649 Antea
1219 4591 1384 4644 vitare
1416 4594 1654 4659 paratur.

685 4681 722 4721 t.
815 4706 829 4721 .

589 4678 611 4706 ο
634 4670 722 4722 At.
749 4668 829 4722 ld.

585 4734 611 4774 ά
644 4738 794 4803 Quei.
820 4738 1077 4794 Galland.

590 4819 614 4848 ο
643 4801 723 4865 De
752 4808 855 4864 hoc
884 4810 1023 4863 satis
1047 4808 1159 4877 jam
1195 4808 1248 4861 iu
1285 4805 1421 4877 Vita
1436 4801 1613 4857 Lucii.

592 4879 610 4919 ί
642 4880 740 4936 His
756 4881 1011 4935 mendum
1039 4867 1221 4934 inesse
1244 4874 1482 4947 putarim
1514 4892 1528 4926 :
1553 4888 1615 4926 ac
1637 4872 1778 4926 l‘orte
1807 4867 2116 4941 legendum,

515 4967 563 5012 et
574 4957 698 5028 jure
728 4962 776 5007 te
805 4954 1111 5075 perfectum.
1144 4947 1394 5004 Galland.

589 5037 615 5075 ts
648 5023 717 5075 In
741 5023 887 5075 blasn
908 5022 1072 5075 tentiis
1101 5019 1384 5075 maiorJd.

589 5018 615 5075 is
648 5023 717 5079 In
741 5018 1072 5094 blaspltentiis
1101 5019 1384 5094 major.l_d_.
1401 5018 1573 5074 Antea
1600 5019 1879 5094 majorum.

585 5103 617 5143 h
646 5098 723 5152 Ex
754 5083 1136 5174 his:cogu_osce
1164 5083 1293 5173 suos
1320 5090 1487 5174 libros
1554 5083 1781 5145 seorsim
1812 5094 1867 5141 et
1896 5083 2114 5140 diverso

514 5179 763 5238 tempore
792 5184 822 5222 a
853 5161 1112 5223 Lucifero
1140 5165 1374 5231 scriptos
1402 5161 1591 5217 fuisse.

592 5241 607 5280 ί
648 5242 720 5295 lta
766 5248 822 5295 et
872 5238 1112 5295 Hilarius
1142 5235 1236 5291 lib.
1264 5249 1357 5289 vm
1411 5234 1481 5288 de
1528 5232 1728 5287 Trinit.
1763 5228 1921 5284 Vers.
1982 5223 2109 5280 Ant.

514 5317 820 5370 constitutus
837 5325 937 5378 pro
957 5320 1108 5365 esset.

591 5385 604 5436 i
640 5383 706 5438 In
728 5370 1068 5437 similitudine
1098 5379 1363 5436 hominum
1395 5378 1563 5448 factus
1591 5383 1637 5428 et
1662 5371 1842 5427 habitu
1866 5370 2113 5426 adiuven-

511 5466 595 5514 ιω
628 5466 682 5510 ut
712 5456 882 5508 homo.
908 5454 1068 5511 Vers.
1099 5453 1230 5507 Aut.
1271 5450 1447 5506 Graec.
1480 5450 1531 5503 ἓν
1560 5451 1823 5520 σχήματι.

585 5527 612 5567 κ
641 5526 952 5584 Humiliavit
997 5526 1224 5596 seipsum
1254 5527 1422 5596 factus
1453 5516 1757 5585 obaudieits,
1812 5526 1922 5574 etc.
1952 5516 2107 5570 Vers.

513 5602 640 5658 Ant.

589 5670 609 5742 Ξ
651 5668 887 5742 Propter.
918 5668 1099 5724 Latin.
1128 5666 1463 5742 etrGalland.
1634 5733 1645 5742 I
1680 5732 1690 5742 _
1788 5728 1801 5742 .
1848 5729 1873 5742 η
1924 5728 1934 5737 _

584 5740 623 5764 "‘
654 5741 731 5795 lta
757 5726 1097 5795 'Constantio
1143 5740 1524 5800 adulabantur,
1556 5733 1648 5805 qui
1678 5732 1731 5787 in
1769 5726 2109 5805 deliniendas

517 5812 643 5873 lldei
672 5812 1079 5867 controversias
1125 5817 1303 5867 semet
1344 5799 1628 5878 ingerebat
1658 5821 1675 5873 ;
1703 5811 1759 5863 et
1788 5801 1894 5861 hoc
1924 5799 2110 5865 titulo,

2222 3297 2418 3353 crebro
2469 3306 2598 3351 sunt
2628 3296 2997 3351 acclamantes
3044 3293 3233 3349 Ariani
3264 3293 3535 3365 dogmatis
3580 3294 3654 3349 tui
3700 3295 3836 3363 epi-

2221 3390 2398 3461 scopi,
2422 3390 2740 3459 episcopum
2770 3397 2809 3425 ιη
2836 3397 2888 3443 te
2924 3402 3045 3443 esse
3070 3386 3453 3457 episc0porum
3486 3404 3499 3440 :
3527 3387 3833 3443 morientes

2223 3494 2449 3555 propter
2472 3483 2641 3538 Deum
2668 3482 2888 3537 unicum
2946 3479 3140 3535 Filium
3170 3481 3375 3545 credis,
3409 3496 3473 3535 an
3505 3495 3608 3535 non
3639 3479 3835 3536 credis

2221 3591 2448 3647 regnum
2470 3589 2825 3647 possessuros
2848 3574 3111 3629 etelorum
3136 3572 3159 3625 ?
3181 3572 3237 3629 Si
3260 3573 3461 3640 credis,
3488 3588 3581 3628 cur
3606 3572 3672 3625 ad
3694 3572 3835 3639 ejus

2221 3672 2586 3727 teternitatem
2615 3683 2716 3724 nos
2738 3668 2976 3739 impellis
3005 3667 3304 3739 negantiam
3320 3667 3455 3723 icur
3479 3682 3579 3721 non
3603 3664 3833 3720 desinis

2224 3761 2605 3835 persequendo
2627 3776 2751 3827 nos,
2782 3761 2873 3832 qui
2918 3775 3106 3816 sumus
3136 3759 3425 3816 credentes
3450 3762 3501 3813 in
3532 3773 3658 3814 eum
3677 3758 3705 3811 ?
3727 3774 3834 3813 cur

2226 3859 2385 3914 nobis
2412 3873 2471 3913 es
2524 3856 2897 3927 perinquietus
2924 3865 2980 3911 et
3022 3869 3241 3924 semper
3270 3852 3525 3919 infestus,
3575 3854 3833 3923 prabcns

2228 3962 2280 4007 te
2338 3959 2745 4022 persecutorem
2779 3948 3108 4012 violentum,
3161 3947 3263 4002 sub
3318 3948 3466 4017 pacis
3505 3962 3639 4003 vero
3673 3948 3833 4002 titulo

2226 4044 2439 4099 hostem
2469 4042 2804 4099 subdolum?
2834 4041 3002 4097 Doleo
3030 4039 3172 4111 quod
3216 4049 3364 4095 tanta
3394 4041 3608 4095 tibimet
3639 4043 3832 4111 acqui-

2221 4138 2382 4193 sieris
2414 4137 2556 4192 mala
2588 4155 2601 4194 :
2632 4130 2791 4207 lugeo
2837 4145 2893 4192 te
2945 4135 3088 4206 quod
3112 4134 3187 4190 sis
3215 4135 3363 4189 omni
3396 4150 3469 4189 ex
3503 4144 3663 4204 parte
3684 4134 3837 4204 posi-

2224 4240 2309 4285 tus
2356 4230 2476 4286 sine
2528 4243 2625 4300 spe
2665 4230 2789 4285 vita:
2838 4238 3075 4284 aeternae.
3107 4228 3401 4293 Cmterum,
3437 4228 3570 4283 licet
3610 4238 3671 4282 tu
3721 4242 3831 4281 non

2222 4325 2418 4397 gladiis
2450 4332 2662 4381 tantum
2714 4322 2937 4380 scindas
2960 4330 3193 4389 nosmet,
3233 4318 3329 4377 sed
3351 4329 3406 4375 et
3431 4318 3697 4376 dentibus
3725 4320 3837 4375 tuis

2140 4521 2196 4581 ι)
2224 4508 2396 4564 veluti
2427 4504 2931 4567 bonoriticentiore,
2961 4502 3307 4581 donabantur
3330 4500 3603 4573 episcopi,
3626 4502 3723 4572 qui
3753 4502 3836 4581 di-

2221 4582 2453 4652 gnitate.
2482 4590 2576 4634 aut
2606 4581 2833 4652 virtute,
2858 4586 2951 4652 aut
2979 4576 3228 4652 doctrina
3258 4583 3495 4652 caeteros
3539 4573 3837 4652 antecede—

2220 4646 2372 4708 Bant.
2410 4652 2545 4706 Vide
2573 4650 2856 4719 Biugham.
2886 4647 2956 4703 de
2981 4646 3377 4719 OrigrEccles.
3410 4654 3615 4719 tonui,
3637 4646 3739 4719 lib.
3770 4661 3828 4708 tt,

2222 4739 2343 4793 cap.
2367 4723 2425 4791 2,
2460 4722 2489 4794 §
2520 4722 2575 4784 8.
2609 4716 2895 4794 ltiticillud
2926 4716 3164 4794 Luciferi
3190 4717 3405 4794 dictum.
3425 4717 3477 4771 in
3509 4716 3601 4771 lib.
3635 4718 3704 4794 de
3730 4734 3833 4770 non

2222 4788 2370 4863 pare.
2402 4788 2486 4849 in-
2505 4794 2670 4848 Deum
2724 4790 3163 4861 delinquentibus,
3204 4805 3324 4863 quo
3366 4788 3699 4863 Constantio
3717 4796 3834 4863 ies-

2219 4861 2468 4938 probrat,
2500 4866 2643 4938 quod
2692 4863 3086 4938 ecclesiasticis
3127 4861 3384 4938 negotiis,
3426 4875 3490 4914 ac
3543 4861 3834 4938 religionis

2220 4932 2619 4993 controversiis
2641 4951 2764 4990 sese
2794 4934 3129 4989 immisceret
3159 4949 3172 4986 :
3197 4933 3286 5001 qui
3311 4942 3573 5000 tamquam
3624 4947 3745 4985 vere
3763 4932 3835 4984 ad

2223 5020 2271 5065 te
2300 5011 2466 5065 onmis
2485 5025 2612 5063 cura
2637 5005 2891 5061 Ecclesiw
2916 5007 3191 5076 pertineat,
3209 5004 3281 5057 sic
3306 5004 3379 5076 sis
3409 5003 3688 5076 sollicitus,
3718 5014 3831 5057 etc.

2221 5097 2342 5137 cum
2374 5081 2537 5136 homo
2569 5081 2614 5134 is
2661 5087 2811 5134 esset
2860 5075 3237 5142 Genstautins,
3269 5075 3361 5144 qui
3394 5075 3715 5142 dogtnatum
3769 5090 3834 5129 ac

2220 5154 2397 5224 legum
2426 5151 2925 5224 ecclesiasticarum
2973 5149 3229 5224 peritiam
3258 5146 3517 5224 jactaret,
3550 5145 3697 5224 utin
3731 5144 3833 5224 lib.

2223 5218 2461 5294 n'proS.
2490 5222 2793 5279 Athanasio
2815 5218 3222 5294 idretu’Lucil‘er
3246 5221 3313 5294 de
3342 5218 3434 5294 illo
3474 5218 3667 5294 scribit
3696 5234 3718 5294 εΔ
3744 5218 3837 5294 qui

2223 5306 2269 5351 te
2291 5288 2423 5366 'tegis
2452 5298 2672 5366 peritum
2691 5294 2766 5348 vis
2787 5292 2951 5347 uideri
2966 5309 2983 5357 ;
3011 5302 3068 5346 et
3090 5292 3191 5346 sub
3218 5289 3463 5366 ejusdem
3494 5288 3616 5343 libri
3644 5289 3834 5352 initia;

2221 5363 2389 5425 Credo
2418 5363 2549 5421 nihil
2596 5382 2865 5421 sacrarum
2920 5375 2967 5418 te
2995 5366 3171 5435 fugere
3197 5363 3612 5435 scripturarum,
3662 5377 3838 5435 neque

2216 5442 2349 5496 enim
2374 5456 2549 5513 posses
2569 5440 2777 5513 egregia
2820 5435 2967 5513 nobis
2989 5432 3234 5513 mandata
3265 5436 3390 5487 dare
3401 5432 3517 5513 nisi
3527 5435 3560 5513 ί
3561 5433 3729 5513 uisses
3757 5434 3831 5485 le-

2215 5514 2294 5581 gis
2326 5504 2554 5579 péritus;
2577 5504 2724 5580 quod
2765 5510 2971 5564 ironice
3014 5506 3218 5581 dictum
3246 5521 3260 5571 ;
3294 5516 3350 5581 et
3401 5506 3453 5558 in
3483 5504 3579 5581 lib.
3612 5504 3830 5581 densiori

2214 5572 2365 5650 pare.
2400 5583 2453 5635 in
2484 5572 2651 5635 Deuin
2680 5581 3026 5650 deliuquent.
3055 5579 3119 5632 de
3139 5594 3263 5645 quo,
3293 5576 3346 5632 id
3375 5584 3483 5639 est,
3506 5572 3638 5650 Iesu
3674 5573 3835 5650 Chri-

2215 5646 2294 5705 sto
2327 5694 2342 5719 ,
2386 5652 2542 5707 libros
2591 5655 2812 5722 scriptos
2846 5646 3033 5705 dedisti
3079 5666 3098 5707 :
3143 5651 3259 5722 haec
3314 5658 3502 5722 autem
3550 5646 3627 5722 ab
3660 5649 3829 5722 Aria-

2215 5726 2300 5778 nis
2328 5718 2606 5796 episcopis
2661 5718 3006 5794 imperatoris
3030 5721 3253 5778 nomine
3275 5718 3583 5776 edebantur
3615 5719 3670 5774 in
3700 5719 3823 5775 vul-

2211 5808 2334 5869 gas.
