4094 6190
312 216 450 277 1055

1241 212 1654 273 MORIENDUM
1699 213 1865 273 ESSE
1903 212 2042 271 PRO
2084 211 2192 270 DEI
2234 209 2415 270 FILIO
2455 213 2688 271 LIBER.“

3475 216 3617 278 £054

305 335 382 390 sis
408 330 701 397 mandens,
732 338 935 400 tamen,
969 336 1117 389 luam
1143 333 1349 390 rabiem
1400 334 1545 404 quod
1577 349 1605 388 a
1635 335 1750 391 Deo
1779 349 1908 405 pro-
1933 336 1985 399 Α
2013 331 2307 387 abstuleris
2336 347 2365 386 a
2397 332 2579 397 nobis,
2617 344 3013 402 praesumamus
3065 332 3238 402 magis
3285 347 3448 402 posse
3486 349 3620 390 con-

306 425 436 480 tecti
478 422 790 495 superaturi
833 438 1043 493 sumus,
1073 431 1285 481 certum
1314 435 1437 481 tene
1462 442 1477 491 ;
1505 441 1606 481 nec
1632 426 1686 480 in
1712 440 1778 481 eo
1808 441 1908 482 nos

309 516 595 587 despicere
620 516 883 585 digneris,
916 516 1060 588 quod
1088 518 1277 573 videas
1317 532 1549 587 corpora
1584 526 1769 572 nostra
1800 518 1909 574 fra-

307 611 434 682 gilia
469 610 653 682 ;quod
676 619 761 667 est
805 612 951 668 enim
1000 614 1365 683 potissimum,
1395 614 1681 684 sapientiae
1713 623 1739 651 α
1770 610 1907 669 recti

308 717 372 758 ac
394 703 586 758 muniti
619 704 888 770 valemus,
918 706 1183 763 habentes
1206 718 1431 762 ornatus
1460 722 1524 763 ac
1571 707 1907 761 munimenta

310 797 367 852 in
390 796 668 863 cordibus,
694 812 758 853 ac
787 797 1041 854 sensibus
1072 801 1300 856 nostris.
1322 798 1482 856 Unde
1512 813 1657 854 nunc
1690 813 1788 854 nos
1818 814 1909 853 or-

308 897 465 943 natos
495 887 779 944 videmus?
802 888 944 944 unde
996 890 1239 946 munitos
1266 906 1332 945 ac
1363 900 1514 946 tutos
1567 905 1692 945 esse
1738 891 1909 945 senti-

306 982 474 1037 mus?
502 981 644 1038 unde
668 998 767 1039 nos
795 984 1076 1054 sapientes
1105 985 1491 1056 cognoscimus
1516 985 1539 1038 ?
1568 985 1672 1040 nisi
1702 986 1826 1053 quia
1851 993 1906 1041 et

304 1072 697 1143 blasphemiam
727 1083 873 1131 tuam
900 1076 1159 1145 vitemus,
1181 1085 1237 1132 et
1259 1078 1510 1133 mortalia
1539 1092 1769 1148 corpora
1803 1093 1905 1133 no-

302 1174 416 1221 stra
440 1174 533 1219 tuo
562 1167 680 1222 ensi
702 1178 983 1238 gratanter
1004 1178 1227 1239 propter
1257 1170 1349 1224 Dei
1379 1169 1573 1224 Filium
1605 1170 1904 1236 tradamus,

302 1260 545 1315 scientes
576 1261 743 1330 quod,
797 1276 918 1315 cum
970 1271 1249 1317 terrenum
1298 1273 1543 1317 nostrum
1569 1261 1903 1317 domicilium

304 1350 623 1408 interficere
654 1353 911 1420 valueris,
955 1355 1207 1422 caeleste,
1249 1356 1393 1426 quod
1426 1355 1744 1423 habeamus,
1778 1356 1905 1425 quia

303 1444 619 1502 interﬁcere
652 1461 759 1502 non
788 1448 989 1518 possis.
1042 1448 1253 1504 Idcirco
1300 1448 1504 1504 etenim
1553 1449 1696 1504 bona
1722 1449 1901 1516 nobis,

304 1542 555 1610 malaque
574 1542 848 1613 proposita
879 1558 1002 1598 esse
1048 1546 1322 1611 novimus,
1356 1553 1415 1599 ut
1457 1544 1539 1599 vis
1567 1544 1745 1599 omnis
1775 1558 1906 1614 pru-

307 1634 507 1691 dentia:
540 1646 744 1691 nostrae
768 1637 823 1690 in
864 1636 1247 1693 discernendis
1275 1638 1434 1693 bonis
1484 1638 1753 1708 malisque
1779 1654 1902 1693 ver-

2010 423 2169 491 l'erri,
2218 434 2272 480 et
2330 424 2551 493 quidem
2622 436 2845 495 pr0pter
2890 429 3278 496 temporariam
3328 436 3613 497 aeternam,

2010 528 2237 587 propter
2262 516 2514 587 fragilem
2546 527 2601 573 et
2627 518 2889 573 caducam
2915 519 3392 590 incorruptibilem
3420 533 3476 577 ct
3493 540 3615 593 per-

2008 617 2247 678 petuam.
2268 607 2385 663 Non
2406 609 2661 665 sufficere
2681 609 2778 664 tibi
2795 625 2990 666 censes
3006 611 3330 667 conﬁtentes
3357 627 3417 668 se
3447 612 3615 670 Chri-

2008 702 2217 755 stianos
2279 710 2487 756 tantum
2524 702 2718 775 gladio
2744 718 2867 759 esse
2898 704 3241 774 plectendos,
3272 706 3377 762 nisi
3428 708 3639 763 omnia.

2008 806 2209 861 genera
2258 794 2651 864 suppliciorum
2700 811 2890 852 eorum
2941 797 3208 854 inﬂixeris
3262 802 3607 872 corporibus.

2008 886 2157 942 Nihil
2188 889 2541 959 interestquo
2554 906 2757 959 genere
2781 893 2974 946 mortis
2999 907 3099 947 nos
3127 884 3322 962 punire
3344 894 3608 966 digneris,

2008 979 2136 1035 dum
2185 996 2281 1051 per
2334 982 2451 1036 haec
2504 981 2570 1036 ad
2624 984 2787 1037 vitam
2832 985 3217 1053 perfruendam
3258 988 3614 1045 admittamur

2008 1083 2296 1141 aeternam,
2326 1075 2455 1130 dum
2478 1091 2577 1146 per
2605 1077 2720 1131 haec
2770 1085 2858 1131 tua
2888 1078 3248 1135 mortiﬁcetur
3274 1082 3475 1147 rabies,
3511 1098 3612 1137 nos

2006 1180 2196 1225 contra
2230 1171 2591 1227 vivilicemur.
2643 1170 2699 1226 Si
2751 1173 2895 1227 enim
2948 1173 3204 1228 mist‘rum
3236 1183 3415 1245 putas,
3462 1178 3609 1247 quod

2009 1264 2190 1318 malim
2219 1264 2415 1335 quovis
2458 1264 2667 1320 crudeli
2717 1266 2988 1335 supplicio
3013 1282 3111 1337 pro
3142 1268 3237 1322 Dei
3269 1269 3498 1326 interﬁci
3522 1272 3610 1326 Fi-

2007 1356 2103 1421 lio,
2135 1366 2195 1411 ut
2248 1357 2495 1411 omittam
2529 1368 2786 1413 aeternam
2844 1359 3128 1415 beatorum
3161 1373 3461 1434 martyrum
3494 1367 3611 1434 glo-

2006 1448 2165 1513 riam,
2195 1464 2539 1519 quocumque
2565 1466 2764 1521 genere
2787 1466 2909 1507 esse
2931 1454 3273 1508 moriendum
3296 1457 3432 1512 scio.
3460 1458 3608 1515 Dabo

2004 1538 2239 1611 denique
2263 1541 2356 1595 tibi
2378 1543 2603 1607 multos,
2625 1543 2787 1612 quiin
2816 1542 3031 1598 lectulis
3056 1545 3335 1602 crudelius
3358 1560 3605 1618 pereant,

2003 1650 2141 1705 quos
2174 1635 2406 1691 interior
2464 1636 2644 1706 aliqua
2701 1637 3023 1708 suppuratio
3056 1638 3283 1709 inflavit,
3330 1653 3382 1697 et
3416 1660 3612 1699 nervo-

306 1736 539 1783 saretur.
568 1728 707 1796 Quid
725 1729 951 1784 stultius
998 1730 1102 1784 nisi
1133 1740 1300 1786 temet
1326 1746 1454 1786 vere
1484 1731 1649 1787 Deum
1678 1732 1904 1801 negare?
1934 1721 1983 1780 B
2010 1744 2130 1783 rum
2162 1744 2349 1785 secum
2382 1730 2699 1785 luctantium
2728 1731 2919 1786 dolore
2948 1738 3239 1789 contraxit.
3265 1735 3503 1793 Interest
3541 1754 3607 1794 ex

304 1822 431 1893 quid
486 1823 813 1892 sapientius,
844 1839 1005 1895 quam
1061 1822 1363 1880 nefandum
1393 1835 1540 1881 tuum
1573 1826 1784 1882 calcare
1806 1842 1901 1882 ca-

306 1924 404 1987 put
443 1926 497 1971 et
540 1916 655 1971 Deo
707 1928 929 1987 propter
959 1917 1062 1973 hoc
1108 1919 1324 1989 placere
1376 1918 1577 1974 factum
1608 1919 1631 1973 ἲ
1658 1918 1794 1975 Hinc
1821 1929 1905 1975 est

305 2008 449 2079 quod
485 2007 750 2078 perspicis
772 2008 1027 2063 omnibtts
1058 2010 1259 2064 nostris
1285 2010 1493 2065 viribus
1517 2025 1615 2066 nos
1636 2020 1782 2066 stare
1809 2027 1903 2081 pa-

308 2109 459 2154 ratos
485 2098 538 2153 in
563 2114 738 2169 agone
773 2098 1022 2170 iustitiae,
1052 2100 1158 2155 ﬁde
1195 2100 1428 2172 integra,
1459 2102 1657 2158 virtute
1685 2103 1898 2169 devota,

306 2201 492 2247 mente
524 2192 837 2263 incorrupta
881 2193 950 2248 ad
1004 2195 1180 2249 aciem
1222 2206 1393 2263 stare,
1422 2212 1542 2264 quae
1592 2211 1688 2265 per
1742 2205 1793 2252 te
1824 2196 1904 2250 in-

306 2282 449 2339 dicta
473 2294 579 2350 est,
610 2284 779 2340 divini
804 2284 830 2323 δ
862 2286 1065 2342 milites
1098 2287 1402 2343 interritos.
1462 2287 1700 2344 Fortiter
1741 2289 1902 2344 etiam

307 2389 556 2450 portatur
585 2396 612 2433 a
663 2382 822 2438 nobis
875 2392 1085 2437 scutum
1142 2382 1292 2448 ﬁdei,
1329 2383 1473 2439 unde
1503 2392 1559 2439 et
1586 2395 1904 2456 protegente

316 2474 431 2530 Deo
450 2474 709 2546 quidquid
742 2475 991 2531 manibus
1030 2476 1137 2531 tuis
1172 2476 1422 2531 diabolus
1469 2476 1761 2544 iaculatur,
1810 2493 1905 2532 ex-

307 2568 626 2638 stinguitur,
655 2570 780 2638 quia
815 2569 1027 2625 calciati
1077 2579 1204 2624 sunt
1224 2570 1418 2624 nostri
1447 2571 1761 2641 evangelico
1790 2586 1906 2625 ma-

306 2660 535 2732 gisterio
568 2705 582 2729 ,
622 2672 677 2719 et
725 2663 925 2717 armati
968 2662 1133 2733 pedes
1161 2664 1488 2719 calcaribus.
1535 2664 1615 2717 Tu
1656 2663 1786 2719 licet
1828 2665 1904 2720 sis

308 2762 594 2824 angustus,
626 2762 683 2809 et
714 2764 735 2793 ο
762 2754 815 2809 ὶη
844 2763 896 2810 te
925 2754 1195 2809 obteritur
1235 2754 1453 2825 rugiens
1476 2755 1528 2807 in
1553 2763 1793 2809 nostram
1824 2756 1905 2810 in-

307 2847 546 2902 sontium
577 2862 765 2903 necem
808 2861 1077 2917 serpens;
1109 2846 1379 2917 siquidem
1420 2846 1675 2903 mordere
1700 2856 1755 2902 et
1778 2863 1905 2918 sup-

308 2940 557 3011 plautare
595 2956 693 3012 per
738 2952 791 2996 te
827 2940 1140 2996 carniﬁcem
1190 2955 1351 2996 suum
1402 2956 1512 2997 non
1566 2942 1900 3012 praevaleat:

309 3035 485 3105 premi
519 3035 722 3090 etenim
774 3049 873 3091 nos
903 3049 1003 3105 per
1027 3045 1080 3091 te
1101 3035 1216 3089 vult
1261 3035 1425 3102 Deus,
1450 3049 1560 3090 non
1608 3034 1794 3106 utique
1833 3035 1904 3090 ad

2008 1837 2111 1893 qua
2134 1837 2322 1889 causa,
2354 1839 2463 1878 non
2495 1839 2561 1878 ex
2588 1839 2697 1893 quo
2726 1824 2997 1895 pendeam
3044 1828 3248 1897 stipite.
3275 1830 3414 1898 Quid
3446 1832 3604 1899 dicis,

2008 1931 2104 1971 rex
2131 1917 2450 1972 stultissime
2478 1919 2501 1971 ?
2527 1918 2708 1988 inique
2757 1920 2809 1972 iu
2851 1919 2956 1974 ista
2988 1923 3281 1991 supplicia,
3324 1925 3378 1980 in
3420 1927 3609 1997 hujus-

2006 2009 2152 2064 tnodi
2177 2024 2392 2080 pinnam
2424 2009 2614 2065 mittor
2641 2027 2671 2065 a
2698 2020 2771 2078 te,
2802 2028 2869 2067 an
2901 2012 3093 2083 juste?
3124 2017 3167 2069 si
3193 2016 3400 2087 inique,
3428 2029 3515 2075 tua
3549 2023 3607 2076 fl-

2006 2104 2186 2173 gentis
2212 2104 2315 2160 erit
2358 2122 2518 2172 crux,
2569 2122 2675 2162 non
2707 2123 2826 2164 mea
2876 2124 3037 2178 quem
3078 2109 3266 2165 ﬁxeris
3300 2130 3316 2167 :
3347 2113 3392 2167 si
3438 2114 3608 2184 juste,

2007 2195 2169 2266 culpa
2202 2212 2318 2253 mea
2352 2213 2439 2253 me
2461 2198 2709 2253 criminis
2740 2201 2870 2265 mei,
2918 2217 3023 2255 non
3055 2216 3209 2271 poena
3238 2211 3327 2256 tua
3355 2212 3609 2275 torquere

2007 2286 2251 2358 incipiet.
2274 2287 2548 2345 Caeterum
2577 2301 2838 2359 quantum
2868 2293 2935 2346 ad
2962 2293 3165 2347 exitum
3197 2294 3327 2349 nihil
3358 2296 3607 2365 interest,

2005 2380 2159 2436 clavo
2190 2397 2288 2453 per
2332 2390 2384 2437 te
2412 2398 2478 2437 an
2516 2384 2703 2440 lancea
2755 2385 2978 2449 moriar,
3006 2387 3273 2443 restrictis
3303 2400 3426 2459 post
3458 2401 3607 2463 terga

2007 2473 2259 2529 manibus
2306 2489 2374 2528 an
2403 2476 2676 2545 porrectis
2734 2478 3087 2547 sparsisque;
3121 2487 3300 2533 utrum
3347 2497 3604 2554 pronum,

2007 2566 2317 2640 incurvum,
2343 2585 2409 2623 an
2458 2580 2666 2626 rectum
2690 2580 2745 2627 et
2774 2571 3003 2640 editum,
3034 2573 3170 2629 nihil
3212 2576 3381 2631 refert
3427 2587 3608 2634 utrum

2007 2664 2382 2732 quiescentem
2402 2678 2488 2718 me
2515 2664 2568 2718 in
2598 2664 2802 2719 lectulo
2825 2665 3064 2731 occidas,
3086 2681 3155 2720 an
3181 2669 3451 2724 cervicem
3476 2672 3610 2727 mihi

2006 2756 2169 2810 stanti
2203 2754 2413 2810 incidas
2439 2755 2643 2825 gladio,
2671 2770 2739 2810 an
2768 2757 2945 2811 securi
2974 2768 3137 2827 caput
3167 2760 3406 2827 auferas,
3447 2778 3513 2817 an
3538 2764 3606 2817 ad

2006 2849 2186 2917 palum
2218 2863 2406 2913 me,an
2434 2848 2502 2901 ad
2524 2863 2745 2903 crucem
2773 2848 2992 2920 alliges,
3018 2850 3142 2921 igne
3172 2862 3406 2922 torreas,
3432 2871 3499 2910 an
3534 2858 3613 2909 vi-

2009 2953 2137 2994 vum
2185 2938 2351 2994 humo
2400 2939 2628 3005 condas,
2690 2955 2824 2995 saxo
2851 2943 3177 3013 praecipites,
3212 2960 3281 3000 an
3328 2947 3381 3001 in
3439 2948 3609 3003 maria

2010 3045 2223 3101 mergas
2252 3072 2267 3099 ,
2320 3030 2683 3101 labandagine
2709 3042 2731 3068 ο
2763 3022 2971 3103 magnis
2998 3035 3204 3090 viribus
3245 3050 3481 3094 conatus
3504 3057 3615 3095 uno

309 3126 435 3193 hoc,
487 3137 545 3182 ut
595 3129 756 3185 tidem
811 3130 1026 3200 iterque
1084 3128 1403 3185 deseramus
1450 3129 1901 3200 patriarcharum,
1935 3110 1981 3172 (ἶ
2013 3123 2322 3179 vas1issimo
2352 3125 2459 3179 ictu
2490 3124 2650 3194 longe
2674 3140 2700 3176 a
2732 3140 2817 3181 me
2847 3142 3027 3181 meum
3060 3137 3224 3198 caput
3252 3133 3519 3199 excutias,
3544 3148 3611 3187 au

309 3223 685 3293 apostolorum
726 3239 790 3279 ac
817 3234 1141 3296 martyrum,
1176 3223 1275 3279 sed
1305 3223 1561 3278 utcoacti
1610 3238 1639 3277 a
1692 3234 1744 3279 te
1786 3225 1907 3279 uni-

308 3331 432 3372 cum
467 3332 669 3387 negare
701 3316 901 3371 Filium
953 3317 1050 3372 Dei
1082 3327 1313 3372 mortem
1366 3317 1529 3372 etiam
1579 3316 1766 3373 subire
1797 3332 1907 3373 non

308 3422 651 3464 recusemus.
676 3408 795 3464 Non
819 3423 1011 3464 sumus
1031 3418 1091 3463 ut
1122 3418 1177 3463 tu
1208 3409 1348 3464 adeo
1376 3408 1529 3463 stulti
1556 3423 1620 3463 ac
1640 3410 1905 3479 perversi,

308 3510 365 3555 ut
395 3500 649 3555 malimus
676 3502 937 3558 salutaria
971 3511 1252 3567 excutere,
1282 3502 1529 3555 mortalia
1562 3516 1690 3556 vero
1736 3502 1910 3556 susci-

310 3608 441 3664 pere
467 3609 481 3658 ;
509 3608 617 3648 non
650 3608 841 3648 sumus
864 3594 1178 3664 prmsidium
1228 3592 1470 3648 caelestis
1513 3592 1799 3647 medicinae
1823 3592 1907 3646 fu-

309 3685 540 3755 gientes.
574 3686 967 3757 Prospicimus,
996 3682 1023 3723 ά
1047 3684 1193 3755 quod
1235 3686 1383 3740 enim
1416 3684 1545 3739 licet
1568 3684 1713 3740 ferro
1738 3685 1910 3740 medi-

310 3792 407 3834 cus
437 3790 602 3847 secet,
622 3782 869 3835 cauterio
902 3788 1044 3845 urat,
1074 3779 1282 3848 sinapis
1311 3779 1564 3834 incendio
1590 3779 1657 3834 ad
1689 3796 1905 3836 omnem

310 3870 557 3944 dolorem
590 3888 797 3943 aegrum
845 3871 1099 3936 deducat,
1155 3880 1333 3926 tamen
1367 3886 1469 3927 nec
1508 3872 1705 3936 secari,
1742 3873 1906 3938 inuri,

311 3964 493 4029 exedi,
524 3964 877 4036 morderique
908 3978 1029 4019 esse
1060 3963 1341 4019 inimicum
1386 3982 1398 4015 :
1430 3963 1632 4035 quippe
1652 3964 1797 4035 quod
1831 3965 1911 4019 id-

309 4058 458 4113 circo
504 4058 703 4112 bonum
754 4058 845 4125 sit,
900 4058 1028 4128 quia
1056 4057 1275 4112 dolores
1303 4057 1525 4113 inutiles
1566 4057 1775 4114 auferat
1813 4073 1910 4129 per

310 4150 586 4207 adhibitos
617 4151 810 4206 Salutis
838 4165 1003 4207 causa
1035 4150 1415 4206 dolores.Vult
1461 4166 1560 4206 nos
1592 4151 1737 4207 Deus
1765 4167 1910 4207 mor-

310 4251 418 4300 tem
462 4254 639 4301 morte
667 4243 992 4313 dissolvere,
1022 4244 1312 4300 tormentis
1343 4246 1689 4313 temporariis
1706 4256 1907 4300 aeterna

310 4339 681 4393 cruciamenta
735 4338 1034 4405 discutere,
1088 4337 1355 4408 supplicia
1414 4336 1593 4393 futura
1646 4347 1909 4408 perpetua

312 4432 420 4487 tuis
442 4432 724 4501 suppliciis
746 4445 1011 4488 evacuare
1036 4446 1049 4497 ;
1076 4430 1133 4485 hi
1154 4431 1427 4497 videlicet,
1454 4429 1565 4502 qui,
1595 4445 1717 4486 cum
1743 4430 1908 4486 vitam

385 4620 410 4648 ⁸
435 4611 601 4666 Forte
625 4612 901 4678 sapientia.

382 4681 411 4720 ι»
446 4681 540 4735 Vel
572 4676 773 4752 aliquid
803 4684 978 4748 deeSI,
1009 4682 1097 4736 vel
1130 4681 1416 4749 legendum
1462 4676 1801 4752 Deintitites.

387 4763 408 4791 ε
442 4752 634 4807 Tamen
664 4737 717 4806 in
744 4765 789 4806 te
813 4737 1081 4807 obteritur.
1110 4737 1361 4809 Ga'l'land.
1391 4750 1482 4822 qui
1505 4750 1797 4806 editionem
1819 4737 1930 4802 Τί(

312 4823 508 4878 lianam
538 4825 607 4878 ita
653 4825 896 4879 8\hlllel.
932 4835 978 4877 et
1007 4825 1057 4879 in
1112 4825 1380 4891 obteritur,
1411 4838 1533 4877 cum
1565 4832 1714 4877 recte
1760 4823 1811 4875 in
1844 4836 1907 4875 ea

310 4895 542 4965 legatur,
575 4907 620 4948 et
642 4898 693 4949 in
721 4909 767 4948 te
789 4895 1049 4949 obteritur.
1130 4964 1133 4965 ν
1328 4911 1350 4917 -

384 4964 409 5003 ά
432 4966 647 5021 Lucifer
674 4967 776 5022 huc
810 4968 861 5019 in
894 4968 1035 5031 loco,
1064 4964 1141 5019 uti
1162 4972 1350 5021 monet
1375 4962 1682 5019 Cotelerius
1709 4964 1758 5016 in
1792 4971 1906 5016 not.

313 5038 554 5105 subjecta
589 5038 684 5091 lib.
714 5054 751 5092 tt
781 5037 1013 5093 Conslil.
1042 5037 1232 5106 Apost.
1258 5035 1486 5104 caruit,
1519 5034 1909 5089 imitaturTer—

316 5110 597 5162 tullianum
620 5109 674 5163 in
700 5111 999 5176 Scorpiaco
1014 5123 1133 5177 cap.
1155 5108 1209 5169 5.
1233 5107 1389 5177 cujus
1415 5107 1529 5161 haec
1556 5108 1722 5160 verba
1752 5112 1898 5177 sunt:

317 5178 406 5233 Est
428 5183 581 5251 plane
606 5181 753 5250 quasi
784 5182 978 5234 swvitia
1021 5176 1311 5239 ntedicime,
1341 5178 1403 5230 de
1430 5178 1699 5251 scalpello,
1739 5176 1905 5251 deque

313 5248 559 5313 cauterio,
579 5248 641 5303 de
656 5252 852 5313 sinapis
876 5251 1112 5305 incendio
1136 5266 1269 5304 :non
1286 5250 1453 5303 tamen
1469 5250 1649 5311 aerari,
1678 5260 1725 5301 et
1740 5248 1899 5311 inuri,

313 5332 359 5375 et
388 5324 587 5375 extendi
606 5322 704 5391 (al.
727 5321 895 5387 exedi,
940 5320 1281 5391 morderique)
1312 5320 1505 5374 idcirco
1560 5321 1753 5375 malum
1781 5320 1905 5390 quia

312 5393 515 5447 dolores
542 5396 697 5447 utiles
735 5391 908 5457 affert.
1088 5414 1094 5420 ·

387 5474 409 5501 ε
447 5466 619 5517 Dictiu
655 5466 903 5527 barbara,
937 5480 1033 5529 pro
1066 5463 1238 5518 forma
1270 5462 1503 5533 quadam
1537 5462 1903 5526 instrumenti,

310 5536 455 5606 quod
486 5537 533 5587 vi
564 5534 888 5606 ducebatur.
935 5533 1089 5589 Unde
1120 5536 1284 5587 etiam
1332 5534 1601 5606 δρψ-ειυς
1627 5533 1765 5606 illud
1797 5547 1906 5606 quo

311 5602 520 5661 balista!
553 5604 870 5675 tenduntur,
890 5615 1114 5659 vocatur
1142 5602 1508 5675 bendage.Til.
1544 5611 1600 5658 et
1626 5604 1669 5655 la
1696 5602 1902 5675 iCerAda.

309 5677 508 5733 Contra
541 5678 703 5730 sentit
748 5674 986 5746 Caugius
1031 5678 1085 5730 in
1117 5673 1425 5746 Gloss.‘qui
1471 5676 1630 5727 aliam
1681 5673 1905 5730 Gallica:

309 5751 462 5805 vocis
486 5749 718 5820 beatiuge
747 5748 1196 5817 significationem
1229 5763 1351 5803 esse
1404 5746 1683 5803 Contendit
1710 5765 1723 5801 :
1754 5753 1907 5817 putat

747 5847 1025 5910 Par-.01..
1087 5842 1263 5907 Xlll.

2011 3218 2159 3273 omni
2181 3217 2485 3273 subtilitate
2512 3217 2768 3272 subtilior
2793 3220 2985 3288 sagitta
3020 3218 3326 3276 diutissime
3359 3221 3533 3292 ﬁgens
3559 3225 3610 3278 in

2010 3327 2134 3367 meo
2163 3326 2395 3381 corpore
2438 3310 2595 3365 ludas
2621 3327 2635 3377 ;
2662 3318 2877 3365 centum
2903 3311 3075 3367 millia
3102 3312 3230 3367 licet
3275 3313 3476 3370 formas
3500 3332 3613 3385 pce.

2011 3424 2203 3463 narum
2228 3406 2527 3461 crudelitas
2554 3414 2644 3459 tua
2688 3404 2867 3469 faciat,
2892 3420 2958 3459 ex
3011 3405 3097 3461 his
3145 3407 3397 3463 omnibus
3426 3409 3493 3464 ad
3526 3426 3614 3464 me

2006 3501 2120 3555 sola
2150 3515 2246 3570 per
2272 3499 2428 3554 istam
2459 3506 2687 3553 mortem
2722 3496 2924 3552 illatam
2948 3512 2979 3551 a
3012 3506 3063 3552 te
3084 3500 3365 3568 perveniet
3387 3502 3613 3556 immor-

2011 3591 2211 3647 talitas.
2237 3589 2357 3645 Non
2407 3604 2629 3660 possum
2662 3588 2765 3643 nisi
2794 3587 3030 3658 gaudere
3058 3604 3180 3643 cum
3214 3590 3338 3644 talia
3364 3591 3612 3662 ingesse-

2011 3685 2109 3751 ris,
2164 3682 2607 3755 quandoquidem
2652 3696 2749 3753 per
2803 3680 2922 3737 haec
2953 3681 3216 3751 supplicia
3257 3683 3437 3739 sciens
3485 3684 3608 3751 sim,

2009 3777 2153 3849 quod
2179 3778 2352 3849 possit
2380 3791 2541 3831 omne
2570 3775 2711 3829 ﬁniri
2735 3774 3084 3844 supplicium.
3119 3774 3252 3828 Nam
3277 3776 3459 3842 etilla,
3492 3795 3613 3848 qua:

2011 3871 2351 3926 extrinsecus
2378 3879 2524 3934 sunt,
2572 3876 2631 3923 et
2673 3865 2925 3921 accidere
2956 3880 3117 3934 posse
3145 3880 3243 3935 per
3279 3874 3424 3921 tuam
3464 3866 3481 3904 ῖ
3510 3885 3613 3924 sa:-

2009 3963 2199 4018 vitiam
2228 3960 2486 4026 arbitror,
2520 3958 2655 4014 nihil
2682 3957 2868 4028 judico
2899 3956 2966 4011 ad
3009 3972 3096 4010 me
3141 3960 3420 4027 pertinere
3452 3976 3465 4023 ;
3510 3961 3613 4015 ali-

2012 4068 2167 4115 tesne
2212 4072 2278 4111 an
2322 4071 2487 4113 canes
2510 4070 2689 4110 meum
2714 4067 2914 4122 corpus
2939 4052 3170 4116 lanient,
3204 4053 3449 4111 haereant
3490 4073 3611 4114 cor-

2011 4154 2127 4225 pori
2158 4167 2315 4217 meo;
2347 4151 2476 4206 fera:
2526 4148 2823 4203 luminibus
2872 4148 2977 4202 illis
3005 4146 3321 4203 crudelibus
3351 4160 3401 4205 te
3426 4166 3615 4223 exspe-

2010 4255 2191 4301 ctante
2214 4255 2239 4292 ε
2263 4244 2533 4309 insiliant;
2558 4243 2749 4314 jacens
2772 4240 2920 4295 humi
2950 4240 3242 4311 unguibus,
3268 4242 3521 4300 dentibus
3541 4248 3608 4300 ad

2012 4353 2136 4395 ossa
2169 4352 2341 4407 usque
2368 4335 2604 4405 redigar,
2633 4349 2756 4389 cum
2786 4342 2907 4403 post
2931 4333 3045 4387 haec
3071 4334 3252 4386 omnia
3278 4334 3394 4388 Deo
3424 4337 3609 4392 salvus

2012 4430 2138 4485 sim.
2177 4427 2313 4483 Cum
2367 4426 2513 4482 enim
2554 4440 2751 4495 corpus
2779 4438 2958 4479 meum
3012 4423 3208 4478 talibus
3254 4426 3389 4480 actis
3419 4426 3609 4484 ferina:

1937 4614 1991 4675 1)
2016 4619 2147 4659 vero
2178 4602 2465 4673 legendum
2491 4617 2557 4654 an
2585 4599 2937 4675 opendigine,
2971 4600 3169 4675 idest,
3200 4620 3231 4655 a
3258 4604 3458 4675 reliquo
3498 4627 3608 4666 cor.

2014 4693 2179 4752 pore;
2212 4672 2284 4752 est
2312 4676 2446 4752 enim
2474 4672 2705 4752 pendigo
2736 4672 2870 4752 idem
2908 4672 3264 4752 quoii-Wﬁpr
3293 4672 3555 4752 compago
3590 4702 3603 4737 :

2010 4743 2084 4801 ita
2124 4757 2178 4799 ut
2206 4747 2445 4817 bifariam
2494 4743 2578 4796 hic
2618 4743 2752 4820 sumi
2796 4746 2955 4813 possit
2979 4814 2989 4820 Δ
3014 4744 3069 4797 id
3116 4743 3368 4813 vocabuli,
3396 4743 3604 4820 velvpro

2013 4814 2556 4888 macl:inaitgnea,seu
2582 4816 2829 4889 tabulato,
2850 4814 2989 4884 quod
3026 4824 3205 4889 πῆγμα
3238 4820 3392 4872 etiam
3434 4814 3604 4878 Circei

2012 4900 2217 4964 vocant,
2240 4906 2271 4940 a
2308 4904 2407 4958 quo
2435 4896 2587 4964 caput
2635 4887 2838 4964 longius
2866 4887 3195 4951 excutiatur;
3226 4892 3303 4943 νει
3346 4910 3438 4958 pro
3489 4897 3602 4964 ipsa

2010 4962 2197 5032 reliqui
2248 4959 2879 5032 corporiscompartione,
2933 4974 2965 5010 a
2992 4975 3095 5028 qua
3147 4970 3301 5032 caput
3330 4959 3597 5020 evellat'ur.

2016 5030 2129 5102 Ego
2174 5032 2389 5100 quidem
2430 5030 2791 5102 labandagiuis
2824 5044 3011 5102 vocent
3044 5030 3392 5102 retinendam
3448 5050 3594 5101 puto,

2010 5100 2130 5173 qum
2155 5102 2418 5155 machinae
2442 5100 2723 5155 noutensit
2753 5100 2918 5167 Capiti
2949 5100 3599 5173 violenterabscrndrntlo

2011 5171 2329 5243 aptissimae,
2361 5176 2625 5240 cujusque
2654 5186 2782 5223 usus
2830 5173 2984 5224 ltnltis
3035 5171 3282 5243 ignauus:
3314 5190 3411 5227 nec
3465 5193 3599 5232 cou-

2016 5242 2300 5301 temnvuda
2348 5246 2578 5298 fortasse
2604 5244 2939 5307 conjectura,
2973 5257 3074 5303 quia
3119 5242 3237 5309 quis
3270 5248 3598 5313 suspicetur,

2014 5333 2211 5373 nomen
2246 5318 2348 5371 hoc
2369 5334 2395 5367 a
2428 5317 2547 5370 loco
2573 5330 2695 5370 e-se
2725 5316 3090 5381 tle~umptum.
3119 5315 3205 5363 ubi
3232 5320 3459 5379 prttttuttt
3491 5325 3603 5377 tuaac

2013 5388 2256 5442 mztcltintt
2283 5389 2498 5442 inventa
2533 5385 2585 5438 fu
2611 5384 2718 5445 uit,
2749 5400 2942 5453 nempe
2988 5384 3291 5447 Alabanda,
3326 5404 3443 5450 quu-
3473 5395 3601 5446 urbs

2009 5470 2092 5514 est
2119 5462 2314 5531 tiarize,
2369 5459 2509 5512 unde
2560 5455 2813 5531 Alabandi
2843 5494 2859 5518 ,
2895 5464 2948 5508 et
2982 5454 3367 5531 Alabandenses
3419 5463 3603 5531 βορειιὶ

2010 5530 2149 5599 apud
2183 5531 2507 5587 Strahoitetn
2538 5540 2585 5581 et
2620 5525 3003 5599 PIin_i_um,Aqui
3034 5526 3318 5582 cannabitn
3363 5525 3602 5590 Alaban-

2009 5595 2233 5657 densem
2268 5602 2449 5655 laudat
2479 5599 2569 5652 lib.
2608 5614 2698 5651 χιι
2732 5596 2867 5651 Hist.
2897 5595 3017 5650 Nat.
3047 5610 3097 5649 c.
3124 5599 3176 5651 9.

2085 5673 2104 5712 τ
2133 5674 2267 5729 Cum
2290 5672 2390 5725 'l‘il.
2423 5681 2477 5725 et
2500 5671 2674 5723 Latin.
2706 5669 2843 5723 Ante
2880 5679 3198 5737 perpe'uam.

2081 5755 2106 5794 ε
2136 5746 2427 5817 Spectante.
2463 5743 2637 5798 Latin.

3039 5834 3118 5898 83
