4094 6190
360 311 488 368 1041

1491 309 1869 369 ATHANASII
1908 309 2273 368 EPISTOLE
2312 309 2500 369 DUAE.

3511 317 3652 375 1042

354 443 469 483 rem
502 427 892 484 manifestasti!
915 427 1128 484 Videris
1153 442 1274 486 esse
1297 437 1528 483 verumll
1548 430 1805 500 templum
1835 429 1955 486 Sal-
1981 433 2029 493 Α
2060 441 2261 486 metum
2288 431 2638 499 temporalem
2671 432 2981 489 ceciderunt
3033 441 3092 499 ω,
3126 433 3308 488 levare
3347 447 3407 489 se
3430 433 3652 489 tandem

354 519 580 587 vatoris,
606 521 696 587 qui
722 522 773 574 in
806 533 855 576 te
888 521 1139 577 habitans
1161 522 1276 576 haec
1308 523 1422 590 ipse
1449 519 1476 558 ι’
1500 536 1594 590 per
1617 531 1668 577 te
1695 522 1949 593 loquitur,

355 612 473 680 ipse
504 612 595 683 qui
637 621 840 667 tantam
883 615 1108 683 gratiam
1152 614 1386 683 praebuit
1425 614 1771 668 sermonibus
1823 614 1951 679 tuis,

352 706 557 774 quippe
597 704 688 772 qui
732 714 857 759 ante
904 719 1026 758 eras
1071 704 1212 772 apud
1253 719 1445 758 omnes
1475 704 1754 767 amabilis;
1809 719 1952 758 nunc

355 805 540 851 tamen
568 805 747 850 tantus
774 806 861 852 est
889 811 1043 851 amor
1069 795 1370 852 affectionis
1399 805 1505 850 tum
1537 798 1587 850 in
1619 797 1815 850 animis
1835 811 1953 852 om-

353 889 504 944 nium
535 887 832 943 collocatus
864 899 921 953 ε,
955 899 1012 942 ιιι
1048 888 1255 944 Heliam
1290 900 1339 944 te
1380 889 1714 959 temporibus
1753 890 1954 944 nostris

353 984 675 1038 nominent:
705 992 758 1037 et
787 997 893 1036 non
929 982 1159 1048 mirum;
1190 983 1239 1037 si
1259 983 1428 1050 enim,
1467 984 1553 1053 qui
1597 983 1706 1038 Deo
1738 983 1952 1051 placere

352 1074 630 1137 videntur,
661 1073 754 1128 ﬁlii
790 1074 883 1128 Dei
912 1075 1282 1139 nominantur,
1311 1084 1458 1130 tanto
1479 1075 1649 1144 magis
1680 1071 1706 1111 ἀ
1734 1076 1951 1144 partici-

349 1180 448 1237 pes
475 1165 864 1236 prophetarum
887 1168 1248 1234 confessores,
1266 1177 1320 1222 et
1338 1170 1569 1224 maxime
1601 1177 1654 1223 te
1679 1169 1949 1239 appellare

348 1257 572 1328 dignum
596 1269 701 1316 est.
732 1258 908 1316 Crede
943 1270 966 1298 θ
994 1259 1153 1325 mihi,
1173 1259 1413 1326 Lucifer,
1440 1277 1546 1315 non
1582 1271 1636 1316 tu
1655 1262 1806 1317 solus
1832 1262 1948 1318 hzec

349 1349 563 1406 locutus
606 1366 689 1416 es,
729 1352 823 1406 sed
854 1351 1091 1421 Spiritus
1132 1361 1352 1408 sanctus
1392 1362 1590 1409 tecum.
1629 1353 1780 1409 Unde
1832 1354 1948 1410 haec

349 1448 495 1494 tanta
526 1443 788 1497 memoria
820 1442 1264 1513 Scripturarum,
1294 1445 1438 1499 unde
1478 1460 1673 1500 sensus
1712 1455 1768 1500 et
1798 1446 1950 1502 intel-

347 1531 518 1587 lectus
543 1532 856 1589 earumdem
889 1535 1143 1605 integer?
1167 1537 1310 1592 unde
1342 1537 1464 1592 talis
1505 1537 1639 1594 ordo
1680 1541 1947 1594 sermonis

349 1628 683 1695 compositus
714 1626 772 1682 τῖ
797 1629 939 1684 unde
973 1638 1118 1684 tanta
1151 1632 1492 1686 hortamenta
1511 1633 1564 1687 in
1589 1633 1732 1687 viam
1754 1633 1948 1689 coeles—

348 1717 502 1773 tem?
531 1717 672 1772 unde
713 1719 906 1774 ﬁducia
953 1729 1142 1776 contra
1179 1721 1455 1777 diabolum
1497 1732 1551 1778 et
1599 1724 1946 1791 probationes

2059 526 2286 596 possint,
2318 533 2374 579 et
2401 525 2594 580 reverti
2614 525 2678 580 ad
2707 525 2846 580 viam
2874 525 3119 592 justitize,
3146 539 3175 578 a
3201 539 3305 595 qua
3330 524 3537 580 seducti
3560 540 3655 580 va-

2054 631 2268 688 gantur,
2304 618 2610 672 nescientes
2642 617 2696 670 in
2727 633 2829 685 qua
2864 616 3014 672 fovea
3047 617 3157 671 sint
3188 616 3392 670 miseri.
3428 615 3651 686 Specia-

2057 711 2180 764 liter
2205 719 2388 764 autem
2415 726 2515 779 ego
2539 719 2682 779 peto,
2713 711 2756 764 si
2787 719 2813 746 τι
2837 709 3039 778 aliquid
3065 709 3246 764 minus
3274 723 3304 762 a
3333 723 3419 763 me
3443 708 3648 764 dictum

2053 812 2160 867 est,
2185 803 2466 871 ignoscere
2490 802 2734 872 digneris
2760 821 2772 854 :
2803 817 2834 854 a
2863 811 3012 856 tanto
3042 802 3186 856 enim
3217 800 3365 856 fonte
3389 800 3532 870 quod
3558 814 3658 870 po-

2057 895 2156 949 tuit
2185 894 2455 962 imperitia
2487 905 2511 929 ο
2559 909 2676 949 mea
2703 895 2792 948 vix
2822 893 3038 948 haurire
3067 891 3255 946 valuit.
3290 892 3364 948 De
3391 890 3650 946 fratribus

2053 998 2233 1043 autem
2259 988 2459 1042 nostris
2481 987 2563 1041 sin
2587 987 2765 1040 minus
2792 987 2942 1056 potui
2972 986 3160 1041 videre
3177 985 3420 1051 eosdem,
3451 986 3648 1041 iterum

2054 1081 2302 1150 ignoscas
2333 1087 2476 1149 peto.
2528 1079 2624 1132 Est
2663 1080 2807 1134 enim
2840 1077 2956 1146 ipsa
3003 1078 3203 1134 veritas
3244 1079 3397 1132 testis
3429 1085 3651 1147 optasse

2053 1187 2141 1227 me
2161 1182 2215 1226 et
2235 1171 2573 1226 desiderasse
2603 1172 2704 1222 hoc
2734 1169 3049 1238 impetrare,
3072 1178 3127 1222 et
3157 1176 3363 1222 tantum
3393 1167 3650 1223 habuisse

2055 1263 2302 1319 dolorem
2352 1263 2498 1332 quod
2547 1277 2652 1316 non
2676 1261 2861 1332 potui:
2894 1274 3018 1314 nam
3061 1275 3160 1315 nec
3187 1260 3440 1330 lacrymae
3465 1275 3650 1314 cessa-

2053 1365 2245 1409 verunt
2289 1353 2357 1406 ab
2386 1352 2560 1407 oculis
2584 1393 2598 1418 ,
2629 1365 2730 1407 nec
2772 1352 3004 1423 gemitus
3032 1351 3101 1405 ab
3135 1352 3322 1406 animo
3344 1393 3357 1417 ,
3390 1353 3517 1422 quia
3550 1367 3654 1409 nec

2050 1449 2247 1502 fratres
2280 1446 2644 1517 permittimur
2682 1456 2707 1493 ρ
2750 1445 2954 1499 videre.
2986 1444 3169 1499 Testis
3197 1454 3282 1499 est
3305 1453 3488 1502 autem
3539 1446 3647 1500 Do-

2050 1541 2248 1603 minus,
2282 1540 2405 1610 quia
2454 1554 2553 1594 nec
2584 1548 2839 1606 parentes
2865 1552 3001 1606 quos
3040 1536 3214 1592 habeo
3260 1539 3408 1606 potui
3439 1539 3647 1603 videre,

2049 1647 2117 1688 ex
2143 1647 2251 1700 quo
2299 1640 2700 1701 persequuntur
2743 1645 2867 1682 nos.
2907 1627 3044 1696 Quid
3091 1628 3235 1682 enim
3287 1642 3393 1682 non
3440 1628 3649 1684 faciunt

2051 1723 2280 1780 Ariani?
2310 1725 2502 1777 itinera
2529 1723 2840 1782 observant,
2870 1735 3033 1774 curas
3061 1731 3088 1769 ιι
3109 1729 3275 1790 agunt
3302 1720 3371 1776 de
3398 1722 3648 1790 proﬁcis-

345 1812 604 1868 adversus
628 1823 652 1860 ες
676 1812 983 1881 haereticos,
1015 1816 1115 1871 nisi
1137 1815 1372 1887 Spiritus
1394 1828 1614 1872 sanctus
1644 1819 1943 1873 collocatus
1976 1815 2019 1875 Β
2047 1817 2300 1874 centibus
2344 1826 2397 1871 et
2425 1814 2748 1882 exeuntibus
2792 1814 2858 1870 de
2894 1814 3135 1880 civitate,
3170 1827 3333 1868 naves
3370 1826 3642 1884 quwrunt,

343 1915 489 1961 esset
508 1906 561 1959 in
591 1907 677 1961 te?
695 1905 882 1962 Gaude
907 1907 1070 1976 igitur
1090 1909 1142 1963 in
1165 1925 1230 1962 eo
1255 1921 1306 1964 te
1327 1910 1570 1979 essejam
1593 1907 1938 1980 pervidensh,

345 1992 399 2050 in
436 2011 542 2066 quo
569 1997 733 2051 etiam
780 1997 1223 2067 praedecessorcs
1260 1998 1275 2036 ί
1306 2001 1381 2054 tui
1410 2015 1552 2055 nunc
1582 2012 1708 2056 sunt
1733 2011 1938 2073 marty-

341 2104 449 2154 res,
479 2089 582 2145 hoc
611 2100 696 2145 est
738 2091 789 2145 in
819 2090 987 2147 choro
1027 2093 1363 2162 angelorum.
1412 2093 1724 2149 Gaudemus
1773 2094 1937 2150 etiam

339 2195 437 2236 nos
468 2180 734 2237 habentes
762 2191 818 2236 et
862 2181 878 2232 i
929 2185 1240 2254 exemplum
1275 2186 1520 2253 virtutis,
1553 2196 1610 2242 et
1641 2187 1937 2258 patientiae,

336 2284 392 2330 et
425 2275 715 2336 lihrtatis.
745 2275 877 2330 Nam
909 2276 978 2332 de
1016 2277 1098 2332 his
1123 2320 1137 2342 ,
1168 2295 1290 2348 qua:
1329 2279 1591 2349 scripsisti
1618 2280 1688 2335 de
1717 2281 1938 2336 nomine

337 2383 459 2423 meo
479 2410 493 2434 ,
524 2370 790 2425 erubesco
817 2370 1018 2441 aliquid
1049 2370 1314 2441 proferre,
1345 2387 1411 2426 ne
1441 2372 1624 2427 videar
1651 2371 1933 2439 adulator;

334 2460 430 2516 sed
462 2462 576 2516 scio
603 2460 628 2498 ιι
658 2470 713 2516 et
753 2461 918 2516 credo
967 2462 1144 2532 ipsum
1180 2462 1466 2517 Dominum
1488 2504 1503 2530 ,
1546 2465 1636 2535 qui
1666 2475 1856 2519 sancto
1883 2473 1938 2519 et

335 2553 592 2622 religioso
614 2555 794 2609 animo
822 2564 915 2610 tuo
943 2555 1200 2609 revelavit
1226 2570 1443 2611 onmem
1467 2556 1738 2621 notitiam,
1759 2556 1938 2612 reddi-

336 2653 520 2699 turum
555 2645 649 2701 tibi
679 2647 841 2701 etiam
884 2662 982 2717 pro
1011 2647 1112 2702 hoc
1143 2648 1326 2703 labore
1357 2648 1638 2716 prmniium
1680 2649 1733 2703 in
1766 2663 1935 2717 regno

335 2738 623 2793 caelorum.
645 2738 783 2807 Quia
817 2755 946 2810 ergo
981 2740 1104 2795 talis
1130 2756 1210 2806 es,
1238 2751 1574 2810 precatorem
1610 2751 1660 2796 te
1688 2756 1808 2796 esse
1838 2756 1937 2811 pro

335 2832 492 2888 nobis
521 2847 636 2904 per
693 2833 708 2870 ι
759 2835 1035 2889 orationes
1073 2835 1361 2890 Dominum
1414 2836 1683 2906 petimus,
1732 2845 1790 2891 ut
1825 2836 1936 2905 jam

334 2923 607 2996 inspicere
631 2927 910 2998 dignetur,
940 2939 997 2982 ut
1027 2938 1110 2984 est
1156 2929 1468 2984 misericors
1490 2971 1505 2996 ,
1539 2931 1825 2986 ecclesiam
1850 2945 1940 2984 ca-

337 3016 614 3088 tholicam,
645 3029 702 3075 et
731 3020 931 3091 eripiat
959 3035 1150 3076 omnes
1183 3021 1414 3076 famulos
1436 3037 1564 3078 suos
1593 3024 1659 3078 de
1687 3024 1937 3080 manibus

337 3121 769 3182 persecutorum,
825 3127 935 3182 quo
985 3112 1148 3168 etiam
1203 3113 1257 3168 hi
1311 3128 1524 3180 omnes,
1577 3116 1668 3186 qui
1715 3098 1936 3187 propter

410 3257 432 3283 τι
475 3248 618 3302 Vere.
645 3248 748 3303 lid.

408 3318 434 3356 ι’
465 3318 612 3392 lyra.
643 3319 778 3374 Cod.
800 3320 1082 3392 Sangerm.

413 3401 434 3428 ο
466 3388 796 3446 Coulocatus.
830 3388 963 3447 Cod.
997 3393 1134 3449 Ven.

409 3458 446 3535 ξι-
474 3460 629 3535 Cum.
663 3461 847 3518 Chilﬂ.
877 3463 1046 3518 Codd.
1099 3465 1232 3535 Reg.
1279 3464 1562 3534 Sangerm.
1606 3463 1824 3535 elveﬂ-
1879 3466 1931 3520 Ῐη

377 3530 532 3606 uibus
585 3533 776 3603 legitur
793 3545 1052 3606 _quanto;
1102 3530 1259 3591 antea
1315 3530 1588 3606 particeps.
1649 3534 1934 3606 Par-tieipes

390 3603 745 3675 rep/telarum,
778 3603 1129 3675 Confessores.
1152 3603 1436 3661 Baronius.
1463 3604 1761 3672 Principem
1790 3603 1926 3660 Pro-

341 3672 658 3748 phetarum,
707 3672 1071 3748 Confusarum
1118 3689 1166 3732 et
1211 3677 1498 3748 Martyrum
1552 3686 1600 3730 te
1635 3679 1929 3748 appellare,

341 3752 446 3798 etc.
487 3745 732 3816 ﬁPoncius
752 3749 893 3816 apud
925 3747 1216 3803 Latinium.
1351 3745 1366 3748 ⁷
1451 3807 1453 3809 ,

415 3825 437 3887 (ζ
470 3815 760 3887 Credimus,
791 3815 928 3887 quod
958 3836 1059 3873 non
1090 3831 1143 3872 tu
1170 3829 1274 3875 etc.
1307 3818 1488 3872 Chilﬂ.

417 3884 434 3923 τ
468 3884 914 3961 Co_rripositus;est.
943 3889 1078 3944 Cod.
1118 3891 1246 3945 Ven.
1282 3889 1582 3961 Compositi.
1611 3891 1838 3961 Papcbr.

413 3967 437 4030 ξς
465 3958 761 4030 adversum.
799 3959 870 4014 Pa
880 3961 1031 4030 pebr.

412 4027 440 4104 ξι
462 4027 583 4104 {am
607 4049 696 4099 per
716 4027 891 4104 ﬁdem.
919 4031 1099 4104 Chifll.

418 4098 434 4132 ί
459 4098 828 4160 Ρηεὸεδεόνεε,
863 4102 937 4158 ld.
969 4113 1024 4158 et
1050 4103 1217 4158 Codd.
1242 4103 1376 4172 Reg.
1406 4119 1471 4158 ac
1493 4103 1931 4174 Sangerm.Prre-

340 4171 632 4297 gecesisores
650 4175 721 4225 tui
752 4185 998 4245 martyres
1029 4191 1162 4230 nunc
1184 4185 1303 4229 sunt
1323 4171 1374 4229 in
1402 4177 1559 4229 choro
1594 4171 1926 4247 Angelorum.

386 4256 488 4297 uDe
513 4259 579 4295 tr.

386 4256 579 4307 upeur.

419 4313 431 4362 i
480 4311 734 4387 Habentes
768 4324 814 4367 te
832 4318 1139 4387 exemplum.
1169 4316 1266 4372 lid.
1299 4332 1422 4372 cum
1455 4316 1682 4387 Papebr.
1714 4326 1770 4373 et
1797 4317 1930 4372 Cod.

343 4382 604 4458 Yen.qui
635 4385 815 4449 habet,
844 4382 1062 4452 virtutis,
1097 4388 1383 4458 patientia,
1417 4382 1549 4453 etcf,
1577 4389 1778 4458 absque
1803 4402 1934 4443 con-

338 4455 578 4524 jnnctira
602 4458 860 4526 particula
892 4470 962 4513 et.

354 4586 933 4612 ——-——-——-'
974 4591 1921 4612 -ι--ιη--ῄ

2045 1912 2275 1968 eremias
2306 1922 2326 1948 τ
2357 1921 2570 1982 gyrant,
2599 1909 2793 1963 domos
2816 1907 3157 1978 perturbant,
3190 1908 3511 1962 concutiunt
3540 1907 3647 1964 fra-

2045 2013 2182 2070 tres,
2211 2003 2438 2073 singulis
2459 2001 2673 2071 negotia
2699 2010 2720 2036 ο
2746 2003 3080 2054 concinnant
3108 2016 3122 2055 :
3150 1999 3244 2054 sed
3262 1999 3378 2055 Deo
3406 2001 3648 2069 gratias;

2042 2099 2169 2154 dum
2203 2099 2319 2152 haec
2349 2104 2535 2167 agunt,
2569 2103 2721 2149 tanto
2751 2093 2926 2164 magis
2958 2103 3012 2148 et
3039 2093 3163 2164 plus
3190 2102 3543 2149 exsecrantur
3576 2094 3644 2150 ab

2043 2190 2293 2245 omnibus
2330 2200 2383 2242 et
2422 2196 2821 2258 cognoscuntur
2862 2201 3011 2251 vere,
3055 2196 3115 2240 ut
3164 2185 3296 2246 dicit
3328 2186 3348 2221 ί
3381 2186 3646 2242 sanctitas

2042 2292 2155 2346 tua,
2191 2279 2458 2349 mancipia
2485 2294 2606 2334 esse
2628 2277 2968 2342 antichrisﬁ;
2992 2285 3048 2332 et
3075 2278 3172 2348 ipsi
3198 2278 3406 2344 miseri,
3431 2278 3560 2332 dum
3588 2278 3642 2334 in

2043 2373 2169 2429 odio
2220 2373 2517 2437 habentur,
2551 2370 2749 2425 durant
2795 2371 2847 2424 in
2902 2368 3238 2439 malignitate
3293 2383 3412 2432 sua,
3467 2368 3645 2426 donec

2043 2478 2216 2522 morte
2242 2466 2326 2520 avi
2357 2466 2435 2519 sui
2466 2464 2770 2519 Pharaonis
2793 2471 2847 2517 et
2874 2462 2976 2532 ipsi
3009 2461 3358 2516 damnentur.
3388 2459 3645 2516 Salutant

2042 2559 2360 2629 religionem
2383 2541 2529 2613 tuam
2578 2557 2668 2626 qui
2708 2570 2919 2611 mecum
2947 2564 3105 2620 sunt;
3140 2553 3369 2622 dignare
3405 2555 3644 2609 salutare

2041 2654 2129 2725 qui
2157 2664 2330 2708 tecum
2362 2660 2509 2706 sunt.
2542 2651 2730 2704 Divina
2761 2651 2856 2704 Dei
2883 2650 3058 2719 gratia
3090 2649 3412 2703 incolumem
3449 2658 3500 2703 te
3531 2665 3640 2704 me-

2043 2760 2249 2800 morem
2296 2743 2466 2797 nostri
2509 2755 2724 2810 semper
2754 2747 2782 2775 ιι
2833 2739 3050 2794 beatum
3095 2747 3409 2804 conservet,
3442 2741 3640 2796 merito

2041 2838 2204 2891 homo
2249 2835 2366 2898 Dei,
2397 2833 2592 2887 famule
2636 2831 2862 2899 Christi,
2913 2829 3184 2901 particeps
3238 2830 3636 2900 apostolorum,

2039 2931 2289 2986 solatium
2324 2924 2700 2990 fraternitatis,
2727 2923 2987 2994 magister
3007 2921 3281 2992 veritatis,
3305 2930 3359 2978 et
3389 2931 3415 2959 ι’
3447 2921 3499 2976 in
3522 2936 3644 2976 om—

2041 3023 2196 3078 nibus
2225 3017 2755 3076 desiderantissime.

2108 3251 2134 3289 ¹ί
2167 3251 2275 3307 Sed
2292 3260 2338 3304 et
2363 3250 2490 3313 scio,
2515 3260 2582 3316 et,
2616 3258 2723 3305 etc.
2753 3247 2888 3303 Cod.
2926 3245 3060 3302 Ven.

2116 3321 2130 3359 ι
2169 3321 2272 3376 Per
2315 3315 2575 3375 orationes
2595 3329 2709 3374 tua;
2736 3319 2805 3373 ad
2833 3317 3135 3374 Dominum.
3168 3315 3420 3372 Galland.

2110 3403 2149 3430 ιη
2185 3393 2519 3448 Exciderunt.
2557 3391 2758 3446 Baron.

2109 3474 2136 3501 η
2166 3464 2228 3518 Si
2256 3465 2442 3517 minus.
2475 3461 2612 3517 Cod.
2648 3463 2780 3518 Ven.

2111 3545 2135 3572 ο
2167 3535 2318 3598 Mea,
2347 3533 2693 3599 cumChiﬂl.,
2727 3531 2899 3590 Codd.
2931 3530 3393 3602 Reg.,Sangerm.
3424 3542 3479 3587 et
3499 3531 3635 3587 Ven.

2037 3606 2211 3662 Antea
2233 3621 2318 3660 ea.

2107 3689 2134 3728 p
2157 3675 2795 3741 Pet'mittt'mur,0tttnTil.
2818 3673 3206 3738 Permittemur,
3223 3671 3356 3728 Cod.
3378 3673 3512 3730 Ven.
3529 3675 3639 3730 An-

2041 3758 2120 3804 tea
2146 3757 2507 3818 permittimus.

2113 3830 2140 3869 q
2167 3819 2594 3899 Curam/tabenti;
2620 3816 2754 3899 ρρά.
2785 3816 3072 3899 Sangerm.
3109 3884 3151 3899 ﬁ
3415 3887 3426 3899 ο

2040 3961 2080 4016 Β
2116 3901 2136 3928 τ
2199 3891 2473 3945 Eremitas.
2534 3888 2713 3944 Chifll.
2772 3888 3052 3942 mendose.
3104 3884 3320 3940 Eremos
3380 3887 3636 3942 circumit.

2083 3977 2238 4016 aron.

2083 3977 2238 4017 aron.

2095 4033 2380 4106 ‘ﬂegotia,
2399 4047 2520 4087 cum
2535 4032 2739 4106 Latin,
2756 4029 2936 4085 Chifll.
2951 4071 2966 4097 ,
2981 4028 3152 4086 Codd.
3171 4030 3330 4101 Reg,
3350 4027 3638 4101 Sangerm.

2039 4113 2095 4160 et
2125 4103 2260 4160 Ven.
2287 4103 2459 4158 Antea
2483 4104 2720 4174 negotiis.

2117 4179 2134 4212 ί
2167 4176 2335 4231 Dixit.
2366 4175 2498 4229 Cod.
2534 4175 2669 4230 Ven.

2112 4255 2140 4282 ιι
2174 4247 2505 4316 Semperque.
2539 4246 2606 4301 Pa
2615 4245 2769 4316 pebr.

2112 4327 2141 4355 ν
2171 4317 2276 4373 Sed
2300 4313 2356 4370 in
2380 4313 2629 4372 omnibus
2644 4316 3131 4373 desiderantissime.
3154 4313 3336 4371 Chilﬂ.
3364 4313 3642 4369 Desidera-

2039 4388 2255 4444 tissime.
2286 4387 2520 4458 Papebr.

1931 4585 3626 4611 ——-—————-————_———I—_

1481 4757 2502 4872 APPENDIX.

416 4960 576 5042 DE
620 4956 1435 5043 PROFESSIONE
1479 4961 1791 5043 FIDEI
1834 4960 1928 5042 S.
1978 4957 2546 5043 LUCIFERI
2589 4958 2768 5044 ΕΡ.
2821 4955 3556 5043 CALARITANI.

346 5254 388 5324 Ξ,
425 5252 787 5308 Vetustissimi
820 5253 982 5322 hujus
1015 5251 1354 5320 Fragmenti,
1402 5252 1546 5324 quod
1573 5253 1680 5324 hic
1722 5249 1944 5324 subjici-
1967 5251 2021 5311 Ι)
2048 5252 2234 5324 Quare
2259 5251 2384 5307 eum
2412 5265 2510 5322 per
2540 5251 2750 5324 litteras
2787 5248 3302 5324 illiusgexemplum
3323 5247 3652 5324 petissemus

349 5315 490 5393 rhus,
519 5326 765 5378 notitiam
796 5315 1320 5393 exc'epirnus‘primo
1340 5315 1619 5378 ex'Diario
1641 5315 1942 5378 Italico'ce-

348 5395 626 5451 leberrimi
664 5396 764 5451 viri
810 5394 1070 5449 Bernardi
1114 5393 1527 5464 Montfauconii,
1555 5395 1642 5464 qui
1673 5393 1799 5448 illud
1829 5408 1858 5447 a
1886 5408 1946 5447 se

348 5467 524 5520 visunt
550 5466 839 5520 Mediolani
873 5467 925 5518 in
956 5464 1294 5518 Bibliotheca
1325 5463 1685 5518 Ambrosiana
1715 5472 1950 5518 testatur

350 5536 501 5607 hisce
540 5536 723 5590 verbis
754 5551 878 5607 pag.
913 5535 1014 5590 i9:
1042 5534 1220 5589 Codex
1254 5536 1419 5607 octavi
1446 5536 1624 5588 stecuti
1650 5534 1949 5607 Langobar-

349 5606 482 5660 dicis
535 5608 719 5677 litteris
755 5604 915 5660 'habet
963 5610 1210 5677 quasdam
1259 5605 1612 5677 Chry‘sostomi
1657 5604 1897 5677 humilius
1929 5623 1948 5659 .'

350 5677 603 5759 @uc'lt‘erii
654 5673 1012 5759 Lugdunensis
1043 5677 1290 5759 quadarn
1318 5693 1338 5759 ί
1367 5673 1754 5759 ζοηίεεκὶοηεηε
1799 5673 1949 5759 (σ’ἱάεὶ

352 5748 585 5820 Luciferi
611 5765 628 5803 :
654 5747 776 5821 iter];
816 5747 1202 5821 Confessiouem
1241 5747 1544 5821 Athanasii,
1581 5763 1700 5821 quin
1734 5748 1948 5821 habetur

353 5817 694 5890 inter'spuria
735 5817 940 5888 Vigilio’
974 5820 1222 5873 attributa
1248 5835 1264 5870 ε
1292 5820 1411 5874 item
1442 5817 1628 5873 Fidem
1669 5817 1941 5872 Ambrosii.

2054 5337 2084 5375 a
2105 5319 2553 5378 clarissimo‘viro
2576 5323 2922 5380 Balthassare
2942 5319 3257 5376 Oltrocchio
3277 5319 3657 5376 Ambmsiana:

2056 5393 2406 5449 Bibliothecae
2437 5395 2722 5458 Prafecto,
2754 5395 2799 5448 is
2829 5395 3241 5462 perhumaniter
3275 5391 3361 5462 ad,
3389 5405 3486 5445 nos
3518 5390 3656 5447 illud

2058 5467 2385 5533 transmisit,
2413 5475 2468 5519 et
2493 5481 2612 5535 quae
2638 5465 2705 5518 ad
2736 5461 3161 5535 dignoscendam
3190 5461 3397 5518 codicis
3418 5471 3662 5535 atatem

2054 5536 2110 5590 in
2146 5551 2255 5605 quo
2284 5532 2525 5592 Lueiteri'
2560 5533 2722 5588 Fides
2765 5532 3037 5602 descripta
3087 5543 3192 5595 est.
3225 5544 3337 5589 tum
3367 5532 3435 5587 ad
3479 5533 3652 5602 conji-

2054 5607 2311 5662 ciendum
2342 5608 2708 5676 genuinumne
2757 5605 2827 5659 sit
2867 5606 3039 5659 sancti
3073 5605 3323 5675 Episcopi
3352 5618 3522 5676 opus,
3558 5621 3655 5658 ne-

2054 5681 2290 5732 cessaria
2322 5674 2478 5731 nobis
2505 5686 2683 5740 erant,
2712 5676 2854 5730 ultro
2875 5674 3318 5731 communicavit.
3341 5674 3526 5730 Codex
3552 5676 3656 5729 ita-

2054 5764 2158 5817 que
2188 5764 2217 5802 c
2247 5751 2578 5803 membranis
2619 5756 2854 5814 constat,
2887 5760 2943 5803 et
2970 5749 3206 5803 rutundo
3244 5764 3308 5803 ac
3349 5745 3656 5818 minusculo

2050 5820 2366 5874 charactere
2399 5822 2644 5875 ltomano
2669 5829 2924 5874 exaratus
2948 5828 3052 5885 est,
3078 5819 3384 5887 litterisque
3409 5817 3550 5872 inter
3575 5831 3664 5870 se—
