4094 6190
520 278 657 336 1047

1507 275 1600 331 ΑΙ)
1638 268 2040 329 LUCIFERUM
2080 267 2301 326 EPISC.
2341 265 2843 343 CALARITANUM

3669 259 3815 320 1048

512 396 795 463 baverant,
820 399 1042 451 omnino
1081 403 1238 463 negat
1274 396 1415 449 inter
1452 392 1752 456 catholicos
1776 406 1897 447 esse
1927 390 2108 446 feren-
2134 394 2184 451 Α
2211 390 2497 463 probabat.
2555 390 2890 459 Quamquam
2945 406 3069 463 cum
3124 393 3196 448 sit
3250 393 3555 456 incertum,
3624 400 3804 463 utrum

515 468 642 522 dum
680 486 695 521 :
725 468 867 523 unde
904 468 1005 522 alia
1047 482 1208 523 causa
1240 481 1337 519 cur
1365 465 1703 519 Sabellianus
1736 465 2009 518 diceretur
2038 463 2107 517 ab

513 539 605 601 iis,
633 539 720 609 qui
752 548 855 593 tres
886 542 1188 609 hypostases
1217 540 1268 592 in
1301 536 1566 609 Trinitate
1594 534 1920 609 fatebantur,
1941 534 1997 609 id
2025 544 2107 609 est

513 620 615 663 tres
644 605 890 679 personas
905 605 1223 673 {Sabellius
1244 610 1387 663 enim
1417 608 1581 661 Deuin
1615 605 1895 679 asserebat
1923 606 2106 661 ὑιοπὰ-

510 677 659 752 ropa,
686 681 789 735 hoc
816 688 901 735 est
929 696 1088 736 uuam
1124 685 1173 734 in
1206 681 1317 735 Deo
1351 693 1634 752 personam
1665 677 2025 752 esse‘Patrein
2052 688 2108 752 et

511 746 727 814 Filium,
764 760 820 806 ut
846 751 1267 806 aitAthanasius
1295 746 1716 813 iu‘expositione
1747 746 1925 811 Fidei;
1959 749 2106 804 etde

509 822 716 887 Spiritu
742 834 932 878 sancto
976 822 1199 893 perinde
1239 837 1302 877 ac
1330 821 1405 893 de
1434 820 1570 893 Filio
1598 820 1883 884 sentiebat,
1918 828 1976 872 ut
2010 835 2106 875 eos

506 893 783 965 ὁμότιμους
813 894 1033 956 faceret,
1068 909 1242 963 neque
1267 909 1295 946 a
1327 892 1500 965 Patris
1529 905 1759 965 persona
1801 901 2102 965 separaret,

509 961 604 1035 sed
637 961 795 1019 unam
828 961 1183 1035 eamdemque
1210 979 1272 1019 ac
1304 963 1469 1035 veluti
1491 961 1819 1035 primariam
1852 962 2099 1035 liypostag

508 1034 611 1088 siin
642 1046 924 1101 statueret,
956 1031 1110 1106 cujus
1138 1036 1256 1090 duae
1286 1032 1542 1106 ilILeFilii
1573 1041 1628 1086 et
1655 1031 2104 1106 Spiritus_Sancli

506 1116 696 1182 essent
721 1109 962 1182 ἐνεργείαι
984 1151 996 1171 ,
1021 1102 1102 1160 ’κίι
1129 1107 1383 1182 Petavius
1405 1105 1457 1158 in
1481 1103 1575 1158 lib.
1608 1118 1652 1182 t,_
1673 1102 1877 1182 cap._6.
1908 1103 2103 1160 Verum

506 1191 630 1231 cum
656 1174 905 1234 Cra-etim
940 1193 1135 1233 nomen
1164 1179 1456 1236 ὑπόστασις
1482 1190 1577 1244 pro
1605 1175 1753 1249 υὺσίᾳ
1777 1174 1891 1230 sive
1918 1188 2105 1249 essen-

507 1249 580 1302 tia
612 1262 825 1304 veteres
857 1251 1043 1305 Patres
1074 1249 1419 1304 adhibuerint
1453 1244 1753 1316 prmsﬁertiu'i
1777 1256 1902 1300 ante
1931 1245 2105 1301 Nic-ee-

507 1334 637 1372 num
665 1319 990 1383 Concilium,
1027 1330 1081 1374 et
1126 1336 1184 1375 re
1214 1334 1340 1374 vera
1390 1315 1501 1372 tum
1549 1315 1601 1370 id
1645 1315 1929 1388 signiticet,
1960 1318 2101 1388 quod

505 1390 809 1457 simpliciter
845 1393 1037 1457 existit,
1078 1391 1131 1445 id
1162 1399 1246 1445 est
1270 1391 1560 1450 essentiam,
1593 1396 1705 1440 tum
1738 1387 1811 1453 id,
1844 1387 1985 1458 quod
2012 1405 2103 1459 per

505 1477 560 1513 se
606 1461 869 1526 subsistit,
901 1462 1228 1515 individuum
1266 1461 1503 1525 scilicet,
1548 1473 1643 1514 seu
1690 1474 1992 1528 personam,
2034 1461 2103 1514 de

412 1554 417 1558 ·
503 1532 700 1600 quibus
740 1533 859 1587 vide
893 1532 1167 1587 Petavium
1215 1533 1269 1587 in
1317 1532 1410 1585 lib.
1453 1547 1528 1595 tv,
1560 1545 1682 1598 cap.
1717 1530 1768 1594 1,
1800 1528 1855 1594 4,
1902 1532 1956 1595 7,
2001 1529 2102 1586 hoc

496 1602 757 1657 individui
808 1618 973 1660 sensu
1023 1604 1195 1659 Grzeci
1238 1602 1426 1657 Patres
1464 1600 1596 1656 illud
1644 1609 1831 1670 postea
1876 1616 2102 1670 usurpa-

503 1684 651 1738 runt,
692 1691 797 1743 quo
828 1675 897 1728 ab
937 1676 1002 1728 iis
1034 1675 1219 1741 etiam,
1255 1675 1347 1744 qui
1383 1672 1449 1727 ad
1478 1667 1822 1727 rectm’Fidei
1857 1667 2104 1744 cominu-

503 1742 721 1798 nionem
776 1746 844 1800 ab
894 1745 1107 1799 Arianis
1158 1742 1363 1801 reversi
1418 1744 1651 1806 fuerant,
1706 1742 2097 1810 usurpabatur;

503 1829 628 1869 nam
648 1815 817 1887 trium
847 1818 1183 1887 hypostasum
1208 1816 1427 1871 nomine
1454 1830 1558 1887 non
1590 1822 1690 1887 tres
1710 1814 1980 1887 essentias,
2005 1830 2107 1870 nec

502 1896 606 1958 tres
641 1884 797 1953 Deos,
827 1883 929 1942 aut
948 1889 1046 1942 tria
1074 1888 1329 1958 principia
1362 1883 1762 1958 intelligebant,
1791 1883 1886 1938 sed
1910 1895 2023 1958 tres
2051 1888 2105 1940 in

505 1955 756 2027 Irinitate
784 1974 1048 2027 personas,
1074 1955 1327 2021 'Patre'm,
1364 1960 1451 2027 qui
1494 1972 1607 2009 vere
1646 1955 1711 2009 sit
1749 1964 1796 2008 et
1834 1955 2103 2027 subsistat,

503 2025 705 2081 Filium
751 2025 805 2081 ut
865 2032 1161 2084 existentem
1212 2038 1260 2083 et
1308 2025 1696 2091 subsistentem,
1754 2035 1804 2077 et
1846 2025 2105 2093 Spiritum

501 2108 759 2163 sanctum,
785 2110 838 2153 ut
858 2100 1237 2166 subsistentem,
1256 2110 1301 2155 et
1321 2100 1621 2154 emittentem
1653 2098 1834 2167 :quod
1860 2099 2100 2167 Epistula

503 2169 771 2240 Synodica
832 2173 1202 2227 Alexandrina
1264 2180 1509 2226 testatur.
1572 2170 1647 2223 Ita
1708 2169 2102 2239 disputationes

500 2242 823 2309 quieverant
863 2242 1094 2314 litesque
1131 2254 1241 2298 tum
1286 2243 1355 2297 de
1395 2243 1686 2314 ὑπόστασις
1727 2255 1862 2296 voce
1897 2251 2103 2314 exorta:

500 2314 805 2379 praesertim
848 2312 1181 2380 Antiochiae,
1229 2313 1372 2368 unde
1414 2312 1815 2366 Antiochenum
1865 2312 2100 2366 scbisma

502 2382 814 2451 eoullatnm,
852 2392 988 2438 teste
1034 2384 1229 2439 Basilio
1275 2399 1363 2451 ep.
1406 2383 1535 2447 549,
1566 2392 1734 2436 veter.
1780 2382 1911 2436 edit.
1958 2385 2102 2451 apud

503 2450 782 2506 Petavium
816 2454 906 2508 lib.
932 2470 1008 2516 tv,
1032 2468 1151 2521 cap.
1172 2453 1229 2516 4,
1261 2450 1412 2507 num.
1440 2454 1526 2515 il,
1555 2467 1679 2506 cum
1711 2452 1970 2506 Terentio
1998 2450 2101 2507 Co-

498 2521 617 2593 miti
662 2523 870 2587 scribit,
900 2525 1043 2578 haud
1071 2526 1219 2593 parvi
1262 2524 1508 2577 momenti
1543 2538 1598 2575 se
1637 2524 1943 2591 quiestiones
1979 2524 2101 2579 illas

498 2592 710 2657 ducere,
745 2594 806 2646 ob
831 2611 957 2663 quas
986 2592 1137 2650 initio
1163 2596 1388 2650 scbisma
1417 2594 1701 2659 conﬂatum
1743 2602 1817 2647 est
1843 2610 1861 2646 :
1886 2609 1995 2663 quo
2046 2598 2097 2650 in

495 2663 617 2717 loco
673 2664 1063 2722 advertendum
1118 2666 1405 2721 dissidium
1458 2665 1627 2721 hocce
1685 2666 1826 2719 inter
1879 2665 2100 2721 Graecos

496 2733 803 2790 Orientales
827 2738 1002 2805 primo
1032 2740 1289 2806 cuspisse,
1326 2753 1430 2791 non
1464 2738 1605 2791 inter
1645 2734 1868 2791 Graecos
1907 2746 1961 2789 et
1990 2736 2096 2789 La-

496 2806 661 2879 tinos,
690 2819 748 2879 ut
770 2807 1008 2864 aflirmat
1036 2810 1280 2879 praefatio
1304 2810 1357 2862 in
1379 2806 1681 2879 Synodjcas
1704 2807 1925 2879 litteras
1950 2806 2096 2861 Con-

496 2874 604 2931 cilii
636 2876 999 2934 Alexandrini
1034 2874 1165 2934 tom.
1197 2880 1254 2945 2,
1283 2874 1495 2933 Coucil.
1532 2877 1669 2933 Ven.
1702 2877 1849 2932 Edit.
1876 2879 2093 2946 prioris.

496 2950 590 3012 At,
620 2964 727 3016 quo
748 2958 997 3017 tempore
1025 2951 1314 3004 Faustinus
1342 2952 1480 3004 hanc
1510 2948 1693 3002 Fidem
1725 2948 1918 3013 edidit,
1950 2951 2099 3018 sopi-

496 3026 586 3071 tus
623 3018 765 3084 ignis
807 3022 1175 3075 contentionis
1215 3020 1591 3075 vehementius
1632 3020 1743 3088 jam
1793 3033 2093 3084 exarserat,

497 3103 658 3163 quem
684 3089 856 3163 Latini
881 3107 1094 3163 quoque
1117 3092 1372 3146 fovebant
1396 3091 1598 3159 ingenti
1624 3092 1855 3163 partium
1881 3091 2095 3163 studio;

2137 1782 2185 1841 B

2166 2586 2169 2587 ⁷
2206 2586 2382 2654 Fidei,

2213 462 2617 532 Eleutheropnli
2647 472 2955 518 versaretur
2983 462 3293 531 Faustinus,-
3326 466 3454 519 dum
3488 464 3679 519 Fidem
3699 461 3810 515 edi-

2210 532 2311 598 dit,
2336 534 2476 601 quod
2510 544 2658 602 putat
2683 535 3029 599 Quesnellus,
3064 551 3131 589 an
3160 536 3263 589 alia
3299 538 3348 591 in
3386 539 3537 599 urbe,
3572 544 3729 589 certe
3759 532 3810 585 in

2209 604 2456 667 Oriente,
2493 606 2579 660 ubi
2621 605 2904 660 contentio
2941 607 3119 660 adhuc
3150 607 3400 662 fervebat
3424 607 3491 662 de
3529 621 3660 667 usu,
3691 619 3813 657 sen-

2211 689 2381 745 suque
2408 678 2563 729 trium
2591 680 2943 747 hypostasum,
2981 678 3106 731 hinc
3126 677 3436 747 conjectura
3468 678 3729 732 ducimur
3750 673 3816 727 ad

2210 747 2573 811 eredendum,
2615 762 2832 803 omnem
2865 747 3026 817 hujus
3068 747 3223 801 Fidei
3254 750 3554 804 scribendae
3588 760 3817 803 causam

2210 817 2285 870 illi
2317 817 2503 884 fuisse,
2527 826 2605 879 ut.
2629 833 2752 873 cum
2784 835 2945 873 unatn
2973 835 3094 875 esse
3120 821 3430 886 ὑπόστασιν,
3460 821 3508 875 id
3534 829 3627 874 est
3645 833 3820 872 essen-

2211 890 2336 942 tiam
2362 904 2458 943 seu
2485 890 2822 943 substantiam
2852 890 3134 945 'l‘rinitatis
3165 893 3482 955 allirinaret,
3511 892 3582 945 ab
3616 902 3818 944 eorum

2208 959 2497 1032 calumniis
2542 975 2663 1015 sese
2703 961 3052 1025 defenderet,
3083 964 3172 1031 qui
3215 972 3316 1016 tres
3346 963 3657 1032 hypostases
3686 959 3823 1014 fate-

2209 1029 2406 1104 bantur
2427 1046 2494 1085 eo
2524 1046 2710 1096 sensu,
2742 1032 2833 1102 qui
2860 1033 2928 1104 ab
2954 1029 3323 1088 Alexandrina
3357 1029 3584 1104 synodo
3619 1032 3821 1100 proba-

2211 1112 2299 1156 tus
2335 1102 2535 1174 iuerat,
2559 1113 2614 1156 et
2643 1107 2790 1157 vocis
2824 1103 2982 1173 hujus
3014 1105 3119 1158 vim
3153 1120 3250 1173 pro
3289 1120 3385 1159 sua
3401 1102 3667 1174 ipsorum
3697 1116 3817 1154 seu-

2210 1173 2380 1227 tentia
2434 1175 2877 1242 interpretantes,
2912 1174 3314 1230 Sabellianismi
3369 1173 3605 1230 cteteros
3660 1187 3817 1227 accu—

2208 1244 2433 1314 sabant,
2491 1245 2582 1313 qui
2635 1245 2796 1299 aliter
2851 1245 2999 1299 illam
3056 1246 3574 1314 interpretarentur.
3639 1244 3817 1312 Quare

2208 1312 2696 1370 Faustinusisuam
2744 1314 2933 1370 Fidem
2972 1312 3563 1384 exhibet’lmperatori
3610 1317 3715 1375 ita.
3762 1324 3817 1371 ut

2207 1399 2331 1459 cum
2377 1386 2645 1440 catholica
2690 1387 3186 1459 doctrinaSynodi
3226 1391 3449 1443 omnino
3493 1388 3815 1459 conveniat,

2206 1456 2499 1519 ὑπόστασις
2544 1466 2749 1520 autem,
2792 1467 2847 1513 et
2875 1456 3175 1513 substantiae
3216 1474 3381 1514 voces
3428 1474 3525 1513 sua
3576 1456 3814 1511 tantm-

2208 1528 2371 1581 modo
2418 1530 2862 1597 interpretatione
2902 1530 3032 1584 velit
3077 1544 3200 1585 esse
3239 1530 3641 1593 explicandas:
3675 1528 3813 1596 quod

2207 1598 2387 1671 ipsum
2419 1597 2687 1653 Formula:
2725 1600 2933 1654 initium
2964 1601 3233 1671 significat
3259 1618 3271 1653 :
3303 1599 3502 1655 Prinne
3534 1600 3664 1670 ﬁdei
3694 1616 3815 1653 con-

2206 1670 2480 1743 fessionem
2520 1679 2700 1743 contra
2744 1670 3036 1743 Sabelliunt
3074 1673 3340 1743 signamus
3377 1682 3425 1726 et
3467 1682 3664 1726 contra
3693 1671 3811 1743 tios,

2208 1741 2295 1813 qui
2316 1740 2409 1794 sub
2430 1743 2635 1797 nomine
2654 1740 2937 1797 Catholica:
2962 1740 3299 1813 Fidei'inipia
3321 1744 3471 1797 verba
3495 1741 3808 1812 defendunt,

2213 1808 2439 1865 dicentes
2466 1822 2567 1866 tres
2596 1830 2705 1867 esse
2731 1813 3063 1868 substantias.

2286 1886 2461 1954 Atque
2492 1884 2608 1938 hare
2645 1885 2779 1939 satis
2812 1883 2881 1939 de
2921 1883 3173 1938 Fornmla
3201 1883 3476 1949 Faustini;
3519 1899 3651 1954 qua:
3692 1898 3810 1937 num

2211 1951 2462 2039 Lucifero
2518 1956 3218 2039 Conveniunt...quisquam
3280 1956 3437 2037 facile
3491 1951 3811 2039 cognoscit.

2211 2023 2343 2092 ipsis
2373 2026 2718 2080 solummodo
2750 2024 2903 2082 Fidei
2936 2023 3121 2081 verbis
3154 2029 3433 2095 spectatis,
3467 2037 3527 2083 et
3558 2023 3807 2089 consilio,

2209 2109 2317 2163 quo
2351 2096 2496 2150 edita
2549 2097 2669 2151 fuit.
2714 2101 2783 2150 At
2828 2098 2947 2163 quis
2984 2096 3220 2162 dixerit,
3258 2096 3447 2151 Fidem
3485 2113 3518 2151 a
3561 2096 3807 2152 Lucifero

2210 2164 2427 2237 quidem
2476 2170 2732 2237 scriptam
2778 2183 2807 2220 a
2854 2168 3117 2223 Faustino
3164 2168 3217 2221 in
3264 2183 3419 2222 suam
3460 2166 3802 2231 Formulam,

2208 2236 2409 2308 additis
2447 2236 2673 2294 exordio
2708 2247 2764 2293 et
2795 2238 3069 2304 clausula,
3107 2238 3389 2304 adscitum,
3435 2251 3495 2293 ut
3535 2239 3715 2308 magis
3745 2252 3807 2291 ex

2208 2305 2327 2379 ipso
2356 2318 2577 2364 auctore
2604 2313 2945 2379 probaretur.
2976 2310 3180 2365 Verum
3208 2309 3443 2364 Luciferi
3473 2305 3678 2365 nomen
3704 2324 3802 2361 non

2207 2378 2448 2450 siluisset
2475 2378 2787 2443 FauStinus.
2825 2396 2987 2450 quem
3018 2383 3071 2435 in
3104 2380 3302 2435 Libello
3334 2397 3545 2449 precum
3590 2390 3667 2435 tot
3700 2380 3805 2432 lau-

2207 2448 2367 2521 dibus
2417 2453 2587 2506 semel
2641 2462 2803 2521 atque
2845 2448 3054 2506 iterum
3107 2462 3295 2515 ornat;
3338 2448 3415 2506 ac
3465 2452 3691 2507 demum
3744 2466 3801 2503 ex

2209 2518 2474 2593 hactenus
2502 2522 2661 2578 dictis
2694 2518 2763 2577 ita
2794 2532 2973 2593 potest
3004 2532 3150 2578 recte
3184 2525 3467 2588 constitui,
3506 2522 3803 2577 Formulam

2417 2608 2578 2662 quam
2612 2610 2679 2649 ex
2716 2596 3072 2649 Ambrosiano
3102 2594 3303 2649 Codice
3335 2595 3421 2650 hic
3460 2595 3799 2659 exhibemus,

2204 2660 2483 2728 Lucifero,
2513 2667 2604 2734 qui
2638 2664 2689 2718 Ν
2696 2667 2871 2720 isseme
2898 2663 3051 2719 Fidei
3077 2665 3381 2719 Formnlam
3403 2668 3569 2721 unice
3590 2674 3797 2721 secutus

2204 2745 2310 2806 est,
2336 2736 2425 2806 qui
2450 2735 2580 2789 nihil
2608 2752 2860 2806 umquam
2890 2738 3223 2806 ambiguum,
3250 2737 3382 2792 nihil
3410 2738 3710 2791 obscurum
3737 2735 3798 2789 de

2205 2802 2472 2860 Trinitate
2513 2802 2749 2876 scripsit.
2791 2809 2883 2876 qui
2919 2802 3140 2862 decreta
3175 2808 3379 2877 Synodi
3418 2808 3800 2862 Alexandrina:

2205 2888 2304 2929 suo
2335 2891 2562 2931 assensu
2599 2878 2966 2943 conﬁrmavit,
3001 2880 3091 2945 qui
3125 2877 3351 2934 Sabellii
3380 2894 3608 2949 errores
3638 2878 3798 2949 palam

2204 2957 2519 3001 exsecratus
2545 2958 2628 3003 est
2653 2950 2703 3002 iti
2736 2949 2832 3002 lib.
2863 2950 2925 3003 de
2956 2966 3060 3003 non
3089 2965 3234 3002 conv.
3260 2967 3372 3003 cum
3398 2948 3589 3003 lueret.
3616 2947 3667 3003 et
3689 2947 3799 3002 nul-

2204 3014 2309 3088 lius
2352 3017 2594 3073 hmretici
2641 3022 2843 3075 erroris
2894 3023 2945 3075 in
2993 3022 3355 3088 suspicionem
3408 3036 3670 3088 umquam
3717 3019 3799 3072 ad-

2203 3085 2398 3161 ductus
2420 3089 2541 3161 fuit,
2573 3090 2741 3161 illam,
2772 3093 3013 3161 inquam,
3038 3085 3191 3145 Fidei
3220 3085 3532 3145 Formulam
3560 3107 3667 3147 non
3689 3105 3798 3145 esse

498 3155 591 3233 alii
622 3160 822 3233 quippe
846 3155 1142 3225 ὑτξόσεὲασις
1169 3164 1387 3217 nomine
1428 3155 1600 3217 οὖσίαν
1625 3155 1893 3215 ’νοΙεὺίιηι
1934 3155 2095 3217 ἰηιριέ
2128 3164 2172 3226 C
2208 3160 2567 3233 tribuendam,
2605 3155 2699 3216 sed
2729 3164 2814 3217 vel
2843 3155 2910 3217 ab
2940 3155 3133 3218 inscito
3158 3164 3411 3233 quopiam
3441 3162 3689 3228 homine,
3720 3161 3794 3215 vel

502 3231 617 3299 ligi,
644 3231 697 3285 id
723 3244 801 3286 est
820 3237 1115 3299 essentiam,
1147 3249 1243 3290 seu
1272 3235 1643 3297 substantiam;
1677 3233 1765 3285 alii
1799 3248 2094 3300 personam,

500 3314 596 3355 seu
629 3304 1013 3359 subsistentiam
1044 3305 1388 3370 personalem,
1417 3311 1474 3358 et
1514 3305 1654 3358 inter
1696 3317 1821 3357 sese
1861 3306 2103 3357 substan-

499 3372 660 3445 tiam,
682 3374 735 3426 hi
756 3390 853 3442 pro
878 3378 1230 3435 subsistentia.
1262 3376 1340 3430 illi
1367 3390 1463 3445 pro
1489 3377 1709 3428 essentia
1736 3375 2102 3442 interpretan-

502 3450 605 3507 tes,
631 3443 699 3498 de
724 3446 774 3497 vi
811 3446 926 3511 ipsa
958 3463 1148 3503 vocum
1178 3443 1494 3501 earumdem
1529 3448 1583 3499 in
1616 3445 1809 3500 Latino
1846 3460 2101 3502 sermone

500 3513 871 3570 decertabant.
918 3517 1096 3585 Quare
1132 3518 1448 3581 Faustinus,
1489 3531 1612 3570 cum
1640 3516 1941 3571 substantia:
1966 3532 2100 3572 voce

498 3587 769 3656 essentiam
799 3588 1093 3656 signiﬁcari
1124 3589 1504 3652 contenderet,
1544 3597 1654 3642 tres
1679 3588 2014 3642 substantias
2045 3590 2096 3643 in

500 3654 765 3710 Trinitate
791 3654 951 3728 negat
982 3673 1106 3715 esse
1125 3657 1513 3722 enuntiandas;
1538 3673 1879 3728 consequens
1901 3661 2100 3728 quippe

498 3733 655 3799 erat,
689 3734 744 3778 ut
776 3737 889 3799 tres
934 3728 1071 3784 Deos
1114 3730 1504 3799 conﬁterentur,
1532 3731 1621 3799 qui
1650 3740 1752 3784 tres
1782 3729 2099 3783 substantias

496 3795 591 3871 illa
611 3798 986 3871 significatione
1006 3795 1415 3871 conﬁtebantur;
1437 3809 1494 3855 et
1511 3795 1565 3855 in
1592 3804 1704 3870 ipsa
1728 3799 1865 3854 Fide
1890 3802 2100 3855 descri-

498 3867 673 3944 benda
715 3870 1015 3926 substantia:
1061 3867 1281 3939 nomen,
1311 3881 1579 3944 quatenus
1610 3867 1882 3928 essentiam
1919 3875 2100 3941 expri-

500 3940 625 4003 mit,
658 3957 796 4008 p'eue
831 3944 901 3998 de
934 3944 1196 4000 industria
1236 3940 1522 4014 repetiisse
1555 3944 1805 3999 videtur:
1838 3944 1911 3998 illi
1940 3940 2094 4008 vero,

496 4013 589 4085 qui
639 4015 928 4075 ὑπόστασις
981 4018 1200 4071 nomine
1255 4013 1529 4084 personam
1576 4018 1803 4085 exprimi
1857 4016 2094 4076 aiebant,

498 4078 837 4160 Faustinum,
870 4086 1097 4160 ejusque
1131 4078 1397 4160 collegam
1430 4078 1804 4160 Marcellinum
1836 4086 2101 4140 Sabellia-

494 4153 1040 4225 nismi‘accusabant,
1073 4153 1467 4225 quippe'unam
1510 4158 1563 4210 in
1606 4158 1869 4210 Trinitate
1912 4172 2098 4224 perso-

497 4235 621 4297 nam
645 4221 938 4297 defendere
959 4221 1453 4292 ipsis—viderentur.
1477 4225 1546 4281 Et
1567 4243 1634 4281 ex
1659 4227 1807 4281 hisce
1827 4221 2099 4297 conjicere

497 4291 645 4358 licet,
682 4291 999 4349 Faustinum
1040 4297 1177 4351 hanc
1214 4297 1375 4351 etiam
1416 4297 1485 4351 ob
1515 4312 1733 4352 causam
1768 4291 2097 4354 mentionem

494 4362 753 4432 injecisse
782 4367 833 4418 in
858 4362 1167 4421 Formulam
1200 4367 1349 4422 Fidei
1379 4368 1447 4423 de
1486 4369 1656 4423 tribus
1684 4368 2011 4433 substantiis,
2041 4380 2101 4424 ut

492 4435 999 4511 nimirum‘Damasi
1030 4438 1259 4493 Romani
1281 4440 1561 4511 Pontificis
1590 4442 1819 4511 gratiam
1855 4454 2097 4510 aucupa-

497 4516 666 4572 retur,
695 4506 782 4562 cui
809 4511 857 4562 in
880 4508 1188 4565 Scliismate
1209 4511 1444 4566 Ursicini
1481 4506 1656 4567 fuerat
1682 4512 1962 4575 inlensus;
1998 4506 2099 4565 Da-

492 4591 677 4631 masus
706 4579 849 4633 enim
879 4578 947 4634 de
979 4582 1135 4635 trium
1160 4583 1497 4639 ὑποστάσεων
1529 4583 1900 4637 controversia
1929 4582 2095 4637 silen-

494 4646 979 4725 ξξιιῖη-ἰηρὶλνίιξῃειι,Δ
1009 4653 1088 4725 uti
1134 4654 1253 4725 vult
1302 4654 1563 4725 Baronius
1606 4654 1674 4707 ad
1716 4668 1810 4706 an.
1859 4652 1986 4718 572,
2030 4670 2095 4707 ex

494 4716 687 4796 litteris
729 4716 913 4787 Cyrilli
956 4722 1337 4796 Alexandrini,
1361 4734 1416 4779 et
1442 4724 1495 4777 in
1528 4724 1837 4794 Hieronymi
1869 4716 2091 4779 senten-

495 4794 625 4841 tiam
655 4802 1023 4857 concesserat,
1064 4794 1159 4862 qui
1200 4795 1358 4849 trium
1397 4796 1750 4865 hypostasum
1792 4810 1947 4850 usum
1992 4796 2092 4849 ini-

2124 4544 2179 4603 D

2208 3240 2354 3284 secta
2395 3230 2741 3287 Lucileriano
2788 3250 2819 3287 e
2865 3230 3211 3287 Faustiniana
3252 3233 3507 3287 Formula
3554 3234 3797 3304 deprom-

2206 3308 2375 3367 ptam,
2401 3304 2694 3373 ambiguis,
2721 3320 2840 3373 qua:
2868 3308 3195 3369 notavimus,
3220 3312 3534 3373 corruptam
3560 3304 3788 3368 vocibus,

2205 3380 2263 3424 et
2282 3382 2385 3443 aut
2413 3375 2629 3440 inscite,
2661 3385 2755 3429 aut
2785 3374 3155 3430 fraudulenter
3192 3375 3449 3430 Lucifero
3486 3377 3785 3443 ascriptam,

2202 3441 2394 3516 quinto
2435 3446 2654 3500 circiter
2693 3448 2916 3511 saeculo,
2961 3454 3169 3516 postea.
3213 3447 3359 3500 illius
3400 3441 3789 3515 nomine'prze-

2203 3510 2332 3578 fixo,
2357 3515 2542 3569 Codici
2568 3510 2928 3572 Ambrosiano
2950 3510 3209 3572 insertam
3233 3518 3421 3571 fuisse.
3449 3510 3783 3572 Addere'hac

2206 3584 2453 3657 lubetﬁeﬁx
2494 3586 2820 3642 Praefatione
2858 3590 2991 3642 toini
3032 3588 3187 3655 primi
3220 3590 3358 3657 Opp.
3395 3588 3663 3641 Sirmondi
3695 3586 3787 3657 Yej

2205 3664 2315 3709 net.
2348 3656 2491 3710 Edit.
2522 3674 2672 3712 num.
2701 3658 2913 3714 2:Cum
2942 3675 2999 3713 eo
3030 3658 3227 3714 Libello
3253 3656 3479 3713 Precum
3503 3656 3789 3712 Marcellini

2201 3735 2259 3801 et
2299 3727 2539 3801 Faustini
2587 3730 2831 3801 traditam
2874 3733 3034 3801 fuisse
3075 3728 3482 3801 Imperatoribus
3516 3724 3793 3801 ﬁdei_Co_n—

2203 3797 2500 3871 fessionem,
2530 3816 2644 3871 quae
2674 3803 2726 3854 in
2756 3797 2945 3854 Codice
2986 3797 3255 3855 Canon'um
3284 3810 3332 3854 et
3373 3799 3597 3855 Constit.
3626 3797 3792 3871 Ecclef

2203 3870 2295 3944 sia:
2322 3868 2501 3944 _Rom.
2542 3868 2665 3944 ante
2718 3872 2897 3944 viginti
2945 3888 3114 3944 annos
3153 3873 3290 3944 edito
3337 3872 3392 3924 in
3426 3870 3687 3944 Append.
3727 3869 3792 3944 ad

2205 3940 2270 4013 ξ.
2310 3938 2498 4013 Leonis
2532 3942 2705 4011 Opera
2743 3938 2865 3996 edit.
2909 3960 2997 3996 an.
3034 3943 3195 4008 i675,
3230 3959 3349 4013 pag.
3391 3938 3789 4013 l58’.‘Faustiui

2204 4009 2521 4082 Presbyteri
2547 4009 2708 4067 Fides
2738 4014 2903 4067 missa
2938 4009 3245 4069 Theodosio
3276 4009 3599 4082 Imperatori
3627 4011 3793 4065 inscri-

2203 4080 2358 4142 bitur,
2405 4082 2565 4146 aliqui
2605 4084 2903 4137 existimant
2942 4102 2961 4139 :
2999 4100 3185 4139 verum
3226 4080 3439 4139 cum—in
3482 4083 3794 4137 Praefatione

2204 4152 2397 4206 Libelli
2438 4154 2710 4222 ejusdem,
2744 4170 2865 4224 qua:
2902 4154 3245 4210 Schismatici
3289 4154 3525 4224 hominis
3568 4164 3676 4219 est,
3706 4152 3796 4206 lni-

2203 4234 2485 4292 peralores
2528 4223 2783 4281 dicantur
2834 4225 3276 4289 Valentinianus,
3326 4223 3703 4285 Theodosius.
3746 4233 3795 4276 et

2203 4294 2504 4360 Arcadius,
2560 4296 2787 4351 Libellus
2835 4295 3059 4349 Precum
3124 4297 3176 4350 in
3226 4311 3426 4351 annum
3482 4295 3592 4351 585
3653 4294 3793 4364 rejici

2204 4367 2384 4429 debet,
2424 4382 2532 4436 quo
2570 4368 2831 4423 Arcadius
2864 4369 3213 4422 reuunciatus
3249 4377 3333 4422 est
3374 4370 3675 4437 Augustus,
3705 4378 3795 4418 nec

2204 4453 2346 4490 anno
2375 4438 2483 4493 392
2526 4442 2773 4507 postponi
2803 4445 3015 4507 potest,
3039 4454 3147 4507 quo
3178 4437 3599 4493 Valentinianus
3619 4438 3793 4491 deces-

2204 4510 2315 4562 sit:
2350 4510 2399 4561 id
2428 4506 2607 4564 autetn
2647 4506 2769 4563 eum
2808 4506 2951 4562 anno
2984 4506 3143 4563 edita:
3183 4506 3335 4562 Fidei
3376 4510 3568 4578 nequit
3602 4522 3791 4563 conve-

2204 4580 2321 4633 nire
2346 4596 2359 4631 :
2389 4581 2481 4632 alii
2508 4579 2763 4633 Libellum
2796 4578 3127 4647 Confessione
3153 4578 3307 4633 Fidei
3337 4580 3677 4648 posteriorem
3703 4579 3793 4631 ali-

2203 4661 2323 4715 quot
2372 4652 2522 4704 unnis
2566 4660 2769 4703 censent
2797 4666 2815 4704 :
2846 4651 2989 4719 quod
3018 4665 3139 4706 esse
3171 4650 3519 4705 verisimilius
3560 4652 3787 4705 videtur.

2194 4723 2491 4791 Utriusque
2516 4719 2663 4776 Fidei
2697 4721 3005 4789 exemplum
3039 4723 3141 4777 sub
3172 4736 3279 4777 uno
3312 4730 3534 4792 aSpectu
3577 4722 3665 4778 hic
3689 4722 3788 4790 jain

2193 4793 2566 4862 subjiciumus.
