4094 6190
308 253 447 312 ιοιο

1761 264 2131 325 APPENDIX.

3460 280 3598 341 1050

311 415 3577 466 ._____________________________________

374 567 459 623 Ea:
503 568 892 624 Membranacco
936 571 1121 626 Codice
1174 574 1274 629 Ms.
1316 575 1648 633 Bibliotheca?
1677 581 1891 636 Ambro-
1917 589 1970 647 Α
2068 584 2150 639 Ea:
2190 585 2317 640 Cod.
2363 586 2630 642 Canonum
2660 598 2707 642 et
2734 588 3145 644 Constitulorum
3188 589 3399 647 Sancta:
3439 592 3591 647 Sedis

297 662 461 719 siuna:
487 667 687 738 signato
720 668 770 735 Ι,
807 671 928 738 101,
962 672 1013 725 in
1047 686 1193 742 parte
1218 677 1491 747 superiori.

803 922 1055 980 INCIPIT
1096 933 1121 962 ει
1162 925 1366 982 FIDES

387 1022 482 1103 S.
565 1024 1126 1111 LUCIFERI
1202 1030 1769 1115 EPISCOPI.

343 2233 453 2289 Nos
474 2232 687 2290 Patrem
710 2236 984 2293 credimus
1004 2239 1093 2309 qui
1119 2254 1223 2295 non
1248 2241 1317 2295 sit
1338 2242 1528 2310 Filius,
1554 2243 1648 2299 sed
1674 2244 1869 2301 habeat

276 2328 469 2384 Filium
499 2329 566 2385 de
594 2326 619 2366 ¹³
650 2345 709 2385 se
748 2331 866 2386 sine
900 2333 1051 2386 initio
1084 2350 1189 2388 non
1222 2336 1286 2388 ad
1324 2351 1382 2391 se
1412 2336 1636 2392 factum.
1674 2337 1741 2392 Et
1778 2338 1868 2393 Fi-

274 2420 404 2476 lium
434 2421 705 2477 credimus
735 2424 828 2493 qui
858 2440 963 2479 non
996 2426 1066 2478 sit
1095 2424 1274 2491 Pater,
1306 2427 1400 2481 scd
1427 2429 1620 2483 habeat
1654 2430 1864 2486 Patrem

270 2511 339 2567 de
370 2528 474 2582 quo
502 2514 573 2568 sit
600 2516 832 2582 genitus,
867 2532 971 2571 non
1003 2517 1189 2571 factus.
1228 2520 1295 2573 Et
1326 2520 1585 2589 Spiritum
1616 2533 1863 2579 sanctum

268 2604 547 2658 credimus
573 2605 661 2675 qui
685 2607 754 2659 sit
780 2622 905 2662 vere
928 2608 1152 2677 spiritus
1182 2609 1273 2663 Dei
1300 2626 1312 2663 :
1347 2611 1489 2666 unde
1512 2613 1720 2669 Divina:
1744 2615 1865 2670 Tri-

270 2697 456 2753 nitatis
488 2714 645 2752 unam
674 2700 1027 2755 substantiam
1057 2702 1401 2768 conﬁtemur,
1433 2706 1555 2773 quia
1582 2708 1754 2775 qualis
1779 2718 1864 2762 est

270 2789 430 2844 Pater
458 2792 753 2846 secundum
784 2793 1174 2858 substantiam,
1207 2794 1367 2849 talem
1407 2798 1593 2866 genuit
1640 2797 1855 2853 Filium.

268 2879 338 2935 Et
357 2882 590 2951 Spiritus
621 2896 841 2940 sanctus
868 2900 974 2941 non
1002 2896 1251 2941 creatura
1280 2891 1547 2956 existens,
1576 2891 1674 2947 sed
1702 2892 1860 2960 spiri-

269 2982 355 3029 tus
395 2975 512 3041 Dei,
555 2992 663 3031 non
704 2990 785 3033 est
808 2979 1017 3034 alienus
1045 2996 1073 3033 a
1101 2981 1400 3037 subStantia
1426 2984 1604 3039 Patris
1630 2994 1685 3040 et
1713 2986 1858 3053 Filii,

267 3066 361 3121 sed
401 3080 482 3123 est
514 3070 630 3138 ipse
661 3069 902 3139 ejusdem
938 3073 1256 3129 substantia:
1285 3090 1405 3130 cum
1446 3075 1603 3133 Patre
1639 3087 1691 3133 et
1723 3077 1858 3133 Filio

266 3158 420 3214 sicuti
449 3160 690 3231 ejusdem
720 3164 966 3220 Deitatis.
1003 3166 1250 3237 Explicit.

324 4285 350 4313 ἰ
390 4275 516 4352 Haec
545 4276 733 4352 verba,
775 4278 971 4349 Incipit
999 4279 1159 4334 Fides
1194 4280 1254 4335 S.
1290 4278 1519 4350 Lucijert
1570 4279 1841 4352 Episcopi,

250 4347 419 4402 minio
444 4347 658 4417 depicta
690 4359 819 4404 sunt
852 4347 904 4404 in
934 4352 1156 4407 Codice.

251 4489 273 4543 ί
309 4417 347 4541 εις
387 4419 464 4473 De
508 4420 657 4475 hisce
703 4420 1065 4477 locationibus
1105 4423 1238 4478 satis
1270 4421 1475 4477 dictum
1505 4431 1589 4476 est
1620 4421 1672 4475 in
1709 4437 1843 4491 pra:-

270 4504 299 4542 a
333 4504 396 4543 IS.

325 4572 347 4597 ο
389 4560 443 4632 ω
473 4561 811 4618 estNicaana.
848 4563 1268 4619 Excusalionem
1296 4566 1600 4632 praemittit,
1634 4544 1730 4621 cur
1756 4580 1846 4620 nn-

248 4644 369 4684 vam
399 4631 549 4687 Fidei
578 4633 890 4690 Formulam
922 4636 1047 4690 edat
1072 4645 1259 4690 contra
1288 4631 1716 4691 Alexandrinum
1748 4639 1848 4693 de-

1997 678 2328 746 Apustolicaz,
2384 682 2437 734 in
2481 691 2605 736 tom.
2652 682 2687 736 '5
2735 682 2873 752 Opp.
2924 680 2990 738 ι).
3036 681 3224 738 Leonis
3270 683 3399 739 Ven.
3436 683 3585 739 Edit.

1988 787 2075 824 an.
2109 771 2265 839 1757,
2291 772 2391 825 col.
2420 772 2547 827 278.

2378 938 3184 1109 FAUSTIEIIBESSBYTERI

2344 1142 2505 1197 Missa
2553 1142 2844 1197 Theodosio
2892 1144 3223 1213 Imperatori.

2058 1308 2372 1365 Sufﬁciebat
2387 1309 2518 1363 ﬁdes
2535 1318 2558 1348 ο
2574 1310 2876 1377 conscripta
2894 1309 3156 1363 adversus
3174 1307 3424 1363 hmresim
3439 1309 3587 1366 Aria-

1986 1418 2131 1457 nam.
2164 1403 2269 1459 Sed
2300 1405 2422 1473 quia
2462 1417 2628 1472 pravo
2658 1402 2878 1471 ingenio
2906 1403 3123 1471 quidam
3156 1402 3258 1457 sub
3280 1403 3424 1457 illius
3454 1404 3578 1460 ﬁdei

1982 1494 2326 1551 confessione
2363 1495 2525 1564 impia
2572 1494 2739 1549 verba
2786 1490 3194 1559 commutant“,
3241 1494 3395 1549 nobis
3443 1494 3582 1549 invi-

1982 1589 2123 1644 diam
2164 1589 2443 1654 facientes,
2482 1588 2622 1658 quod
2665 1588 2815 1642 velut
2860 1587 3111 1642 haarcsim
3162 1586 3387 1643 Sabellii
3431 1597 3580 1643 tuea—

1980 1697 2127 1746 mur;
2162 1681 2345 1752 paucis
2372 1691 2427 1737 et
2453 1690 2638 1737 contra
2661 1679 2958 1735 Sabellium
2986 1680 3174 1748 prima:
3203 1678 3328 1734 lidei
3357 1678 3575 1735 confes-

1973 1774 2127 1828 sione
2162 1784 2184 1810 ε
2215 1774 2519 1844 signamus;
2559 1782 2613 1829 et
2653 1782 2845 1828 contra
2893 1772 3025 1839 bos,
3071 1772 3165 1844 qui
3205 1773 3309 1828 sub
3356 1774 3577 1830 nomine

1972 1867 2254 1923 catholica:
2280 1868 2402 1922 ﬁdei
2431 1869 2594 1937 impia
2620 1867 2785 1923 verba
2823 1866 3142 1933 defendunt,
3176 1865 3425 1921 dicentes
3467 1875 3577 1922 tres

1972 1975 2095 2015 esse
2124 1959 2486 2025 substantias;
2520 1974 2641 2013 cum
2678 1973 2895 2028 semper
2928 1957 3197 2012 catholica
3240 1956 3377 2012 ﬁdes
3417 1970 3578 2012 unam

1971 2051 2331 2106 substantiam
2380 2051 2554 2105 Patris
2603 2059 2658 2107 et
2701 2049 2825 2105 Filii
2872 2059 2925 2104 et
2965 2049 3201 2119 Spiritus
3231 2049 3404 2104 sancti
3447 2063 3578 2104 con-

1899 2145 1947 2204 B
1974 2144 2115 2199 fessa
2144 2144 2233 2197 sit.

2046 2236 2153 2291 Nos
2198 2236 2412 2291 Patrem
2456 2235 2752 2301 credimus,
2805 2236 2895 2306 qui
2933 2234 2951 2273 ί
2986 2250 3092 2290 non
3138 2235 3207 2290 sit
3253 2235 3443 2301 Filius,
3477 2236 3571 2293 sed

1972 2330 2168 2384 habeat
2194 2329 2387 2384 Filium
2414 2329 2483 2384 de
2506 2345 2563 2383 se
2591 2330 2709 2384 sine
2741 2328 2892 2382 initio
2914 2330 3177 2397 genitum,
3203 2342 3310 2382 non
3341 2327 3574 2383 factum:

1969 2431 2023 2478 ct
2049 2422 2245 2477 Filium
2276 2422 2570 2487 credimus,
2618 2422 2707 2488 qui
2758 2436 2864 2475 non
2908 2421 2978 2475 sit
3020 2421 3202 2485 Pater,
3246 2420 3342 2474 sed
3375 2419 3576 2476 habeat

1968 2516 2208 2581 Patrem,
2238 2516 2303 2571 de
2336 2532 2441 2586 quo
2467 2516 2538 2569 sit
2565 2516 2803 2584 genitus,
2840 2529 2945 2568 non
2978 2515 3189 2569 lactus:
3219 2526 3273 2569 ct
3312 2514 3572 2584 Spiritum

1967 2620 2215 2663 sanctum
2239 2609 2535 2672 credimus,
2561 2609 2647 2675 qui
2682 2609 2753 2662 sit
2784 2622 2911 2662 vere
2936 2607 3170 2676 Spiritus
3194 2606 3310 2662 Dei.
3342 2606 3495 2663 Unde
3522 2617 3577 2663 et

1966 2698 2163 2754 divinae
2205 2699 2491 2754 Trinitatis
2539 2714 2697 2752 unam
2742 2708 2766 2743 ις
2807 2696 3166 2751 substantiam
3204 2696 3571 2752 conﬁtemur:

1965 2795 2089 2864 quia
2133 2794 2308 2863 qualis
2350 2802 2434 2848 est
2466 2794 2624 2847 Pater
2655 2791 2954 2847 secundum
2988 2790 3371 2857 substantiam,
3406 2791 3568 2846 talem

1964 2892 2148 2961 genuit
2178 2900 2232 2945 et
2260 2889 2456 2944 Filium
2485 2908 2498 2942 :
2532 2900 2585 2944 et
2624 2890 2858 2959 Spiritus
2903 2899 3125 2944 sanctus
3168 2905 3274 2943 non
3320 2898 3569 2945 creatura

1962 2983 2227 3045 existens,
2255 2982 2349 3037 sed
2382 2981 2618 3050 Spiritus
2650 2981 2767 3047 Dei,
2803 2996 2909 3035 non
2942 2979 2970 3017 ιι
3002 2992 3086 3036 est
3125 2980 3339 3037 alienus
3368 2996 3397 3034 a
3438 2980 3567 3035 sub-

1962 3079 2161 3132 stantia
2189 3076 2367 3131 Patris
2392 3086 2446 3132 et
2474 3075 2626 3140 Filii;
2660 3076 2753 3131 sed
2796 3084 2881 3131 est
2921 3075 3167 3143 ejusdem
3203 3083 3259 3130 et
3286 3076 3401 3144 ipse
3437 3074 3566 3130 sub-

1962 3169 2179 3223 stantiae
2208 3184 2331 3222 cum
2362 3167 2525 3222 Patre
2554 3177 2604 3221 et
2637 3165 2803 3231 Filio,
2843 3167 2982 3219 sicut
3023 3164 3270 3233 ejusdem
3316 3164 3563 3219 Deitatis.

2031 3260 2163 3315 Nam
2203 3260 2294 3329 qui
2333 3274 2433 3313 nos
2466 3267 2658 3327 putant
2701 3272 2823 3313 esse
2858 3256 2871 3293 ί
2909 3256 3347 3326 Apollinaristas,
3390 3254 3564 3309 sciant

1958 3354 2103 3426 quod
2148 3370 2255 3409 non
2307 3354 2485 3408 minus
2527 3351 2857 3421 Apollinaris
2898 3350 3147 3404 ltzcresim
3189 3363 3561 3412 exsecramur,

1957 3466 2118 3521 quam
2164 3450 2441 3505 Arianam.
2468 3450 2728 3504 Miramur
2751 3456 2933 3502 autem
2966 3446 3086 3501 illos
3114 3443 3411 3501 catholicos
3439 3460 3565 3513 pro-

1881 3532 1926 3593 C
1958 3545 2074 3601 bari
2099 3558 2281 3613 posse,
2304 3543 2398 3613 qui
2426 3542 2620 3608 Patris,
2644 3552 2697 3596 et
2728 3540 2871 3607 Filii,
2894 3549 2949 3596 et
2975 3540 3214 3606 Spiritus
3242 3539 3415 3593 sancti
3450 3547 3563 3593 tres

1959 3637 2289 3693 subStantias
2315 3634 2660 3690 conﬁtentur.
2689 3633 2795 3689 Sed
2825 3641 2881 3687 et
2910 3633 2954 3686 si
2986 3632 3174 3686 dicunt
3217 3646 3324 3685 non
3356 3645 3415 3685 se
3446 3645 3562 3685 crc-

1955 3734 2085 3788 dere
2125 3732 2318 3787 Filium
2364 3732 2479 3792 Dei,
2513 3742 2608 3785 aut
2646 3732 2909 3800 Spiritum
2939 3738 3187 3783 sanctum
3218 3735 3557 3791 creaturam;

1955 3836 2137 3879 tamen
2168 3833 2354 3879 contra
2389 3824 2401 3873 i
2442 3823 2661 3893 impiam
2706 3821 2868 3875 ﬁdem
2911 3821 3175 3882 sentiunt,
3212 3834 3333 3875 cum
3378 3820 3564 3872 dicant

1953 3927 2067 3972 tres
2096 3932 2217 3973 esse
2244 3917 2573 3972 substantias
2599 3934 2611 3969 :
2636 3930 2981 3985 consequens
3010 3922 3094 3968 est
3131 3913 3298 3977 enim,
3340 3920 3400 3966 ut
3449 3920 3559 3965 tres

1950 4010 2094 4064 Deos
2124 4010 2508 4073 conﬁteantur,
2541 4010 2630 4077 qui
2672 4018 2784 4062 tres
2826 4006 3161 4061 substantias
3207 4005 3553 4059 conﬁtentur.

1948 4102 2118 4170 Quam
2153 4117 2339 4158 vocem
2369 4116 2587 4171 semper
2617 4101 2871 4156 catholici
2899 4098 3170 4155 exsecrati
3195 4107 3342 4152 sunt.

2028 4282 2047 4319 τ
2090 4283 2383 4337 Personam
2422 4284 2601 4337 Patris
2631 4298 2659 4336 a
2697 4296 2925 4351 persona
2969 4281 3091 4335 Filii
3132 4289 3321 4348 aperte
3361 4279 3557 4351 distin-

1950 4353 2094 4418 guit,
2151 4366 2207 4406 ut
2256 4354 2567 4408 Sabelliano
2605 4350 2777 4407 errori
2819 4351 3101 4406 adversari
3145 4367 3205 4404 se
3255 4350 3549 4403 ostendat:

1952 4423 2093 4477 unde
2122 4424 2381 4491 conjicias
2413 4422 2601 4477 Fidem
2633 4424 2770 4475 hanc
2807 4424 2985 4489 potius
3016 4433 3072 4473 ut
3115 4422 3260 4472 illam
3302 4420 3550 4474 htcresim

1951 4494 2196 4553 damnet.
2227 4510 2387 4557 quam
2420 4504 2475 4546 ut
2506 4495 2786 4554 Arianam,
2816 4492 3071 4559 scriptam
3106 4491 3292 4543 fuisse.

2024 4573 2049 4611 8
2094 4566 2453 4619 Substantiam
2490 4581 2643 4617 unam
2673 4562 2825 4627 dicit,
2870 4577 2975 4615 non
3007 4562 3294 4626 minusaut
3322 4561 3553 4616 catholi-

1950 4650 2072 4690 cum
2094 4635 2288 4702 dogma
2313 4634 2645 4704 proﬁteatur,
2664 4648 2826 4703 quam
2851 4642 2907 4687 ut
2928 4634 3077 4688 vocis
3099 4632 3549 4702 signiﬁcationem

246 4705 677 4775 cretum;iquod
726 4722 880 4760 usum
934 4706 1234 4775 prmsertim
1287 4708 1451 4761 trium
1499 4708 1850 4765 ὑποστάσεωι

1962 4697 2541 4773 ἱηςζθηιιῖιᾱνέηιιήξξ,

245 4782 456 4847 spectat
505 4774 652 4830 hisce
707 4777 887 4833 verbis
924 4774 941 4829 :7
986 4793 1115 4845 quos
1140 4778 1298 4840 enim,
1342 4777 1393 4830 id
1430 4787 1534 4836 est.
1584 4781 1673 4847 qui
1720 4796 1840 4833 cmn

246 4845 466 4919 Arianis
502 4847 1055 4912 communicaverant,
1088 4849 1325 4901 nonnulli
1352 4845 1675 4915 incusabant,
1707 4853 1845 4919 quod

246 4915 690 4991 tres/rypostases
731 4921 1079 4991 afﬁrmarent,
1122 4935 1239 4972 cum
1277 4919 1571 4982 huiusmodi
1613 4915 1760 4975 voces
1790 4924 1844 4974 in

248 4986 527 5061 Scriptura
564 5004 670 5042 non
704 4986 1061 5061 reperiantur,
1099 5007 1160 5043 ac
1196 4991 1414 5059 proinde
1444 5002 1698 5058 suspectae
1736 5008 1844 5045 esse

244 5057 461 5125 possint,
500 5068 736 5115 auctores
763 5057 969 5131 ‘fuimus
997 5077 1159 5132 neque
1188 5057 1241 5115 id
1269 5061 1495 5131 amplius
1520 5057 1706 5132 prater
1740 5062 1791 5115 Ν
1797 5064 1843 5115 i-

244 5140 439 5201 ctenam
469 5132 847 5201 confessionem
876 5131 1163 5200 inquirant.

315 5195 341 5233 ά
381 5195 904 5258 Codex'Thuanens.
934 5195 1169 5259 miscent.

320 5278 342 5305 ο
386 5268 547 5328 Forte
571 5274 969 5343 confessionem.

2025 4775 2051 4813 δ
2092 4777 2219 4833 llaec
2244 4793 2314 4831 ex
2343 4776 2613 4847 Synodica
2647 4775 3015 4830 Alexandrina
3045 4773 3156 4829 fere
3178 4775 3346 4829 verbo
3370 4784 3547 4831 tenus.

2031 4847 2044 4884 ί
2094 4848 2169 4903 De
2206 4848 2539 4919 Apollinaris
2573 4848 2793 4915 haeresi,
2825 4856 2881 4902 et
2918 4848 2985 4903 de
3020 4847 3181 4902 tribus
3221 4848 3545 4912 substantiis,

1948 4918 2075 4975 vide
2103 4935 2223 4988 qua:
2255 4918 2463 4987 praefati
2489 4935 2699 4974 sumus.

2024 4994 2037 5040 i
2089 4990 2202 5045 Nisi
2225 4991 2483 5046 mendum
2507 4992 2645 5046 inest
2667 4991 2880 5061 utrique
2902 4990 3127 5046 editioni
3153 4999 3263 5044 tum
3288 4988 3549 5055 Quesnel-

1948 5063 2105 5118 liante
2144 5070 2254 5115 tum
2291 5061 2534 5124 Venetae,
2576 5072 2632 5116 et
2676 5062 2962 5133 legendum
3008 5062 3079 5116 sit
3125 5062 3316 5130 ipsam,
3350 5074 3549 5133 sensus

1946 5135 2071 5195 erit,
2103 5144 2272 5188 tamen
2298 5149 2324 5189 e
2344 5135 2604 5187 contrario
2635 5131 2847 5203 impiam
2876 5133 3031 5201 ﬁdem
3060 5144 3364 5203 sequuntur,
3393 5131 3548 5201 impie

1947 5206 2191 5262 sentiunt.
