4094 6190
524 302 665 370 1055

1886 311 2132 369 SANCTI
2174 312 2452 371 PACIANl

3674 319 3702 375 ί
3712 315 3825 375 056

517 440 627 496 tur,
655 440 711 486 et
765 427 1105 486 emendanda
1133 437 1449 484 sanctorum
1485 428 1643 484 cedet
1689 429 2012 501 antiquitas,
2055 440 2113 485 et
2142 435 2191 497 Α
2216 431 2331 487 Νοη
2381 432 2640 502 largimur
2670 431 2773 486 ista
2818 431 2887 487 de
2940 440 3149 490 nostro.
3203 432 3576 488 Convertimim'
3606 433 3671 486 ad
3695 449 3776 487 me
3802 474 3823 498 ,

511 523 623 593 jam
652 524 1021 594 putrescentia
1052 524 1202 579 vitiis
1233 533 1479 595 tempora
1517 539 1759 580 canones
1792 528 2117 596 apostolicae

516 615 863 685 antiquitatis
895 615 1170 670 eradent?

584 705 674 761 IV.
706 708 818 763 Nec
843 718 1025 763 tamen
1066 718 1287 774 aestues,
1332 706 1504 763 frater
1536 726 1549 761 :
1587 708 1929 764 Christianus
1983 711 2113 765 mihi

515 815 716 857 nomen
770 811 875 869 est,
933 802 1250 857 Catholicus
1314 818 1443 858 vero
1484 819 1809 873 cognomen.
1852 804 1989 858 Illud
2030 820 2116 860 me

517 906 821 966 nuncupat;
852 896 993 951 istud
1024 896 1259 951 ostendit
1292 915 1304 950 :
1335 897 1441 952 hoc
1474 899 1696 965 probor,
1753 898 1879 952 inde
1912 897 2117 968 signiti-

513 1005 634 1044 eor.
661 990 730 1044 Et
759 991 801 1045 si
829 990 1110 1045 reddenda
1136 1000 1420 1061 postremo
1441 990 1709 1047 Catholici
1738 992 1989 1046 vocabuli
2029 1009 2116 1048 ra-

514 1081 596 1136 tio
616 1091 722 1147 est,
754 1093 809 1137 et
838 1083 1194 1153 exprimenda
1220 1084 1287 1138 de
1315 1098 1493 1153 graeca
1520 1086 1974 1155 interpretatione
2002 1086 2114 1141 lio-

512 1191 672 1231 mana
700 1174 1079 1241 :Catholicus,
1114 1177 1200 1231 ubi
1233 1192 1421 1243 unum,
1456 1177 1566 1241 vel,
1622 1191 1679 1231 ut
1703 1169 1983 1233 doctiores
2017 1194 2117 1249 pu-

512 1276 649 1335 tant,
681 1269 997 1324 obedientia
1028 1272 1271 1325 omnium
1305 1280 1687 1341 nuncupatur,
1733 1272 2115 1328 mandatorum

512 1362 725 1418 scilicet
793 1363 909 1417 Dei.
994 1364 1145 1419 Unde
1202 1364 1498 1434 Apostolus
1552 1384 1564 1417 :
1619 1365 1679 1420 Si
1736 1367 1792 1420 in
1880 1370 2116 1422 omnibus

519 1455 814 1511 obedientes
844 1457 963 1511 estis
992 1457 1059 1528 (ll
1088 1456 1208 1511 Cor.
1236 1474 1295 1525 ιι,
1329 1460 1408 1529 9).
1440 1460 1503 1514 Et
1528 1460 1727 1515 iterum
1763 1479 1774 1513 :
1809 1461 1958 1515 Sicut
1980 1462 2116 1515 enim

513 1565 604 1619 per
624 1548 1020 1603 inobedientiam
1038 1552 1190 1604 unius
1212 1562 1502 1622 peccatores
1517 1553 1782 1606 constituti
1794 1562 1914 1607 sunt
1934 1554 2115 1608 multi:

516 1642 591 1697 sic
619 1658 709 1710 per
732 1644 867 1697 dicto
881 1643 1200 1698 audientiam
1224 1646 1396 1713 unius,
1411 1648 1547 1719 justi
1570 1650 1948 1702 constituentur
1969 1649 2117 1702 multi

514 1730 697 1801 (Rom.
720 1748 774 1797 v,
828 1733 942 1804 i9).
975 1734 1119 1805 Ergo
1146 1737 1236 1806 qui
1266 1734 1615 1807 Catholicus,
1658 1740 1799 1795 idem
1820 1742 1952 1811 justi
1985 1742 2118 1798 obe-

2218 522 2349 578 dicit
2378 523 2656 589 Dominus,
2701 524 2955 591 simulque
2977 524 3202 596 jejunio,
3232 534 3280 578 et
3306 526 3453 594 ﬂetu,
3482 534 3531 577 et
3583 525 3826 595 planctu,

2218 616 2437 669 scindite
2465 616 2625 669 corda
2654 624 2819 670 vestra
2842 613 3006 686 (Joel.
3042 632 3099 679 ιι,
3149 612 3261 685 η).
3321 616 3388 671 Et
3442 617 3639 671 iterum
3671 634 3686 671 :
3722 616 3831 669 Re—

2219 708 2417 778 linquat
2449 708 2637 778 impius
2660 710 2767 761 vias
2790 724 2933 773 suas,
2962 717 3009 762 et
3035 708 3113 761 vir
3141 708 3469 777 facinorosus
3483 710 3828 780 cogitationes

2218 816 2360 865 suas,
2406 812 2451 853 et
2484 811 2811 856 convertatur
2863 803 2931 855 ad
2974 800 3283 868 Dominum,
3326 812 3373 855 ct
3408 803 3828 857 misericordiam

2218 903 2553 963 consequetur
2585 893 2691 962 (Is.
2727 910 2850 961 XLV,
2879 893 2957 967 '7).
3019 895 3263 966 Itemque
3287 895 3557 966 Propheta
3592 896 3644 950 in
3673 896 3828 951 hunc

2220 985 2439 1039 modum
2470 987 2707 1040 clamat:
2762 986 3020 1052 Quoniam
3057 984 3199 1041 Deus
3246 989 3384 1059 pius,
3412 1000 3460 1041 et
3487 989 3623 1042 mitis
3652 998 3703 1042 et
3730 1006 3830 1056 pa-

2221 1079 2349 1131 tiens
2380 1090 2475 1143 est,
2504 1077 2530 1116 ι)
2568 1089 2615 1133 et
2656 1080 2743 1149 qui
2790 1080 3019 1148 reﬂectat
3047 1082 3351 1134 sententiam
3378 1082 3625 1134 adversus
3664 1081 3828 1133 ntali-

2220 1174 2316 1227 tias
2341 1174 2619 1243 irrogatam
2650 1172 2836 1242 (Joel.
2867 1174 3058 1242 ti,i5).
3106 1173 3354 1228 Habetne
3397 1183 3503 1228 tam
3547 1174 3825 1228 diutinum

2218 1280 2443 1335 serpens
2475 1279 2763 1330 venenum,
2794 1265 3114 1319 etCltristns
3135 1281 3239 1319 non
3263 1266 3424 1320 habet
3453 1266 3826 1321 medicinam?

2223 1358 2478 1412 Diabolus
2516 1358 2569 1412 in
2600 1358 2802 1413 mundo
2830 1358 3089 1413 interﬁcit
3119 1400 3133 1425 ,
3187 1359 3437 1415 Christus
3466 1360 3552 1415 hic
3580 1375 3689 1415 non
3718 1375 3822 1431 po-

2223 1460 2326 1507 test
2356 1452 2683 1507 subvenire?
2710 1452 2899 1522 Pigeat
2919 1468 3051 1507 sane
3080 1467 3307 1522 peccare
3339 1495 3353 1519 ,
3415 1453 3511 1508 sed
3553 1455 3827 1522 paenitere

2230 1559 2337 1597 non
2371 1544 2569 1613 pigeat.
2605 1543 2814 1598 Pudeat
2838 1545 3155 1614 periclitari,
3195 1545 3289 1600 sed
3322 1560 3428 1601 non
3457 1545 3655 1615 pudeat
3686 1547 3827 1603 libe-

2222 1635 2351 1691 rari.
2386 1636 2518 1700 Quis
2547 1634 2808 1705 naufrago
2864 1636 3103 1689 tabulam
3136 1680 3150 1701 ,
3208 1653 3276 1691 ne
3322 1636 3541 1705 evadat,
3588 1638 3825 1707 eripiet?

2222 1727 2353 1794 Quis
2378 1726 2636 1783 sanandis
2662 1726 2979 1781 vulneribus
3014 1726 3274 1781 invidebit
3303 1728 3326 1780 ?
3374 1728 3456 1783 An
3490 1744 3600 1782 non
3656 1727 3828 1783 David

516 1822 697 1879 diens.
731 1824 831 1893 Qui
864 1827 1148 1894 obediens,
1196 1830 1338 1886 idem
1362 1842 1449 1888 est
1476 1834 1821 1891 Christianus
1853 1854 1865 1888 :
1901 1836 1975 1891 ita
2007 1835 2112 1891 Ca-

2224 1819 2348 1873 dicit
2381 1838 2393 1873 :
2423 1818 2624 1873 Lavabo
2654 1835 2744 1886 per
2770 1820 3005 1891 singulas
3028 1829 3197 1873 noctes
3221 1822 3403 1873 lectum
3439 1836 3631 1886 meum,
3658 1822 3829 1890 lacry-

517 1919 776 1985 tholicus,
807 1919 1149 1977 Christianus
1178 1934 1282 1979 est.
1307 1925 1488 1992 Quare
1520 1928 1588 1980 ab
1610 1928 1867 1983 haeretico
1888 1930 2115 1985 nomine

518 2020 714 2067 noster
742 2013 975 2082 pepulus
997 2014 1099 2069 hac
1136 2017 1504 2087 appellatione
1534 2021 1828 2086 dividitur,
1860 2038 1984 2077 cum
2013 2021 2117 2077 Ca-

516 2103 752 2159 tholicus
785 2117 1133 2177 nuncupatur
1163 2126 1175 2162 :
1210 2110 1306 2165 sed
1352 2120 1408 2165 et
1455 2111 1502 2166 si
1548 2113 1867 2169 Catholicus
1913 2116 2119 2186 ubique

516 2211 683 2250 unum
708 2208 811 2263 est,
830 2201 970 2253 sicut
998 2202 1309 2270 superiores
1329 2213 1542 2272 putant,
1570 2205 1623 2259 id
1648 2208 1822 2275 ipsum
1846 2208 2012 2263 David
2038 2211 2118 2263 in-

516 2288 662 2343 dicat
692 2290 881 2346 dicens
914 2310 925 2345 :
962 2294 1132 2347 Astitit
1156 2298 1400 2364 reginain
1423 2308 1557 2351 veste
1573 2309 1760 2353 aurata
1785 2310 1834 2354 et
1858 2302 2119 2372 variegata

518 2378 693 2450 (Psal.
720 2396 866 2446 xuv,
892 2382 1006 2453 10),
1032 2383 1134 2438 hoc
1162 2396 1267 2452 est,
1292 2402 1393 2440 una
1430 2389 1481 2441 in
1511 2390 1786 2447 omnibus.
1824 2392 1955 2446 Etin
1982 2394 2119 2447 Can-

518 2470 627 2525 tico
654 2474 993 2528 canticorum
1026 2476 1272 2545 Sponsus
1302 2478 1419 2533 hare
1450 2481 1691 2548 loquitur
1718 2500 1729 2535 :
1763 2483 1882 2538 Una
1919 2496 1993 2538 est
2036 2503 2120 2539 co-

515 2562 691 2616 lumba
713 2582 841 2629 mea,
874 2567 1105 2635 perfecta
1125 2586 1260 2635 mea,
1289 2587 1392 2624 una
1414 2582 1487 2626 est
1516 2575 1672 2627 matri
1697 2592 1825 2640 suae,
1859 2578 2019 2631 electa
2045 2588 2119 2631 est

517 2657 753 2725 genitrici
779 2675 884 2712 sua:
908 2657 1111 2731 (Cant.,
1138 2678 1207 2727 vn,
1234 2662 1313 2733 8).
1368 2664 1433 2717 Et
1474 2665 1669 2719 iterum
1715 2684 1728 2720 :
1785 2668 2122 2722 Adducentur

517 2751 631 2821 regi
660 2752 880 2822 virgines
936 2764 1050 2822 post
1098 2771 1208 2809 eam
1258 2755 1377 2828 (Ps.
1412 2774 1538 2813 thv
1569 2800 1583 2823 ,
1637 2759 1746 2831 15).
1800 2760 1867 2814 Ει
1904 2760 2121 2818 adhuc:

520 2845 947 2911 Adolescentula’,
976 2863 1195 2915 quarum
1212 2866 1313 2903 non
1340 2862 1414 2904 est
1443 2869 1687 2907 numerus
1724 2854 1901 2924 (Cant.
1931 2872 2003 2921 Vl,
2039 2856 2118 2925 7).

514 2933 660 3003 Ergo
693 2935 746 2988 in
778 2938 1031 2991 omnibus
1056 2956 1183 3006 una,
1218 2952 1273 2996 et
1302 2959 1405 2996 una
1436 2960 1602 3013 super
1637 2947 1843 3001 omnia.

588 3026 655 3083 Υ.
689 3026 747 3082 Si
771 3029 1038 3085 rationem
1055 3034 1289 3089 nominis
1312 3040 1529 3106 quieris.
1566 3050 1808 3109 apparet.
1858 3041 1930 3096 De
1953 3044 2129 3111 poeni-

518 3122 685 3174 tentia
706 3137 857 3190 vero,
891 3124 1031 3179 Deus
1055 3137 1275 3194 praestet
1295 3130 1530 3183 utnullis
1545 3130 1798 3187 ﬁdelibus
1818 3136 2126 3189 necessaria

2216 1909 2313 1962 mis
2352 1918 2571 1961 stratum
2617 1926 2783 1963 meum
2838 1910 3019 1980 rigabo
3070 1909 3189 1980 (Ps.
3225 1926 3300 1977 vt,
3334 1910 3411 1983 7).
3468 1911 3536 1966 Et
3583 1912 3825 1966 iterum:

2220 2001 2493 2057 Peccatum
2531 2018 2703 2056 meum
2739 2020 2832 2074 ego
2859 2020 3105 2073 agnosco,
3159 2014 3206 2058 et
3259 2006 3461 2075 facinus
3513 2021 3685 2058 meum
3726 2022 3830 2059 non

2220 2099 2321 2153 texi
2342 2096 2458 2170 (Ps.
2492 2114 2641 2162 xxxn,
2667 2097 2742 2169 5).
2775 2098 2839 2152 Et
2872 2098 3051 2152 adhuc
3080 2117 3092 2151 :
3124 2097 3252 2152 Dixi
3283 2115 3302 2152 :
3335 2114 3619 2168 prosequar
3648 2100 3831 2152 adver—

2220 2208 2331 2244 sum
2356 2207 2434 2243 me
2458 2191 2702 2244 delictum
2731 2207 2896 2244 meum
2923 2190 3033 2245 Deo
3061 2206 3193 2256 meo,
3223 2199 3271 2243 et
3292 2199 3347 2244 tu
3372 2191 3614 2244 remisisti
3644 2192 3833 2260 impie-

2222 2297 2376 2340 tatem
2413 2283 2815 2357 cordis(lbid.).
2865 2284 3059 2340 Nonne
3083 2285 3177 2340 ille
3208 2285 3511 2355 postcmdis
3540 2294 3594 2339 et
3614 2285 3833 2341 adulte-

2223 2378 2289 2434 rii
2317 2392 2553 2445 reatum,
2585 2395 2682 2448 pro
2708 2379 3011 2434 Bethsabee
3041 2379 3329 2447 poenitenti
3354 2420 3371 2445 ,
3421 2377 3693 2448 Propheta
3741 2394 3833 2433 re-

2224 2474 2446 2543 spondit
2475 2490 2487 2527 :
2511 2472 2766 2527 Dominus
2796 2473 3050 2526 abstulita
3075 2483 3123 2526 te
3145 2481 3415 2542 peccatum
3438 2483 3582 2526 tuum
3605 2471 3670 2541 (ll
3692 2471 3829 2543 Reg.

2226 2566 2468 2636 xu,15).
2502 2565 2639 2619 Num
2687 2566 3045 2636 Babylonium
3079 2580 3263 2634 regem
3308 2573 3433 2633 post
3476 2573 3556 2618 tot
3603 2563 3832 2617 idolola-

2225 2660 2343 2714 trite
2370 2658 2605 2713 facinora
2633 2659 2951 2713 damnatum
2980 2700 2994 2723 ,
3044 2658 3447 2728 exomologesis
3481 2672 3589 2712 non
3622 2658 3826 2713 libera-

2226 2752 2302 2807 vit
2329 2754 2352 2807 ?
2381 2753 2447 2807 Et
2480 2752 2609 2822 quid
2634 2752 2877 2820 estquod
2904 2752 2982 2805 ait
3007 2752 3269 2805 Dominus
3302 2768 3315 2805 :
3357 2749 3553 2805 Nonne
3586 2752 3676 2819 qui
3704 2751 3835 2804 ccci.

2226 2843 2377 2907 derit,
2408 2854 2672 2916 resurget,
2704 2854 2751 2898 et
2781 2846 2869 2914 qui
2898 2859 3106 2897 aversus
3140 2843 3319 2911 fuerit,
3340 2852 3663 2898 convertetur
3688 2842 3829 2914 (Jer.

2226 2952 2340 3001 vtu,
2370 2936 2477 3007 4)?
2527 2936 2666 3003 Quid
2717 2937 2812 2990 illa
2852 2946 2929 2990 tot
2961 2936 3381 2990 similitudinum
3433 2935 3835 2991 dominicarum

2227 3040 2545 3100 argumenta
2606 3029 2986 3098 reSpondent?
3046 3030 3200 3096 Quod
3251 3029 3575 3084 drachmam
3630 3030 3837 3085 invenit

2228 3124 2447 3189 mulier,
2479 3133 2533 3179 et
2561 3124 2861 3194 gratulatur
2890 3125 3205 3190 inventam;
3248 3123 3392 3194 quod
3453 3133 3642 3194 pastor
3672 3139 3832 3179 ovem

514 3217 625 3282 sit;
657 3232 816 3273 nemo
836 3228 957 3287 post
999 3221 1139 3275 sacri
1175 3221 1343 3277 fontis
1376 3224 1661 3289 auxilium,
1694 3225 1905 3281 foveam
1938 3228 2116 3284 mortis

2232 3226 2477 3288 reportat
2523 3216 2856 3281 erraticam;
2912 3215 3057 3287 quod
3116 3215 3233 3272 lilio
3288 3218 3612 3283 revertenti,
3654 3228 3779 3287 post
3812 3229 3832 3253 ι’

514 3308 792 3366 incurrat:
816 3328 913 3367 nec
943 3314 1094 3367 tarda
1128 3316 1392 3370 solamina
1419 3318 1666 3388 ingerere
1697 3320 2008 3375 sacerdotes
2032 3330 2123 3375 aut

516 3402 718 3457 docere
739 3414 1023 3473 cogantur,
1052 3422 1119 3461 ne
1150 3408 1410 3475 peccandi
1441 3412 1544 3464 iter
1568 3412 1837 3479 aperiant,
1858 3414 1983 3467 dum
2001 3429 2125 3483 pec-

513 3495 658 3549 eanti
673 3497 923 3552 remediis
938 3498 1309 3554 blandiuntur.
1330 3502 1434 3556 Sed
1460 3518 1558 3558 nos
1575 3503 1713 3559 hanc
1727 3505 2121 3575 indulgentiam

516 3586 609 3641 Dei
639 3588 812 3643 noStri
852 3590 1091 3655 miseris,
1145 3607 1251 3645 non
1285 3594 1454 3649 beatis
1487 3638 1500 3661 ,
1533 3612 1636 3653 nec
1658 3608 1786 3653 ante
1815 3609 2121 3667 peceatum,

521 3686 545 3713 η
571 3678 666 3732 sed
694 3690 917 3749 peccata
948 3681 1258 3754 detegimus
1289 3701 1303 3739 :
1334 3702 1436 3742 nec
1458 3691 1605 3744 sanis
1638 3692 1989 3758 medicinam,
2024 3694 2119 3747 sed

520 3769 660 3823 male
684 3768 1013 3827 habentibus
1044 3777 1379 3831 nuntiamus.
1431 3778 1485 3834 Si
1538 3782 1671 3835 nihil
1710 3782 1764 3836 in
1808 3783 2115 3854 baptizatos

515 3875 747 3931 possunt
779 3867 1035 3936 nequitiae
1068 3869 1405 3938 spirituales,
1441 3871 1570 3925 nihil
1607 3873 1752 3929 fraus
1778 3875 1869 3929 illa
1888 3890 2118 3946 serpen-

520 3954 590 4008 tis
617 3972 741 4025 quae
773 3959 1009 4027 primum
1058 3960 1329 4016 subvertit
1379 3962 1682 4029 hominem,
1722 3982 1843 4036 qua:
1888 3969 2121 4036 posteris

517 4046 635 4113 ejus
664 4056 743 4103 tot
768 4049 956 4103 titulos
986 4050 1355 4107 damnationis
1399 4055 1705 4125 impressit;
1753 4060 1797 4111 si
1831 4062 2063 4115 recessit
2087 4077 2115 4115 a

516 4138 740 4204 mundo,
767 4140 812 4193 si
836 4143 1195 4210 regnarejam
1221 4146 1509 4212 coepimus,
1538 4146 1585 4200 si
1636 4149 1847 4204 nullum
1891 4152 2067 4207 oculis
2097 4195 2110 4216 ,

514 4228 725 4284 nullum
758 4231 1033 4297 manibus,
1068 4232 1275 4287 nullmn
1327 4237 1600 4291 mentibus
1655 4240 1856 4294 nostris
1903 4243 2114 4299 crimen

512 4321 764 4392 obrepit;
794 4324 1087 4391 abjiciatur
1118 4324 1221 4381 hoc
1249 4327 1340 4383 Dei
1367 4328 1595 4394 donum,
1619 4332 1943 4401 .repellatur
1964 4339 2118 4391 auxi-

510 4414 669 4481 lium,
703 4416 854 4470 nnlla
883 4419 1306 4489 exomologesis,
1341 4421 1473 4476 nulli
1504 4424 1741 4492 gemitus
1784 4428 2114 4493 audiantur;

511 4518 827 4563 contemnat
854 4526 1015 4566 omne
1047 4512 1346 4567 remedium
1376 4516 1611 4584 superba
1656 4516 1888 4585 justitia.
1957 4521 2114 4589 Quod

2228 3311 2490 3381 prodacta
2524 3310 2704 3364 omnia
2725 3311 2903 3373 Dona,
2930 3319 3130 3365 etcum
3160 3311 3541 3366 meretricibus
3568 3320 3621 3363 et
3648 3309 3837 3363 forni-

2226 3403 2386 3455 cariis
2414 3400 2439 3437 ά
2466 3411 2740 3471 nepotata,
2776 3410 2933 3469 pater
2964 3401 3198 3455 blandus
3214 3402 3474 3466 occurrit,
3498 3410 3550 3455 et
3575 3400 3831 3456 invidum

2228 3491 2449 3547 fratrem
2492 3502 2708 3547 ostensa
2741 3492 2953 3547 ratione
2980 3494 3258 3562 castigat?
3288 3491 3484 3556 Filius,
3513 3492 3770 3563 inquiens
3810 3536 3825 3557 ,

2227 3608 2369 3645 meus
2416 3591 2500 3645 hic
2544 3601 2777 3645 mortuus
2806 3595 2996 3661 fuerat,
3025 3600 3073 3645 et
3102 3591 3287 3644 revixit
3326 3607 3345 3656 ;
3376 3590 3616 3659 perierat,
3660 3599 3708 3642 et
3738 3591 3827 3642 in-

2225 3694 2401 3737 ventus
2425 3692 2497 3737 est
2520 3683 2540 3755 (
2566 3683 2691 3737 Luc.
2726 3698 2813 3746 xv,
2843 3682 2959 3753 3‘2).
2985 3682 3123 3749 Quid
3153 3682 3244 3737 ille
3276 3683 3329 3735 in
3361 3683 3446 3734 via
3477 3681 3827 3747 vulneratus,

2226 3794 2253 3831 a
2285 3779 2472 3834 Levita
2504 3789 2560 3835 et
2583 3779 2875 3834 Sacerdote
2920 3777 3278 3848 praeteritus?
3326 3777 3519 3831 Nonne
3559 3780 3835 3830 curatur?

2230 3871 2465 3926 Revolve
2495 3887 2615 3941 ane
2672 3870 2907 3941 Spiritus
2957 3871 3106 3925 dicat
3154 3871 3408 3925 ecclesiis
3472 3870 3660 3941 (Apoc.
3695 3886 3729 3923 ιι
3760 3870 3783 3940 γ)
3817 3888 3832 3924 τ

2228 3962 2492 4030 Ephesios
2510 3963 2740 4016 deserta:
2764 3962 3077 4016 dilectionis
3103 3969 3326 4015 accusat
3353 3979 3366 4014 :
3390 3971 3639 4031 stuprum
3656 3960 3840 4031 Thya-

2225 4054 2419 4108 tirenis
2447 4055 2712 4123 imputat;
2766 4054 2972 4109 Sardos
2993 4054 3047 4107 in
3079 4068 3245 4123 opere
3275 4064 3582 4116 cessantes,
3635 4054 3835 4123 Perga-

2225 4161 2417 4201 menos
2440 4146 2702 4201 docentes
2733 4146 2947 4201 diversa
2974 4146 3361 4216 reprehendit;
3395 4146 3833 4203 Laodicenorum

2223 4236 2440 4293 divitias
2470 4238 2674 4301 inurit;
2705 4248 2759 4292 et
2789 4248 2971 4293 tamen
2995 4253 3189 4293 omnes
3218 4238 3285 4292 ad
3316 4239 3701 4308 paenitentiam
3745 4255 3836 4293 sa-

2227 4329 2540 4385 tisfactione
2600 4330 2823 4384 invitat.
2858 4328 2997 4396 Quid
3050 4329 3344 4400 Apostolus
3398 4328 3467 4383 ad
3512 4330 3837 4385 Corinthios

2223 4440 2344 4479 cum
2378 4425 2448 4477 ita
2481 4424 2612 4479 dicit
2645 4442 2655 4475 :
2692 4422 2775 4477 Ne
2800 4439 2917 4476 cum
2938 4439 3143 4490 venero,
3185 4424 3390 4494 lugeam
3430 4424 3622 4477 multos
3645 4441 3711 4478 ea:
3750 4425 3829 4477 his

2222 4518 2309 4585 qui
2332 4528 2449 4572 ante
2478 4526 2833 4588 peccaverunt,
2884 4528 2930 4571 et
2961 4534 3064 4571 non
3111 4527 3325 4588 egerunt
3367 4519 3732 4588 penitentiam
3770 4534 3835 4571 ex

510 4600 553 4654 si
590 4601 705 4655 haec
734 4600 943 4657 homini
974 4618 1075 4660 suo
1104 4605 1365 4661 Dominus
1396 4608 1672 4676 providit;
1699 4610 1743 4664 si
1776 4610 1919 4666 idem
1961 4622 2112 4668 stan-
2148 4605 2199 4665 D
2225 4611 2305 4664 his
2329 4626 2444 4679 qua:
2468 4620 2585 4663 ante
2606 4618 2875 4680 gesserunt
2904 4609 2957 4663 in
2997 4610 3342 4681 fornicatione
3393 4619 3442 4663 et
3489 4610 3833 4663 immunditiis

511 4692 658 4746 tibus
684 4696 927 4760 praemia,
984 4698 1073 4766 qui
1112 4697 1421 4765 jacentibns
1450 4701 1689 4755 remedia
1720 4702 1949 4772 largitus
1985 4717 2071 4759 est
2102 4724 2115 4759 :

510 4782 744 4839 desinite
764 4784 1003 4841 divinam
1030 4802 1290 4845 accusare
1340 4791 1619 4859 pietatem.
1644 4802 1736 4847 aut
1763 4802 1842 4849 tot
1873 4797 2115 4851 caelestis

511 4875 819 4931 clementia:
846 4876 1036 4933 titulos
1059 4880 1273 4949 objectn
1308 4882 1503 4951 rigoris
1526 4884 1772 4953 eradere,
1796 4898 1889 4941 aut
1907 4890 2112 4958 gratui-

513 4975 565 5021 ta
598 4968 808 5023 Domini
854 4970 997 5025 bona
1040 4971 1423 5029 inobsecrabili
1451 4978 1753 5046 asperitate
1796 4982 2107 5045 prohibere.

589 5113 612 5141 α
650 5104 756 5189 Sed
783 5116 1011 5189 peccata.
1048 5107 1160 5189 Sed
1178 5120 1291 5189 post
1323 5124 1529 5179 peccata
1552 5115 1839 5186 legendum
1870 5119 2104 5173 videtur.

518 5180 703 5249 Atque
725 5179 795 5231 ita
823 5178 1112 5233 ediderunt
1144 5178 1555 5249 Lugdunenses.

590 5247 617 5285 δ
661 5246 726 5300 Et
774 5250 862 5318 qui
906 5246 1273 5324 reﬂectat.._..
1305 5255 1600 5324 irrogatam.
1659 5258 1911 5314 Veterem
1946 5262 2113 5316 inter-

518 5329 739 5399 pretem_
756 5331 998 5399 secutus,
1026 5321 1171 5399 hunc
1199 5321 1363 5399 Joclis
1393 5321 1453 5399 ti,
1480 5328 1565 5399 15,
1591 5329 1766 5382 locum
1812 5339 1923 5385 tum
1972 5331 2059 5387 hic
2096 5375 2110 5399 ,

519 5390 633 5469 tum
656 5390 814 5453 infra,
847 5394 1008 5469 epist.
1035 5392 1090 5456 5,
1111 5408 1231 5462 cap.
1253 5396 1342 5459 2t,
1364 5396 1539 5469 reddit
1563 5408 1754 5453 auctor
1772 5400 1928 5469 juxta
1944 5390 2109 5466 Lxx;

519 5465 987 5543 naiEI_T¢V2t:)V-&1fi
1013 5472 1127 5543 ταῖς
1164 5469 1379 5528 κακίαις.
1418 5467 1589 5543 Vttlg:
1608 5465 1915 5543 prtestabilis
1958 5465 2113 5543 super

518 5533 742 5609 malitia,
774 5533 1175 5609 Eodenrmodo
1194 5552 1302 5606 quo
1324 5533 1549 5595 sanctus
1566 5533 1723 5597 Pater
1738 5552 1947 5609 noster,
1972 5533 2108 5599 reci-

520 5614 600 5685 ta_t
621 5605 832 5685 “eadem
860 5604 1031 5685 τιοςιὶε
1066 5604 1228 5685 verba
1258 5622 1473 5668 sanctus
1503 5612 1803 5685 Cyprianus
1830 5615 1893 5671 de
1925 5604 2107 5685 Laps.,

520 5676 586 5757 ad
613 5677 778 5757 linem
798 5718 812 5741 ,
840 5677 904 5730 de
930 5675 1323 5757 Bono_gatienl.
1366 5685 1467 5757 sub
1492 5675 1639 5757 init.,
1673 5697 1728 5740 et
1752 5686 1912 5756 epist.
1944 5675 2012 5741 55'
2041 5675 2109 5741 ad

520 5747 828 5825 Antoniam,
854 5763 1009 5825 pagg.
1042 5748 1301 5825 issam
1324 5762 1378 5806 et
1410 5754 1503 5808 tu
1545 5797 1560 5820 ,
1614 5747 1750 5812 edn.
1789 5747 1989 5814 "exon.
2042 5763 2111 5814 At

519 5818 719 5883 ubique
747 5832 843 5885 pro
864 5818 1088 5883 reﬂectat
1115 5821 1241 5887 legit
1265 5821 1457 5890 ﬂectat,
1488 5818 1823 5898 etii-rogatas
1851 5847 1945 5899 pro
1974 5832 2106 5884 irro-

2224 4705 2334 4758 suis
2360 4704 2427 4773 (ll
2450 4705 2569 4759 Cor.
2604 4719 2697 4767 xu,
2730 4704 2849 4775 ει).
2878 4704 3040 4770 Quid,
3070 4720 3195 4759 eum
3248 4718 3437 4758 rursus
3464 4703 3532 4759 ad
3560 4703 3786 4759 Galatas
3811 4704 3833 4757 2

2227 4800 2288 4854 Si
2316 4801 2424 4867 quis
2455 4808 2741 4871 prreventus
2768 4798 2925 4869 fuerit
2952 4800 3005 4852 in
3034 4800 3209 4869 aliquo
3236 4798 3427 4852 delicto
3457 4798 3475 4869 (
3502 4795 3626 4852 Gal.
3662 4798 3719 4864 6,
3752 4798 3829 4865 l);

2226 4892 2275 4946 id
2307 4902 2411 4957 est,
2437 4908 2803 4962 quocumque,
2839 4908 2925 4946 vos
2951 4893 3038 4962 qui
3069 4890 3333 4963 spiritales
3374 4890 3495 4944 estis
3517 4929 3534 4956 ,
3586 4890 3833 4943 instruite

2222 4986 2475 5057 ejusmodi
2502 4987 2556 5039 in
2580 4986 2767 5057 spiritu
2793 4983 3232 5048 mansuetudinis,
3262 4998 3447 5036 cavens
3470 4998 3534 5036 ne
3561 4991 3613 5036 et
3646 4992 3703 5035 tu
3723 4992 3835 5035 ten-

2208 5134 2381 5196 qatam
2409 5142 2426 5179 :
2450 5141 2608 5196 quam
2638 5126 2891 5196 equidem
2922 5124 3281 5193 posteriorem
3325 5122 3618 5180 lectionem
3670 5124 3833 5180 alteri

2211 5194 2550 5264 Cyprianicze
2579 5194 2940 5264 praetulerim.
3458 5236 3463 5241 ι

2289 5262 2310 5301 ά
2340 5262 2621 5320 Producta.
2652 5266 2729 5320 Ita
2750 5280 2967 5336 quoque
2987 5265 3385 5336 'l‘ertullia_nus,
3414 5262 3655 5336 dePud.,
3681 5282 3731 5319 c.
3763 5267 3828 5320 8:

2218 5333 2389 5407 Minor
2413 5336 2577 5404 ﬁlius,
2608 5333 2863 5407 producta
2881 5333 3177 5391 substantia
3233 5334 3372 5399 Dei,
3420 5337 3473 5389 in
3521 5335 3699 5389 aliena
3744 5353 3830 5389 re-

2215 5406 2366 5477 gione
2386 5406 2677 5477 mendicat.

2288 5476 2315 5514 ἀ
2346 5476 2625 5547 Nepotata.
2676 5480 2971 5549 Perperam
3043 5481 3379 5548 rescripsere
3424 5476 3825 5545 Lugdunenses

2217 5558 2443 5629 epotam.
2480 5548 2916 5633 Tertullianusin
2945 5550 3197 5633 Apploqu
3230 5564 3349 5631 cap.
3379 5550 3449 5602 66
3476 5566 3487 5599 :
3518 5548 3829 5633 Aristippus

2212 5620 2265 5673 in
2298 5637 2529 5687 purpura
2557 5622 2647 5673 sub
2672 5638 2862 5690 magna
2892 5620 3160 5690 gravitatis
3191 5622 3365 5685 specie
3394 5628 3697 5686 nepotatur.
3748 5620 3829 5673 Ad

2212 5706 2372 5759 quem
2406 5692 2580 5746 locum
2632 5703 2784 5746 notat
2829 5692 3284 5755 Havercampius,
3340 5693 3575 5744 verbum
3632 5692 3823 5758 huius-

2215 5762 2413 5832 modia
2448 5762 2689 5831 prodigis
2721 5763 2992 5832 nepotutis
3043 5760 3390 5817 translatum.
3450 5760 3614 5816 Plura
3673 5761 3832 5817 dabit

2214 5830 2450 5901 Cangius
2482 5835 2533 5887 in
2565 5830 2865 5889 Glossario.
