4094 6190
317 190 456 249 1057

1745 190 2079 253 EPISTOLA
2118 194 2182 250 ll.

3479 213 3615 272 1058

317 305 457 359 teris.
493 302 563 359 At
592 303 852 375 numquid
895 302 1307 373 paterfamilias,
1358 306 1412 359 in
1467 320 1662 378 magna
1695 308 1859 365 domo
1893 352 1909 377 ,
1944 315 1989 373 Α
2022 310 2163 382 Ergo
2188 327 2288 369 nec
2309 314 2597 386 baptisma,
2620 331 2720 372 nec
2744 319 3031 376 criminum
3057 324 3612 392 remissio,uecinno-

315 406 569 467 argentea
597 408 802 454 tantum
828 406 884 452 et
922 414 1087 454 aurea
1125 415 1251 454 vasa
1293 400 1577 455 custodit?
1624 401 1813 459 Nonne
1861 413 1919 460 et

317 493 502 548 fictilia
526 502 578 549 et
610 494 814 563 lignea,
867 502 923 548 et
970 495 1272 564 composita
1311 496 1561 564 quaedam
1612 505 1666 551 et
1712 496 1915 552 refecta

313 584 616 656 dignatur?
644 584 797 640 Nunc
824 586 1051 657 gaudeo,
1086 587 1259 656 inquit
1284 586 1603 655 Apostolus,
1633 589 1755 657 quia
1781 590 1916 657 Icon-

317 679 505 733 tristati
532 681 653 733 estis
674 679 744 733 ad
760 681 1112 749 paenitentiam
1138 678 1337 749 (IICor.
1354 697 1447 746 vn,
1469 680 1549 751 9).
1580 681 1643 734 Et
1677 681 1875 736 iterum
1898 700 1911 734 :

318 772 455 839 Quia
477 772 757 827 secundum
784 768 955 824 Deum
999 773 1236 835 tristitia,
1270 772 1642 843 paenitentiam,
1679 772 1735 825 in
1765 772 1909 827 salu-

316 875 438 927 tem,
464 865 696 919 stabilem
719 873 964 934 operatur
997 863 1165 936 (Ibid.
1202 865 1314 936 10).

390 955 481 1010 Vl.
513 954 619 1009 Sed
645 957 910 1024 ptenitere
938 971 1044 1010 non
1072 957 1237 1012 licuit.
1263 957 1432 1012 Nemo
1463 959 1579 1013 sine
1600 942 1780 1012 fructu
1813 957 1913 1011 im-

315 1057 468 1118 perat
496 1046 740 1102 laborem
768 1065 781 1101 :
816 1047 1020 1119 Dignus
1043 1057 1115 1103 est
1145 1050 1279 1103 enim
1310 1051 1655 1104 mercenarius
1682 1048 1913 1103 mercede

314 1154 410 1193 sua
436 1138 651 1207 (Matth.
685 1155 719 1194 ι
743 1178 759 1205 ,
806 1139 904 1205 10;
932 1138 1062 1193 Luc.
1095 1157 1149 1204 χ,
1175 1140 1253 1211 7).
1281 1141 1582 1212 Numquam
1612 1142 1757 1197 Deus
1802 1154 1909 1195 non

314 1232 601 1302 ptenitenti
638 1233 1083 1299 comminaretur,
1118 1234 1220 1287 nisi
1268 1236 1577 1305 ignosceret
1604 1233 1909 1304 pmnitenti.

314 1323 477 1380 Solus
522 1324 657 1392 hoc,
699 1325 933 1394 inquies,
968 1326 1109 1380 Deus
1139 1325 1353 1394 poterit.
1407 1325 1604 1380 Verum
1655 1332 1739 1379 est
1770 1341 1782 1376 :
1812 1324 1910 1379 sed

315 1426 370 1472 et
399 1415 541 1485 quod
579 1430 674 1485 per
721 1414 1033 1470 sacerdotes
1068 1429 1197 1469 suos
1254 1413 1420 1481 facit,
1456 1414 1625 1485 ipsius
1675 1423 1911 1483 potestas

316 1519 421 1564 eSt.
458 1508 591 1562 Nam
619 1507 747 1577 quid
773 1517 856 1563 est
888 1508 1017 1562 illud
1052 1507 1195 1578 quod
1225 1507 1499 1577 Apostolis
1548 1507 1679 1561 dicit
1709 1523 1722 1559 :
1782 1506 1911 1571 Qua:

316 1602 596 1673 ligarerttis
624 1601 678 1654 in
710 1602 881 1667 terris,
915 1601 1079 1673 ligata
1108 1609 1258 1654 erunt
1284 1611 1331 1653 et
1358 1600 1412 1653 in
1436 1598 1579 1653 ctelis
1611 1615 1629 1651 .'
1670 1596 1738 1651 Et
1769 1613 1910 1667 quae—

315 1713 529 1767 cumque
574 1696 827 1750 solveritis
876 1696 927 1749 in
974 1696 1159 1760 terris,
1208 1694 1381 1747 soluta
1408 1702 1558 1747 erunt
1585 1703 1632 1746 et
1676 1694 1730 1745 in
1769 1693 1908 1747 cretis
1938 1702 1985 1761 Β

318 1790 531 1861 (Matth.
568 1806 684 1855 xvr,
736 1791 839 1854 19;
880 1787 1037 1843 Joan.
1072 1804 1161 1853 xx,
1194 1786 1287 1858 ‘23)
1313 1787 1335 1840 ?
1365 1786 1474 1841 Cur
1507 1788 1636 1861 hoc.
1662 1786 1705 1840 si
1742 1785 1910 1856 ligare

315 1886 625 1943 hominibus
669 1901 731 1940 ac
768 1885 983 1940 solvere
1020 1898 1126 1938 non
1172 1881 1401 1936 licebat?
1448 1882 1529 1935 An
1574 1889 1779 1934 tantum
1806 1881 1911 1934 hoc

315 1981 445 2037 solis
479 1979 755 2048 Apostolis
805 1977 973 2031 licet?
1016 1976 1157 2045 Ergo
1192 1983 1246 2029 et
1285 1973 1561 2043 baptizare
1599 1972 1728 2026 solis
1760 1972 1905 2039 licet,

315 2083 369 2129 et
413 2072 675 2142 Spiritum
727 2080 975 2125 sanctum
1017 2068 1151 2123 dare
1191 2067 1356 2134 solis,
1405 2076 1459 2121 et
1506 2066 1643 2120 solis
1666 2065 1907 2135 gentium

315 2175 534 2236 peccata
584 2178 821 2234 purgare
857 2180 870 2216 ε
917 2161 1041 2231 quia
1083 2169 1252 2216 totum
1303 2160 1433 2227 hoc,
1469 2174 1575 2214 non
1599 2159 1721 2213 aliis
1746 2173 1909 2228 quam

318 2259 592 2328 Apostolis
614 2257 937 2327 imperatum
965 2264 1068 2310 est.
1093 2254 1247 2321 Quod
1273 2255 1319 2309 si
1344 2269 1451 2309 uno
1474 2254 1527 2307 in
1560 2253 1704 2320 loco,
1730 2261 1783 2307 et
1823 2268 1911 2308 rc-

320 2350 522 2407 solutio
564 2350 905 2405 vinculorum
947 2357 1004 2403 et
1044 2348 1371 2403 sacramenti
1420 2354 1663 2415 potestas
1719 2345 1906 2411 datur;

316 2454 411 2499 aut
441 2452 609 2498 totum
639 2442 705 2497 ad
736 2457 833 2498 nos
862 2457 928 2496 ex
958 2440 1327 2511 apostolorum
1358 2438 1524 2495 forma
1556 2448 1610 2493 et
1642 2447 1909 2508 potestate

316 2535 605 2591 deductum
641 2544 758 2600 est;
790 2542 885 2590 aut
922 2548 1023 2589 nec
1053 2533 1183 2587 illud
1237 2548 1305 2587 ex
1346 2532 1580 2587 decretis
1611 2532 1910 2585 relaxatum

315 2638 419 2684 est.
466 2627 609 2699 Ego,
660 2628 867 2697 inquit,
914 2627 1310 2697 fundamentum
1352 2626 1537 2694 posui;
1581 2625 1714 2678 alius
1736 2633 1911 2677 autem

313 2725 699 2796 superrediﬁcat
735 2724 788 2797 (Ι
829 2721 949 2779 Cor.
986 2739 1065 2789 tu,
1106 2723 1217 2791 10).
1248 2722 1361 2777 Hoc
1402 2736 1531 2792 ergo
1574 2721 1912 2790 superaedifi-

317 2829 506 2874 cantes
533 2861 548 2886 ,
600 2818 743 2888 quod
790 2817 1176 2887 Apostolorum
1218 2815 1467 2870 doctrina
1512 2814 1773 2868 fundavit.
1810 2815 1911 2868 De-

318 2914 481 2983 nique
528 2920 582 2967 et
626 2913 893 2982 episcopi,
938 2910 1181 2981 Apostoli
1226 2911 1605 2974 nominantur,
1660 2909 1801 2964 sicut
1843 2909 1911 2963 de

317 3003 705 3073 Epaphrodito
737 3003 937 3058 Paulus
966 3002 1264 3057 edisserit:
1318 3000 1557 3055 Fratrem
1581 3010 1626 3053 et
1657 3000 1911 3053 commiti-

2022 406 2167 460 vatio
2220 411 2498 479 corporis,
2550 422 2755 466 sancta:
2794 416 3049 481 potestati
3093 417 3209 486 ejus
3249 419 3451 474 indulta
3492 432 3613 487 est;

2018 499 2142 566 quia
2190 499 2320 554 nihil
2372 504 2590 572 prepria
2638 507 2992 575 usurpatione
3030 509 3342 563 mandatum
3390 522 3494 577 est,
3537 524 3616 567 to-

2021 598 2241 662 tumque
2271 592 2324 647 id
2371 608 2437 649 ex
2466 596 2766 663 apostolico
2788 597 2912 667 jure
2944 598 3193 654 deﬂuxit.
3243 601 3391 669 Scio,
3425 603 3613 671 frater,

2018 686 2156 743 hanc
2182 689 2354 759 ipsam
2390 693 2733 761 paenitentiae
2758 696 2968 750 veniam
2993 712 3099 752 non
3132 699 3335 767 passim
3364 700 3617 757 omnibus

2016 780 2166 847 dari,
2201 799 2300 839 nec
2325 794 2450 839 ante
2481 802 2643 857 quam
2669 800 2759 842 aut
2788 790 3167 860 interpretatio
3195 792 3395 849 divina:
3421 796 3614 851 volun-

2020 873 2163 938 tatis,
2207 883 2303 928 aut
2352 875 2581 933 forsitan
2615 878 2856 933 visitatio
2904 881 3089 946 fuerit,
3135 884 3390 939 relaxari.
3420 886 3616 959 Magno

2015 964 2258 1034 pondere
2290 982 2594 1039 magnoque
2644 971 2930 1027 libramine
2974 984 3095 1044 post
3145 978 3343 1033 multos
3375 980 3613 1049 gemitus

2015 1055 2443 1129 eil‘usionemque
2476 1060 2859 1131 lacrymarum,
2879 1075 3000 1134 post
3031 1068 3194 1122 totius
3222 1070 3469 1125 ecclesia:
3492 1087 3617 1141 pre-

2014 1163 2107 1204 ces
2128 1192 2142 1215 ,
2174 1151 2245 1204 ita
2279 1152 2490 1207 veniam
2523 1169 2667 1209 vera:
2700 1157 3040 1224 poenitentia:
3074 1174 3181 1214 non
3207 1163 3418 1231 negari,
3448 1172 3504 1217 ut
3529 1164 3613 1234 ju-

2013 1241 2259 1299 dicaturo
2303 1245 2521 1302 Christo
2555 1288 2568 1313 ,
2628 1263 2792 1303 nemo
2840 1251 3178 1321 praejudicet.
3241 1254 3294 1310 Si
3343 1260 3610 1327 apertius,

2013 1336 2141 1404 quid
2174 1345 2231 1391 tu
2266 1337 2495 1405 sentias,
2545 1342 2859 1412 scripseris,
2895 1345 3101 1413 frater;
3140 1348 3350 1415 plenius
3380 1351 3615 1410 instrue-

2017 1444 2113 1483 l'lS.

2589 1527 2930 1585 EPISTOLA
2972 1532 3034 1586 ll.

2440 1616 2517 1672 De
2557 1617 2937 1690 Symproniani
2974 1625 3178 1681 litteris.

2084 1711 2351 1767 Pacianus
2396 1714 2685 1787 episcopus
2731 1720 3125 1791 Symproniano
3153 1724 3302 1781 fratri
3355 1728 3608 1787 salutent.

2086 1801 2126 1858 Ι.
2184 1805 2241 1858 1η
2288 1806 2591 1873 quaestione
2626 1810 2835 1876 prolixa
2865 1855 2880 1879 ,
2927 1824 3184 1883 quantum
3215 1830 3405 1888 potero
3436 1822 3614 1877 brevi-

2016 1901 2179 1949 tatem
2206 1912 2423 1967 sequar.
2455 1900 2641 1970 Neque
2668 1902 2786 1967 tibi,
2820 1903 3009 1970 frater,
3043 1909 3144 1963 sub
3171 1909 3612 1982 interrogationis

2012 1986 2171 2043 bonae
2214 1992 2416 2059 specie,
2450 1995 2664 2050 occulta
2700 1997 2992 2053 verborum
3028 2001 3133 2055 tela
3159 2002 3424 2071 jaculauti
3452 2016 3613 2076 atque

2014 2083 2311 2153 objicienti,
2343 2103 2465 2155 qua:
2498 2090 2611 2158 ipse
2660 2080 2995 2160 machinare,
3032 2096 3264 2165 aliquam
3296 2097 3466 2154 vicem
3500 2116 3615 2154 ma-

2015 2175 2147 2229 litiae
2178 2178 2505 2246 repensabo.
2537 2180 2701 2236 Orare
2726 2200 2820 2252 pro
2868 2188 3283 2255 persequentibus
3332 2189 3612 2261 jubemur,

2013 2268 2537 2343 malediceptibusque
2592 2273 2891 2331 benedicere
2945 2278 3158 2347 (Matth.
3208 2297 3259 2347 v,
3292 2281 3404 2353 44).
3440 2283 3612 2340 Fraus

2014 2361 2161 2415 enim
2194 2363 2348 2431 quasi
2377 2366 2697 2432 vulpeculae,
2731 2367 2811 2421 vis
2838 2379 3020 2423 autem
3052 2370 3224 2426 leonis
3252 2380 3337 2428 est
3368 2391 3379 2427 :
3406 2383 3615 2430 utrum-

2013 2467 2119 2522 que
2154 2454 2222 2507 ab
2255 2454 2473 2510 homine
2513 2457 2909 2514 alienissimum
2938 2478 2952 2527 ;
2998 2462 3094 2517 sed
3124 2463 3271 2518 fraus
3295 2465 3422 2520 odio
3452 2467 3611 2537 digna

2014 2544 2240 2611 majore.
2271 2543 2406 2599 Nam
2441 2562 2563 2602 cum
2596 2550 2717 2618 plus
2749 2567 2948 2608 nocere
2976 2553 3190 2621 credas,
3216 2557 3371 2625 quasi
3395 2557 3615 2628 ignarus

2014 2634 2350 2706 interrogas;
2389 2655 2511 2693 cum
2548 2640 2747 2697 docere
2797 2652 2850 2699 te
2899 2654 3076 2714 putes,
3123 2649 3351 2704 simulas
3380 2651 3608 2706 erudiri.

2015 2726 2183 2781 Rabbi
2210 2770 2223 2794 ,
2265 2730 2555 2786 Dominum
2597 2736 2867 2789 vocabant
2904 2746 3124 2793 veteres
3168 2739 3449 2807 Pharisaei,
3487 2758 3613 2799 cum

2013 2820 2301 2887 mnigmata
2332 2822 2469 2891 legis
2496 2836 2870 2894 opponerent;
2900 2826 3213 2899 Magistrum
3240 2834 3610 2904 appellabant,

2014 2924 2136 2964 cum
2174 2911 2275 2966 sibi
2323 2929 2484 2969 omne
2530 2917 2900 2987 magisterium
2947 2923 3311 2979 vindicarent.
3340 2927 3615 2993 Quidlibet

2015 3015 2169 3072 agas,
2201 3002 2386 3069 frater,
2424 3014 2592 3062 totum
2635 3024 2699 3064 ex
2741 3026 2827 3065 me
2871 3013 3193 3083 simpliciter
3227 3033 3607 3091 recognosces.

318 3106 516 3164 tonem,
576 3098 787 3168 inquit,
840 3112 1048 3162 meum;
1100 3104 1323 3149 vestrum
1373 3105 1546 3148 autem
1617 3086 1982 3163 apostolumC
2013 3094 2153 3151 Malo
2201 3097 2527 3167 imperitus,
2588 3117 2754 3171 quam
2808 3106 3114 3164 malitiosus
3158 3086 3385 3185 intelligi
3422 3133 3433 3167 :
3469 3117 3613 3185 nyilo

320 3191 550 3261 (Philip.
580 3209 640 3259 tt,
665 3191 784 3263 25).
818 3193 873 3249 Si
906 3206 1036 3264 ergo
1067 3200 1122 3247 et.
1149 3192 1345 3246 lavacri
1377 3200 1431 3246 et
1473 3192 1781 3245 chrismatis
1813 3206 1908 3260 po-

320 3292 509 3352 testas,
539 3285 805 3355 majorum
830 3294 885 3340 et
915 3285 1075 3354 longe
1103 3284 1489 3345 charismatum
1518 3286 1581 3337 ad
1624 3283 1910 3353 episcopos

318 3378 444 3433 inde
469 3376 790 3442 descendit;
835 3384 890 3431 et
926 3375 1124 3447 ligandi
1167 3391 1384 3445 quoque
1412 3375 1500 3444 jus
1528 3375 1697 3429 adfuit
1743 3385 1910 3445 atque

316 3469 591 3526 solvendi.
626 3467 779 3536 Quod
810 3470 909 3524 etsi
943 3484 1041 3523 nos
1072 3469 1142 3523 ob
1168 3480 1351 3524 nostra
1376 3478 1594 3536 peccata
1623 3468 1911 3524 temerarie

318 3563 688 3628 vindicamus;
724 3564 866 3618 Deus
899 3574 1075 3617 tamen
1100 3563 1252 3627 illud,
1285 3571 1343 3616 ut
1370 3564 1574 3617 sanctis
1596 3570 1651 3616 et
1674 3566 1909 3632 Aposto-

320 3657 493 3713 lorum
515 3656 828 3713 cathedram
862 3656 1194 3721 tenentibus,
1248 3671 1353 3710 non
1383 3656 1639 3725 negabit;
1675 3656 1769 3725 qui
1799 3657 1914 3726 epi-

320 3753 520 3821 scopis,
559 3753 723 3807 etiam
758 3751 911 3807 Unici
952 3752 1034 3806 sui
1065 3765 1264 3804 nomen
1308 3749 1549 3803 indulsit.

389 3845 502 3901 Vll.
534 3846 694 3901 Plura
711 3845 1033 3911 scriberem,
1058 3843 1244 3908 frater,
1280 3843 1337 3897 ni
1364 3851 1420 3898 et
1446 3843 1726 3899 celeritate
1758 3844 1911 3913 pueri

318 3938 645 3994 revertentis
694 3953 944 4009 urgerer,
991 3944 1045 3992 et
1090 3938 1175 3993 vel
1216 3936 1475 4006 prmsenti
1506 3935 1623 3999 tibi,
1671 3936 1755 3990 vel
1789 3946 1813 3973 α
1844 3937 1912 3990 de

317 4031 466 4086 omni
525 4033 802 4101 proposito
863 4029 1185 4093 confitenti,
1238 4028 1545 4097 c0piosiora
1611 4044 1907 4084 servarem.

317 4123 491 4179 Nemo
512 4123 824 4191 episcopum
855 4122 1092 4177 hominis
1126 4122 1590 4191 contemplatione
1626 4121 1906 4191 despiciat.

314 4215 714 4279 Recordemur,
746 4216 891 4285 quod
939 4216 1133 4270 Petrus
1163 4216 1461 4285 Apostolus
1493 4215 1780 4291 Dominum
1816 4232 1912 4269 no-

317 4318 490 4365 strum
519 4308 845 4380 Episcopum
897 4307 1225 4372 nominarit;
1283 4306 1391 4362 Sed
1429 4308 1681 4371 conversi,
1718 4308 1908 4376 inquit,

321 4404 474 4457 modo
512 4403 579 4457 ad
609 4402 906 4473 episcopum
931 4410 979 4454 et
1006 4410 1266 4468 pastorem
1301 4399 1599 4452 animarum
1626 4407 1911 4451 vestrarum

2014 3190 2195 3244 fatuus
2225 3207 2385 3261 quam
2415 3194 2647 3251 callidus
2672 3196 2927 3266 judicari.
2953 3201 3130 3267 Quare
3155 3206 3304 3273 prius
3332 3222 3491 3276 quam
3526 3225 3614 3264 ra-

2016 3285 2219 3339 tionem
2274 3288 2654 3371 lideiuiostrm
2708 3293 2796 3363 (de
2841 3309 2943 3363 qua
2993 3298 3252 3369 moveris)
3309 3302 3606 3372 assignem,

2014 3382 2203 3451 accipe
2246 3396 2414 3451 pauca
2455 3385 2523 3439 de
2566 3385 2768 3441 litteris
2809 3392 2916 3443 tuis
2940 3405 3070 3460 quas
3115 3395 3373 3450 tractatui
3418 3406 3621 3467 praetu-

2014 3472 2145 3526 listi.

2083 3566 2149 3622 ll.
2175 3566 2455 3624 Refectum
2482 3586 2606 3627 esse
2627 3581 2678 3628 te
2707 3572 2847 3630 dicis
2875 3576 3152 3646 prioribus
3177 3582 3428 3651 epistolis
3452 3588 3611 3654 meis,

2015 3668 2069 3713 et
2105 3660 2287 3734 statim
2342 3662 2500 3717 addis
2550 3681 2636 3720 me
2694 3681 2817 3721 eum
2858 3673 3221 3730 amaritudine
3260 3680 3613 3748 respondisse

2013 3765 2136 3819 qua:
2174 3753 2508 3821 scripserim.
2584 3757 2638 3812 Si
2687 3773 2871 3814 amara
2918 3764 3211 3832 reficiunt,
3255 3771 3381 3840 quid
3434 3772 3613 3829 dulcia

2014 3853 2312 3911 operentur
2358 3845 2583 3915 ignoro;
2634 3850 2737 3904 nisi
2766 3852 2912 3920 quia,
2958 3863 3017 3908 ut
3042 3855 3094 3910 in
3125 3859 3409 3916 medicina:
3448 3879 3615 3933 poeu-

2013 3935 2102 4002 lis,
2136 3937 2271 3992 solet
2304 3954 2546 3995 amarum
2581 3944 2750 4013 magis
2780 3962 2943 4015 quam
2975 3949 3136 4007 dulce
3180 3955 3466 4013 medicari.
3500 3960 3611 4016 Sed

2014 4042 2199 4095 (μιίηεο
2224 4070 2237 4093 ,
2291 4030 2498 4086 litteras
2552 4050 2704 4091 meas
2735 4048 2985 4108 repetas,
3031 4058 3097 4098 an
3147 4047 3331 4117 aliquo
3364 4051 3487 4106 felle
3520 4070 3612 4109 re-

2015 4134 2220 4216 spersae
2248 4123 2376 4188 sint,
2411 4126 2537 4195 quid
2586 4130 2907 4199 superbum,
2945 4135 3073 4205 quid
3111 4138 3336 4198 insuave
3386 4160 3616 4216 respon-

2015 4210 2209 4267 derim.
2244 4214 2437 4272 Plures
2471 4233 2578 4284 me,
2610 4220 2711 4287 ais,
2746 4220 2985 4281 haereses
3020 4232 3353 4299 nominasse,
3394 4210 3619 4309 de'qui-

2016 4301 2115 4357 bus
2139 4320 2298 4359 nemo
2330 4311 2628 4375 qitaasierit.
2657 4312 2790 4382 Age,
2820 4317 2948 4384 quid
2985 4329 3075 4373 tua
3102 4324 3144 4376 si
3189 4324 3475 4383 licerelicus
3504 4301 3612 4386 non

2016 4409 2137 4449 eras
2158 4397 2181 4447 ‘?
2200 4397 2302 4462 Qui
2329 4414 2450 4453 cum
2479 4400 2547 4455 de
2576 4402 2680 4457 fide
2730 4394 2920 4462 nestra
2950 4427 3200 4469 moveres
3230 4420 3615 4491 quaestionem,

321 4496 339 4563 (
367 4495 385 4549 l
418 4493 563 4548 Petr.
614 4510 674 4561 rt,
712 4493 841 4562 ‘25).
886 4492 1024 4560 Quid
1065 4494 1324 4562 episcopo
1372 4490 1678 4561 negabitur,
1720 4490 1772 4543 in
1804 4506 1911 4560 quo
1937 4478 1991 4537 D
2016 4495 2072 4541 et
2100 4487 2284 4543 doceri
2319 4491 2456 4545 velle
2486 4501 2536 4546 te
2566 4493 2801 4561 diceres,
2836 4500 3031 4569 scripsi
3074 4478 3395 4573 ignorantim
3420 4478 3617 4570 causas

320 4585 417 4642 Dei
458 4601 653 4640 nomen
678 4585 983 4656 operatur?
1013 4584 1224 4639 Reddet
1260 4584 1479 4654 quidem
1512 4583 1589 4636 illi
1620 4583 1908 4649 rationem,

320 4678 365 4733 si
406 4678 534 4749 quid
586 4693 866 4748 perperam
909 4677 1137 4742 fecerit,
1190 4676 1274 4730 vel
1308 4678 1351 4729 si
1385 4683 1641 4743 corrupte
1667 4684 1720 4730 et
1751 4676 1914 4745 impie

320 4771 591 4839 iudicarit.
619 4770 728 4826 Nec
755 4770 1142 4841 prtejndicatur
1167 4770 1305 4836 Deo,
1337 4784 1444 4839 quo
1476 4770 1654 4824 minus
1689 4770 1813 4823 mali
1843 4786 1915 4825 ae-

320 4863 615 4919 dificatoris
636 4879 803 4934 opera
831 4864 1107 4919 rescindat
1141 4879 1153 4915 :
1190 4862 1395 4917 interea
1424 4863 1467 4916 si
1501 4864 1585 4933 pia
1618 4862 1708 4916 illa
1742 4861 1915 4917 admi-

321 4956 573 5011 nistratio
598 4966 706 5023 est,
737 4956 952 5025 adjutor
998 4954 1092 5011 Dei
1124 4970 1349 5024 operum
1383 4966 1723 5024 perseverat.
1773 4954 1913 5009 Ecce

322 5050 613 5119 Apostolus
651 5049 717 5104 ad
748 5049 916 5104 laicos
948 5050 1139 5103 scribit
1170 5066 1183 5103 :
1220 5050 1282 5103 Si
1310 5050 1393 5102 cui
1428 5050 1553 5119 quid
1584 5050 1793 5103 donatis
1820 5090 1833 5112 ,
1868 5058 1915 5102 et

320 5160 414 5215 ego
438 5160 455 5199 :
479 5142 619 5197 Nam
646 5154 693 5198 et
722 5161 813 5216 ego
844 5144 983 5212 quod
1011 5144 1219 5209 donavi,
1247 5144 1290 5197 si
1318 5143 1443 5213 quid
1465 5144 1673 5209 donavi,
1707 5153 1916 5214 propter

321 5252 409 5290 vos
439 5237 491 5289 in
539 5222 760 5309 persona
788 5236 1013 5302 Christi;
1056 5246 1110 5289 ut
1141 5252 1240 5289 non
1269 5236 1596 5305 possideatur
1625 5253 1655 5290 a
1683 5247 1866 5289 satana
1898 5252 1911 5301 ;

321 5346 424 5384 non
445 5331 577 5383 enim
603 5330 851 5383 versutias
875 5329 1314 5400 ejusignoramus
1342 5328 1361 5399 (
1382 5328 1427 5381 ll
1457 5328 1659 5394 Coi-.11,
1682 5330 1769 5394 i0,
1797 5330 1909 5392 11).

324 5423 381 5479 Si
411 5433 591 5478 autem
620 5423 765 5493 quod
798 5422 918 5476 laici
968 5422 1198 5488 donant,
1242 5423 1539 5491 Apostolus
1588 5424 1820 5477 donasse
1854 5439 1914 5479 se

323 5514 495 5578 dicit;
527 5516 675 5583 quod
726 5515 1013 5584 episcopus
1045 5514 1254 5580 fecerit,
1306 5513 1540 5582 qualiter
1568 5524 1859 5584 reSpuetur
1888 5516 1911 5569 ’ἶ

2016 4596 2135 4636 esse
2177 4582 2545 4653 multiplices,
2588 4602 2709 4655 qua:
2739 4604 2840 4645 vos
2888 4594 3229 4660 potissimum
3265 4599 3522 4672 haberet,
3560 4617 3620 4664 ut

2013 4674 2257 4740 aperires
2277 4715 2291 4737 ,
2333 4690 2399 4727 ne
2429 4678 2741 4733 retexendis
2774 4680 3026 4750 pluribus
3049 4698 3363 4749 zestuarem.
3408 4695 3486 4751 De
3513 4698 3615 4754 Cn-

2015 4763 2205 4819 tholico
2256 4768 2464 4823 nomine
2506 4771 2671 4825 multa
2705 4775 2966 4844 respondi
3007 4779 3239 4849 placide.
3290 4786 3409 4843 Dixi
3444 4794 3614 4861 enim,

2017 4858 2151 4911 nihil
2197 4858 2425 4914 alterius
2465 4861 2740 4920 interesse
2771 4866 2896 4935 quid
2930 4870 3071 4926 alius
3109 4889 3419 4935 vocaretur.
3454 4885 3530 4937 Ac
3572 4858 3623 4939 si

2018 4950 2123 5003 vim
2158 4952 2394 5005 nominis
2420 4956 2753 5024 postulares,
2788 4961 3171 5036 quodcumque
3205 4968 3337 5024 illud
3365 4986 3487 5028 esse
3514 4977 3618 5029 mi-

2019 5043 2255 5109 rificum,
2281 5061 2375 5100 seu
2408 5064 2572 5102 unum
2601 5050 2653 5103 in
2683 5053 2961 5119 omnibus,
2989 5071 3083 5112 seu
3115 5076 3281 5115 unum
3306 5079 3474 5134 super
3503 5084 3621 5121 om-

2023 5137 2134 5201 nia,
2165 5151 2259 5191 seu
2288 5138 2431 5206 quod
2462 5148 2591 5194 ante
2639 5156 2745 5196 non
2780 5144 2912 5210 dixi,
2948 5147 3092 5204 filius
3121 5152 3283 5221 regis,
3321 5154 3373 5209 id
3400 5168 3485 5213 est
3525 5174 3618 5230 po-

2024 5232 2180 5302 pulus
2217 5232 2581 5290 Christianus.
2628 5237 2784 5294 Adeo
2834 5252 2987 5298 certe
3039 5261 3145 5301 non
3190 5249 3419 5307 inditum
3464 5256 3619 5312 nobis

2021 5330 2166 5398 quod
2191 5344 2287 5397 per
2319 5331 2519 5385 scecula
2544 5341 2688 5386 tanta
2717 5349 2824 5388 non
2850 5337 3098 5393 caderet.
3124 5342 3186 5396 Et
3212 5357 3346 5401 sane
3374 5352 3616 5418 gratulor

2023 5420 2165 5489 quod
2194 5419 2321 5476 licet
2343 5421 2480 5475 alios
2510 5427 2920 5494 anteposueris,
2944 5430 3103 5485 etiam
3129 5436 3272 5491 circa
3304 5455 3407 5496 nos
3436 5458 3615 5501 assen-

2023 5514 2159 5569 tiare
2188 5514 2257 5568 de
2288 5514 2535 5569 nomine.
2569 5516 2710 5581 Quid
2742 5519 2785 5572 si
2816 5525 3081 5591 negares?
3110 5526 3315 5586 Natura
3334 5534 3611 5593 clamaret,

392 5629 698 5719 {Dleuomui
740 5630 1025 5719 proposito.
1079 5629 1605 5719 Perpltz‘icetrnbatinii
1641 5631 2223 5719 conjecturalegentis
2268 5630 2332 5684 de
2373 5646 2570 5687 NOIINE
2621 5650 2771 5706 prop.
2822 5646 2880 5693 ut
2916 5638 3003 5697 hic
3052 5647 3309 5717 respiciat
3354 5651 3613 5719 Pacianus

321 5701 565 5773 epistola:
610 5711 988 5774 argumentum
1023 5744 1037 5769 ,
1102 5700 1489 5757 de’Cathofico
1553 5700 1757 5758 nomine
1812 5700 2106 5777 inscriptae.
