4094 6190
535 206 676 263 1065

1901 209 2148 267 SANCTI
2188 212 2461 267 PACIANI

3684 219 3830 275 ιθθι

530 320 658 388 bus,
689 327 745 375 ct
767 320 934 376 multa
967 320 1301 378 laceratione
1344 329 1598 389 vexatus,
1630 330 1686 376 et
1717 322 2013 379 novissime
2044 339 2130 378 sa-
2157 326 2207 387 Α
2235 326 2326 395 qui
2356 340 2650 397 numquam
2682 326 2983 383 Eeclesiam
3003 330 3328 395 deseruerit,
3353 331 3445 401 qui
3474 332 3543 386 ab
3561 332 3835 403 episcopis

530 415 697 470 lutari
718 415 893 471 calice
925 416 1249 487 propinatus
1276 426 1381 472 est.
1403 416 1517 471 lloc
1540 416 1637 470 luit
1664 416 2129 485 coronari.Quare

524 507 633 563 sibi
655 508 856 565 habeat
875 508 1214 566 Novatianus
1230 510 1499 581 epistolas
1525 526 1674 577 suas;
1703 510 1806 566 sibi
1834 520 2126 576 tumorem,

525 602 633 657 sibi
664 602 1001 672 superbiam,
1057 618 1163 674 qua
1213 604 1340 659 dum
1372 606 1423 658 in
1456 604 1623 659 altum
1678 605 1906 670 levatur,
1960 604 2129 659 elisus

526 706 648 759 eat;
695 695 824 750 dum
882 696 1087 752 nemini
1132 697 1329 767 parcit,
1386 696 1611 752 effusus.
1666 697 1747 752 En
1809 696 1902 766 qui
1932 695 2127 751 salutis

532 788 676 843 viam
707 787 972 844 fratribus
1008 789 1335 846 inexorabili
1366 790 1627 860 religione
1652 786 1952 860 praecludat
1982 790 1995 842 l
2046 789 2124 844 En

529 881 622 951 qui
652 896 714 938 se
743 890 769 919 °
798 882 980 952 palam
1009 882 1179 951 ferre,
1205 893 1262 938 et
1292 898 1476 937 aream
1510 882 1719 938 Domini
1748 896 1977 952 purgare
1991 896 2123 937 con-

527 973 695 1030 ﬁdat!

602 1067 738 1122 Vill.
778 1067 1038 1125 Miserere
1090 1069 1188 1138 tui,
1244 1069 1646 1140 Symproniane
1693 1067 1881 1135 frater,
1941 1075 2126 1122 necte

526 1161 863 1217 Novatianus
889 1162 992 1219 sub
1024 1161 1127 1217 hac
1183 1163 1362 1217 fronte
1393 1162 1663 1231 decipiat;
1693 1171 1749 1216 et
1778 1160 1899 1215 ideo
1926 1160 2126 1230 justior

528 1266 775 1328 putetur,
833 1256 959 1327 quia
1018 1256 1374 1327 reliquos-sui
1403 1259 1815 1325 comparatione
1851 1253 2121 1323 despexit.

527 1351 685 1421 Saepe
709 1350 958 1406 fiduciam
991 1351 1253 1405 mentitur
1297 1351 1558 1415 audacia;
1592 1359 1647 1404 et
1674 1348 1976 1418 desperatis
2006 1349 2127 1418 qni-

526 1445 734 1513 busque
756 1444 1157 1516 peccatoribus,
1190 1444 1320 1498 falsa
1353 1443 1512 1499 bonae
1567 1442 1920 1498 conscientiae
1949 1441 2125 1510 imago

527 1539 825 1596 blanditur.
852 1540 1057 1595 Contra
1109 1554 1237 1594 vero
1286 1539 1461 1593 omnis
1493 1537 1771 1592 humilitas
1816 1533 2125 1590 innocentia

525 1638 819 1702 est,etiam
844 1635 935 1690 illa
963 1634 1220 1699 debitrix,
1255 1634 1419 1689 etiam
1474 1632 1561 1686 illa
1615 1631 1911 1701 peccatrix,
1959 1629 2122 1683 etiam

2232 419 2522 490 episcopus
2550 420 2723 475 factus
2748 422 2836 488 sit,
2862 423 2953 492 qui
2981 422 3106 491 jure
3131 422 3407 480 ordinario
3459 436 3833 493 consecratus,

2231 512 2321 580 qui
2378 522 2661 569 vacantem
2717 513 3033 570 cathedram
3065 516 3116 570 in
3167 516 3411 572 Ecclesia
3462 520 3840 574 consecutus?

2232 602 2372 668 Quid
2402 604 2470 659 ad
2503 606 2591 661 te?
2619 605 2873 676 inquies;
2915 607 3250 663 Novatianus
3278 608 3383 665 hoc
3421 609 3623 666 docuit.
3648 613 3721 666 At
3747 611 3840 668 vel

2232 697 2474 764 quando,
2503 698 2691 768 frater,
2734 701 3000 769 quibusve
3037 701 3418 772 temporibus?
3469 704 3664 759 Statim
3714 712 3842 774 post

2234 788 2446 845 Domini
2477 791 2827 861 passionem?
2878 804 3000 865 post
3031 794 3179 849 Decii
3209 794 3592 865 principatum,
3640 796 3696 851 id
3727 806 3839 863 est,

2228 892 2355 951 post
2396 891 2669 939 trecentos
2724 900 2889 955 prepe
2937 876 3110 942 annos
3160 886 3449 943 dominicae
3502 887 3788 959 passionis
3816 930 3831 944 .

2230 974 2371 1042 Quid
2406 990 2536 1047 ergo
2561 977 2723 1033 tunc?
2751 978 3049 1047 Pr0phetas
3094 990 3314 1035 secutus
3333 990 3418 1036 est
3444 991 3501 1036 ut
3526 978 3846 1054 Catapbry-

2228 1084 2341 1139 ges,
2368 1085 2434 1124 an
2458 1069 2486 1109 ι’
2516 1071 2888 1128 Philomenem
2920 1074 3179 1145 aliquam,
3213 1087 3271 1130 ut
3317 1077 3571 1146 Apelles;
3605 1093 3675 1132 an
3719 1078 3844 1149 ipse

2230 1171 2437 1217 tantum
2489 1167 2837 1222 auctoritatis
2888 1168 3387 1238 accepit?Linguis
3440 1171 3655 1227 locutus
3706 1175 3841 1228 est?

2228 1253 2579 1325 Prophetavit
2599 1256 2916 1314 ?Suscitare
2946 1269 3187 1315 mortuos
3215 1262 3424 1331 potuit?
3454 1262 3657 1317 Horum
3686 1265 3840 1319 enim

2228 1349 2435 1416 aliquid
2487 1350 2687 1408 habere
2725 1352 3011 1419 debuerat,
3060 1364 3119 1408 ut
3149 1356 3492 1424 evangelium
3543 1357 3669 1413 novi
3691 1358 3840 1427 juris

2228 1442 2529 1498 induceret.
2561 1444 2628 1498 Et
2652 1445 2695 1498 si
2718 1454 2908 1500 contra
2942 1446 3489 1517 clamrtApostolus;
3536 1448 3684 1503 Licet
3716 1468 3837 1517 nos,

2227 1545 2318 1587 aut
2344 1537 2558 1606 angelus
2587 1536 2651 1589 de
2681 1539 2806 1591 caelo
2834 1540 3255 1610 euangelizarerit
3290 1551 3636 1613 praeterquam
3694 1544 3841 1612 quod

2228 1629 2683 1698 euangelizarimus
2716 1632 2872 1696 vobis,
2901 1632 3173 1687 anathema
3195 1636 3261 1687 sit
3288 1633 3433 1706 (Gal.
3459 1651 3495 1699 ι,
3518 1635 3598 1707 8).
3646 1635 3840 1692 Nova-

526 1733 621 1789 illa
646 1747 768 1802 qua:
798 1730 1034 1785 animam
1090 1744 1242 1783 suam
1298 1743 1420 1783 cum
1476 1736 1765 1796 peccatore
1817 1722 2116 1778 blanditur.
2150 1723 2197 1786 B
2227 1722 2408 1777 tianus
2424 1723 2500 1777 sic
2525 1722 2815 1791 intellexit,
2840 1726 3084 1795 inquies:
3112 1727 3205 1781 sed
3226 1726 3475 1783 Christus
3492 1727 3596 1783 hoc
3617 1729 3832 1785 docuit.

529 1822 660 1878 Dele
708 1841 809 1891 me,
862 1822 1035 1893 inquit
1089 1821 1303 1893 Moyses
1332 1818 1531 1891 (Exod.
1588 1833 1720 1885 χχιι,
1753 1815 1870 1885 ⁸52),
1902 1816 1965 1868 de
1992 1814 2122 1869 libro

526 1932 679 1988 quem
708 1916 994 1987 scripsisti;
1025 1929 1092 1969 ne
1117 1923 1437 1983 peceatores
1466 1911 1726 1982 perirent.
1786 1908 2117 1976 Optaveram,

525 2011 712 2083 inquit
762 2011 1077 2081 Apostolus,
1129 2008 1402 2064 anathema
1441 2024 1548 2063 esse
1583 2009 1693 2077 ipse
1719 2022 1811 2077 ego
1837 2008 1889 2059 in
1919 2004 2122 2059 Christo

526 2120 621 2172 pro
649 2103 903 2174 fratribus
931 2104 1078 2170 meis,
1114 2102 1342 2173 cognatis
1382 2100 1661 2155 secundum
1709 2114 1911 2154 carnem
1938 2096 2117 2166 (Rom.

524 2210 600 2262 ιχ,
635 2194 712 2265 5).
742 2193 940 2265 Utique
969 2193 1133 2248 ambo
1162 2209 1261 2263 pro
1296 2191 1669 2263 peccatoribus
1714 2191 2077 2260 deprecantur
2103 2205 2117 2255 ;

525 2298 582 2342 et
612 2297 838 2358 propter
862 2287 985 2350 hoc,
1018 2286 1190 2339 Deum
1222 2298 1324 2340 nec
1352 2283 1566 2355 Moyses
1596 2299 1694 2338 nec
1720 2282 1926 2338 Paulus
1954 2280 2122 2337 oﬂ‘en-

523 2381 624 2436 dit.
654 2381 991 2435 Novatianus
1033 2378 1118 2433 bis
1172 2376 1402 2431 melior?
1453 2375 1786 2430 Emendator
1826 2373 2123 2443 Propheta-

524 2474 687 2531 rum?
715 2473 909 2529 doctor
942 2469 1373 2543 Apostolorum?
1399 2469 1517 2523 Jam
1547 2484 1670 2523 eum
1702 2467 1922 2522 Christo
1962 2466 2118 2521 vide-

523 2576 613 2623 tur
644 2573 700 2621 ut
732 2565 873 2621 idem
902 2563 1154 2637 Moyses?
1176 2562 1294 2618 Jam
1335 2570 1394 2616 ut
1433 2561 1633 2616 Paulus
1662 2560 1715 2614 in
1747 2561 1960 2614 tertium
2008 2573 2120 2614 cce-

522 2657 637 2714 lum
668 2655 920 2712 sublimis
942 2652 1228 2711 evehitur?
1247 2652 1365 2709 Jam
1387 2653 1647 2722 neglectis
1689 2651 1941 2706 omnibus
1970 2649 2117 2705 solus

521 2749 777 2806 auditur?
799 2749 926 2806 Haec
956 2749 1023 2804 ad
1054 2748 1268 2804 litteras
1292 2757 1411 2801 tuas
1440 2743 1792 2815 respondisse
1817 2742 2114 2798 sull'eeerit.

521 2846 629 2902 Sed
653 2846 778 2915 quia
807 2844 875 2899 de
908 2843 1224 2914 paenitentia
1249 2857 1355 2897 non
1385 2840 1617 2911 agenda,
1651 2839 1738 2894 vel
1765 2846 1891 2893 ante
1914 2838 2118 2909 baptis-

520 2954 668 2993 mum
718 2936 926 3008 agenda
952 2937 1112 2991 latius
1151 2935 1476 3007 disputasti;
1537 2934 1830 3003 multisque
1861 2932 2117 3003 capitulis

518 3030 931 3099 exemplorum,
985 3036 1249 3083 tractatus
1301 3028 1473 3098 ipsius
1522 3026 1769 3096 paginam
1814 3023 2109 3090 refer-sisti,

2227 1813 2372 1882 Ergo
2400 1828 2430 1867 a
2459 1812 2662 1870 Christi
2689 1826 2710 1855 ο
2741 1831 2916 1886 usque
2947 1817 3099 1873 Decii
3124 1821 3482 1889 principatum
3517 1822 3711 1877 nullus
3755 1824 3838 1877 in-

2227 1904 2473 1976 telligens
2494 1905 2517 1959 ?
2542 1907 2670 1961 Post
2695 1908 2915 1963 Decium
2946 1910 3180 1982 denique
3208 1914 3386 1968 omnis
3410 1914 3711 1985 episcopus
3739 1920 3838 1972 im-

2226 1999 2474 2068 patiens;
2499 2014 2687 2055 omnes
2720 2002 2810 2055 alii
2836 2001 3081 2058 dissoluti
3109 2006 3198 2074 qui
3228 2019 3287 2059 se
3310 2006 3540 2062 miseere
3596 2008 3836 2076 perditis

2226 2094 2470 2161 mallent,
2501 2096 2590 2164 qui
2622 2100 2800 2166 perire
2823 2113 2945 2152 cum
2980 2098 3217 2165 miseris,
3257 2101 3348 2171 qui
3382 2101 3564 2156 alieno
3598 2103 3833 2159 vulnere

2225 2190 2544 2245 vulnerari?
2589 2190 2898 2246 Novatiano
2956 2193 3193 2261 vindice,
3242 2194 3457 2263 justitia
3531 2194 3831 2259 liberatur;

2224 2291 2466 2346 auctore,
2495 2283 2790 2354 corrigitur
2818 2284 3079 2356 quidquid
3108 2286 3328 2340 erravit.

2295 2372 2358 2428 ll.
2401 2373 2538 2444 Age,
2574 2375 2811 2445 inquies,
2867 2386 3145 2432 certemus
3190 2377 3463 2448 exemplis
3511 2387 3566 2433 et
3610 2379 3831 2436 ratione

2224 2481 2544 2537 pugnemus.
2579 2466 2649 2525 At
2674 2483 2774 2539 ego
2797 2468 2900 2523 huc
2927 2483 3097 2540 usque
3120 2484 3345 2525 securus
3379 2487 3393 2523 :
3421 2471 3533 2540 ipsa
3568 2471 3830 2528 Ecclesia:

2223 2559 2380 2628 ferie,
2404 2563 2842 2632 congregationis
2871 2563 3108 2634 antiquae
3136 2579 3272 2636 pace
3299 2572 3595 2621 contentus
3626 2583 3639 2618 :
3670 2566 3824 2620 nulla

2221 2650 2511 2708 discordia:
2533 2652 2712 2709 studia
2728 2654 2919 2723 didici,
2943 2656 3088 2711 nulla
3104 2657 3470 2713 certaminum
3499 2669 3822 2729 argumenta

2221 2744 2469 2814 quaesivi.
2501 2745 2581 2800 'l‘u
2612 2758 2895 2817 postquam
2928 2764 2956 2802 a
2987 2750 3197 2820 reliquo
3224 2766 3459 2821 corpore
3501 2763 3821 2822 segregatus

2220 2851 2280 2891 cs
2303 2846 2357 2891 et
2384 2852 2411 2891 a
2440 2847 2615 2894 matre
2632 2839 2871 2905 divisus;
2903 2852 2960 2897 ut
2987 2845 3253 2900 rationem
3275 2844 3404 2900 facti
3435 2845 3513 2899 tui
3538 2846 3818 2914 redderes,

2220 2939 2363 2985 totos
2394 2931 2660 2986 librorum
2686 2948 2936 2990 recessus
2964 2936 3219 2991 assiduus
3243 2947 3521 2993 scrutator
3553 2938 3780 3008 inquiris
3806 2955 3818 2990 :

2217 3025 2424 3080 occulta
2456 3041 2683 3097 quaeque
2709 3029 2969 3084 sollicitas
2997 3047 3011 3083 :
3039 3031 3297 3101 quidquid
3338 3033 3540 3088 exinde
3564 3048 3819 3089 securum

516 3124 868 3195 respondebo
897 3122 963 3178 ad
991 3121 1200 3193 singula
1229 3136 1294 3177 ex
1326 3119 1621 3176 abundanti
1655 3135 1669 3171 :
1698 3134 1818 3189 qua:
1857 3117 1990 3173 fides
2020 3133 2113 3173 ve-
2141 3116 2184 3177 C
2217 3127 2321 3185 est,
2346 3118 2637 3189 inquietas.
2658 3120 2841 3177 Nostri
2866 3123 2999 3178 nihil
3023 3124 3167 3178 ultro
3190 3125 3536 3196 disputavere
3557 3126 3816 3196 majores:

516 3218 629 3275 rior
655 3218 874 3285 habeat,
905 3232 1013 3274 non
1046 3216 1257 3272 tacebo.
1286 3214 1388 3278 Tu,
1421 3225 1480 3269 ut
1510 3212 1714 3268 auditui
1772 3220 1961 3269 nostro
2008 3212 2110 3266 lar-

516 3312 658 3383 giter
678 3311 955 3382 imperare
971 3310 1227 3380 dignatus
1272 3322 1353 3375 es,
1388 3308 1675 3377 benignam
1704 3321 1890 3359 rursus
1937 3304 2108 3359 vicem

515 3405 761 3475 praebeto
810 3405 1083 3459 tractatui.
1128 3400 1414 3456 Praestabit
1461 3399 1690 3455 fortasse
1719 3398 2000 3463 Dominus,
2050 3403 2114 3449 ut

522 3499 617 3570 qui
672 3513 773 3553 nos
828 3497 922 3553 tibi
955 3496 1227 3567 patienter
1262 3492 1584 3561 obtulimus,
1611 3492 1845 3547 fructum
1873 3490 2108 3560 aliquem

514 3590 586 3647 de.
644 3600 733 3644 tua
791 3590 955 3646 etiam
988 3588 1247 3659 patientia
1290 3594 1647 3656 reportemus.
1679 3584 1942 3638 Dominus
1972 3592 2024 3636 te
2053 3582 2107 3636 in

522 3696 787 3741 aeternum
839 3682 1119 3739 custodire
1143 3690 1198 3738 et
1217 3690 1506 3753 protegere
1557 3678 1827 3750 dignetur,
1870 3687 1924 3732 et
1951 3675 2110 3731 Chri-

520 3779 757 3835 stianum
790 3788 954 3849 atque
982 3776 1321 3834 Catholieum
1353 3774 1541 3831 vivere
1586 3772 1769 3839 faciat,
1802 3780 1855 3828 et
1876 3785 2105 3826 concor-

517 3875 650 3933 dare
679 3875 984 3932 nobiscum.
1018 3874 1215 3929 Amen.

1059 3963 1394 4022 EPISTOLA
1445 3964 1528 4019 lli.

863 4060 1052 4113 Contra
1072 4066 1317 4111 tractatus
1368 4055 1798 4109 Novatianorum.

579 4148 848 4204 Paeianus
868 4150 1159 4217 episcOpus
1184 4148 1592 4217 Symproniano
1615 4145 1770 4199 fratri
1793 4145 2045 4200 salutem.

575 4240 616 4295 l.
659 4240 947 4295 'l’raetatus
1001 4237 1179 4294 omnis
1223 4236 1650 4292 Novatianorum
1707 4252 1866 4307 quem
1911 4237 1980 4293 ad
2018 4253 2103 4292 me

498 4333 766 4391 confertis
794 4332 1036 4403 undique
1089 4328 1557 4402 prepositionibus
1605 4328 1915 4393 destinasti,
1947 4328 2105 4400 Sym—

496 4431 760 4501 proniane
781 4430 967 4489 frater,
998 4426 1101 4482 hoc
1128 4423 1374 4479 continet
1401 4441 1413 4476 :
1443 4423 1599 4491 Quod
1630 4431 1749 4493 post
1774 4422 2099 4493 baptismum

2216 3212 2363 3268 nuda
2385 3222 2470 3268 est
2493 3214 2633 3284 apud
2664 3230 2763 3269 nos
2811 3216 2924 3285 ipsa
2955 3220 3220 3273 securitas
3251 3235 3263 3271 :
3296 3218 3420 3289 quid
3470 3220 3721 3274 attuleris
3749 3218 3820 3273 de

2217 3315 2303 3360 tua
2332 3314 2491 3374 parte
2519 3308 2821 3362 munitum?
2845 3309 2956 3379 Ego
2984 3311 3171 3365 nescio
3185 3310 3313 3381 quid
3331 3310 3658 3365 Novatianus
3679 3326 3819 3381 ege-

2175 3450 2179 3454 .
2216 3398 2307 3465 rit,
2338 3399 2465 3470 quid
2498 3399 2737 3455 Novatus
2763 3401 3068 3470 admiserit,
3097 3404 3225 3474 quid
3278 3404 3553 3459 Evaristus
3580 3413 3813 3459 tumue-

2212 3488 2305 3554 rit,
2339 3490 2465 3561 quid
2495 3490 2833 3549 Nicostratus
2862 3494 3195 3551 nuntiaverit
3222 3513 3234 3548 :
3259 3511 3406 3550 arma
3455 3504 3633 3551 vestra
3676 3496 3812 3551 dum

2212 3581 2476 3653 despisio,
2508 3599 2613 3639 non
2635 3585 2801 3650 novi;
2830 3585 2954 3641 vide
2982 3588 3026 3642 si
3056 3601 3179 3642 eum
3202 3586 3400 3642 inermi
3423 3589 3646 3643 veritate
3670 3601 3813 3642 con-

2212 3673 2376 3746 fligis.
2406 3675 2800 3746 Exspeetemus
2832 3688 3013 3733 tamen
3039 3679 3165 3749 quid
3187 3679 3437 3749 objicias,
3466 3681 3587 3750 quid
3618 3681 3816 3750 loqua-

2211 3766 2305 3822 ris.
2333 3766 2623 3823 Poteratne
2674 3770 2756 3824 vel
2781 3769 2919 3824 nuda
2942 3771 3162 3837 veritas,
3204 3770 3590 3826 innocentiave
3638 3770 3815 3842 impe—

2210 3858 2311 3912 rita
2330 3858 2671 3915 subsistere?
2692 3861 2976 3931 Proponis,
2997 3871 3050 3916 et
3075 3870 3221 3919 recte
3248 3862 3488 3933 quidem,
3506 3861 3812 3918 Ecclesiam

2210 3964 2334 4006 esse
2362 3953 2621 4021 populum
2654 3968 2720 4009 ex
2751 3970 2889 4025 aqua
2914 3964 2968 4010 et
2992 3954 3196 4025 Spiritu
3234 3965 3426 4011 sancto
3458 3965 3808 4021 renovatum,

2210 4045 2328 4100 sine
2360 4048 2647 4116 negatione
2694 4051 2930 4105 nominis
2958 4050 3181 4117 Christi,
3215 4052 3479 4122 templum
3506 4062 3561 4106 et
3588 4054 3811 4107 domum

2212 4138 2328 4204 Dei,
2378 4140 2665 4195 columnam
2696 4152 2743 4196 et
2767 4143 3172 4198 stabilimentum
3219 4146 3446 4198 veritatis
3480 4144 3525 4215 (Ι
3553 4143 3693 4200 Tim.
3726 4162 3810 4213 ιιι,

2210 4232 2322 4304 15),
2354 4236 2620 4306 virginem
2642 4248 2885 4293 sanetam
2910 4238 3235 4293 castissimis
3254 4240 3527 4305 sensibus,
3550 4254 3810 4308 sponsam

2206 4324 2410 4383 Christi
2438 4345 2500 4383 ea:
2531 4331 2729 4386 ossibus
2778 4335 2889 4404 ejus
2918 4341 2965 4387 et
2996 4349 3149 4387 carne
3178 4332 3401 4404 (Ephes.
3451 4350 3506 4400 v,
3536 4335 3654 4403 50),
3709 4351 3813 4389 non

2208 4420 2473 4475 habentem
2502 4424 2757 4478 maculam
2787 4441 2949 4495 neque
3002 4442 3185 4496 rugam
3219 4424 3411 4496 (lbid.,
3433 4425 3548 4495 27),
3598 4427 3810 4497 integra

499 4524 769 4593 poenitere
802 4538 910 4577 non
945 4519 1145 4585 liceat;
1179 4517 1319 4589 quod
1352 4516 1585 4572 mortale
1606 4523 1885 4584 peccatum
1910 4514 2101 4569 Eccle-
2128 4506 2182 4565 Ι)
2209 4514 2612 4583 evangeliorum
2634 4516 2755 4586 jura
2786 4527 3121 4573 servantem.
3153 4517 3287 4585 Quis
3309 4518 3411 4574 hoc
3436 4530 3685 4574 nostrum
3716 4535 3813 4574 ne-

498 4616 581 4670 sia
609 4616 816 4669 donare
846 4627 950 4667 non
981 4610 1178 4683 possit,
1212 4611 1379 4665 immo
1402 4609 1545 4679 quod
1586 4610 1701 4679 ipsa
1745 4617 1934 4678 pereat
1961 4608 2101 4663 reci-

500 4707 703 4778 piendo
734 4713 1047 4774 peccantes.
1074 4704 1381 4758 Praeclarus
1428 4703 1625 4767 honos,
1679 4702 1973 4771 singularis
2004 4716 2100 4755 au-

501 4804 751 4867 ctoritas,
778 4814 969 4868 magna
997 4797 1336 4861 conSIantia;
1366 4798 1595 4865 rejicere
1616 4805 1902 4861 nocentes,
1954 4804 2096 4850 atta—

499 4907 622 4955 ctus
690 4892 1030 4966 peceaintium
1113 4890 1342 4962 fugere,
1398 4890 1721 4944 innocentia:
1798 4904 1911 4944 suae
1957 4888 2094 4943 male

498 4988 794 5047 conlidere.
843 4985 976 5053 Quis
1026 4983 1130 5041 hoc
1180 4982 1455 5046 vindicat,
1500 4980 1691 5049 frater,
1742 4982 1977 5054 Moyses,
2026 4997 2091 5034 an

499 5082 720 5146 Paulus,
773 5094 841 5133 an
890 5073 1181 5131 Christus?
1224 5075 1294 5130 At
1341 5073 1551 5145 Moyses
1573 5074 1747 5129 deleri
1777 5073 1966 5129 elibro
1997 5088 2094 5141 pro

498 5170 1034 5245 blasphematoribus
1057 5177 1207 5238 optat
1238 5167 1435 5241 (Exod.
1464 5182 1637 5233 χχχιι,
1656 5168 1748 5237 32)
1781 5184 1793 5219 :
1820 5179 1871 5220 et
1894 5165 2094 5219 Paulus

499 5267 775 5323 anathema
797 5280 905 5319 esse
930 5279 1023 5336 pro
1049 5260 1295 5332 fratribus
1320 5258 1499 5332 (Rom.
1531 5274 1605 5324 ιχ,
1630 5260 1709 5329 5);
1738 5268 1793 5314 et
1825 5261 1939 5329 ipse
1990 5258 2094 5311 Do-

498 5359 681 5416 minus
709 5372 805 5427 pro
832 5355 1050 5423 iniustis
1076 5354 1183 5422 pati
1208 5352 1429 5407 mavult.
1488 5348 1678 5404 Nullus
1734 5350 1951 5416 horum,
2010 5352 2096 5407 in-

495 5456 673 5527 quies.
699 5452 833 5519 Quis
862 5464 992 5520 ergo
1018 5447 1043 5501 ?
1094 5447 1425 5502 Novatianus
1455 5444 1556 5499 hoc
1586 5445 1862 5516 praecepit.
1898 5446 2092 5502 Imma-

493 5549 707 5604 eulatus
732 5543 930 5613 aliquis
957 5552 1011 5598 et
1034 5555 1224 5612 purus,
1257 5541 1346 5610 qui
1370 5538 1636 5593 Novatum
1669 5555 1774 5594 non
1826 5539 2084 5596 audierit.

564 5676 588 5702 υ
632 5665 821 5718 palam
851 5662 1004 5729 ferre.
1036 5657 1145 5726 AL,
1177 5655 1380 5728 paleam
1400 5660 1607 5728 auferre
1640 5673 1653 5712 :
1685 5658 1866 5714 minus
1910 5670 2081 5726 recte,

486 5736 700 5798 Latinio
725 5733 927 5804 judice.

2202 4611 2335 4679 gat?
2361 4609 2501 4677 Quin
2531 4613 2694 4664 etiam
2741 4611 3016 4678 addimus,
3075 4613 3378 4669 Ecclesium
3408 4628 3532 4668 esse
3560 4615 3809 4682 reginam

2202 4701 2253 4755 in
2308 4713 2443 4757 veste
2488 4712 2671 4757 aurata
2696 4712 2747 4758 et
2777 4705 3037 4775 variegata
3068 4703 3245 4775 (Paul.
3297 4721 3445 4769 thv,
3481 4705 3589 4775 10).
3630 4710 3809 4776 [ει-ωι-

2200 4793 2319 4847 dam
2343 4800 2492 4848 vitem
2519 4796 2572 4849 in
2603 4795 2846 4850 lateribus
2873 4799 3052 4851 domus
3074 4795 3285 4852 Domini
3301 4799 3471 4869 (Psal.
3499 4815 3702 4862 cxxvtt.
3723 4802 3805 4872 3);

2199 4885 2425 4942 Matrem
2470 4889 2983 4950 adolescentularum.
3035 4906 3253 4961 quarum
3305 4908 3405 4945 non
3458 4900 3533 4944 est
3562 4907 3810 4945 numerus

2203 4980 2355 5034 Cant.
2389 4996 2465 5046 νι,
2498 4981 2551 5048 7)
2576 4998 2596 5046 ;
2629 4980 2671 5034 U
2680 4998 2799 5034 nam
2824 4983 3106 5048 :peciosam
3156 4982 3441 5037 columbam
3465 4984 3645 5038 matris
3668 4999 3804 5049 sure,

2205 5081 2355 5145 atque
2400 5077 2678 5146 perfectam
2702 5074 2890 5146 (Ibid.,
2944 5076 3040 5145 b):
3071 5076 3244 5146 Ipsam
3277 5079 3519 5131 omnium
3569 5088 3804 5131 matrem

2202 5168 2515 5237 a'diﬁcatam
2547 5171 2598 5223 in
2622 5170 2968 5239 fundamentis
3002 5170 3380 5242 Prophetarum
3433 5180 3481 5224 et
3524 5170 3807 5241 Apostolo-

2200 5281 2335 5325 rum,
2361 5274 2409 5317 et
2432 5265 2546 5335 ipso
2596 5263 2834 5337 angulari
2884 5264 3058 5337 lapide
3084 5264 3216 5318 Iesu
3243 5264 3451 5319 Christo
3482 5263 3704 5335 (Ephes.
3738 5280 3803 5329 ιι,

2195 5357 2290 5426 20)
2316 5374 2330 5411 :
2357 5356 2586 5412 Domum
2612 5374 2862 5429 magnam
2896 5374 3147 5414 vasorum
3203 5361 3445 5414 omnium
3475 5358 3805 5413 diversitate

2196 5448 2605 5516 locupletatam.

2266 5542 2353 5599 lll.
2399 5544 2507 5601 Sed
2534 5545 2651 5601 haec
2679 5556 2862 5601 nostra
2896 5547 3197 5615 posterius;
3228 5546 3443 5602 interim
3480 5556 3567 5600 tua
3597 5543 3689 5600 illa
3718 5544 3799 5599 vi-

2265 5659 2293 5699 ι)
2339 5661 2713 5719 Philemonem.
2747 5665 2873 5733 ch.
2908 5663 3292 5719 Philumenam.
3324 5663 3426 5719 Til.

2253 5733 2277 5763 °
2321 5734 2367 5788 Α
2393 5738 2607 5791 Christi.
2643 5736 2905 5805 Subaudi,
2932 5737 3175 5791 adventu.
3199 5736 3277 5791 Id.
