4094 6190
294 201 434 260 1065

1709 202 2041 261 EPISTULA
2086 205 2169 260 III.

3456 212 3592 271 10456

288 313 535 368 deamus.
571 311 805 370 Ecclesia
834 324 908 369 est
926 313 1145 388 populus
1169 332 1232 372 ea:
1254 332 1387 387 aqua
1407 327 1458 372 et
1490 318 1892 387 Spiritusancto
1917 323 1969 383 Α
1998 335 2105 375 non
2156 329 2214 375 ut
2259 333 2361 375 vos
2389 321 2522 375 estis
2550 320 2837 377 Novatiani
2862 363 2878 388 ,
2906 322 3153 393 quaedam
3195 324 3439 383 insolens
3464 342 3596 399 por-

288 415 522 462 renatus.
545 407 681 479 Age.
715 407 852 475 Quis
902 408 1106 465 fontem
1136 410 1230 466 Dei
1261 410 1498 465 clausit?
1548 410 1683 476 Quis
1717 411 1893 482 Spiri-

292 504 406 551 tum
462 500 689 570 rapuit?
742 499 885 567 Quin
941 502 1105 556 immo
1128 501 1272 571 apud
1304 515 1403 557 nos
1430 515 1569 571 aqua
1608 503 1727 557 viva
1784 512 1889 569 est,

290 588 411 659 ipsa
437 604 557 660 quae
585 591 712 646 salit
740 607 770 646 a
797 590 1014 648 Christo
1044 610 1058 644 :
1084 600 1166 658 tu,
1194 608 1224 646 a
1252 592 1401 649 fonte
1442 600 1705 663 perpetuo
1732 607 1894 662 sepao

296 690 469 747 ratus,
499 682 646 737 unde
691 684 1021 753 generaris?
1068 684 1306 754 Spiritus
1362 700 1581 756 quoque
1622 694 1895 741 sanctusa

296 774 581 845 principali
632 785 806 832 matre
856 792 963 833 non
1013 778 1145 834 abiit
1177 796 1193 834 :
1225 779 1294 834 ad
1320 790 1372 835 te
1412 780 1554 835 unde
1608 780 1899 850 pervenit?

302 870 409 926 nisi
443 869 580 925 torte
604 869 1007 927 discordantem
1030 881 1250 929 secutus
1279 882 1384 938 est,
1419 881 1497 927 tot
1519 872 1900 929 sacerdotibus

299 962 577 1019 derelictis
610 978 717 1019 non
744 973 1063 1020 consecrata
1094 964 1226 1021 sede
1272 972 1586 1032 contentus,
1629 964 1892 1020 detritum

297 1052 477 1109 lacum
504 1052 800 1110 adulterini
826 1053 992 1110 fontis
1020 1055 1313 1113 adamavit.
1345 1056 1555 1112 Vestra:
1574 1056 1722 1126 plebi
1756 1056 1901 1111 unde

294 1144 593 1216 Spiritum;
630 1162 792 1217 quam
820 1162 927 1203 non
954 1149 1239 1219 eonsignat
1259 1158 1455 1204 unctus
1469 1148 1768 1204 sacerdos?
1790 1147 1903 1204 Un-

296 1236 365 1293 de
394 1253 615 1309 aqnant,
646 1255 767 1310 quae
788 1254 818 1293 a
837 1240 1064 1298 matrice
1089 1240 1385 1297 discessit?
1411 1240 1567 1297 Unde
1593 1240 1901 1295 innovatio-

301 1349 451 1401 nem,
476 1349 597 1404 qua:
626 1333 895 1390 cunabula
927 1336 1194 1405 pronuba:
1216 1337 1367 1405 pacis
1393 1336 1621 1390 amisit?
1673 1333 1909 1388 Ecclesia

297 1439 372 1486 est
422 1428 644 1500 populus
686 1429 799 1483 sine
840 1430 1110 1501 negatione
1159 1430 1379 1483 nominis
1413 1427 1604 1484 Christi
1630 1445 1648 1482 :
1678 1428 1908 1483 nulline

222 1516 227 1519 ’
297 1521 445 1592 apud
473 1535 572 1576 nos
598 1520 971 1586 eonfessores,
1006 1536 1144 1591 quos
1161 1528 1394 1588 catenae,
1417 1535 1557 1591 quos
1575 1521 1751 1591 ignes,
1768 1534 1906 1590 quos

298 1612 465 1683 gladii
493 1613 903 1682 probaverunt?
934 1612 1134 1679 Fuere,
1185 1613 1419 1683 inquies,
1473 1612 1568 1668 sed
1618 1620 1909 1682 negatores

1997 414 2238 469 tiuncula
2289 412 2554 484 tuberque
2590 414 2901 482 collectum,
2935 424 2987 471 et
3011 416 3219 483 reliquo
3245 431 3481 488 corpore
3504 435 3595 477 se-

1995 517 2264 577 paratum.
2308 507 2549 562 Ecclesia
2586 516 2659 561 est
2709 506 2956 579 templum
2985 506 3081 562 Dei
3108 525 3126 562 :
3158 510 3418 580 templum
3446 520 3597 567 certe

1997 599 2346 671 ampliﬁcttm,
2377 598 2561 653 domus
2584 616 2789 670 magna,
2822 599 3028 655 habens
3048 600 3265 670 quidem
3296 618 3418 655 uasa
3444 618 3601 656 aurea

1999 699 2047 745 et
2075 702 2341 762 argentea,
2370 693 2461 746 sed
2504 701 2551 745 et
2574 692 2744 763 lignea
2774 702 2819 745 et
2848 693 3063 762 fictilia,
3086 699 3325 763 quaedam
3363 696 3417 748 in
3436 696 3597 750 hono—

1999 797 2125 848 rem,
2153 780 2324 836 multa
2354 796 2485 837 vero
2534 782 2822 853 magniﬁca
2859 783 2913 838 in
2951 767 3287 853 multiplices
3334 799 3461 840 usus
3490 801 3604 857 ⁸νει-

2001 875 2206 931 riorum
2230 888 2454 944 operum
2476 876 2749 931 destinata
2771 876 2841 945 (II
2872 875 3007 931 Tim.
3034 893 3094 945 ιι,
3117 876 3234 948 20).
3266 879 3501 935 Ecclesia
3521 891 3597 935 est

2002 966 2144 1035 virgo
2169 974 2371 1030 sancta,
2404 967 2707 1022 castissimis
2729 968 2987 1035 sensibus,
3017 986 3212 1037 sponsa
3236 972 3448 1026 Christi.
3480 974 3604 1027 Vir—

2004 1074 2102 1129 go;
2125 1074 2312 1113 verum
2344 1066 2428 1114 est
2472 1077 2485 1113 :
2534 1059 2630 1115 sed
2661 1069 2717 1117 et
2746 1068 2942 1115 mater.
2988 1061 3232 1129 Sponsa;
3258 1066 3597 1120 manifestum

2005 1159 2123 1205 est:
2157 1150 2251 1205 sed
2282 1159 2335 1205 et
2358 1166 2499 1205 uxor
2525 1164 2579 1207 et
2606 1151 2803 1223 conjux
2830 1152 2892 1206 de
2915 1154 3023 1207 viro
3055 1170 3147 1207 suo
3173 1165 3378 1223 sumpta
3410 1156 3597 1212 :ideo-

2006 1257 2111 1313 que
2141 1259 2198 1297 os
2225 1243 2287 1297 de
2313 1244 2509 1297 ossibus
2540 1246 2677 1314 ejus,
2699 1254 2750 1300 et
2776 1262 2895 1299 caro
2924 1246 2990 1300 de
3031 1262 3185 1301 carne
3207 1247 3364 1315 (Gen.
3397 1264 3453 1316 ιι,
3482 1250 3600 1319 25).

2006 1335 2144 1390 Nam
2170 1336 2238 1391 de
2256 1336 2358 1392 hac
2384 1337 2556 1393 David
2574 1338 2706 1393 dixit
2742 1356 2755 1392 :
2787 1339 2931 1394 Uxor
2968 1348 3058 1394 tua
3086 1342 3219 1394 sicut
3246 1343 3357 1395 ritis
3384 1343 3605 1413 fecunda

2008 1428 2062 1480 in
2090 1429 2335 1484 lateribus
2357 1430 2538 1485 domus
2568 1439 2669 1485 tua:
2692 1447 2710 1483 :
2737 1432 2837 1499 ﬁlii
2859 1433 2936 1485 tui
2957 1432 3087 1485 sicut
3112 1433 3328 1489 novella:
3355 1436 3608 1491 olivarum

2009 1521 2065 1575 in
2091 1522 2309 1577 circuitu
2339 1533 2642 1579 mensaztua’
2666 1523 2844 1595 (Psal.
2876 1542 3079 1594 cxxvn,
3112 1527 3195 1599 5).
3218 1528 3418 1584 Multus
3444 1531 3608 1601 igitur

2012 1613 2139 1669 huic
2189 1615 2383 1685 virgini
2415 1625 2602 1684 partus
2630 1626 2685 1671 et
2725 1618 2905 1687 proles
2957 1618 3265 1687 innumera,
3303 1636 3409 1692 qua
3463 1632 3612 1679 totus

308 1704 644 1775 recipiendo,
676 1705 980 1777 perierunt.
1006 1704 1187 1761 Taceo
1214 1720 1307 1773 ne,
1340 1705 1458 1760 hzec
1496 1705 1716 1776 quidem
1743 1707 1912 1761 colle-
1939 1710 1990 1772 B
2017 1707 2166 1762 orbis
2196 1706 2471 1777 impletur,
2502 1723 2607 1777 qua
2660 1709 2992 1765 circumﬂuis
3032 1726 3250 1780 semper
3308 1714 3613 1770 alvearibus

299 1798 424 1870 gio,
471 1798 617 1869 quod
666 1798 918 1855 libellum
948 1798 1016 1855 de
1041 1798 1394 1870 negatoribus
1420 1797 1506 1855 vel
1549 1798 1718 1871 lapsis
1773 1799 1914 1854 reei-

306 1889 521 1961 piendis
548 1889 882 1947 Novatianus
932 1900 1137 1967 vester,
1179 1906 1301 1947 cum
1352 1892 1532 1947 adhuc
1582 1893 1635 1947 in
1668 1892 1916 1948 Ecclesia

308 1981 554 2053 degeret,
587 1991 642 2038 et
668 1982 889 2053 scripsit
914 1994 970 2039 et
1017 1984 1187 2039 suasit
1216 1994 1273 2039 ct
1315 1985 1480 2056 legit?
1523 1984 1770 2053 Interim,
1827 1986 1915 2040 cui

306 2076 642 2146 persuadere
665 2078 893 2148 poteris,
913 2077 1057 2148 quod
1082 2079 1249 2150 lapsis
1270 2080 1504 2149 receptis
1528 2081 1776 2136 Ecclesia
1799 2089 1911 2135 tota

308 2168 654 2224 conciderit?
679 2168 838 2237 Quod
860 2169 1115 2227 admissis
1144 2171 1559 2241 pmnitentibus,
1618 2171 1915 2228 admitten-

311 2260 446 2317 tium
473 2263 705 2332 populus
736 2272 966 2334 negator
984 2262 1213 2319 eﬁ‘eetus
1235 2266 1306 2320 sit
1327 2265 1351 2317 ?
1371 2264 1528 2331 Quod
1558 2265 1603 2319 si
1633 2275 1688 2320 et
1715 2265 1913 2321 remis-

309 2354 423 2409 sior
446 2355 603 2425 plebs
624 2355 807 2425 aliqua
831 2355 952 2423 fuit,
988 2358 1151 2412 etiam
1183 2368 1400 2413 eceterae
1430 2373 1552 2427 quae
1583 2371 1691 2412 non
1717 2356 1916 2412 factum

317 2449 440 2517 ejus
470 2447 775 2517 probarint,
800 2447 898 2505 sed
928 2449 1384 2505 consuetudinem
1409 2459 1464 2505 et
1486 2464 1675 2520 pacem
1715 2460 1919 2506 secutae

311 2539 442 2606 sint,
467 2539 834 2597 Christianum
862 2556 931 2598 ne
957 2556 1157 2597 nomen
1185 2543 1527 2597 amiserunt?
1554 2542 1759 2613 Accipe
1790 2542 1916 2599 Ilie-

316 2631 509 2686 remite
559 2646 745 2688 vocem
784 2632 897 2688 ειη
947 2633 1127 2688 diebus
1182 2633 1290 2688 illis
1339 2650 1444 2689 non
1502 2635 1698 2701 dicent,
1732 2634 1918 2691 Patres

316 2723 755 2779 manducarerunt
786 2742 935 2779 uvam
965 2728 1225 2793 acerbam,
1254 2736 1301 2780 et
1328 2727 1504 2781 dentes
1546 2728 1780 2796 ﬁliorum
1808 2738 1921 2782 stu-

317 2828 584 2888 puerunt:
611 2818 701 2873 sed
759 2819 1106 2890 unusquisque
1160 2820 1214 2873 in
1267 2836 1362 2874 suo
1414 2828 1624 2889 peccato
1675 2821 1921 2873 morietur

319 2909 532 2982 (Jerem.
564 2928 710 2978 xxxi,
737 2910 831 2978 29,
864 2912 978 3001 '59).
1022 2912 1131 2969 Nec
1172 2914 1317 2983 apud
1372 2914 1722 2971 Ezechielem
1773 2922 1921 2969 tacet

321 3000 584 3058 Dominus
620 3020 633 3056 :
665 3000 936 3070 Quomodo
967 3005 1142 3057 anima
1165 3007 1353 3077 patris,
1384 3007 1458 3059 ita
1484 3016 1530 3061 et
1580 3006 1756 3059 anima
1798 3006 1920 3075 ﬁlii,

2017 1801 2339 1873 populosum
2367 1801 2542 1858 fervet
2562 1817 2817 1859 examen.
2850 1802 3045 1874 Magna
3092 1806 3143 1858 in
3174 1804 3317 1861 ﬁlios
3338 1821 3465 1862 cura
3495 1822 3611 1862 ma-

2016 1893 2116 1947 tris
2141 1892 2317 1957 istius,
2341 1901 2397 1949 et
2424 1894 2609 1950 mollis
2638 1894 2866 1949 allectus
2898 1912 2912 1949 :
2947 1894 3286 1951 honorantur
3310 1898 3463 1962 boni,
3494 1914 3614 1953 eas-

2018 1987 2254 2059 tigantur
2282 1988 2527 2058 superbi,
2550 1998 2813 2045 curantur
2853 1990 3043 2059 aegroti
3077 2007 3088 2042 :
3120 1991 3302 2045 nullus
3336 1991 3497 2061 perit,
3522 2008 3617 2048 ne-

2016 2096 2107 2137 mo
2132 2081 2469 2151 despicitur:
2519 2082 2695 2137 securi
2742 2080 2884 2137 fetus
2923 2082 3028 2136 sub
3056 2081 3386 2152 indulgentia
3421 2086 3617 2140 matris

2017 2174 2336 2230 retinentur.
2374 2173 2609 2228 Ecclesia
2649 2183 2723 2228 est
2768 2188 2871 2226 non
2912 2172 3101 2226 habens
3150 2173 3407 2227 maculam
3453 2190 3616 2245 neque

2018 2285 2199 2339 rugam
2226 2267 2448 2338 (Ephes.
2480 2283 2534 2334 ν,
2556 2265 2652 2339 27)
2684 2284 2697 2319 :
2735 2265 2837 2320 hoc
2864 2275 2968 2331 est,
2999 2265 3236 2320 haereses
3260 2280 3364 2321 non
3384 2265 3613 2331 habens,

2018 2374 2125 2415 non
2159 2358 2502 2425 Valentinos,
2539 2374 2650 2413 non
2674 2356 3069 2428 Catapltrygas,
3105 2372 3213 2412 non
3257 2357 3609 2414 Novatianos.

2017 2452 2076 2507 In
2123 2452 2208 2507 his
2233 2462 2361 2507 sunt
2390 2450 2534 2506 enim
2583 2450 2805 2522 quidam
2845 2451 2997 2505 sinus
3030 2450 3295 2505 maculosi
3340 2460 3505 2521 atque
3527 2466 3621 2505 ru-

2017 2542 2159 2613 gosi,
2186 2542 2544 2611 pretiosarum
2576 2541 2809 2596 vestium
2827 2541 3114 2596 ornatibus
3146 2539 3470 2595 invidentes.
3502 2541 3621 2597 Ca:-

2022 2644 2221 2698 terum,
2250 2642 2505 2703 peccator
2533 2642 2590 2688 et
2618 2633 2915 2701 paenitens,
2962 2648 3072 2686 non
3098 2641 3183 2685 est
3218 2631 3477 2687 Ecclesia:
3508 2648 3624 2686 ma-

2021 2727 2143 2781 cula
2164 2742 2178 2791 ;
2203 2726 2328 2796 quia
2355 2724 2383 2763 ι»
2410 2723 2670 2792 quamdiu
2696 2732 2905 2793 peccat,
2955 2731 3011 2776 et
3040 2737 3149 2776 non
3184 2722 3437 2791 paenitet,
3471 2731 3622 2778 extra

2024 2819 2323 2874 Ecclesiam
2356 2817 2685 2871 constitutus
2708 2825 2810 2870 est.
2859 2813 2961 2869 Ubi
3003 2813 3207 2869 desinit
3232 2828 3484 2883 peccare,
3510 2813 3621 2883 jam

2023 2926 2190 2968 sanus
2218 2920 2323 2967 est.
2354 2910 2656 2965 Hmreticus
2677 2923 2807 2963 vero
2831 2917 3031 2962 vestem
3064 2908 3300 2975 Domini,
3320 2908 3623 2963 Ecclesiam

2025 3005 2250 3069 Christi,
2289 3003 2507 3065 scindit,
2540 3002 2838 3071 intercipit,
2872 3001 3047 3066 vitiat,
3078 3002 3303 3072 irrugat.
3327 2999 3455 3055 Cum
3482 3002 3625 3057 enim

322 3110 448 3149 ntere
514 3106 652 3149 sunt.
718 3093 1081 3165 Unusquisque
1152 3099 1204 3151 in
1277 3114 1371 3152 suo
1423 3106 1628 3168 peccato
1676 3098 1924 3151 morietur
1953 3095 1998 3159 C
2029 3096 2327 3160 schismata,
2363 3096 2558 3165 inquit,
2589 3105 2637 3149 et
2663 3096 3011 3149 contentiones
3037 3095 3090 3147 in
3122 3095 3261 3147 vobis
3298 3094 3423 3158 sint,
3459 3111 3628 3148 nonne

322 3185 537 3256 (Ezech.
568 3202 724 3255 xvnt,
759 3187 837 3258 αἱ).
863 3188 996 3243 Item
1026 3187 1170 3243 infra
1195 3207 1208 3242 :
1232 3188 1403 3245 Filius
1425 3207 1531 3245 non
1554 3190 1775 3259 accipiet
1797 3192 1929 3261 faci-

324 3300 416 3338 nus
442 3283 627 3355 patris,
655 3299 818 3353 neque
860 3294 1008 3353 pater
1058 3284 1276 3353 accipiet
1306 3285 1507 3355 facinus
1538 3283 1637 3354 ﬁlii
1674 3283 1931 3338 :Justitia

322 3376 449 3444 iusti
467 3392 621 3447 super
647 3392 762 3429 eum
790 3376 887 3429 erit
920 3374 1117 3445 (lbid.,
1145 3376 1261 3446 20).
1308 3376 1429 3444 Ipse
1479 3387 1536 3431 tu
1586 3376 1720 3430 illud
1776 3375 1933 3445 ponis

326 3468 637 3536 exemplum
668 3485 680 3520 :
712 3466 781 3521 Et
804 3468 849 3522 si
898 3469 1095 3538 fuerint
1148 3479 1248 3522 tres
1280 3468 1332 3520 hi
1358 3469 1411 3521 in
1438 3468 1628 3535 medio,
1661 3466 1800 3534 Noe,
1832 3465 1932 3521 Job

328 3571 374 3614 et
426 3559 642 3627 Daniel,
689 3577 790 3615 non
836 3561 1123 3616 liberabant
1153 3563 1291 3630 ﬁlios
1319 3577 1477 3631 neque
1499 3562 1636 3631 ﬁlias
1668 3578 1686 3615 :
1708 3563 1809 3633 ipsi
1832 3560 1932 3615 sali

330 3654 619 3709 salrierunt
647 3653 862 3726 (Ezech.
894 3670 1008 3722 XIV,
1038 3654 1153 3725 16).
1180 3655 1324 3710 Ecce
1351 3656 1487 3711 salvi
1533 3666 1660 3710 sunt
1707 3656 1810 3725 ipsi
1839 3655 1932 3725 qui

329 3747 385 3801 in
415 3747 596 3803 medio
626 3750 967 3818 peccantium
998 3750 1281 3804 constituti
1305 3758 1452 3817 sunt,
1483 3751 1576 3821 qui
1623 3750 1757 3805 alios
1800 3750 1934 3805 libe-

335 3858 461 3899 rare
487 3858 594 3899 non
627 3852 878 3914 possunt.
909 3842 993 3899 Tu
1018 3851 1191 3898 totum
1224 3843 1410 3899 orbem
1462 3857 1760 3913 paucorum
1817 3844 1931 3897 vin-

331 3934 467 3991 culis
496 3936 685 4006 alligas
714 3953 729 3990 :
762 3945 818 3991 tu
848 3944 1016 3991 totam
1070 3935 1371 3990 Ecclesiam
1426 3936 1636 4005 exiguae
1667 3935 1934 4005 portionis

330 4027 650 4083 inﬁrmitate
677 4028 1029 4084 condemnas.
1079 4026 1218 4094 Quid
1270 4026 1412 4096 apud
1440 4034 1494 4081 te
1518 4026 1690 4081 sancti
1722 4040 1931 4090 omnes,

276 4162 281 4165 ι
334 4135 473 4193 quos
488 4111 746 4174 Novatus
775 4119 980 4185 erudit,
1011 4132 1148 4189 quos
1176 4119 1462 4173 Evaristus
1486 4118 1671 4189 elegit,
1686 4132 1822 4188 quos
1844 4117 1937 4171 Ni-

334 4219 607 4268 costratus
636 4209 846 4276 docuit,
870 4224 1005 4279 quos
1033 4208 1367 4265 Novatianus
1389 4209 1662 4264 instituit?
1702 4209 1785 4264 Tu
1833 4210 1938 4277 spi-

336 4320 437 4362 nas
466 4314 521 4361 et
545 4303 774 4359 tribulos
800 4304 1041 4372 refugisti
1069 4321 1082 4357 :
1116 4314 1171 4359 tu
1194 4317 1301 4358 non
1333 4302 1502 4358 habes
1549 4302 1603 4357 in
1655 4309 1743 4355 tua
1783 4300 1937 4371 fruge

338 4398 542 4454 zizania
578 4414 590 4451 :
620 4396 717 4453 tibi
768 4395 879 4466 jam
934 4411 1103 4465 grana
1159 4406 1383 4468 purgata
1434 4402 1601 4450 sunt:
1634 4393 1701 4449 ad
1736 4405 1786 4449 te
1815 4393 1936 4449 sine

2032 3192 2265 3246 carnales
2295 3190 2439 3255 estis,
2458 3200 2504 3243 et
2534 3190 2816 3244 secundum
2836 3188 3095 3241 hominem
3121 3186 3399 3241 ambulatis
3432 3188 3475 3258 (I
3502 3187 3625 3242 Cor.

2030 3299 2111 3350 ιιι,
2151 3282 2255 3353 5)?
2284 3283 2390 3338 Sed
2438 3289 2513 3348 et,
2541 3297 2707 3335 sermo
2757 3296 2934 3334 eorum
2962 3280 3108 3349 quasi
3163 3295 3342 3335 cancer
3372 3282 3529 3351 serpit
3558 3281 3632 3351 (II

2036 3376 2166 3431 Tim.
2200 3391 2255 3439 ιι,
2304 3376 2396 3445 17)
2438 3392 2451 3427 :
2500 3374 2618 3429 haec
2658 3384 2742 3430 est
2787 3374 2992 3428 macula
3037 3374 3296 3439 unitatis,
3325 3373 3441 3429 hmc
3471 3390 3624 3442 ruga.

2034 3466 2281 3538 Denique
2303 3466 2391 3521 ubi
2417 3482 2583 3537 super
2610 3466 2692 3521 his
2716 3467 3009 3535 Aposwlns
3040 3467 3278 3535 loquitur
3307 3486 3319 3521 :
3348 3466 3415 3521 de
3439 3482 3627 3521 amore

2032 3558 2237 3613 Christi
2258 3568 2313 3614 et
2342 3559 2634 3615 dilectione
2664 3559 2934 3629 proponit.
2954 3559 3099 3615 Sicut
3131 3559 3388 3625 Christus,
3422 3560 3617 3628 inquit,

2034 3651 2214 3707 dilexit
2242 3650 2552 3719 Ecclesiam,
2580 3662 2630 3706 et
2657 3668 2711 3707 se
2734 3652 2907 3721 ipsum
2933 3652 3149 3705 tradidit
3173 3668 3267 3723 pro
3311 3668 3370 3705 ea
3401 3650 3623 3722 (Ephcs.

2033 3759 2090 3810 v,
2111 3744 2224 3815 25);
2259 3753 2316 3799 ut
2342 3745 2632 3801 haereticos
2663 3752 3051 3810 summoveret,
3082 3745 3211 3815 quia
3244 3744 3473 3815 diligere
3518 3762 3627 3801 non

2035 3846 2327 3893 noverunt.
2356 3838 2649 3905 Caeterum,
2672 3853 2769 3894 cur
2797 3838 2914 3893 haec
2928 3838 3132 3893 misero
3160 3838 3479 3909 poenitenti?
3503 3842 3630 3909 quia

2035 3940 2089 3987 et
2115 3945 2298 3985 amare
2323 3940 2474 4001 optat
2500 3940 2554 3987 et
2576 3931 2768 3986 amari.

2110 4023 2175 4078 V.
2205 4022 2442 4079 Ecclesia
2478 4034 2574 4091 est,
2607 4024 2806 4097 integra
2847 4024 3245 4094 Evangeliorum
3291 4030 3421 4099 jura
3463 4036 3635 4083 custo-

2037 4117 2205 4171 diens.
2235 4116 2450 4188 Integra
2480 4119 2667 4187 utique
2697 4117 2822 4186 quia
2856 4124 2986 4184 tota,
3012 4118 3136 4189 quia
3167 4118 3345 4188 plena.
3371 4118 3470 4175 Ubi
3496 4134 3633 4189 prac-

2037 4210 2205 4264 mium
2236 4208 2486 4267 ﬁdelibus
2510 4210 2694 4276 datur,
2728 4210 2815 4265 ubi
2850 4209 3064 4266 miseris
3109 4211 3361 4282 lacrymrc
3393 4226 3504 4267 non
3536 4228 3626 4268 ne-

2038 4312 2259 4371 gantur,
2293 4303 2383 4357 ubi
2412 4312 2678 4357 curantur
2704 4303 2919 4372 aegroti,
2954 4302 3042 4355 ubi
3070 4301 3206 4355 nihil
3254 4302 3356 4357 sibi
3386 4304 3627 4358 vindicat

2039 4391 2281 4447 insolens
2312 4382 2517 4447 sanitas
2556 4402 2612 4445 et
2657 4392 2887 4462 superba
2914 4391 3151 4461 iustitia,
3178 4392 3270 4446 ubi
3297 4392 3530 4448 sollicita
3556 4396 3635 4461 in

338 4492 642 4549 ventilabro
665 4497 924 4561 purgator
952 4489 1046 4545 ille
1074 4498 1335 4545 venturus
1363 4498 1447 4544 est
1479 4486 1692 4558 (Matth.
1715 4502 1796 4555 ιιι,
1826 4486 1939 4558 1Ξ);
1962 4480 2018 4541 D
2045 4484 2298 4539 omnibus
2327 4483 2564 4538 charitas
2611 4492 2942 4553 perseverat,
2976 4484 3149 4536 omnia
3204 4482 3438 4552 credens,
3464 4489 3641 4541 omnia

341 4596 399 4643 tu
430 4586 581 4642 solus
603 4600 668 4640 ex
692 4584 946 4639 omnibus
973 4583 1160 4654 paleas
1183 4598 1290 4638 non
1323 4581 1544 4638 habebis
1561 4582 1586 4634 ?

413 4680 504 4736 IV.
536 4681 669 4749 Age,
695 4678 783 4735 dic
813 4678 1019 4748 reliqua
1072 4693 1085 4730 :
1122 4677 1354 4731 Ecclesia
1384 4686 1459 4732 est
1514 4693 1701 4747 corpus
1728 4675 1939 4732 Christi.

341 4775 554 4847 Corpus
601 4774 809 4844 utique,
842 4788 951 4828 non
998 4772 1303 4827 membrum
1351 4788 1366 4824 :
1422 4785 1620 4839 corpus
1659 4770 1846 4826 multis
1889 4770 1943 4825 in

1959 4633 1962 4636 ,
2041 4593 2277 4649 sperans,
2312 4578 2484 4631 omnia
2532 4578 2787 4632 sustinens
2811 4577 2857 4649 (Ι
2884 4577 3002 4633 Cor.
3060 4594 3177 4646 xm,
3210 4577 3264 4650 7)
3309 4578 3463 4637 Unde
3502 4581 3637 4638 illud

2044 4669 2294 4740 Apostoli
2329 4686 2342 4725 :
2379 4669 2507 4737 Quis
2534 4669 2769 4739 inﬁrmus
2790 4678 2886 4738 est,
2907 4678 2953 4725 et
2981 4686 3084 4724 non
3104 4687 3196 4743 ego
3234 4672 3487 4741 inﬁrmor.
3514 4674 3640 4740 Quis

2044 4760 2452 4827 scandalizatur,
2487 4770 2536 4816 et
2583 4778 2676 4834 ego
2702 4780 2803 4817 non
2829 4779 2951 4817 uror
2977 4762 3046 4835 (II
3096 4762 3214 4818 Cor.
3245 4779 3323 4830 χι,
3363 4763 3506 4835 9.9)?
3538 4765 3641 4821 Ubi

345 4885 511 4926 unum
566 4866 812 4937 partibus
864 4865 1233 4935 membrisque
1290 4863 1584 4919 collectum
1616 4905 1630 4929 ,
1674 4862 1817 4919 sicut
1871 4864 1949 4918 ait
2048 4869 2217 4910 onera
2242 4868 2338 4909 sua
2369 4857 2599 4910 sustinet
2629 4863 2740 4910 tota
2768 4856 3081 4910 fraternitas
3130 4858 3496 4912 communiter
3546 4860 3644 4913 do-

345 4960 639 5032 Apostolus
670 4978 683 5014 :
711 4957 849 5012 Nam
899 4968 946 5013 et
1000 4973 1190 5027 corpus
1217 4973 1320 5011 non
1346 4966 1419 5010 est
1446 4972 1607 5011 unum
1641 4955 1942 5022 membrum,

346 5055 437 5109 sed
458 5052 620 5107 multa
651 5049 698 5123 (I
722 5048 845 5106 Cor.
872 5065 965 5116 χιι,
1013 5048 1125 5119 14).
1159 5048 1302 5118 Ergo
1329 5047 1575 5103 Ecclesia
1616 5046 1835 5118 plenum
1864 5055 1949 5101 est

348 5158 567 5215 corpus,
593 5152 619 5179 ει
642 5151 697 5198 et
716 5154 915 5211 corpus
936 5148 992 5195 et
1021 5139 1280 5202 solidum,
1303 5146 1360 5195 et
1382 5146 1495 5194 toto
1524 5139 1635 5209 jam
1673 5139 1805 5193 orbe
1842 5136 1948 5192 dif-

350 5237 553 5295 fusum.
578 5237 730 5293 Sicut
751 5233 960 5299 civitas,
992 5232 1234 5304 inquam,
1268 5231 1426 5302 cujus
1456 5240 1638 5304 partes
1674 5230 1727 5286 in
1753 5246 1944 5297 unum;

351 5431 364 5438 ‘
426 5439 451 5466 ει
495 5426 563 5500 Et
593 5440 780 5497 corpus
807 5430 854 5476 et
881 5419 1525 5500 solidum.Existimarim
1575 5420 1826 5491 equidem
1857 5426 1960 5500 aut

352 5498 649 5559 delendam
686 5491 1070 5566 posteriorem
1121 5491 1560 5566 coniunctionem
1582 5530 1598 5556 ,
1646 5500 1743 5566 aut
1776 5491 1960 5558 potius

355 5571 571 5628 duabus
592 5561 871 5638 prioribus
893 5564 1107 5620 voculis
1129 5562 1439 5634 expunctis,
1468 5561 1758 5633 legendum
1792 5570 1841 5616 et
1870 5576 1960 5616 so-

361 5641 551 5699 lidum.

431 5713 460 5753 b
514 5708 779 5782 Quamdiu
800 5716 970 5777 peccat
1000 5709 1309 5763 constitutus
1336 5714 1435 5761 est.
1487 5702 1664 5763 Locus
1688 5702 1908 5762 videtur
1935 5718 1963 5758 a

730 5802 1006 5865 PATROL.
1056 5799 1233 5863 XIII.

2050 4949 2189 5013 lens,
2223 4957 2402 5003 mutua
2457 4950 2657 5019 pietate
2712 4962 2928 5004 secura.
2970 4948 3164 5004 Cuncti
3197 4948 3427 5004 invicem
3484 4951 3648 5005 susti-

2054 5050 2249 5099 nentes
2280 5042 2334 5096 in
2386 5040 2700 5106 dilectione,
2749 5041 2875 5095 satis
2902 5052 3108 5111 agentes
3150 5057 3353 5097 servare
3399 5043 3648 5098 unitatem

2053 5136 2285 5208 Spiritus
2310 5135 2365 5189 in
2389 5132 2748 5206 conjunctione
2773 5133 2915 5203 pacis
2944 5129 3163 5204 (Ephes.
3194 5147 3268 5199 IV,
3288 5130 3366 5204 ὅ).
3400 5131 3517 5188 Hoc
3545 5136 3651 5190 erit

2057 5226 2326 5296 Ecclesia,
2355 5226 2754 5297 Symproniane
2796 5224 2997 5290 frater;
3030 5224 3131 5280 hoc
3161 5224 3268 5280 erit
3317 5225 3547 5297 populus
3586 5244 3655 5285 ex

2064 5414 2364 5471 Novatiano
2393 5421 2688 5480 corruptus
2722 5428 2736 5464 :
2772 5409 2874 5481 nisi
2903 5407 3321 5481 forteloquatur
3348 5409 3418 5467 de
3460 5427 3657 5481 pecca-

2067 5486 2278 5541 toribus
2308 5486 2360 5540 in
2384 5478 2640 5538 haeresim
2669 5480 2858 5550 lapsis,
2884 5488 2944 5532 ut
2984 5478 3272 5550 adnotavit
3298 5478 3661 5543 Bellarminus

2067 5557 2164 5613 lib.
2209 5574 2268 5613 ιιι
2298 5556 2361 5608 de
2400 5552 2635 5608 Ecclesia
2661 5549 2783 5622 cap.
2837 5549 2894 5617 9,
2926 5549 2994 5604 ad
3046 5551 3338 5621 septimum
3369 5568 3660 5626 argumen.

2070 5638 2207 5686 tum.
2238 5629 2492 5684 Bnasrcu.

3148 5786 3227 5848 31s
