4094 6190
506 249 644 307 1067

1883 221 2134 283 SANCTI
2173 217 2453 277 PACIANI

3669 208 3825 267 {068

502 378 639 435 aqua
665 369 716 417 et
738 358 938 430 Spiritu
961 361 1148 409 saneto
1172 355 1394 406 renatus
1416 347 1468 401 in
1490 344 1732 400 Christo.
1754 339 1971 404 Nescio,
2005 338 2107 400 ais,
2138 333 2193 395 Α
2219 330 2597 435 Ιίοιιοιιίιιιιτξι.¹
2616 328 2898 384 invidiam.
2943 326 3047 428 Dat
3085 332 3277 427 eorum
3318 314 3581 435 epistolas
3605 323 3675 435 ad
3700 322 3826 377 No-

502 430 570 513 an
601 452 801 510 remitti
854 453 1137 518 peccatum
1168 443 1237 497 ab
1272 441 1544 511 episcOpis
1578 435 1770 505 possit,
1803 447 1925 487 cum
1956 430 2108 484 dixe-

502 552 574 605 rit
607 547 865 602 Dominus
891 560 909 596 :
943 539 1049 606 Qui
1076 554 1154 591 me
1183 534 1446 606 negaverit
1467 546 1642 585 coram
1671 525 2104 590 hominibusﬁne-

504 642 636 716 gabo
667 656 782 694 eum
803 652 975 691 coram
1020 633 1180 687 Patre
1201 646 1311 685 meo
1346 628 1437 699 qui
1460 628 1515 681 in
1538 623 1679 680 caelis
1707 633 1781 676 est
1806 617 2028 692 (Matth.
2051 633 2105 683 ιι,

501 709 615 804 ⁸35).
643 732 753 788 Cur
786 730 951 799 igitur
996 725 1338 781 Novatianus
1391 731 1558 782 tuus,
1592 731 1663 771 ne
1703 714 1843 768 falso
1886 709 2106 780 quidem

415 837 423 843 '
499 824 677 880 adhuc
707 823 1023 891 epiSCOpatu
1058 814 1340 878 sacerdos,
1376 812 1543 881 longe
1564 818 1870 877 antequam
1897 804 2104 857 Corne-

505 919 612 973 lius
642 917 831 970 Romae
881 913 1174 982 episcopus
1208 906 1392 970 lieret,
1425 911 1555 958 ante
1586 914 1746 971 quam
1801 893 2111 951 sacerdotio

501 1011 651 1065 illius
710 1005 1004 1067 invideret,
1036 1004 1153 1055 haec
1183 998 1390 1054 suasit?
1421 994 1603 1050 Habes
1643 987 1908 1061 Cypriani
1956 982 2111 1039 testi-

506 1102 752 1161 monium
780 1116 795 1165 ;
824 1095 1084 1168 Cypriani
1128 1106 1292 1163 quem
1324 1103 1427 1144 nec
1459 1100 1556 1141 vos
1598 1096 1854 1152 umquam
1876 1077 2108 1133 infama‘

506 1213 569 1253 re
599 1192 874 1265 potuistis.
909 1189 1042 1244 Nam
1084 1186 1323 1256 quodam
1349 1182 1405 1235 in
1442 1180 1584 1241 loco,
1629 1175 1695 1229 ad
1742 1171 2108 1227 Antonianum

505 1263 617 1347 hoc
645 1287 810 1343 modo
831 1282 1092 1352 scripsit:
1140 1288 1166 1316 ⁸
1194 1277 1443 1331 Additum
1484 1282 1558 1328 est
1610 1270 1764 1323 etiam
1817 1263 2112 1318 Noratiano

507 1394 628 1438 tunc
669 1379 949 1440 scribente;
982 1373 1186 1443 etquod
1231 1369 1533 1438 scripserat,
1558 1382 1651 1418 sua
1677 1376 1798 1415 voce
1844 1358 2112 1418 recitante;

504 1486 553 1533 et
598 1474 804 1544 Moyse,
835 1481 955 1523 tunc
984 1470 1276 1537 confessore
1299 1477 1435 1516 nunc
1463 1461 1580 1530 jam
1602 1465 1833 1525 martyre
1888 1449 2113 1506 subscri-

508 1569 689 1633 bente;
713 1574 769 1621 ut
808 1564 973 1633 lapsis
996 1560 1216 1630 inﬁrmis
1235 1568 1283 1612 et
1314 1557 1365 1609 in
1399 1556 1539 1608 exitu
1571 1548 1858 1605 constitutis
1884 1561 1985 1615 pas:
2013 1544 2111 1595 da-

505 1671 648 1719 retur
676 1678 692 1714 :
719 1674 834 1729 qua:
855 1657 1043 1710 litterae
1068 1669 1158 1724 per
1180 1662 1341 1706 totum
1366 1647 1616 1701 mundum
1638 1644 1807 1696 missa!
1829 1649 1965 1702 sunt,
1992 1645 2038 1691 et
2059 1637 2114 1689 in

2212 424 2509 479 vatianum.
2538 420 2636 476 Ille
2687 436 2755 475 ex
2804 417 3133 473 auctoritate
3160 415 3541 485 epistolarum,
3583 415 3828 469 sedente

2208 519 2321 587 jam
2350 519 2537 573 Roma:
2556 512 3148 586 episc0p0,adversum
3183 508 3263 564 las
3293 508 3587 564 sacerdotii
3622 510 3832 577 singu-

2213 610 2362 678 laris,
2396 610 2621 665 alterius
2650 605 2898 676 episcopi
2931 604 3034 659 sibl
3066 614 3268 657 nomen
3298 601 3527 655 assumit
3561 614 3573 655 :
3604 599 3832 655 Corne-

2210 702 2341 757 lium
2368 701 2535 771 lapsis
2559 697 3001 755 communicasse
3024 695 3202 763 arguit
3238 712 3250 746 ε
3294 706 3355 748 se
3392 691 3636 748 vindicat
3664 694 3839 746 inno-

2212 801 2444 851 centem.
2468 793 2675 847 Contra
2695 788 2989 845 nuncmihi
3016 785 3295 841 reddenda
3317 785 3457 841 ratio
3485 792 3589 852 est,
3621 793 3838 840 contra

2214 891 2359 945 hunc
2379 886 2708 944 asserendus
2731 885 2929 956 pudor,
2965 894 3156 937 contra
3184 881 3330 935 hunc
3358 881 3466 934 vita
3510 878 3837 951 purganda.

2287 982 2412 1038 νιι..
2449 982 2558 1037 Sed
2582 991 2638 1035 et
2675 990 2797 1045 vos,
2856 977 3094 1048 inquies,
3122 975 3367 1045 episeOpi
3395 975 3520 1030 talis
3566 982 3673 1029 cur
3708 987 3842 1044 pro-

2212 1076 2393 1131 batis?
2442 1074 2602 1130 Dicat
2644 1073 2747 1127 hoc
2797 1072 2984 1126 alius:
3039 1068 3094 1123 tu
3152 1067 3508 1123 Novatiannm
3562 1066 3838 1122 defende.

2214 1166 2605 1222 lncxcusabilis
2626 1164 2879 1219 videatur
2929 1161 3045 1216 hinc
3075 1160 3293 1215 cieteris
3320 1170 3508 1227 causa,
3553 1159 3653 1214 tibi
3706 1159 3843 1213 licet.

2213 1268 2362 1331 grata
2395 1261 2484 1314 sit.
2518 1258 2638 1313 Tibi
2671 1252 2937 1312 innocens
2966 1255 3058 1321 sit,
3113 1255 3361 1325 quisquis
3390 1260 3478 1308 est
3512 1268 3610 1324 pro
3646 1263 3705 1308 te
3740 1269 3843 1307 no.

2214 1362 2363 1408 cens.
2392 1350 2470 1406 Ne
2510 1350 2859 1405 accusaveris
2890 1348 3053 1402 alium
3084 1362 3151 1401 eo
3184 1346 3436 1413 crimine,
3469 1360 3577 1417 quo
3622 1353 3691 1399 tu
3728 1360 3840 1399 non

2219 1454 2372 1516 potes
2400 1445 2646 1498 liberari.
2670 1438 2807 1513 Age,
2835 1442 2946 1512 jam
2982 1451 3154 1495 totum
3185 1440 3447 1510 pudorem
3485 1453 3582 1494 nos
3608 1440 3846 1509 episco-

2217 1538 2267 1607 pi
2297 1536 2614 1600 debeamus,
2667 1534 2795 1603 quia
2848 1540 2903 1587 et
2954 1532 3331 1602 apostolorum
3367 1544 3566 1585 nomen
3610 1532 3844 1600 accepi-

2220 1644 2363 1695 mus,
2395 1629 2521 1699 quia
2577 1626 2782 1682 Christi
2840 1623 3209 1695 appellatione
3257 1623 3559 1694 signantur.
3612 1622 3844 1693 Negan—

508 1716 749 1810 notitiani
776 1750 1006 1806 ecclesiis
1032 1746 1267 1801 omnibus
1290 1745 1502 1813 perlata:
1526 1749 1663 1795 sunt.
1687 1734 1825 1803 Quid
1845 1737 1947 1795 ais,
1964 1732 2117 1803 Sym-

2232 1735 2364 1790 tcm,
2424 1723 2624 1792 inquis,
2678 1720 2939 1774 Dominus
2999 1729 3157 1788 negat
3190 1734 3202 1771 :
3240 1725 3318 1782 tu,
3366 1724 3661 1787 negantem
3710 1716 3841 1771 nolo

507 1848 778 1919 proniane
800 1844 967 1898 frater
995 1842 1017 1893 ?
1046 1839 1379 1894 Novatianus
1406 1836 1525 1889 haec
1564 1829 1804 1901 scripsit,
1834 1839 1886 1883 et
1926 1836 1984 1880 ut
2017 1825 2113 1879 ob-

508 1917 763 2008 sequium
793 1949 957 1990 mera:
988 1930 1280 1987 voluntatis
1328 1927 1669 1997 adjungeret,
1699 1921 1865 1975 etiam
1908 1917 2111 1985 scripta

506 2028 782 2088 recitavit.
815 2027 994 2081 Testis
1017 2034 1101 2079 est
1130 2025 1251 2092 ejus
1278 2020 1529 2083 dextera,
1557 2015 1711 2072 testis
1730 2029 1851 2084 quae
1875 2010 2110 2079 scripsit,

506 2138 723 2181 manus:
752 2121 905 2176 testis
953 2120 1159 2187 lingua,
1189 2132 1311 2184 quae
1365 2114 1515 2181 legit.
1554 2110 1747 2165 Adhuc
1797 2104 2110 2167 Cornelius,

507 2231 614 2287 pro
636 2228 745 2284 quo
775 2211 957 2266 omnis
987 2209 1103 2263 hzec
1126 2218 1305 2261 vestra
1340 2204 1523 2273 erupit
1552 2200 1753 2255 invidia
1781 2241 1795 2264 ,
1824 2198 2115 2267 episcopus

512 2323 620 2363 non
671 2315 807 2361 erat.
854 2303 1039 2372 Longe
1071 2298 1344 2370 posterius
1371 2312 1494 2351 cum
1536 2292 1785 2363 plurimis
1832 2289 2116 2357 coepisco-

515 2402 621 2471 pis,
656 2414 778 2455 cum
813 2396 1067 2465 plurimis
1114 2388 1545 2451 cont’essoribus,
1577 2387 1868 2454 statimque
1912 2390 2117 2450 marty-

508 2495 683 2559 ribus,
717 2501 776 2547 ut
804 2491 950 2546 idem
1006 2487 1313 2558 Cyprianus
1356 2480 1568 2547 scribit,
1600 2491 1857 2533 assensus
1887 2485 1971 2530 est
2028 2490 2118 2528 se-

512 2602 641 2643 num
666 2583 926 2645 consilio,
956 2582 1126 2634 licere
1153 2578 1283 2632 dare
1328 2587 1536 2646 pacem.
1571 2571 1627 2626 Si
1657 2568 1996 2639 ptenitentiae
2022 2579 2116 2620 ne-

512 2677 722 2749 gandus
753 2685 838 2730 est
893 2674 1096 2738 aditus,
1151 2669 1480 2724 Novatianus
1526 2666 1578 2719 in
1626 2663 1859 2718 crimine
1898 2658 2119 2728 cst,qni

510 2773 633 2828 haec
679 2771 921 2840 scripsit,
952 2769 1129 2823 suasit
1161 2776 1217 2820 et
1241 2764 1389 2835 legit.
1421 2762 1522 2818 Ubi
1570 2768 1700 2814 tunc
1729 2756 2019 2827 impatiens
2046 2753 2121 2807 ri-

513 2868 656 2938 gor?
703 2865 792 2919 tibi
841 2863 992 2917 ferox
1025 2862 1114 2915 illa
1138 2857 1407 2913 censura?
1457 2856 1513 2911 Si
1545 2868 1705 2910 nemo
1730 2851 1885 2905 vobis
1913 2846 2120 2903 Corne-

510 2962 643 3015 lium
666 2957 1018 3027 praetulisset,
1049 2962 1296 3007 maneret
1347 2951 1439 3005 illa
1484 2948 1777 3003 scribentis
1800 2945 2117 3000 auctoritas.

515 3051 673 3109 Nunc
724 3050 983 3118 displicet
1017 3058 1124 3102 tota
1158 3045 1451 3106 sententia,
1482 3058 1625 3097 nunc
1680 3042 1733 3095 in
1764 3057 1864 3095 nos
1906 3041 2011 3095 tela
2040 3040 2121 3109 ja-

2215 1817 2463 1873 iatearis.
2492 1812 2625 1883 Quis
2650 1827 2773 1869 eum
2798 1822 3090 1881 negantem
3122 1810 3462 1864 conﬁtetur?
3491 1808 3584 1879 qui
3616 1808 3691 1862 ad
3723 1822 3843 1879 pce-

2216 1910 2500 1965 nitentiatn
2548 1907 2712 1977 cogit,
2749 1905 3023 1976 objurgat,
3077 1904 3305 1961 crimen
3327 1904 3591 1967 ostendit,
3627 1904 3840 1959 vulneo

2215 2018 2274 2058 ra
2328 2002 2519 2071 aperit,
2582 1999 2849 2069 supplicia
2899 2006 3101 2051 mterna
3152 2002 3568 2062 commemorat,
3602 1997 3840 2051 interitu

2216 2100 2398 2149 carnis
2422 2092 2722 2150 emendat?
2751 2092 2866 2145 Hoc
2889 2092 3157 2160 castigare
3216 2096 3322 2153 est,
3368 2100 3476 2143 non
3518 2088 3709 2143 fateri.
3745 2089 3839 2144 Ait

2220 2187 2376 2243 nobis
2426 2186 2689 2241 Dominus
2724 2202 2736 2236 :
2788 2183 2895 2238 Vos
2923 2183 3042 2237 estis
3066 2178 3147 2237 sal
3179 2191 3332 2236 teme
3362 2178 3581 2253 (Matth.
3617 2194 3673 2243 ν.
3719 2179 3833 2250 l5).

2218 2281 2391 2336 Recte
2442 2294 2575 2349 ergo
2609 2288 2630 2317 ε
2654 2275 2884 2334 salintus
2938 2276 3038 2329 ista
3068 2269 3324 2339 dicendo,
3358 2286 3459 2328 nec
3486 2273 3552 2327 ad
3590 2273 3840 2327 nihilum

2221 2371 2426 2427 valebit
2451 2369 2695 2441 quisquis
2725 2367 2983 2423 audierit.
3017 2366 3181 2421 Vides
3208 2380 3315 2420 non
3342 2365 3645 2435 proculcari
3672 2382 3705 2417 ιι
3740 2382 3837 2419 no-

2220 2466 2308 2521 bis
2340 2464 2668 2519 seutentiam
2710 2459 2954 2525 Domini,
2976 2460 3075 2515 sed
3111 2458 3330 2529 probari
3358 2475 3372 2523 ;
3406 2466 3516 2513 non
3549 2458 3712 2528 abjici
3750 2475 3835 2514 se-

2220 2557 2527 2616 veritatem.
2553 2553 2649 2609 sed
2673 2553 3012 2608 voluntatem
3031 2552 3151 2620 ejus
3172 2550 3397 2620 aperiri.
3424 2550 3533 2606 Sed
3562 2552 3836 2621 pcenitcno

2222 2650 2284 2717 ti,
2318 2650 2555 2719 inquies,-
2582 2656 2801 2717 peccata
2830 2644 3061 2701 dimittis
3089 2657 3104 2712 ;
3129 2654 3252 2698 cum
3304 2652 3515 2699 tantum
3539 2645 3592 2698 in
3626 2644 3833 2714 baptisa

2223 2752 2367 2796 male
2395 2740 2492 2795 tibi
2522 2741 2683 2793 liceat
2712 2738 2961 2794 relaxare
2990 2742 3299 2806 peccatum.
3331 2735 3449 2789 Non
3479 2735 3616 2789 milii
3644 2735 3828 2806 plane,

2222 2834 2317 2889 sed
2345 2834 2457 2888 Deo
2480 2832 2604 2898 soli,
2632 2832 2722 2901 qui
2746 2839 2800 2885 et
2821 2831 2874 2883 in
2897 2830 3224 2899 baptismate
3243 2827 3413 2882 donat
3431 2826 3758 2893 admissum,
3779 2834 3834 2882 et

2224 2926 2609 2997 paenitentiam
2642 2924 2915 2994 laci-ymas
2958 2937 3065 2976 non
3094 2918 3338 2991 repellit.
3367 2918 3641 2977 Cancrum
3689 2921 3834 2993 quod

2224 3033 2328 3089 ego
2349 3019 2511 3082 faeie,
2544 3016 2593 3071 id
2627 3031 2738 3070 non
2771 3029 2895 3069 meo
2917 3014 3062 3084 jure,
3092 3014 3190 3068 sed
3222 3012 3443 3068 Domini
3478 3030 3492 3067 :
3527 3012 3627 3068 Dei
3654 3028 3836 3068 sumus

514 3146 737 3203 ciuntur
758 3184 771 3209 ,
807 3142 891 3196 his
920 3141 1054 3209 ipsis
1080 3134 1626 3194 subministrantibus
1655 3146 1886 3203 quorum
1932 3138 2117 3184 aucto—

2226 3117 2512 3187 adjiuores,
2540 3112 2744 3182 inquit,
2783 3110 2877 3163 Dei
2904 3109 3185 3189 a'diﬁcurio
3208 3116 3283 3164 est
3302 3108 3347 3181 (Ι
3386 3106 3511 3165 Cor.
3545 3126 3621 3173 ιιι,
3651 3112 3734 3181 9).
3769 3111 3835 3165 Et

516 3237 683 3294 ritate
705 3234 983 3289 convaluit
1021 3244 1186 3285 causa
1218 3229 1473 3282 telorum.

594 3326 682 3383 Vl.
716 3326 787 3382 At
818 3327 869 3379 in
924 3325 1063 3377 hanc
1115 3325 1285 3390 ipsam
1315 3317 1588 3382 hairesim,
1630 3314 1915 3369 Novatiani
1945 3327 2117 3383 quan-

517 3422 587 3478 do
611 3420 640 3459 ιι
672 3417 1000 3489 cmperunt?
1057 3414 1274 3477 Audite,
1305 3425 1520 3480 quaeso,
1573 3419 1626 3464 et
1676 3419 1845 3463 letum
1874 3408 2119 3461 ordinem

519 3516 687 3570 vestri
744 3512 949 3567 erroris
992 3509 1285 3563 advertite.
1335 3503 1627 3559 Cornelius
1652 3504 1758 3573 jam
1791 3502 1979 3557 Romae
2008 3500 2125 3570 cpio-

520 3622 720 3677 scopus
760 3622 787 3659 a
820 3603 1057 3659 sedecim
1096 3599 1369 3670 episcopis
1417 3600 1607 3664 factus,
1646 3598 1820 3651 locum
1847 3596 2123 3651 cathedrae

522 3699 772 3755 vacantis
800 3702 1107 3763 acceperat,
1142 3700 1199 3747 et
1223 3694 1275 3746 in
1333 3692 1423 3745 illa
1457 3702 1559 3761 qua
1615 3691 1715 3743 fuit
1741 3688 2003 3759 praeditus
2032 3703 2125 3743 cad

514 3780 787 3845 stimonia
817 3788 1091 3857 virginali,
1122 3785 1346 3840 crebras
1376 3783 1786 3854 persecutiones
1820 3784 1937 3836 irati
1972 3782 2127 3852 prius

528 3885 666 3954 cipis
697 3882 1028 3938 sustinebat.
1081 3880 1218 3935 Tum
1252 3879 1396 3933 forte
1428 3878 1649 3948 quidam
1702 3878 1987 3949 presbyter
2023 3876 2131 3930 Noe

2223 3210 2420 3265 iterum
2455 3224 2467 3260 ι
2497 3207 2607 3278 Ego
2638 3205 2871 3275 plantam
2894 3246 2907 3270 ,
2947 3204 3134 3276 Apollo
3174 3204 3431 3275 irrigarit,
3461 3205 3549 3258 sed
3578 3203 3727 3261 Deus
3756 3208 3834 3260 in-

2223 3316 2535 3363 crementum
2562 3308 2703 3361 dedit
2732 3322 2750 3361 :
2791 3305 2935 3376 Ergo
2966 3314 3127 3375 neque
3156 3305 3245 3375 qui
3274 3306 3471 3373 plantat
3494 3312 3564 3358 est
3596 3303 3825 3372 aliquid,

2225 3412 2386 3474 neque
2414 3405 2501 3473 qui
2521 3404 2690 3472 rigat;
2714 3402 2803 3456 sed
2827 3403 2916 3472 qui
2942 3402 3316 3455 incrementum
3345 3402 3446 3466 dat,
3489 3396 3825 3467 οδες(ιόἱὼ

2225 3496 2279 3562 6,
2316 3498 2391 3569 7).
2426 3498 2605 3565 Quare
2628 3496 2744 3551 sive
2790 3496 3155 3567 baptizamus,
3196 3495 3312 3549 sive
3342 3493 3407 3547 ad
3451 3493 3826 3563 paenitentiam

2227 3592 2513 3659 cogimus,
2574 3604 2671 3646 seu
2741 3592 2961 3645 veniam
3030 3588 3432 3659 pmuitentibu‘s
3483 3586 3823 3649 relaxamus;

2228 3688 2448 3744 Christo
2474 3689 2525 3745 id
2550 3698 2775 3745 auctore
2808 3692 3129 3744 tractamus.
3159 3688 3279 3742 Tibi
3310 3678 3601 3743 videndum
3630 3692 3739 3751 est,
3763 3702 3830 3738 an

2230 3783 2483 3837 Christus
2514 3782 2617 3837 hoc
2646 3782 2839 3853 possit,
2873 3794 2940 3836 an
2966 3774 3220 3837 ChriStus
3244 3780 3347 3836 hoc
3379 3780 3589 3836 fecerit.

2304 3877 2439 3933 Vlll.
2476 3878 2531 3934 Si
2580 3878 2978 3949 paenitentibus
3021 3866 3275 3933 remissio
3318 3878 3670 3947 peceatornm
3716 3873 3831 3929 duri

527 3984 685 4031 vatus
712 3991 777 4030 ex
808 3973 1014 4036 Africa,
1048 3971 1311 4025 fraudatis
1363 3972 1415 4024 in
1471 3969 1907 4039 Carthaginiensi
1955 3970 2129 4023 eccle‘
2235 3974 2435 4041 potuit,
2463 3975 2564 4037 ais,
2598 3972 2867 4042 baptisma
2899 3990 3005 4027 non
3031 3966 3130 4027 fuit
3159 3973 3559 4028 necessarium.
3585 3968 3833 4026 insulsis-

530 4073 610 4124 sia
643 4069 839 4131 viduis,
872 4066 1119 4135 spoliatis
1144 4065 1386 4134 pupillis.
1413 4065 1641 4132 pecunia
1688 4064 1935 4118 ecclesia:
1966 4063 2132 4117 dene-

530 4168 677 4230 gata,
723 4160 970 4228 projeCto
999 4165 1159 4210 extra
1191 4157 1411 4209 domum
1460 4162 1637 4224 patre,
1674 4165 1729 4209 et
1756 4156 1945 4211 eodem
1987 4154 2131 4211 fame

431 4286 437 4294 α
535 4263 755 4309 mortuo
779 4266 879 4306 nec
901 4251 1139 4319 sepulto,
1167 4250 1351 4303 uxoris
1380 4248 1620 4319 gravidae
1647 4258 1802 4303 utero
1836 4248 1983 4305 calce
2010 4264 2135 4320 pcr-

2234 4065 2370 4119 sima
2422 4069 2765 4138 comparatio
2814 4066 2827 4122 !
2866 4065 3178 4139 Baptismu's
3209 4069 3359 4124 enim
3383 4111 3397 4133 ,
3430 4075 3832 4123 sacramentum

2235 4164 2317 4212 est
2346 4157 2636 4213 dominica:
2662 4160 2937 4230 passionis
2969 4178 2981 4214 :
3016 4160 3399 4232 paenitendum
3457 4159 3638 4226 venia,
3674 4160 3836 4214 nteri-

2238 4256 2349 4305 tum
2390 4252 2725 4307 conﬁtentis.
2758 4248 2893 4308 lllud
2944 4260 3136 4309 omnes
3164 4251 3395 4325 adipisci
3427 4252 3678 4325 possunt,
3708 4253 3835 4323 quia

534 4360 696 4401 cusso
747 4350 1014 4415 partuque
1040 4342 1159 4414 ejus
1182 4340 1381 4409 eliuso,
1415 4341 1641 4396 Romam
1674 4343 1837 4397 venit.
1902 4344 1971 4397 Et
2009 4358 2131 4398 cum
2236 4345 2424 4414 gratiae
2453 4344 2545 4399 Dei
2575 4344 2777 4399 donum
2810 4352 2928 4411 est;
2959 4345 3009 4399 id
3041 4354 3143 4412 est,
3173 4347 3401 4415 gratuita
3455 4345 3720 4410 donatio;
3758 4346 3837 4399 la-

532 4440 675 4511 apud
706 4438 1112 4510 Carthaginem,
1142 4436 1461 4507 urgentibus
1494 4436 1548 4490 in
1580 4438 1814 4493 ecclesia
1842 4435 2126 4505 fratribus,

529 4533 647 4589 dies
691 4530 1018 4603 cognitionis
1069 4532 1243 4602 ipsius
1296 4531 1647 4597 immineret,
1680 4531 1843 4586 ethic‘
1877 4531 2126 4587 latitavit.

530 4624 644 4681 Nec
674 4626 844 4678 multo
878 4632 1019 4693 pust,
1052 4624 1411 4679 Neratiantun
1452 4625 1614 4677 istum
1657 4624 1971 4693 episc0patu
1996 4622 2132 4679 Cor-

531 4717 662 4771 nelii
698 4718 918 4770 anxium
972 4720 1125 4786 (nam
1180 4717 1282 4770 sibi
1335 4717 1678 4785 speraverat)
1706 4724 1829 4771 cum
1881 4716 2128 4789 aliquan-

531 4808 624 4871 tis,
651 4816 711 4862 ιιι
740 4807 795 4860 in
829 4808 919 4860 tali
964 4823 1022 4862 re
1067 4807 1231 4873 solet,
1263 4823 1327 4862 ex
1377 4821 1471 4861 sua
1504 4818 1658 4875 parte
1691 4807 1996 4863 fautoribus
2024 4824 2127 4863 an-

528 4908 739 4955 tantem
766 4898 1025 4968 impellit,
1056 4898 1390 4954 dubitantem
1426 4899 1605 4964 fovet;
1633 4909 1687 4952 ut
1741 4910 1994 4970 magnum
2033 4900 2130 4955 ali-

525 4994 659 5062 quid
687 5000 895 5062 speret,
925 4990 1195 5045 bortatur.
1230 4990 1439 5047 Invenit
1462 4992 1673 5062 aliquos
1705 5008 1772 5047 ex
1803 5008 1993 5048 eorum
2027 5008 2127 5048 nu:

526 5098 685 5140 inero
699 5086 789 5156 qui
817 5094 1199 5155 tempestatem
1223 5085 1623 5153 persecutionis
1642 5083 1785 5139 illitis
1807 5094 2125 5151 erasernnt;

523 5178 665 5248 apud
689 5194 827 5249 quos
876 5174 1016 5233 banc
1071 5179 1243 5247 ipsam
1283 5175 1351 5231 de
1407 5179 1574 5247 lapsis
1606 5179 1865 5248 receptis,
1918 5178 2129 5235 Corne-

599 5378 623 5403 ιι
665 5367 912 5421 Additum
926 5376 1017 5433 est,
1044 5374 1149 5421 etc.
1180 5363 1356 5418 Locus
1379 5368 1561 5435 exstat
1586 5360 1639 5414 in
1671 5362 1898 5435 epistola
1929 5362 2000 5417 52
2020 5362 2123 5435 Cy-

561 5440 696 5520 riani
739 5438 1237 5520 adﬁtttonnmuns
1285 5436 1391 5490 sub
1418 5433 1663 5501 initium,
1695 5448 1816 5503 pag.
1844 5433 1934 5489 69.
1982 5433 2117 5491 edit.

520 5509 704 5565 Baluz.
739 5510 909 5565 Paris.

518 5581 637 5703 Tu:
659 5580 882 5647 Quando
920 5578 1223 5646 eruperunt?
1252 5575 1863 5632 Subandiendum‘i‘cor
1888 5578 2108 5647 prolabi.

566 5665 637 5757 ’ξ’
658 5719 911 5775 Satimm.
943 5720 1020 5775 ita
1049 5718 1273 5789 corrigit
1300 5718 1507 5785 optime
1549 5716 1798 5775 Latinius
1833 5717 2108 5775 editorum

2158 4498 2212 4558 Ι)

2228 5516 2307 5562 tat
2330 5523 2399 5575 ex
2450 5518 2635 5564 vetere
2655 5511 2768 5565 inte

2218 5579 2370 5647 julta
2394 5578 2557 5652 LXX.
2592 5580 2663 5637 8.
2693 5578 2999 5652 Cyprianus
3032 5583 3124 5638 lib.
3161 5584 3225 5638 de
3254 5583 3298 5637 ι

2222 5660 2275 5705 et
2301 5651 2463 5721 epist.
2496 5650 2585 5719 54,
2619 5650 2752 5726 pagi
2778 5650 2886 5711 158
2915 5666 2969 5710 et
2991 5653 3084 5709 67.
3116 5654 3250 5711 edit.
3286 5650 3463 5713 Okon.

2240 4436 2340 4492 hor
2371 4448 2497 4493 vero
2525 4438 2648 4501 iste,
2677 4444 2972 4507 paucorum
3014 4438 3220 4510 estqui
3252 4440 3371 4507 post
3413 4446 3597 4493 casum
3650 4452 3834 4493 resur-

2236 4540 2387 4601 gunt,
2424 4530 2517 4599 qui
2549 4538 2669 4599 post
2695 4529 2918 4615 vulnera
2941 4532 3355 4597 Convale‘seunt,
3386 4526 3475 4601 qui
3517 4531 3837 4601 lacrymosis

2238 4622 2462 4697 vocibus
2502 4621 2853 4691 adjuvantur,
2879 4624 2968 4693 qui
3000 4624 3182 4678 carnis
3209 4624 3434 4677 interitu
3478 4623 3834 4677 reviviscunt.

2237 4716 2461 4772 Frustra
2492 4730 2579 4771 me
2612 4719 2863 4786 posuisse
2913 4719 3119 4773 asseris
3151 4718 3284 4773 illud
3328 4717 3639 4787 exemplum
3688 4716 3837 4786 quod

2241 4809 2384 4864 Deus
2411 4808 2635 4874 dixerit;
2666 4802 3188 4879 Malo'pwniteutiam
3210 4810 3489 4879 peccatoris
3511 4825 3666 4879 quant
3694 4824 3839 4861 mor—

2239 4912 2338 4957 tem
2393 4900 2607 4977 (Ezech.
2657 4918 2868 4967 xxxiii,
2919 4904 3033 4974 ll).
3066 4902 3204 4972 Quid
3254 4905 3296 4957 si
3346 4898 3668 4974 adiecissem
3700 4892 3839 4959 illud

2237 4992 2415 5051 Esaias
2462 5013 2474 5048 :
2508 4993 2535 5031 δ
2561 4990 2687 5051 Cum
2717 5006 2991 5050 conrersus
3027 4997 3364 5067 ing'emueris,
3397 5004 3514 5050 tunc
3553 4995 3839 5050 sulvaberis

2235 5098 2282 5145 ct
2308 5091 2435 5144 scies
2462 5088 2549 5144 ubi
2574 5090 2733 5160 fueris
2772 5088 2905 5159 (Isa.
2960 5098 3083 5154 tu,
3120 5089 3209 5155 '15,
3240 5106 3344 5145 sec.
3377 5080 3583 5160 LXX)?
3612 5086 3753 5158 Quid
3793 5089 3839 5145 si

2235 5183 2287 5239 id
2319 5182 2675 5254 Apocblyp‘si‘s
2709 5201 2721 5237 :
2755 5181 3013 5241 Memento
3042 5184 3178 5239 unde
3204 5184 3469 5252 cecideris,
3493 5182 3541 5238 et
3589 5201 3685 5255 age
3731 5200 3839 5254 pce-

2232 5364 2487 5436 me‘ndgum
2511 5367 2802 5436 psallimus.

2301 5433 2326 5472 ά
2368 5432 2817 5494 ϐιιηιόοηυεισεω
2865 5440 3197 5511 ingemuerit,
3229 5450 3338 5497 etc.
3386 5442 3463 5496 lta‘
3491 5450 3712 5509 quoque
3757 5441 3836 5495 ci-

2775 5520 2956 5582 rprete
2994 5512 3139 5566 hunc
3168 5513 3321 5567 l’sai‘e
3362 5514 3539 5569 locum
3570 5526 3709 5576 xxx,
3736 5512 3839 5579 ἴδε

3302 5585 3446 5654 apris
3498 5583 3601 5639 sub
3628 5582 3823 5651 tinem.
