4094 6190
463 305 602 365 1071
1843 269 2097 331 SANCTI
2140 266 2415 328 PACIANI
3627 246 3781 305 1072

457 424 516 478 in
535 414 789 477 omnibus
818 416 992 466 totum
1031 404 1267 477 Spiritus
1296 408 1518 457 sanctos
1549 392 1832 465 implebat,
1873 402 2075 462 propo-
2101 389 2156 448 Α
2179 383 2403 441 sicutad
2422 377 2772 446 Samuelipse
2791 371 3063 445 signiﬁcat
3087 388 3099 424 :
3119 369 3241 425 Non
3260 375 3307 423 te
3320 366 3514 478 nullius
3530 365 3785 478 momenti:

460 456 789 478 ...νιν-..υν-
822 456 992 466 ww...
1032 456 1261 477 Ἶ--ν-κ-
1634 456 1645 465 .
1819 456 1827 460 -
1876 456 1893 462 -
1983 456 1996 460 _

460 515 597 570 sitos
650 506 928 579 perferens
978 515 1206 566 sensus,
1266 508 1321 553 et
1362 494 1430 550 ad
1485 492 1705 563 plenum
1747 488 1889 543 dicta
1935 483 2069 540 deli-
2173 481 2423 549 fecerunt,
2452 475 2543 527 sed
2561 466 2881 541 me(lReg.
2911 481 3033 532 vni,
3067 463 3149 535 7).
3174 460 3509 518 Conceditur
3534 474 3664 529 ergo
3689 456 3791 512 vel

464 555 683 663 niens;
735 598 982 655 Hominis
1033 594 1416 650 conﬁrmatum
1476 590 1861 643 testamentum
1909 595 2071 635 nemo
2172 573 2343 631 semel
2370 569 2653 633 Ecclesiae,
2683 563 2831 636 quod
2863 561 3021 618 nobis
3050 560 3183 629 ipsis
3230 557 3433 612 totiens
3455 555 3793 624 imperatur.

463 645 1322 766 siti‘p'eiordina’t'i-Deitabulam,
1341 682 1528 738 tabula
1559 680 1777 735 diversa
1809 671 2072 731 mutabit?
2244 663 2383 719 Xlll.
2417 661 2572 716 Nunc
2598 658 2664 713 ad
2695 655 2984 766 errat‘icam
3033 666 3215 716 ovem,
3247 647 3565 705 drachmam
3594 645 3755 699 illam
3779 685 3798 708 ,

467 748 730 858 Qtiaenam
759 786 815 840 in
852 782 1009 838 vobis
1055 781 1173 834 haec
1222 775 1477 833 vincendi
1523 772 1724 842 cupido
1749 779 1854 833 est,
1877 778 1937 823 ut
1967 765 2074 821 tale
2175 766 2231 815 et
2282 752 2770 812 adolescentiorcm
2822 748 2995 803 lilium
3047 752 3394 801 revertamur
3437 759 3450 794 :
3489 754 3613 811 qua!
3673 752 3800 808 ego

464 833 671 952 aiiquid
698 876 985 934 audeatis?
1011 872 1153 940 Quid
1201 868 1347 941 quod
1372 865 1513 937 apud
1541 833 1859 920 Matthaeum
1892 859 2073 930 ipsum
2176 847 2424 952 esempla
2444 840 2847 952 enimdstrictim
2897 839 3102 952 scripto
3127 837 3319 952 priore
3335 833 3706 952 “tetigissem;

466 925 593 1027 aui;
620 968 930 1040 passionem
955 979 1112 1021 suam
1133 925 1354 1018 dixlerat
1384 925 1648 1013 Dominus
1676 972 1688 1008 :
1728 954 2076 1020 Quaecumque
2178 942 2337 1013 plena
2368 936 2613 1009 repetisti
2636 977 2651 1002 ,
2680 932 2918 990 edocens
2965 941 3026 986 et
3061 927 3362 985 ostendens
3387 925 3706 981 drachmam
3740 928 3814 976 et

468 1023 750 1140 ligaveritis
796 1062 850 1115 in
876 1070 1034 1125 terra,
1073 1064 1220 1112 erunt
1253 1054 1411 1125 ligata
1437 1060 1485 1105 et
1512 1052 1567 1104 in
1595 1048 1722 1103 caelo
1738 1054 1787 1101 et
1822 1058 2079 1115 qutecum-
2180 1050 2343 1093 ovem
2375 1043 2429 1090 et
2459 1032 2628 1087 lilium
2685 1028 2957 1083 minorem
2990 1024 3059 1079 ad
3104 1023 3425 1095 publicanos
3450 1030 3507 1077 et
3536 1028 3819 1091 peccato-

1871 1136 1943 1140 .--
2032 1136 2042 1140 -
2329 1127 2340 1140 ι
2503 1132 2539 1140 Α.
2601 1121 2858 1140 |,,,__!I-__
2890 1118 3145 1140 ..-..--ι--...
3216 1131 3320 1140 ......
3365 1113 3429 1140 ..Δ
3458 1111 3817 1140 Πιιιηξριζιιησ-ιι

474 1111 573 1231 qiie
613 1157 869 1213 solveritis
908 1156 963 1207 in
993 1162 1154 1216 terra,
1182 1156 1329 1203 erunt
1358 1146 1527 1201 soluta
1549 1152 1597 1198 et
1619 1142 1673 1196 in
1710 1140 1835 1195 cwlo
1860 1136 2074 1209 (Matth.
2182 1127 2432 1231 res‘;.ho.c
2461 1132 2568 1227 est,
2601 1121 2863 1177 humilem
2890 1118 3172 1231 pjoprulum,
3216 1113 3431 1231 qqn‘ad
3458 1111 3818 1216 Christiana:

613 1204 1279 1317 apudvhlatthieum
1307 1239 1413 1292 hoc
1442 1234 1770 1306 praedixerat
1794 1204 2079 1294 Dominus,
2183 1218 2363 1289 plebis
2392 1216 2683 1286 imaginem
2701 1256 2715 1281 ,
2747 1226 2849 1267 nec
2873 1211 2941 1265 ad
2973 1209 3206 1317 formam
3229 1205 3468 1263 ﬁdelium
3492 1204 3812 1275 pertinere.

474 1350 532 1398 et
558 1302 762 1394 nullam
787 1302 862 1391 ibi
886 1334 1130 1406 gentium
1166 1331 1377 1386 fecerat
1405 1302 1741 1383 mentionem
1781 1340 1794 1378 :
1828 1336 1927 1377 cur
1953 1333 2085 1390 ergo
2187 1308 2447 1368 Gratulor
2474 1322 2559 1362 me
2581 1305 2801 1369 doceri;
2836 1302 3173 1358 intellectum
3204 1313 3339 1355 vero
3367 1314 3477 1353 non
3502 1311 3647 1361 esse,
3682 1310 3822 1351 mo-

474 1434 556 1490 illi
579 1389 1143 1501 capitulumUJoanuis
1166 1421 1448 1493 adjungis,
1482 1419 1573 1474 ubi
1612 1431 1769 1473 suum
1800 1413 2000 1484 posuit,
2029 1389 2085 1465 et
2189 1408 2328 1463 leste
2357 1406 2493 1459 fero.
2538 1400 2674 1457 Nam
2727 1397 2855 1469 quid
2900 1395 3184 1452 asseram?
3215 1392 3298 1447 Ea
3342 1406 3680 1464 quartumque
3716 1389 3821 1442 lea:

478 1529 555 1583 ita
584 1480 767 1594 porsuit
792 1480 1185 1591 utravg‘entibus
1208 1480 1534 1585 separaret?
1561 1508 1704 1580 quod
1737 1480 1923 1576 utique
1945 1503 1990 1557 si
2019 1501 2087 1557 ad
2191 1499 2366 1563 dicat,
2408 1495 2490 1548 his
2521 1494 2610 1564 qui
2645 1490 2737 1546 sub
2783 1492 2893 1562 lege
2935 1498 3077 1554 sunt,
3127 1486 3297 1540 dicere
3336 1483 3527 1557 (Rom.
3563 1499 3647 1549 nt,
3682 1480 3817 1551 19);

477 1574 675 1689 genies
705 1574 981 1685 pertinerile
1031 1574 1332 1669 voluisset,
1376 1603 1551 1675 potuit
1579 1574 1707 1665 ipse
1755 1574 2090 1666 conjungere
2191 1591 2377 1660 utique
2410 1597 2465 1643 et
2507 1586 2613 1641 hoc
2665 1580 3046 1655 principaliter
3077 1578 3144 1633 ad
3175 1578 3389 1647 priores
3418 1574 3626 1630 dictum
3678 1586 3818 1627 esse

2071 1685 2084 1689 -
2432 1680 2443 1689 .
2639 1675 2695 1689 ..
2792 1673 2827 1689 ,ν
2914 1687 2951 1689 α
3013 1670 3245 1689 ημεμ,
3338 1666 3520 1689 μμ*
3566 1664 3817 1689 MM,“

478 1664 766 1782 quodipge
791 1705 1047 1775 ponebat.
1082 1701 1283 1756 Totum
1320 1664 1466 1768 eligo
1501 1693 1645 1765 quod
1686 1664 1913 1761 quaeris,
1947 1664 2089 1757 apud
2195 1680 2506 1744 consentio,
2559 1676 2655 1733 sed
2682 1675 2735 1731 in
2790 1673 2964 1729 forma
3012 1670 3284 1734 ﬁdelium,
3337 1666 3435 1723 sed
3468 1667 3524 1720 in
3566 1664 3819 1734 imagine

1934 1780 1942 1782 μ
2050 1774 2223 1782 ---
2587 1772 2597 1782 .
2679 1768 2749 1782 ,.
2878 1758 3781 1782 ..λςᾼεμη----ηωι-ε-..

482 1758 1021 1859 ﬁatthéumrhabes.
1055 1792 1164 1848 Cur
1195 1806 1305 1847 non
1337 1758 1591 1844 universa
1625 1758 1826 1854 legisti,
1858 1780 1948 1852 qui
1977 1777 2095 1848 epi—
2123 1774 2172 1836 B
2198 1777 2524 1836 futurorum,
2556 1772 2696 1827 sicut
2722 1767 3018 1839 Apostolus
3038 1763 3172 1820 dicit
3197 1781 3210 1817 :
3239 1760 3370 1816 Ηωε
3389 1768 3566 1814 autem
3586 1760 3644 1811 in
3667 1758 3821 1827 ﬁgu-

480 1907 709 1962 scopum
741 1888 944 1945 doces?
990 1885 1233 1941 Primum
1282 1878 1547 1951 praecepti
1596 1848 1751 1931 istius
1798 1848 1961 1943 caput
2006 1884 2093 1925 re-
2195 1886 2257 1924 ra
2282 1865 2640 1937 contingebant
2671 1862 2814 1916 illis:
2845 1858 3043 1929 scripta
3074 1864 3195 1911 sunt
3221 1862 3394 1908 autem
3421 1851 3488 1905 ad
3519 1848 3825 1919 correptio-

478 1944 627 2055 pete.
660 1983 783 2053 lpso
812 1977 1091 2035 referente
1122 1944 1397 2032 Matth-aco.
1426 1944 1589 2040 paulo
1618 1965 1871 2036 superius
1896 1962 1962 2017 ad
1993 1961 2095 2016 Pe—
2198 1977 2315 2017 nem
2361 1968 2621 2018 nostram,
2665 1955 2719 2008 in
2744 1967 2894 2023 quos,
2940 1951 3069 2019 ﬁnes
3115 1947 3427 2002 surculorum
3472 1944 3820 1996 devenerunt.

1998 2053 2007 2055 Α
2240 2053 2259 2055 μ
2307 2051 2331 2055 -
2698 2046 2756 2055 ,ην
2811 2045 2843 2055 .,
3100 2040 3137 2055 η
3306 2054 3311 2055 ί
3617 2033 3820 2055 __“_,__

478 2033 627 2132 irum
657 2033 875 2129 locutus
914 2078 1001 2125 est
1029 2068 1328 2129 Dominus;
1363 2033 1651 2126 ad-unum,
1686 2033 1808 2113 idco
1838 2065 1897 2111 ut
1921 2053 2097 2109 unita-
2204 2053 2260 2125 (1
2292 2051 2413 2108 Cor.
2447 2067 2502 2116 χ,
2537 2049 2651 2119 11).
2698 2046 2765 2102 Et
2809 2045 3007 2100 iterum
3043 2060 3056 2096 :
3094 2040 3224 2107 Quae
3254 2036 3427 2093 omnia
3467 2035 3576 2089 illis
3615 2033 3828 2087 umbrae

482 2179 596 2227 tem
655 2165 909 2222 fundaret
939 2178 1007 2218 ex
1042 2176 1180 2226 uno;
1232 2172 1362 2212 mox
1405 2154 1457 2210 id
1491 2155 1666 2223 ipsum
1716 2151 1770 2205 in
1806 2158 2098 2205 commune
2200 2156 2345 2204 erant
2399 2146 2692 2215 futurorum
2732 2139 2983 2193 bonorum
3022 2134 3211 2203 (Hebr.
3264 2148 3320 2198 Χ,
3357 2130 3438 2199 1).
3478 2127 3645 2185 Certe
3697 2128 3826 2197 ipse

480 2258 829 2333 praecipiens,
862 2265 889 2293 α
919 2220 1365 2324 αυειὶὶιθτίειηιθη
1395 2247 1460 2301 ad
1489 2220 1715 2301 Detrum
1757 2241 1958 2310 incipit
1985 2256 1999 2294 :
2030 2235 2097 2290 Et

2207 2241 2418 2304 adnuis,
2455 2238 2521 2293 ad
2544 2235 2865 2307 publicanos
2895 2241 2951 2288 et
2975 2236 3317 2302 peccatores,
3343 2225 3448 2279 hoc
3474 2232 3560 2278 est
3581 2264 3595 2287 ,
3632 2220 3824 2275 humi-

487 2315 580 2429 izgo
602 2315 693 2408 tibi
735 2352 874 2415 dico,
902 2347 1096 2417 inquit,
1127 2346 1251 2416 quia
1282 2352 1336 2396 tu
1358 2358 1410 2395 es
1438 2340 1650 2402 Petrus,
1691 2346 1738 2390 et
1768 2350 1922 2407 super
1947 2335 2101 2387 istam
2204 2335 2310 2390 lem
2336 2331 2623 2403 populum,
2656 2335 2713 2382 ct
2743 2326 2863 2381 ideo
2892 2325 3189 2395 juniorem,
3223 2319 3315 2374 illa
3337 2318 3564 2373 dictata.
3597 2315 3700 2369 Dic
3727 2328 3826 2368 cr—

2592 2421 2606 2429 .
2704 2417 2758 2429 η.
2814 2416 2897 2429 ...
3065 2414 3076 2426 .
3164 2408 3519 2429 πηεμεηε.
3544 2422 3605 2429 __
3643 2406 3696 2429 ,-
3728 2420 3792 2429 ,Α

488 2406 687 2518 ρέιναιη
711 2441 983 2513 aediﬁcabo
1001 2436 1287 2492 Ecclesiam
1308 2449 1497 2498 meam,
1524 2440 1572 2484 et
1597 2438 1760 2499 porta:
1780 2429 2104 2497 infernarum
2204 2440 2273 2496 go
2308 2440 2321 2479 :
2352 2436 2419 2477 an
2447 2421 2677 2499 populus
2701 2416 3046 2473 Christianus
3064 2414 3183 2480 ipse
3204 2408 3519 2480 estjunior?
3542 2422 3610 2460 an
3643 2406 3700 2460 in
3728 2420 3830 2459 ra-

2097 2517 2101 2518 ν
2506 2514 2516 2518 -
2685 2508 2697 2518 .
2736 2511 2756 2518 -
2914 2507 2926 2518 .
3295 2503 3307 2518 .
3460 2497 3829 2518 “manu...

489 2496 596 2597 itan
619 2531 1232 2594 convalescentadversus
1257 2543 1389 2580 eam.
1412 2524 1480 2579 Et
1505 2522 1593 2577 tibi
1616 2520 1931 2575 daboclaves
1958 2517 2105 2588 regni
2208 2519 2384 2572 dicem
2434 2496 2758 2569 colizescrit?
2808 2525 2875 2564 an
2914 2507 2943 2547 ι’
2980 2507 3093 2565 ,illa
3145 2503 3391 2561 membra
3448 2497 3829 2569 compegerit?

493 2633 741 2687 caelorum
773 2643 791 2682 :
823 2636 870 2680 et
897 2636 1229 2697 quiscumque
1253 2617 1492 2689 ligaveris
1521 2630 1676 2685 super
1708 2622 1921 2677 terram,
1950 2610 2110 2680 ligata
2208 2612 2526 2681 aediﬁcatus,
2555 2616 2616 2662 ut
2638 2604 2905 2675 scriptum
2935 2611 3054 2669 est,
3127 2600 3182 2654 in
3208 2594 3564 2670 fundamentis
3605 2582 3829 2663 aposto-

495 2733 646 2778 erunt
664 2731 711 2775 et
736 2721 791 2774 in
819 2684 996 2783 caelis;
1026 2723 1075 2769 et
1097 2726 1432 2785 qucecumque
1459 2706 1670 2762 solveris
1711 2719 1866 2772 super
1894 2712 2107 2765 terram,
2213 2704 2385 2758 lorum
2411 2710 2459 2754 et
2502 2698 2896 2770 prophetarum,
2928 2703 2975 2748 et
2999 2694 3114 2763 ipso
3138 2689 3383 2761 angulari
3424 2686 3601 2757 lapide
3623 2684 3831 2740 Christo

498 2824 650 2870 erunt
699 2813 870 2865 soluta
926 2779 987 2863 et?
1016 2810 1070 2861 in
1097 2779 1235 2860 oculis
1291 2779 1456 2877 (Ibid.
1498 2802 1586 2863 18,
1622 2798 1734 2868 19).
1783 2798 1876 2851 Dic
1906 2794 2109 2858 frater;
2213 2794 2339 2850 Jesu
2393 2793 2613 2866 (Ephes.
2642 2806 2713 2857 lt,
2743 2789 2862 2859 20).
2904 2786 2986 2840 An
3025 2783 3334 2839 Judreorum
3394 2780 3537 2835 Deus
3588 2779 3833 2832 tantum?

500 2908 570 2963 de
594 2905 727 2960 solis
756 2901 1013 2973 gentibus
1038 2898 1142 2952 hoc
1174 2874 1387 2949 locutus
1409 2902 1523 2948 est:
1560 2892 1733 2959 Super
1752 2888 1888 2942 hanc
1912 2898 2115 2959 petram
2218 2888 2409 2943 Nonne
2434 2897 2483 2940 et
2503 2884 2769 2957 gentium?
2810 2881 2980 2936 Immo
3023 2888 3070 2933 et
3119 2878 3366 2949 gentium.
3391 2874 3662 2945 Siquidem
3700 2888 3835 2927 unus

503 2966 795 3066 wdiﬁcabd.
827 2992 1023 3060 inquit,
1064 2988 1344 3042 Ecclesium
1387 2985 1594 3039 meam?
1627 2983 1961 3047 Ecclesiam,
2008 2995 2116 3035 non
2219 2982 2386 3046 Deus,
2431 2980 2521 3051 qui
2565 2976 2829 3047 justiﬁcat
2880 2975 3097 3044 impium
3145 2986 3209 3025 ea:
3256 2969 3386 3038 ﬁde,
3441 2978 3491 3023 et
3541 2982 3633 3039 per
3681 2966 3839 3034 ﬁdem

501 3060 804 3159 baptizatus
832 3090 1022 3155 gentes
1051 3079 1251 3133 vocat?
1278 3078 1443 3133 homo
1464 3075 1695 3129 necdum
1725 3082 1965 3136 renatus,
1996 3086 2119 3126 cor-
2149 3147 2187 3159 η
2224 3078 2401 3149 (Rom.
2432 3091 2512 3141 ιιι,
2543 3073 2636 3135 29,
2667 3069 2785 3139 30).
2815 3068 2976 3125 Certe
3008 3067 3100 3122 ille
3130 3063 3358 3120 humilis
3382 3060 3638 3132 populus,
3669 3075 3839 3131 quem

507 3147 613 3253 pus
639 3187 726 3235 est
754 3147 992 3231 Chiisti?
1020 3171 1163 3241 Quid
1207 3171 1360 3226 solvo
1389 3167 1664 3237 gentibus,
1699 3164 1842 3235 quod
1877 3179 1986 3218 non
2034 3170 2119 3217 est

2225 3147 2390 3233 Deus.
2416 3167 2689 3223 drachmae
2708 3206 2721 3231 ,
2770 3163 2880 3217 (ilio
2907 3160 3107 3216 minori
3136 3169 3191 3213 et
3221 3156 3451 3215 ovicula‘.
3486 3153 3842 3217 conferebat,

507 3272 756 3346 ligatum?
804 3268 939 3325 Nam
968 3267 1015 3320 Si
1067 3280 1177 3319 "0"
1226 3271 1539 3332 ι’θβυιθτιιιη
1581 3270 1685 3323 εει.
1720 3274 1818 3312 "cc
1868 3260 2115 3327 ligatum.
2224 3262 2472 3319 Ecclesia
2498 3260 2641 3314 fuit:
2675 3256 2817 3312 unde
2865 3254 3047 3310 omnis
3089 3251 3247 3307 turba
3290 3248 3657 3313 credentium,
3690 3245 3849 3301 unde

514 3338 657 3435 Quid
703 3365 897 3433 alligo,
940 3359 1081 3429 quod
1138 3358 1289 3413 nullo
1318 3357 1439 3425 jure
1491 3353 1842 3421 constriugo?
1889 3351 2123 3407 Gentilis
2227 3356 2459 3427 populus
2488 3350 2856 3408 Christianus.
2882 3347 3016 3401 Huic
3038 3343 3255 3414 corpori
3280 3338 3635 3396 nostraetiam
3655 3351 3852 3393 mem-

514 3460 704 3521 homo,
731 3457 868 3511 liber
894 3464 980 3507 est
1012 3452 1165 3520 Legi.
1200 3451 1334 3504 Vide
1379 3463 1526 3502 nunc
1556 3462 1585 3501 e
1616 3446 1915 3511 contrario,
1951 3460 2021 3499 an
2068 3444 2123 3499 in
2227 3451 2324 3506 bra
2352 3447 2639 3518 conjuncta
2681 3451 2837 3505 sunt,
2872 3449 2927 3495 et
2976 3447 3103 3493 totae
3149 3435 3488 3492 credentium
3528 3430 3849 3500 portiones,

514 3550 852 3622 baptizatum
880 3554 1111 3613 utraque
1141 3540 1491 3597 conveniant.
1522 3538 1766 3594 Solvitur
1792 3537 1975 3603 venia,
2001 3535 2127 3603 quia
2232 3552 2289 3596 ut
2320 3542 2375 3595 in
2423 3538 2619 3595 bonam
2658 3536 2856 3590 olivam
2904 3548 2971 3588 ex
3012 3531 3255 3586 oleastro
3296 3528 3538 3600 gentium
3574 3524 3849 3581 conveni-

517 3616 742 3716 peccato
765 3638 1086 3697 tenebatur;
1117 3635 1317 3703 ligatur
1363 3632 1734 3697 anathemate,
1762 3632 1886 3700 quia
1920 3630 2129 3683 solutus
2232 3639 2386 3693 rent,
2433 3629 2573 3682 sicut
2619 3624 2912 3697 Aposmlus
2951 3621 3089 3676 dicit
3120 3636 3135 3673 :
3173 3619 3467 3688 Participes
3518 3616 3853 3690 pinguedinis

523 3712 702 3791 iuerat
726 3730 835 3786 ﬁde
858 3739 911 3785 et
938 3744 1031 3797 per
1052 3725 1584 3798 gratiamliheratns.
1609 3724 1762 3791 Quod
1787 3724 1831 3778 si
1857 3721 1925 3775 ad
1943 3731 2133 3791 gentes
2235 3725 2348 3795 ejus
2396 3719 2591 3785 effecta:
2628 3716 2829 3787 (Rom.
2861 3730 2934 3778 χι,
2976 3712 3108 3783 17)?
3137 3720 3300 3782 atque
3346 3713 3419 3764 ita
3468 3724 3627 3791 unum
3671 3724 3856 3762 omnes

522 3829 665 3886 hanc
693 3824 941 3882 solvendi
972 3824 1249 3877 licentiam
1279 3821 1367 3874 vel
1399 3819 1597 3889 ligandi
1629 3826 1910 3888 spectasse
1937 3830 2134 3871 conce-
2239 3830 2461 3868 essemus
2486 3813 2539 3866 in
2561 3810 2791 3874 Christo,
2846 3807 3067 3862 Judaaus
3092 3815 3142 3860 et
3172 3804 3413 3872 Grtecus,
3440 3784 3618 3858 servus
3639 3812 3689 3857 et
3720 3802 3857 3856 liber

530 3922 695 3988 dam;
730 3919 903 3975 multo
934 3916 1108 3987 magis
1139 3915 1205 3969 ad
1229 3914 1531 3984 baptizatos
1557 3913 1886 3981 pertinuisse
1912 3910 2139 3965 convin-
2242 3905 2388 3979 (Gal.
2417 3922 2499 3972 Ill,
2527 3904 2645 3975 28).
2672 3903 2728 3959 Si
2757 3916 2887 3973 ergo
2908 3914 3028 3955 cum
3059 3899 3170 3954 illis
3202 3896 3505 3953 humilibus
3537 3910 3704 3950 unum
3728 3908 3859 3949 cor-

531 3987 832 4068 cam.Nam
865 4010 911 4064 si
942 4010 988 4063 is
1018 4008 1155 4062 solvi
1176 4008 1352 4076 potuit
1381 4007 1467 4060 vel
1498 3996 1796 4074 ligari,qui
1824 4017 1926 4057 non
1953 4000 2142 4055 habuit
2244 4013 2342 4067 pus
2368 4011 2579 4060 sumus,
2601 3995 2745 4050 dicta
2776 4002 2905 4049 sunt
2931 4001 2988 4047 et
3013 3991 3079 4046 ad
3107 4006 3207 4046 nos
3233 4005 3355 4061 quae.
3388 3999 3636 4046 veterum
3674 3987 3859 4043 humi-

532 4104 834 4167 vinculum;
852 4108 1056 4171 quanto
1069 4097 1241 4168 magis
1260 4099 1352 4152 ille
1367 4112 1528 4165 quem
1545 4095 1801 4163 [ideijura
1821 4093 2140 4148 tenuerunt?
2246 4091 2327 4146 les
2354 4090 2647 4145 audierunt
2671 4103 2685 4141 :
2720 4097 2885 4158 atque
2912 4088 2982 4141 ita
3007 4085 3393 4156 omnicorpori
3424 4085 3860 4147 nuntiatumest,

615 4194 734 4250 Xll.
769 4193 864 4247 Ais
893 4190 1139 4260 posuisse
1188 4187 1502 4242 Matthreum
1536 4202 1550 4241 :
1581 4186 1642 4240 Si
1689 4186 1971 4256 peccaverit
2008 4185 2063 4238 in
2097 4194 2144 4238 te
2247 4182 2510 4255 quidquid
2533 4182 2601 4237 de
2626 4181 2876 4253 corporis
2900 4189 3055 4250 parte
3083 4179 3439 4249 praedicatum
3466 4186 3572 4234 est.

546 4294 707 4360 frater
731 4296 869 4352 tuus,
893 4272 1019 4337 vade
1047 4293 1095 4335 et
1122 4281 1325 4349 corripe
1357 4294 1474 4331 eum
1498 4278 1639 4332 solus
1662 4294 1778 4331 cum
1800 4276 2143 4349 solo(MattIt.
2322 4276 2463 4332 XIV.
2504 4276 2687 4331 Dicam
2721 4273 2933 4344 planius
2959 4288 2972 4327 :
3006 4271 3101 4327 ille
3150 4271 3422 4342 posterior
3464 4268 3721 4341 populus,
3768 4267 3867 4323 ille

544 4379 860 4449 xvur,15);
908 4391 972 4431 ac
1017 4376 1198 4431 Statim
1245 4372 1595 4443 subjunxisse
1628 4372 1953 4427 Dominum:
1988 4358 2159 4438 Qum?
2252 4383 2480 4439 pauper,
2505 4366 2598 4422 ille
2637 4363 2953 4429 mediocris,
2994 4361 3177 4433 imago
3226 4361 3489 4417 Ecclesia:
3520 4359 3652 4424 fuit,
3682 4360 3869 4414 anima

548 4486 765 4543 cumque
785 4468 1069 4523 solverisin
1099 4475 1258 4532 terra,
1290 4464 1464 4518 soluta
1492 4472 1640 4516 erunt
1664 4472 1710 4515 et
1731 4463 1786 4516 in
1808 4462 1943 4516 etatis
1960 4478 1978 4528 ;
2002 4470 2061 4516 ut
2081 4460 2151 4517 ad
2178 4539 2219 4543 _
2258 4460 2483 4515 humilis
2527 4467 2583 4515 et
2635 4457 2879 4512 modesta
2902 4497 2917 4523 ,
2950 4456 3131 4511 anima
3184 4454 3411 4511 liberata
3443 4468 3538 4524 per
3563 4453 3869 4509 Christum.

552 4564 737 4619 fratris
765 4560 1029 4615 oﬂ'ensam
1066 4558 1345 4629 pertinere
1379 4555 1649 4611 videatur.
1695 4556 1832 4627 Age,
1861 4570 1970 4610 non
2001 4554 2154 4610 vides
2178 4539 2234 4600 D
2260 4555 2409 4610 Hanc
2437 4553 2586 4610 venit
2624 4551 2887 4608 Dominus
2918 4550 3126 4604 salvam
3173 4549 3386 4616 facere,
3420 4549 3557 4602 hanc
3607 4546 3753 4618 apud
3790 4546 3872 4601 in-

556 4654 701 4725 quod
732 4669 892 4723 supra
922 4653 1080 4707 dicit:
1104 4651 1165 4707 Si
1192 4652 1247 4705 in
1275 4660 1322 4704 te
1349 4650 1633 4719 peccaverit
1659 4651 1820 4721 frater
1840 4658 1955 4702 tuus
1977 4665 1997 4705 :
2035 4648 2159 4705 heic
2261 4646 2411 4703 feros
2440 4661 2545 4700 non
2575 4643 2797 4713 reliquit
2829 4659 2844 4696 :
2873 4641 2992 4696 haec
3040 4650 3125 4698 est
3172 4641 3292 4696 ovis
3334 4639 3424 4695 illa
3470 4652 3595 4709 qua:
3623 4636 3875 4693 humeris

557 4760 692 4801 vero
719 4744 901 4798 addit:
927 4744 1091 4797 Amen
1120 4743 1236 4797 dico
1255 4742 1415 4796 vobis.
1452 4742 1801 4813 Quoscumque
1828 4742 2078 4796 solveritis
2106 4742 2164 4796 in
2265 4748 2574 4811 reportatur
2611 4754 2627 4792 :
2658 4736 2712 4791 id
2757 4746 2876 4802 est,
2910 4736 3033 4791 nisu
3064 4744 3119 4792 et
3161 4735 3350 4806 vigore
3400 4730 3701 4804 patientiae.
3750 4731 3876 4788 Hec

566 4848 726 4903 terra,
759 4844 863 4891 etc.
896 4835 1036 4889 lllud
1065 4836 1156 4889 uni
1200 4834 1394 4905 jussit,
1428 4833 1533 4888 hoc
1580 4833 1827 4903 pluribus
1864 4834 2161 4890 relaxavit:
2267 4842 2353 4888 est
2406 4826 2666 4887 drachma
2690 4871 2705 4896 ,
2751 4843 2873 4900 qua:
2917 4828 3184 4898 quaeritur
3220 4845 3234 4882 :
3278 4837 3333 4882 et
3362 4825 3597 4891 vicinis,
3650 4825 3877 4880 inventa

560 4932 695 4989 illud
738 4931 860 5001 ipse
904 4930 1069 4984 solvit
1099 4929 1153 4983 in
1183 4942 1344 4999 quem
1373 4926 1709 4993 admittitur;
1750 4929 1854 4984 hoc
1880 4943 2029 4996 vero,
2058 4927 2167 4991 Ec-
2271 4935 2627 4982 monstratur.
2665 4922 2826 4978 Vides
2867 4921 3097 4977 formam
3136 4921 3255 4991 ejus
3309 4918 3653 4976 similitudini
3702 4917 3881 4988 paeni-

570 5024 736 5081 clesia
770 5040 785 5076 :
819 5020 974 5088 illud,
1002 5020 1121 5076 sine
1167 5019 1470 5087 sacerdote,
1506 5019 1627 5076 sine
1654 5020 1941 5088 fratribus;
1966 5022 2071 5077 hoc
2099 5024 2168 5076 ah
2274 5021 2501 5075 tentium
2554 5014 2880 5072 convenire?
2922 5013 3089 5069 Vides
3128 5011 3557 5069 misericordiam
3593 5024 3771 5081 usque
3813 5010 3881 5064 ad

571 5115 828 5170 omnibus
866 5115 1212 5183 impetratur.
1248 5111 1595 5183 Quacumque
1630 5113 1911 5179 solveritis,
1962 5113 2167 5181 inquit;
2276 5112 2381 5168 hoc
2420 5120 2635 5181 tempus
2680 5106 2938 5164 extendi?
2986 5104 3155 5162 Vides
3205 5119 3565 5177 quaecumque
3615 5102 3882 5159 Ecclesia

574 5208 799 5264 omnino
844 5206 977 5261 nihil
1025 5204 1246 5273 excipit.
1281 5203 1645 5274 Qutecumque,
1688 5204 1863 5273 inquit
1896 5223 1909 5259 :
1943 5203 2028 5259 vel
2058 5219 2173 5260 ma-
2276 5201 2519 5259 nascenti
2546 5201 2688 5258 dicta
2719 5209 2867 5265 sunt,
2897 5198 2964 5254 ad
2995 5197 3392 5267 plenitudinem
3416 5195 3681 5252 Ecclesia:
3707 5194 3881 5266 perti-

572 5315 699 5372 gna,
725 5298 810 5355 vel
839 5297 1073 5354 modica.
1109 5293 1345 5353 Attende
1373 5294 1517 5363 quod
1561 5293 1627 5348 ad
1660 5294 1881 5350 Petrum
1909 5295 2055 5351 dicat
2084 5296 2171 5351 in-
2278 5297 2450 5353 nere?
2475 5296 2603 5352 Inde
2629 5295 2701 5352 ibi
2726 5294 2993 5350 Dominus
3021 5291 3259 5363 adjecit:
3307 5292 3399 5347 Sic
3422 5290 3520 5345 erit
3545 5288 3805 5362 gaudium
3831 5288 3883 5341 in

576 5391 747 5448 ferius
776 5390 829 5445 id
852 5389 997 5460 quod
1035 5394 1290 5459 peccatur
1331 5386 1386 5441 in
1430 5385 1732 5452 hominem,
1787 5390 2091 5459 scptuagies
2121 5399 2175 5444 et
2281 5392 2405 5446 caelo
2453 5407 2608 5461 super
2652 5405 2812 5443 unum
2868 5396 3184 5459 peccatorem
3232 5384 3580 5456 paenitentiam
3624 5391 3880 5453 agattem,

575 5485 786 5556 septies
809 5480 1203 5547 relaxandum;
1260 5486 1320 5534 ut
1361 5477 1636 5542 ostendat,
1683 5478 1818 5534 alias
1867 5480 1955 5536 vel
2005 5482 2177 5537 semel
2281 5501 2437 5555 quam
2466 5501 2617 5557 super
2646 5482 2928 5554 nonaginta
2969 5495 3147 5536 novem
3188 5481 3397 5550 justas,
3442 5475 3625 5549 quibus
3654 5490 3764 5529 non
3792 5473 3888 5545 fuit

578 5575 984 5647 posse.Tamen
1002 5574 1093 5646 qui
1119 5574 1172 5629 in
1200 5572 1423 5628 Petrum
1455 5581 1665 5644 peccat,
1686 5570 1973 5627 Dominum
1993 5573 2173 5630 laedit:
2284 5594 2416 5649 opus
2461 5577 2755 5650 poenitentia
2784 5573 2941 5644 (Luc.
2973 5588 3065 5639 xv,
3096 5570 3173 5642 7).
3205 5569 3342 5627 Nam
3391 5569 3439 5625 si
3481 5567 3666 5624 omnia
3694 5567 3789 5622 illa
3818 5564 3888 5620 ad

654 5728 681 5755 ι
724 5716 1172 5798 Qualiterzborte
1205 5711 1493 5798 legendum
1520 5728 1644 5769 cum
1679 5711 1918 5779 Latinio,
1951 5714 2173 5797 (equali-

1951 5714 2173 5797 tequali-
2282 5714 2567 5798 wqual'it'er,
2598 5722 2789 5798 tamen,
2814 5720 2921 5798 etc.
2960 5782 2992 5798 ’Δ
3028 5779 3047 5798 Ι
3106 5779 3142 5798 Δ.
3189 5778 3201 5789 .
3520 5776 3564 5798 Ἦ

583 5796 683 5854 ην,
728 5775 784 5841 Et
824 5786 903 5844 sic
952 5775 1397 5858 distinguendum
1430 5800 1443 5839 :
1473 5785 1528 5840 in
1568 5800 1839 5843 commune
1873 5775 2177 5857 praecipiens
2339 5775 2385 5827 ’δ
2426 5775 2812 5842 ΙΗαήιεηιὺνὰ.
2842 5782 2999 5854 Legit
3025 5778 3293 5848 Latinius,
3324 5796 3393 5833 an
3430 5793 3484 5833 IN
3512 5775 3606 5832 illa
3636 5776 3890 5831 more.
