4094 6190
326 273 466 331 1075

1680 281 1700 346 ξ
1727 279 2065 338 EPISTULA
2104 280 2193 337 Ill.

3494 289 3633 347 1074

321 390 752 447 commonendos
786 405 885 448 nos
913 392 1118 460 scripta
1146 401 1301 457 sunt;
1334 394 1420 450 cui
1448 395 1667 452 tandem
1689 398 1922 469 populus
1948 402 2003 464 Α
2026 415 2125 471 per
2150 410 2396 458 sanctum
2420 402 2683 475 Spiritum
2714 405 3162 476 gerebantur.-ln
3182 408 3402 463 caeteris
3432 409 3633 479 quippe

321 484 416 540 ille
437 494 689 555 peccator
728 485 952 543 humilis
978 488 1410 559 comparabitur,
1443 488 1547 544 nisi
1578 492 1779 561 populo
1806 506 1923 562 pte-

321 577 554 633 nitenti?
578 581 656 634 Ac
680 580 725 635 si
760 580 943 651 figuris
976 580 1028 635 in
1058 580 1306 637 ordinem
1338 583 1771 649 recurrentibus,
1819 601 1923 640 no-

322 672 539 740 naginta
574 688 768 728 novem
795 689 942 729 sanae
964 715 981 741 ,
1027 675 1206 731 omnis
1240 676 1484 732 Ecclesia
1512 686 1624 743 est;
1658 694 1765 733 una
1792 694 1923 735 vero

259 782 263 787 '
321 767 573 832 erratica,
599 765 1035 837 delinquentium
1063 770 1401 838 portiuncula
1431 781 1513 826 est
1538 789 1549 822 :
1575 786 1637 826 ac
1666 772 1922 829 drachma

319 874 440 929 qua:
467 859 649 930 periit,
684 862 855 915 miser
877 860 969 915 ille
996 872 1249 931 peccator
1274 874 1357 918 est
1385 882 1398 917 :
1423 864 1642 919 rediens
1666 876 1788 935 post
1816 882 1925 922 ma-

318 956 369 1007 la
399 967 496 1007 sua
529 953 691 1020 (ilius,
739 953 1023 1023 redempto
1068 955 1150 1009 illi
1193 957 1391 1012 similis
1435 958 1756 1013 aestimatur.
1802 959 1919 1015 Jam

316 1054 466 1102 recte
506 1061 536 1101 a
561 1062 648 1102 me
676 1049 913 1117 positum
942 1048 1118 1116 vides,
1150 1064 1275 1104 cum
1312 1051 1379 1105 de
1411 1053 1790 1121 paenitentiam
1821 1068 1918 1108 cu-

316 1139 530 1195 ratione
558 1149 886 1206 tractarem,
936 1142 1141 1197 dixisse
1169 1143 1501 1198 Dominum:
1550 1144 1672 1199 Non
1696 1155 1771 1200 est
1794 1163 1922 1216 opus

311 1230 455 1285 sanis
508 1230 729 1299 medico,
784 1234 875 1286 sed
921 1234 1054 1287 male
1104 1233 1404 1289 habentibus
1449 1235 1664 1305 (Matth.
1700 1253 1773 1301 ix,
1804 1237 1916 1307 12).

313 1318 482 1377 Recte
519 1331 574 1376 et
601 1322 734 1376 illud
765 1339 778 1374 :
804 1321 950 1377 Beati
986 1324 1241 1394 lugentes,
1265 1326 1510 1395 quoniam
1534 1327 1634 1398 ipsi
1679 1329 1920 1382 consola-

314 1414 505 1470 buntur
535 1414 749 1486 (Matth.
782 1431 836 1481 v,
866 1415 944 1486 5).
971 1416 1247 1485 Quidquid
1279 1418 1349 1472 de
1380 1418 1690 1486 publicanis
1711 1430 1765 1474 et
1795 1436 1917 1490 pec-

313 1508 591 1563 catoribus
618 1509 823 1564 dictum
853 1519 958 1574 est,
989 1511 1056 1564 ad
1100 1526 1275 1582 :cgros
1304 1528 1496 1568 omnes
1524 1526 1577 1568 et
1598 1530 1792 1569 omnes
1816 1515 1920 1570 mi-

313 1612 471 1655 seros
500 1599 818 1670 pertinebit.

389 1695 504 1749 XV.
541 1696 616 1750 De
646 1697 804 1761 solis,
833 1696 914 1749 ais
940 1696 1201 1766 scriptum
1229 1713 1349 1754 esse
1372 1700 1700 1771 martyribus
1731 1718 1744 1753 :
1774 1700 1922 1755 Beati

2029 494 2293 563 peccatis,
2342 506 2432 549 aut
2460 512 2651 553 errore
2704 499 2962 562 labimur,
3011 507 3106 554 aut
3131 508 3278 555 metu
3308 500 3629 572 frangimur,

2027 593 2115 638 aut
2147 586 2327 640 carnis
2359 587 2679 644 inﬁrmitate
2723 605 3062 659 superamur.
3120 590 3245 646 llmc
3293 594 3511 647 caecitas
3553 602 3639 649 est

2028 692 2134 733 non
2184 678 2372 732 videre
2421 680 2566 748 quod
2599 681 2811 749 videas,
2870 691 2924 735 et
2964 683 3138 737 sancti
3184 682 3417 754 Spiritus
3472 700 3639 753 orera

2026 768 2243 823 diabolo
2272 770 2554 838 deputare,
2587 787 2819 842 eamque
2847 774 3073 843 gloriam
3126 774 3339 829 Domini
3385 792 3485 846 qua
3519 776 3635 829 dia-

2028 859 2181 913 bolus
2233 859 2348 930 ipse
2400 872 2722 931 superatur,
2774 864 2979 919 diaboli
3026 866 3301 935 appellare
3349 867 3626 922 virtutem.

2028 949 2053 987 b
2084 950 2194 1004 l-luc
2232 961 2313 1005 est
2341 967 2473 1020 ergo
2502 954 2645 1022 quod
2700 972 2806 1008 non
2838 954 3186 1010 dimittetur:
3213 958 3421 1029 reliqua
3473 960 3634 1015 bonis

2025 1045 2439 1113 pmuitcntibus,
2468 1044 2634 1101 frater
2674 1048 3097 1118 Sympmniane,
3125 1050 3414 1106 donantur.

2098 1138 2235 1194 XVI.
2269 1140 2539 1203 l’osthmc,
2592 1143 2659 1196 de
2696 1143 2985 1196 sarmentis~
3012 1155 3064 1197 et
3094 1145 3203 1200 vite
3228 1146 3484 1213 proponis
3508 1146 3586 1201 sic
3614 1164 3629 1202 :

2024 1229 2113 1284 Ait
2148 1231 2407 1286 Dominus
2436 1232 2577 1302 apud
2609 1234 2871 1289 Joannem
2910 1254 2921 1289 :
2958 1234 3072 1306 Ego
3118 1254 3231 1290 sum
3279 1240 3390 1290 vitis
3418 1254 3554 1304 rem,
3585 1249 3635 1292 et

2026 1320 2185 1374 Pater
2208 1339 2346 1377 meus
2371 1324 2653 1393 agricultor
2675 1336 2769 1379 est.
2794 1326 2956 1380 Omne
2977 1338 3288 1381 sarmentum
3316 1330 3367 1381 in
3398 1345 3475 1381 me
3494 1330 3634 1398 quod
3690 1320 3691 1323 η

2024 1429 2125 1465 non
2156 1412 2308 1479 a/fert
2347 1417 2605 1483 fructum,
2650 1416 2793 1470 tollet
2813 1416 2980 1482 illud;
3008 1428 3055 1469 et
3098 1435 3246 1472 omne
3282 1422 3633 1489 fruetiferum,

2023 1506 2260 1577 purgat-it
2282 1506 2413 1560 illud
2445 1506 2622 1576 (Joan.
2658 1526 2751 1575 xv,
2782 1511 2860 1579 1).
2893 1510 3056 1563 Vides
3108 1513 3273 1581 igitur
3304 1513 3357 1565 in
3388 1529 3636 1568 sarmen-

2023 1596 2093 1649 tis
2118 1598 2347 1650 lructum
2381 1602 2603 1665 requiri,
2662 1601 2712 1653 id
2764 1614 2843 1654 est
2895 1602 3041 1657 bona
3070 1618 3239 1672 opera
3275 1605 3632 1672 gmnitentite,

2024 1687 2164 1742 sicut
2190 1688 2429 1743 Joannes
2461 1694 2533 1743 ait
2566 1709 2578 1745 :
2611 1690 2795 1745 Facite
2825 1709 2944 1764 ergo
2966 1698 3191 1765 fructum
3230 1696 3442 1769 dignum
3471 1698 3637 1768 paeni-

312 1788 565 1857 tugentes.
597 1787 771 1844 Nemo
814 1804 945 1859 ergo
980 1798 1182 1859 praeter
1210 1791 1353 1857 illos,
1398 1801 1622 1861 peccata
1652 1809 1744 1847 sua
1775 1794 1923 1863 plan-
1955 1794 2003 1853 B
2031 1781 2200 1834 ιθητίίε
2224 1781 2440 1839 (Μαιιίιο
2476 1799 2559 1849 ηις
2589 1784 2667 1855 8).
2700 1785 2866 1843 Vides
2906 1800 3181 1842 sarmenta
3215 1793 3469 1860 purgari,
3514 1807 3636 1862 qua:

311 1878 423 1950 git?
453 1878 572 1934 Non
621 1880 787 1933 David
821 1880 1059 1935 clamat:
1111 1880 1317 1936 Lavabo
1356 1899 1446 1951 per
1485 1884 1718 1953 singulas
1748 1894 1920 1939 noctes

311 1973 501 2027 lectum
523 1989 692 2027 meum
730 1972 904 2044 (Psal.
936 1990 1011 2040 vt,
1042 1974 1121 2045 7).
1156 1975 1223 2030 Et
1268 1977 1466 2030 iterum
1510 1996 1523 2031 :
1561 1977 1818 2044 Quoniam
1845 1980 1923 2031 ci-

308 2084 501 2135 nerem,
537 2069 671 2122 sicut
694 2085 881 2139 panem
904 2069 1019 2134 edi;
1050 2080 1099 2122 et
1130 2081 1308 2137 potum
1331 2086 1499 2123 meum
1530 2087 1646 2123 cum
1674 2073 1798 2140 ﬂetu
1824 2072 1922 2124 mi-

274 2192 277 2195 ν
308 2160 510 2214 scebam
541 2159 720 2231 (Psal.
749 2175 822 2225 cr,
850 2158 961 2231 10).
982 2158 1099 2214 Νοη
1118 2159 1286 2215 Jacob
1309 2160 1476 2216 dicit:
1505 2161 1639 2215 Anni
1661 2163 1778 2215 vita:
1800 2178 1923 2216 mea:

309 2252 575 2306 durissimi
602 2251 776 2322 (Psal.
810 2267 972 2317 vau,
1014 2251 1094 2323 9).
1147 2251 1264 2307 Non
1296 2252 1594 2322 Apostolus
1637 2252 1701 2307 ad
1732 2254 1919 2308 Timo-

308 2342 495 2397 theum
524 2359 537 2395 :
569 2341 882 2398 Desiderans
911 2352 958 2396 te
987 2342 1180 2409 videre,
1208 2358 1403 2397 memor
1432 2343 1778 2413 lacrymarum
1808 2355 1921 2398 tua-

306 2450 424 2489 rum
454 2433 525 2504 (ll
554 2432 691 2488 Tim.
722 2451 763 2502 ι,
789 2434 883 2505 4)ἳ
903 2434 1015 2489 Νεε
1044 2444 1225 2490 tamen
1252 2434 1356 2490 hoc
1378 2435 1445 2490 de
1471 2445 1712 2505 martyre
1736 2436 1920 2506 loqueo

307 2528 493 2584 batur.
522 2527 663 2594 Quid
692 2528 871 2582 nunc?
905 2527 1086 2582 Miseri
1134 2528 1462 2597 poenitentes
1499 2528 1679 2583 siccos
1720 2528 1923 2584 habent

308 2620 541 2677 oculos?
562 2620 630 2675 Et
650 2621 739 2691 qui
764 2635 1025 2691 peccasse
1060 2635 1120 2676 se
1149 2621 1365 2686 dolent,
1394 2620 1526 2676 ﬂere
1551 2636 1658 2676 non
1687 2624 1921 2677 norunt?

308 2713 414 2782 Ipsi
454 2714 951 2781 communicantes,
985 2714 1086 2782 ipsi
1118 2713 1311 2770 ﬁdeles
1333 2756 1350 2780 ,
1381 2714 1652 2785 lacrymas
1684 2730 1791 2769 non
1825 2716 1922 2769 ha-

306 2806 540 2862 bemus?
569 2806 890 2877 Quempiam
918 2815 1164 2861 nostrum
1191 2849 1205 2873 ,
1237 2807 1511 2877 gaudente
1538 2808 1764 2876 mundo,
1789 2824 1919 2879 gau-

307 2900 438 2955 dere
464 2899 737 2955 delectat?
768 2900 879 2955 Vos
902 2899 1213 2965 Novatiani,
1237 2902 1346 2968 iam
1366 2900 1543 2954 satiati
1568 2902 1714 2967 estis,
1738 2902 1920 2958 divites

308 2992 431 3063 facti
451 2994 593 3058 estis,
620 2994 733 3047 sine
750 2992 896 3048 nobis
913 3010 1131 3064 regnare
1152 2994 1377 3065 coepistis
1401 2992 1442 3057 (Ι
1461 2992 1580 3048 Cor.
1604 3009 1679 3061 tv,
1699 2994 1780 3065 8).
1800 2992 1918 3050 Non

306 3099 437 3152 ergo
460 3094 485 3121 ει
515 3085 748 3155 quisque
788 3084 1112 3140 miserabilis
1144 3093 1250 3150 est,
1285 3088 1360 3139 ita
1388 3085 1583 3153 incipit
1604 3099 1727 3141 esse
1755 3087 1919 3141 mise-

2021 1888 2143 1929 sunt
2172 1876 2497 1932 detrimenta
2524 1882 2735 1945 carnis,
2757 1880 2952 1934 damna
2980 1882 3203 1946 laetitiae,
3234 1884 3433 1937 dainna
3459 1886 3634 1954 patri-

2023 1967 2186 2022 monii
2211 2009 2223 2029 ,
2260 1969 2381 2023 vita:
2410 1970 2655 2037 labores;
2687 1976 2776 2042 qui
2818 1984 2973 2027 actus
3007 1976 3224 2044 proprie
3254 1976 3636 2044 [militantium

2021 2069 2166 2115 sunt.
2194 2061 2360 2116 Vides
2406 2066 2568 2117 etiam
2624 2066 3013 2135 agriculturam
3073 2067 3325 2133 Domini,
3371 2072 3462 2139 qui
3518 2070 3637 2139 ipsa

2023 2153 2185 2207 etiam
2233 2166 2511 2211 sarmenta
2559 2173 2665 2212 non
2701 2160 2914 2226 perdat,
2947 2159 3041 2213 sed
3087 2171 3279 2229 purget
3305 2172 3358 2216 et
3386 2162 3635 2231 colligat,

2024 2244 2200 2314 aliqua
2231 2246 2389 2314 plane
2427 2249 2478 2301 in
2524 2249 2701 2318 ignem
2722 2292 2736 2315 ,
2770 2250 2950 2320 aliqua
2980 2253 3324 2307 novellandis
3352 2252 3637 2324 pastinan-

2023 2338 2216 2407 disque
2246 2340 2439 2395 vineis.
2468 2342 2548 2395 Eli
2580 2343 2862 2409 sacerdos,
2890 2345 2989 2403 ais,
3022 2345 3260 2415 loquitur
3281 2356 3335 2401 et
3363 2346 3495 2401 dicit
3524 2362 3537 2399 :
3571 2345 3635 2402 Si

2022 2431 2100 2485 trir
2123 2434 2175 2485 in
2198 2434 2363 2485 virum
2407 2437 2725 2504 peccaverit,
2781 2436 3003 2490 orabunt
3055 2453 3149 2506 pro
3194 2455 3250 2491 eo
3265 2455 3284 2503 ;
3315 2439 3359 2491 si
3380 2448 3550 2494 autem
3578 2441 3636 2494 in

2022 2520 2188 2577 Deum
2231 2528 2512 2595 peccaverit
2540 2528 2653 2596 quis
2701 2528 2870 2581 orabit
2920 2544 3014 2592 pro
3048 2543 3108 2582 eo
3147 2528 3205 2599 (l
3234 2529 3362 2599 Reg.
3394 2545 3458 2597 ιι,
3487 2530 3582 2603 ΞΒ)
3612 2532 3635 2585 ?

2024 2617 2265 2673 Joannes
2322 2620 2508 2674 itidem
2548 2642 2562 2676 :
2597 2621 2659 2677 Si
2698 2624 2813 2692 quis
2857 2623 2953 2676 scit
2983 2638 3196 2692 peccare
3235 2628 3448 2692 fratrm
3484 2642 3637 2679 suum

2023 2722 2285 2783 peccatum
2312 2730 2417 2767 non
2443 2715 2621 2783 utique
2647 2715 2717 2767 ad
2746 2724 2981 2779 mortem,
3014 2715 3293 2783 postulabit
3324 2733 3418 2785 pro
3462 2734 3541 2784 eo,
3586 2728 3637 2771 et

2022 2804 2166 2858 dabit
2194 2804 2277 2859 illi
2318 2806 2477 2860 vitam
2507 2804 2668 2860 Deus.
2708 2805 2802 2862 Est
2849 2816 3021 2859 autem
3068 2817 3336 2877 peccatum
3380 2810 3519 2876 quod
3568 2812 3637 2863 ad

2023 2905 2241 2949 mortem
2264 2896 2427 2959 ducit,
2456 2912 2560 2951 non
2581 2912 2676 2968 pro
2702 2896 2796 2950 illo
2820 2897 2934 2949 dico
2954 2907 3009 2950 ut
3036 2897 3321 2967 depreceris
3342 2898 3557 2965 (lJoan.
3579 2914 3631 2965 v,

2026 2984 2141 3058 16).
2173 2986 2340 3042 Vides
2370 2989 2473 3042 hoc
2504 2997 2674 3043 totum
2698 2987 2765 3042 ad
2788 2995 3005 3057 peccata
3026 2990 3305 3043 manentia
3331 2990 3634 3060 pertinere,

2024 3094 2129 3135 non
2162 3079 2228 3134 ad
2260 3094 2358 3135 eos
2396 3080 2489 3151 qui
2527 3080 2825 3152 aliquando
2859 3082 3237 3150 peccaverint,
3280 3092 3335 3136 et
3371 3084 3641 3153 cmperint

308 3176 533 3232 randus.
564 3176 693 3232 Post
736 3176 851 3231 haec
899 3176 1186 3246 proponis,
1236 3184 1292 3232 et
1328 3176 1466 3231 dicis
1502 3176 1765 3248 scriptum
1796 3192 1919 3233 esse
1948 3170 1993 3234 C
2024 3174 2320 3243 poenitere,
2352 3182 2478 3227 ante
2505 3188 2667 3243 quam
2699 3173 2986 3242 quisquam
3014 3189 3114 3243 pro
3145 3172 3257 3228 illis
3288 3184 3464 3245 roget.
3492 3173 3640 3228 Lon-

308 3284 408 3341 per
442 3269 730 3323 Dominum
765 3285 779 3323 :
813 3267 979 3322 Omne
1011 3278 1278 3336 peccatum
1322 3277 1370 3323 et
1398 3268 1721 3337 blasphemia
1744 3270 1920 3323 remit-

308 3371 442 3417 tetur
462 3359 791 3426 hominibus;
816 3360 919 3426 Qui
956 3370 1129 3414 autem
1164 3360 1221 3413 in
1264 3360 1523 3430 Spiritum
1547 3369 1782 3414 sanctum
1800 3376 1921 3431 pec-

307 3454 517 3519 caverit,
570 3469 675 3507 non
704 3452 991 3531 dimittetur
1031 3453 1079 3505 ei
1122 3468 1285 3523 neque
1321 3453 1427 3521 hic,
1476 3468 1639 3523 neque
1666 3454 1719 3506 in
1742 3455 1918 3523 futuro

310 3545 533 3616 (Matth.
564 3560 661 3612 xu,
689 3546 781 3611 51,
802 3544 922 3615 52).
956 3547 1064 3600 Αιιι
1085 3560 1187 3615 ego
1217 3545 1395 3603 fallor.
1435 3554 1529 3600 aut
1554 3546 1696 3601 istud
1737 3560 1921 3601 exem-

312 3639 455 3707 plum
496 3648 684 3694 contra
728 3645 782 3693 te
833 3638 999 3692 valet.
1047 3636 1178 3691 Nam
1238 3638 1281 3691 si
1331 3653 1492 3693 omne
1536 3644 1821 3707 peccatum
1862 3646 1918 3693 et

311 3728 645 3800 blasphemia
698 3729 1049 3795 relaxabitur,
1098 3730 1252 3784 vides
1280 3729 1493 3785 veniam
1525 3731 1919 3800 paenitentibus

309 3836 417 3876 non
459 3804 663 3893 negari.
696 3820 846 3892 Ergo
889 3835 1050 3877 omne
1072 3832 1375 3890 peccatum,
1407 3836 1542 3893 ergo
1562 3822 1680 3892 ipsa
1704 3838 1920 3893 quoque

309 3915 666 3985 blasphemia.
719 3914 900 3969 Habes
942 3912 1183 3968 additum
1215 3914 1525 3970 secundum
1558 3914 1761 3968 Lucam
1799 3932 1812 3968 :
1849 3913 1920 3967 Et

307 4006 361 4060 in
383 4007 551 4075 [ilium
571 4005 791 4061 hominis
810 4007 1095 4077 peccaverit
1114 4009 1397 4059 remittetur
1424 4007 1469 4059 ei
1501 4005 1654 4077 (Luc.
1675 4021 1771 4074 xu,
1802 4005 1912 4077 l0).

307 4098 447 4165 Quid
478 4097 578 4151 hoc
607 4099 838 4165 amplius
862 4098 930 4154 de
977 4099 1354 4153 misericordia
1399 4099 1531 4163 Dei,
1566 4097 1634 4153 de
1676 4096 1918 4154 clemen-

309 4192 380 4247 tia
406 4190 732 4261 judicantis?
763 4193 845 4245 An
891 4206 998 4246 non
1029 4190 1237 4246 invidet
1266 4191 1458 4246 oculus
1490 4200 1639 4257 tuus,
1661 4191 1792 4260 quia
1818 4191 1917 4246 bo-

308 4301 412 4343 nus
450 4294 537 4341 est
580 4283 973 4355 paterfamilias
998 4284 1217 4356 (Matth.
1252 4300 1355 4350 xx,
1381 4281 1508 4354 15)?
1536 4283 1657 4338 Non
1684 4282 1813 4339 licet
1835 4284 1918 4337 illi

308 4378 512 4445 facere,
538 4377 680 4448 quod
708 4376 863 4432 vult?
894 4377 1031 4444 Quin
1062 4379 1231 4432 immo
1251 4418 1266 4443 ,
1306 4386 1360 4431 tu
1380 4375 1494 4447 quis
1518 4392 1570 4430 es
1598 4376 1685 4446 qui
1703 4376 1917 4447 judicas

309 4472 552 4527 servum?
577 4470 799 4527 Domino
823 4487 916 4526 suo
938 4480 1060 4537 stat,
1101 4481 1192 4525 aut
1213 4471 1349 4525 cadit
1375 4487 1393 4526 :
1421 4470 1613 4525 Potens
1639 4479 1713 4523 cst
1741 4479 1915 4523 autem

2019 3280 2147 3335 gum
2174 3274 2279 3331 est,
2312 3274 2371 3319 ut
2418 3266 2665 3335 exempla
2714 3266 3063 3337 replicemus.
3099 3266 3341 3321 Attende
3376 3266 3634 3322 universa

2023 3368 2241 3427 peccata
2274 3359 2473 3429 quibus
2516 3360 2783 3414 Dominus
2828 3361 3193 3415 comminatur
3225 3378 3237 3412 :
3266 3361 3377 3429 jam
3421 3359 3636 3419 videbis

2020 3464 2146 3506 esse
2178 3453 2486 3520 praesentia.
2516 3452 2669 3519 Quod
2721 3454 2767 3507 si
2807 3467 2915 3507 non
2966 3451 3209 3522 proderit
3236 3453 3383 3522 justo
3412 3452 3466 3506 iu
3497 3461 3636 3507 tem-

2021 3557 2151 3610 pore
2190 3542 2493 3612 iniquitatis
2547 3558 2659 3598 sum
2715 3544 2985 3613 prieterita
3029 3545 3277 3615 justitia;
3324 3561 3431 3600 non
3459 3544 3636 3600 oberit

2021 3634 2186 3705 impio
2230 3636 2285 3690 in
2343 3645 2588 3705 tempore
2628 3636 2856 3706 iustitiae
2917 3653 3029 3691 suae
3070 3636 3329 3707 iniquitas
3375 3636 3636 3693 derelicta

2022 3727 2239 3801 (Ezech.
2267 3744 2421 3799 xvut,
2444 3729 2562 3801 Ἡ),
2590 3745 2711 3785 cum
2764 3730 3024 3799 scriptum
3077 3730 3149 3784 sit
3180 3747 3193 3783 :
3228 3728 3509 3800 Relinquat
3537 3730 3636 3783 im-

2021 3823 2137 3889 pius
2162 3822 2273 3874 vias
2304 3837 2447 3887 suas,
2482 3832 2529 3875 et
2577 3822 2655 3874 vir
2686 3823 3010 3893 facinorosus
3039 3822 3377 3894 cegitationes
3408 3836 3562 3886 suas;
3583 3828 3636 3873 et

2019 3922 2345 3967 convertatur
2386 3914 2455 3967 ad
2511 3912 2682 3967 Deum
2730 3924 2779 3967 et
2838 3914 3247 3967 misericordiam
3294 3923 3633 3983 consequetur

2020 4004 2155 4075 (Isa.
2191 4020 2278 4071 LV,
2306 4004 2386 4075 7).
2431 4004 2587 4071 Quod
2619 4005 2664 4059 si
2710 4004 2855 4060 Deus
2882 4004 3046 4059 etiam
3092 4013 3312 4075 peccata
3356 4005 3635 4076 praeterita

2022 4097 2257 4166 punivit,
2292 4107 2313 4133 ο
2338 4095 2516 4166 deque
2566 4096 2856 4150 transactis
2901 4106 2954 4151 et
2996 4097 3383 4166 praetermissis
3412 4110 3631 4167 ptenam

2019 4188 2453 4260 suppliciumque
2475 4189 2794 4254 constituit;
2821 4204 2941 4258 age,
2976 4204 3083 4244 non
3134 4188 3296 4245 habet
3324 4190 3378 4243 in
3409 4203 3504 4245 sua
3533 4202 3631 4259 po-

2019 4288 2217 4334 testate
2251 4289 2462 4334 mutare
2506 4280 2875 4335 sententiam?
2901 4278 3021 4335 Non
3047 4278 3256 4345 Rabab,
3285 4295 3392 4333 non
3438 4278 3624 4333 Nabu-

2018 4370 2367 4425 chodonosor
2395 4386 2605 4439 regem,
2643 4386 2753 4426 non
2785 4371 3142 4435 Gabaonitas,
3193 4386 3299 4425 non
3339 4368 3632 4435 Ninivitas,

2020 4479 2126 4519 non
2180 4463 2354 4532 Segor
2402 4478 2430 4514 a
2484 4462 2743 4529 praedicto
2784 4462 3009 4517 interitu
3040 4460 3324 4515 liberavit?
3364 4459 3485 4515 Non
3530 4474 3630 4529 per

244 4617 247 4621 .
312 4564 452 4619 Deus
472 4574 694 4619 statuere
716 4564 866 4618 illum
891 4563 1066 4633 (Rom.
1094 4580 1207 4629 xtv,
1235 4564 1315 4634 tl).
1346 4563 1452 4619 Sed
1492 4563 1579 4633 qui
1623 4562 1676 4615 in
1708 4561 1915 4629 Spiritu
1942 4548 1996 4609 D
2022 4556 2222 4625 ipsum,
2251 4552 2368 4608 Joel
2392 4561 2542 4606 vates
2572 4552 2687 4607 haec
2716 4552 2893 4606 intulit
2922 4569 2934 4605 :
2968 4551 3339 4606 Convertimini
3358 4551 3425 4605 ad
3446 4548 3633 4605 Domi-

312 4664 489 4711 sancto
502 4654 951 4724 blasphemarerit,
973 4655 1074 4721 ais,
1098 4670 1198 4708 non
1226 4654 1511 4707 remittetur
1528 4653 1575 4706 ei
1588 4651 1803 4722 (Matth.
1820 4667 1917 4718 xu,

313 4753 440 4825 52).
483 4752 657 4817 Soles,
692 4761 838 4807 totas
862 4767 1185 4822 percurrere
1223 4751 1525 4805 lectiones:
1554 4764 1653 4804 cur
1691 4748 1777 4803 hic
1809 4765 1914 4803 non

315 4844 522 4915 legisti,
558 4845 689 4913 quid
720 4844 791 4899 sit
821 4842 985 4911 istud,
1022 4841 1087 4896 In
1115 4841 1365 4912 Spiritu?
1386 4840 1565 4897 Habes
1594 4857 1757 4911 supra
1782 4840 1918 4896 scri-

314 4948 461 5008 ptum
482 4978 497 5005 ,
526 4952 650 4992 cum
683 4936 946 4991 Dominus
973 4934 1240 4989 daemonia
1269 4934 1438 4987 verbo
1462 4933 1693 5003 fugaret,
1726 4943 1781 4988 et
1803 4933 1914 4986 vir-

315 5037 457 5084 tutes
487 5029 685 5083 multas
716 5026 939 5097 speciali
966 5027 1153 5096 vigore
1181 5022 1523 5092 compleret,
1546 5023 1753 5079 dixisse
1778 5023 1917 5079 Pha-

313 5123 543 5178 riswos:
594 5120 696 5175 Hic
719 5137 823 5175 non
845 5117 1058 5191 expellit
1098 5118 1353 5173 daemonia
1402 5117 1501 5170 nisi
1548 5117 1602 5169 in
1632 5114 1917 5170 Beelzebub

315 5214 548 5283 principe
568 5212 945 5267 daemoniorum
986 5207 1175 5282 (Ibid.,
1201 5206 1297 5279 24)
1331 5224 1343 5261 :
1377 5209 1479 5262 hoc
1501 5215 1605 5271 est,
1651 5206 1707 5261 in
1747 5205 1920 5278 Spiri-

318 5313 429 5360 tum
458 5314 708 5361 sanctum
758 5302 1077 5373 deliquisse,
1106 5302 1178 5371 ,in
1224 5315 1287 5355 ea
1336 5300 1745 5370 blasphemasse
1794 5316 1919 5373 qua:

386 5463 702 5535 éQuisque.
736 5458 1278 5535 Leg.utguis‘q_ue.
1478 5524 1489 5535 ι
1572 5524 1603 5535 Α
1657 5524 1693 5535 ἢ
1767 5523 1779 5535 .
1861 5523 1873 5535 .

384 5534 414 5573 ι)
443 5524 648 5588 Hocest
668 5524 934 5602 ergo,etc._
960 5524 1360 5602 Rite’intellige.
1379 5524 1543 5602 verba
1571 5524 1627 5580 S.
1656 5524 1911 5579 Paciani:

316 5605 520 5677 reliqua
548 5594 765 5677 peccat'a
794 5594 1190 5677 'dimittihbon‘is
1217 5594 1631 5677 partitentibus,
1672 5609 1778 5676 non
1817 5609 1917 5677 au-

317 5665 847 5746 tem'blasphemiam
899 5672 951 5724 in
994 5665 1259 5736 Spiritum
1290 5673 1539 5746 sanctum
1573 5680 1586 5717 :
1620 5667 1743 5733 quia
1772 5665 1918 5720 ordi-

320 5747 468 5803 narie
489 5754 542 5801 ct
574 5735 630 5798 nt
655 5742 947 5813 plurimum
973 5735 1250 5811 pessulum
1272 5735 1539 5807 ejusmodi
1566 5751 1673 5790 non
1696 5747 1917 5790 curatur

2022 4663 2145 4702 num
2179 4645 2345 4700 Deum
2400 4656 2660 4710 vestrum,
2708 4644 2961 4713 simulque
2996 4643 3226 4717 jejunio,
3282 4654 3330 4699 et
3374 4645 3528 4713 ﬂetu,
3582 4652 3632 4698 et

2020 4738 2268 4808 planctu;
2293 4736 2417 4807 quia
2447 4735 2740 4789 misericors
2786 4743 2880 4801 est,
2910 4735 3135 4803 patiens,
3177 4744 3225 4789 et
3275 4736 3625 4808 longanimus,

2019 4841 2070 4889 et
2089 4830 2264 4883 multa:
2301 4828 2675 4893 miserationis,
2718 4836 2767 4880 et
2793 4826 3040 4896 paenitens
3066 4828 3121 4880 in
3147 4826 3382 4882 malitiis.
3416 4827 3485 4881 Et
3513 4828 3630 4898 quis

2020 4929 2115 4981 scit
2141 4926 2186 4980 si
2216 4940 2446 4979 reversus
2487 4921 2832 4992 pamitebitur,
2876 4930 2922 4975 et
2951 4922 3204 4992 relinquet
3234 4930 3351 4994 post
3390 4937 3444 4975 se
3477 4921 3629 4974 bene-

2025 5019 2300 5073 dictionem
2328 5016 2489 5087 (Joel.
2521 5030 2579 5082 ιι,
2614 5012 2843 5084 12-14)⁴ἒ
2868 5013 3054 5082 Quare
3070 5014 3244 5070 sicubi
3275 5013 3628 5067 constitutam

2026 5110 2380 5185 peccantibus
2395 5124 2607 5180 pmnam
2633 5108 2976 5178 probaveris,
3005 5107 3110 5163 hoc
3137 5105 3371 5169 tenebis,
3389 5113 3483 5158 aut
3502 5119 3631 5173 pec-

2028 5205 2166 5261 catis
2190 5200 2672 5274 perseverantibus
2685 5199 3066 5263 constitutam,
3085 5204 3175 5251 aut
3188 5194 3496 5250 libertatem
3512 5192 3629 5250 Deo

2030 5298 2274 5355 relictam
2293 5295 2588 5364 mutandae,
2606 5296 2652 5349 si
2676 5294 2965 5363 pueniteas,
2987 5288 3053 5343 ad
3075 5288 3298 5343 meliora
3314 5284 3628 5342 sententiae.

2026 5465 2320 5522 perveram
2342 5447 2716 5522 paenitentiam
2740 5462 2753 5498 :
2778 5444 2926 5522 justo
2948 5440 3173 5522 judicio,
3200 5440 3494 5522 deserente
3517 5439 3633 5522 Deo

2025 5512 2091 5576 ac
2120 5522 2174 5576 in
2204 5512 2499 5590 reprobum
2526 5513 3013 5590 sensumtradente
3028 5526 3129 5590 _eos
3159 5512 3350 5590 qui_i_ta
3370 5521 3629 5590 peccant.

2029 5537 2091 5576 ac
2120 5526 2174 5576 in
2204 5526 2499 5590 reprobum
2526 5526 3013 5570 sensumtraaeute
3034 5526 3129 5567 eos
3159 5528 3249 5583 qui
3275 5526 3350 5565 lla
3370 5526 3627 5636 Beccant.

2029 5592 2149 5648 Vld.
2184 5589 2573 5646 Bellarminum
2596 5586 2689 5638 lib.
2723 5599 2764 5636 ιι
2804 5583 2867 5637 de
2889 5581 3081 5636 Paenit.
3099 5597 3219 5652 cap.
3252 5582 3339 5637 l6.
3416 5597 3627 5640 axsrcn.

2102 5674 2125 5701 ε
2172 5661 2341 5731 Deque
2372 5670 2535 5731 trans.
2571 5654 2662 5731 Sic
2710 5653 2915 5731 optime
2952 5654 3191 5709 restituit
3221 5653 3465 5711 Latinius
3503 5670 3627 5723 pra—-

2026 5746 2147 5787 ram
2177 5726 2447 5785 editorum
2491 5726 2801 5789 lectionem,
2833 5726 2895 5779 de
2921 5740 3021 5789 quo
3050 5732 3210 5777 trans.
