4094 6190
522 252 665 311 1α75

1820 249 2087 319 δΑΝονι-ιι
2115 249 2397 317 “CM!

3674 248 3826 308 ητα

587 366 753 433 χγιι,
786 366 889 432 Ais,
918 366 1097 431 adhuc
1120 406 1137 435 ,
1166 365 1468 435 scriptum:
1516 363 1669 440 Quod
1708 365 1754 418 si
1793 379 1980 425 manus
2022 372 2111 425 tua
2139 366 2187 431 Δ
2214 380 2288 431 vtt
2316 363 2475 433 ,εει
2510 364 2611 425 Vis,
2649 364 2755 427 hoc
2792 363 2973 420 scire?
3001 364 3055 421 in
3084 364 3325 419 secunda
3362 363 3775 429 Corinthiorum
3808 406 3830 426 .

517 459 595 513 vel
634 474 725 528 pes
760 467 880 515 tuus
921 455 1359 519 scandalizaverit
1403 464 1448 513 te
1488 497 1504 529 ,
1555 454 1722 527 abjice
1770 470 1885 509 eum
1933 454 2023 513 abs
2070 465 2116 513 te

519 548 739 620 (Matth.
767 565 827 614 γ,
848 548 963 618 9.9).
994 547 1133 614 Quid
1167 549 1237 607 sit
1265 548 1393 614 hoc,
1414 546 1650 618 Moyses,
1686 547 2116 608 Deuteronomio

520 640 844 697 testiﬁcante
864 681 881 705 ,
913 638 1190 709 prtedixit:
1221 637 1282 693 Si
1310 647 1480 693 autem
1503 650 1739 709 precatus
1762 638 1914 707 fuerit
1942 648 1989 692 te
2009 639 2119 708 [ra—

519 741 593 785 ter
635 740 753 787 tuus
795 729 879 801 (hi
924 739 1048 791 stult
1088 730 1236 785 enim
1276 728 1418 787 oculi
1466 740 1516 783 ct
1551 743 1742 783 manus
1771 728 1994 798 DOSll‘ﬂ?)
2026 737 2118 783 aut

518 823 630 893 [ilia
652 830 765 887 tua,
792 833 881 876 aut
912 838 1040 879 uxor
1069 831 1159 877 tua
1182 836 1299 892 qua:
1317 830 1393 875 est
1427 821 1479 874 in
1506 821 1623 876 sinu
1654 830 1762 885 tuo,
1794 829 1882 873 aut
1906 820 2118 889 (aqualis

520 917 709 970 anima:
731 924 859 980 ιιιιε,
885 914 1095 977 dicens:
1125 912 1320 973 Eamus
1350 920 1395 967 et
1423 914 1711 973 serviamus
1740 912 1843 971 diis
1866 928 1992 983 quos
2015 927 2117 967 non

516 1022 731 1061 noveras
759 1005 937 1078 (Deut.
974 1021 1089 1075 χιιι,
1130 1004 1207 1077 6).
1248 1004 1450 1063 Deinde
1479 1004 1680 1077 adjecit
1724 1003 1986 1059 inferius:
2017 1004 2119 1058 De-

519 1101 652 1167 feres
679 1118 791 1155 eum
820 1142 833 1167 ,
861 1110 907 1154 et
932 1116 1117 1154 manus
1149 1108 1236 1157 tua
1270 1100 1365 1159 erit
1396 1115 1550 1169 super
1577 1099 1751 1168 ipsum
1775 1097 1846 1151 ad
1876 1099 2117 1152 occiden-

519 1195 645 1249 dum
670 1211 805 1249 eum.
842 1194 1006 1255 Vides
1032 1209 1197 1269 ergo,
1229 1209 1336 1249 non
1368 1194 1435 1253 de
1466 1193 1857 1263 tmoitentibus
1885 1193 2116 1259 dictum,

518 1288 612 1343 sed
641 1289 709 1344 de
734 1288 816 1343 his
835 1289 922 1361 qui
944 1302 1053 1351 non
1073 1288 1246 1343 solum
1280 1288 1381 1363 ipsi
1405 1288 1455 1347 in
1483 1287 1721 1347 facinore
1745 1295 2117 1357 perseverant,

522 1397 715 1437 verum
761 1382 927 1437 etiam.
985 1396 1084 1437 nos
1133 1381 1505 1441 seandalizare
1553 1395 1658 1435 non
1720 1379 1995 1437 desinunt.
2056 1380 2119 1443 lli

523 1474 827 1544 quamlibet
855 1474 1010 1535 cbari
1036 1474 1167 1540 sint,
1199 1474 1543 1544 relinquendi
1572 1492 1585 1529 :
1618 1473 1916 1545 quantlibet
1957 1473 2121 1531 utiles

525 1567 813 1631 deserendi
854 1578 999 1629 sunt.
1048 1566 1315 1636 Propontis
1354 1567 1535 1623 adhuc
1565 1568 1771 1625 dixisse
1810 1568 2119 1637 apostolum

528 1662 785 1721 Paulum:
806 1660 1018 1732 Auferte
1046 1661 1241 1717 malum
1270 1674 1336 1715 ex
1361 1661 1501 1721 vobis
1530 1661 1655 1732 ipsis
1686 1660 1731 1732 (ι
1760 1659 1881 1715 Cor.
1906 1677 1958 1725 ν,
1993 1660 2117 1730 1³5);

2220 456 2368 523 hunc
2396 458 2567 528 ipsum
2615 456 2842 526 impium
2889 456 3035 515 idem
3060 455 3264 517 Paulus
3295 457 3553 517 absolvit.
3586 456 3721 519 Nam
3748 456 3837 513 de

2219 549 2338 618 ipso
2372 548 2477 607 ait:
2514 546 2725 618 Sufficit
2750 549 2829 602 illi
2869 549 2957 618 qui
2984 548 3240 620 ejusmodi
3280 558 3353 602 est
3379 590 3395 615 ,
3427 549 3721 621 objurgatio
3759 563 3839 601 ea

2218 655 2332 710 qua:
2355 640 2411 706 ﬁt
2432 655 2463 695 a
2492 639 2755 705 pluribus;
2784 648 2839 692 ut
2867 654 2893 691 e
2915 640 3175 692 contrario
3200 640 3362 709 magis
3395 639 3596 699 donetis
3624 650 3673 697 et
3702 654 3842 695 cona-

2217 730 2473 794 solemini,
2490 745 2552 783 ne
2582 733 2715 800 forte
2740 731 2937 798 maiore
2958 730 3168 784 tristitia
3190 730 3543 795 absorbeatur,
3571 732 3664 802 qui
3687 733 3845 802 ejus-

2219 821 2359 875 modi
2389 830 2497 874 est:
2536 821 2754 891 Propter
2775 823 2916 893 quod
2939 824 3152 878 obsecro
3177 841 3263 879 vos
3282 866 3297 891 ,
3329 834 3384 879 ut
3415 826 3749 877 constituatis
3778 825 3844 879 il

2220 932 2335 969 enm
2365 915 2669 969 charitatem
2714 916 2779 983 (ll
2812 914 2933 971 Cor.
2970 931 3050 981 tt,
3082 916 3230 987 6-8).
3262 916 3396 979 Item
3430 917 3601 971 infra:
3639 915 3709 971 Si
3752 916 3849 969 cui

2222 1018 2391 1062 autem
2423 1008 2622 1077 aliquid
2650 1008 2877 1062 donastis
2904 1048 2920 1073 ,
2952 1016 2999 1060 et
3031 1024 3153 1079 ego:
3201 1025 3321 1065 nam
3362 1018 3409 1065 et
3444 1025 3536 1081 ego
3564 1008 3715 1078 quod
3738 1009 3850 1061 do-

2222 1100 2360 1163 navi,
2388 1108 2596 1171 pr0pter
2622 1116 2707 1153 vos
2729 1100 2779 1152 in
2805 1115 3024 1169 persona
3052 1100 3267 1163 Christi,
3287 1111 3337 1153 ut
3372 1118 3473 1163 non
3499 1100 3851 1171 possideatur

2222 1204 2462 1247 asatana
2512 1191 2674 1262 (Ibid.
2723 1191 2837 1263 10).
2882 1192 3045 1251 Vides
3091 1194 3337 1262 Apostoli
3380 1193 3788 1271 indulgentiam
3825 1236 3843 1259 ,

2225 1286 2473 1357 preprias
2510 1284 2672 1347 etiam
2702 1287 3017 1351 sententias
3056 1285 3488 1361 temperantem?
3521 1284 3697 1337 Vides
3736 1284 3848 1339 mir-

2228 1381 2489 1443 tissimam
2524 1380 2804 1437 lenitatem
2835 1380 2993 1452 longe
3021 1396 3047 1433 a
3073 1391 3257 1441 vestro
3288 1381 3587 1452 supercilio
3604 1395 3852 1452 separa»

2226 1473 2376 1535 tam?
2406 1472 2565 1543 longe
2586 1487 2613 1524 a
2640 1472 2931 1529 Novatiani
2968 1472 3145 1529 fronte
3169 1473 3517 1537 dissimilem,
3548 1472 3851 1537 communi

2227 1582 2355 1622 vero
2381 1568 2505 1621 vita:
2534 1582 2595 1621 ac
2627 1568 2789 1621 saluti
2822 1568 3069 1621 omnium
3100 1568 3513 1631 consulentem?

2299 1659 2441 1715 XIX.
2474 1660 2539 1714 At
2577 1659 2742 1721 etiam
2782 1660 2837 1721 in
2877 1675 2979 1715 nos
3022 1675 3251 1716 severus
3291 1675 3489 1721 censor
3530 1658 3849 1717 inveneris.

529 1755 729 1808 malum
771 1754 980 1823 utique,
1014 1769 1393 1823 perseverans.
1441 1754 1715 1817 ueterum
1740 1794 1753 1817 ,
1798 1754 2121 1823 poenitentia
2153 1755 2199 1814 B
2231 1754 2477 1821 Dicis,ex
2512 1753 2629 1824 lege
2657 1754 2867 1810 ccelesﬁ
2890 1771 3058 1819 unum
3084 1770 3150 1811 ex
3181 1754 3451 1810 mandatis
3483 1753 3709 1811 solvere
3731 1769 3849 1813 non

531 1846 731 1899 malum
765 1860 871 1899 non
897 1854 1013 1911 est,
1045 1860 1165 1901 cum
1200 1845 1371 1901 David
1395 1845 1569 1902 dicat:
1597 1845 1805 1900 Bonum
1827 1856 1897 1899 est
1918 1863 2129 1911 exorno-

529 1937 741 2008 logest'm
771 1939 941 2007 [acere
969 1936 1077 1997 Deo
1107 1938 1282 2009 (Psal.
1306 1952 1418 2002 cxr,
1447 1936 1526 2007 2).
1563 1936 1672 1992 Nec
1696 1946 1876 1993 tamen
1911 1952 2125 1995 mecum

530 2040 613 2087 est
635 2031 727 2086 ille
749 2046 911 2099 quem
943 2032 1192 2100 paenitet,
1210 2046 1311 2086 nec
1333 2038 1485 2101 parte
1508 2038 1844 2095 sanctorum,
1872 2045 1972 2084 nec
1997 2045 2128 2100 pace

529 2124 898 2194 conjungitur.
934 2123 1040 2181 Sed
1078 2123 1212 2185 dicit
1244 2124 1572 2190 Apostolus:
1620 2122 1681 2176 Si
1712 2124 1824 2192 quis
1852 2126 2010 2194 frater
2036 2140 2129 2178 no-

529 2218 775 2281 minatur,
807 2226 861 2272 et
885 2218 951 2269 sit
977 2226 1063 2269 aut
1094 2218 1380 2287 fornicator
1400 2257 1415 2279 ,
1446 2225 1537 2269 aut
1563 2215 1858 2269 simulacris
1883 2216 2123 2281 serviens,

527 2320 617 2361 aut
645 2325 829 2363 avarus
847 2350 861 2374 ,
892 2318 982 2361 aut
1007 2308 1308 2372 maledicus,
1342 2318 1429 2361 aut
1454 2308 1646 2373 ebrius,
1675 2316 1763 2360 aut
1790 2323 1976 2378 rapax,
2010 2324 2127 2360 cum

529 2400 787 2471 ejusmodi
813 2417 902 2453 nec
932 2399 1103 2453 cibum
1132 2415 1334 2454 sumere
1363 2398 1405 2469 (Ι
1436 2398 1560 2453 Cor.
1588 2415 1645 2467 γ,
1681 2399 1793 2463 11).
1828 2398 1993 2455 Vides
2018 2414 2126 2453 non

528 2495 645 2547 sine
672 2507 835 2557 causa
859 2509 982 2551 esse
1012 2493 1246 2563 positum
1274 2534 1287 2559 ,
1323 2502 1370 2546 et
1392 2492 1456 2544 sit
1482 2534 1498 2559 ,
1540 2491 1591 2545 id
1614 2500 1698 2546 est
1724 2533 1736 2556 ,
1771 2492 1869 2561 qui,
1896 2492 2126 2557 necdum

526 2587 787 2655 paeniteat
816 2628 831 2655 ,
872 2586 962 2657 qui
994 2587 1229 2643 necdum
1266 2586 1547 2654 improbus
1586 2600 1713 2643 esse
1752 2586 1999 2643 desierit.
2059 2586 2126 2645 Et

524 2691 674 2735 certe
705 2681 772 2737 dc
820 2683 999 2745 avaris
1025 2724 1039 2749 ,
1091 2691 1145 2735 et
1185 2682 1421 2741 ebriosis
1448 2722 1467 2749 ,
1505 2692 1562 2739 et.
1590 2680 1916 2747 maledicus,
1965 2684 2128 2749 simul

527 2774 735 2833 dictum
762 2784 863 2831 est.
898 2777 1211 2844 Responde,
1233 2776 1401 2839 trzttet‘
1428 2820 1443 2843 ,
1488 2793 1557 2837 an
1602 2776 1785 2841 nullus
1813 2778 2085 2847 eiusmodi
2111 2821 2126 2843 .

529 2874 709 2927 vestra
759 2882 889 2943 pace
928 2874 1195 2929 teneatur.
1244 2868 1389 2938 Ergo
1431 2870 1556 2931 inde
1595 2877 1679 2929 est
1710 2909 1725 2933 ,
1769 2870 2001 2939 etquod
2031 2885 2130 2940 per

534 2958 747 3015 Esaiam
779 2960 925 3013 Deus
943 2960 1168 3019 obluat:
1203 2962 1373 3021 Simul
1402 2963 1569 3032 iniqui
1597 2974 1643 3019 et
1675 2972 1963 3030 peccatores
1993 2965 2129 3032 peri-

530 3051 663 3107 bunt
682 3050 815 3121 (lsa.
852 3068 895 3117 ιι
919 3052 1049 3119 28);
1077 3069 1185 3109 non
1210 3055 1560 3119 tioinitcntes,
1596 3070 1707 3119 non
1737 3056 2128 3117 misericordia:

2230 1848 2421 1915 licere,
2448 1862 2546 1903 nec
2573 1847 2984 1903 communicare
3006 1848 3148 1920 lupis
3175 1862 3366 1919 agnos,
3396 1856 3452 1905 et
3478 1847 3625 1917 quod
3660 1846 3852 1902 omnis

2230 1952 2532 2001 consensus
2562 1939 2612 1993 in
2644 1938 2876 2009 crimine
2908 1940 3013 2005 sit;
3039 1949 3093 1994 et
3115 1939 3240 1994 ideo
3268 1938 3359 2010 qui
3388 1939 3556 2009 picem
3586 1938 3850 2008 tetigerit,

2230 2030 2527 2100 inquinetur
2550 2029 2740 2097 (Eccli.
2770 2046 2894 2097 xm,
2925 2032 2979 2101 1)
3000 2048 3019 2097 ;
3044 2047 3135 2085 nec
3157 2032 3221 2087 sit
3248 2031 3358 2085 ulla
3381 2031 3599 2085 societas
3632 2030 3749 2091 luci
3778 2031 3852 2084 ad

2231 2122 2464 2177 tenebras
2492 2163 2508 2188 ,
2558 2133 2643 2174 aut
2676 2122 2868 2191 templo
2904 2123 2995 2179 Dei
3028 2140 3142 2178 cum
3188 2124 3343 2179 idolis
3376 2163 3390 2186 ,
3436 2132 3524 2177 aut
3572 2123 3851 2183 conventio

2229 2211 2423 2267 Christi
2452 2213 2519 2266 ad
2538 2211 2707 2266 Belial
2737 2214 2806 2285 (ιι
2837 2214 2958 2269 Cor.
2988 2231 3074 2281 v1,
3112 2213 3209 2279 H,
3252 2214 3361 2283 ιδ).
3392 2212 3631 2283 Ideoque
3664 2212 3848 2267 David

2230 2303 2394 2361 dicit:
2432 2303 2621 2361 Furem
2644 2304 2873 2371 videbas,
2892 2313 2939 2357 et
2959 2304 3198 2359 currebas
3226 2320 3343 2359 cum
3367 2320 3447 2379 eo,
3470 2314 3518 2363 et
3542 2320 3657 2357 cum
3681 2304 3852 2363 adul-

2231 2397 2349 2449 teris
2392 2397 2677 2467 portionem
2727 2408 2868 2451 tuam
2907 2396 3129 2467 ponebas
3168 2395 3341 2466 (Psat.
3373 2412 3495 2461 sua
3523 2438 3539 2459 ,
3586 2396 3703 2467 18).
3746 2398 3847 2461 Ais

2233 2488 2449 2545 tandem
2482 2531 2496 2555 ,
2546 2491 2673 2560 quia
2717 2506 2817 2553 nos
2874 2490 3088 2547 Domini
3139 2490 3393 2547 mandata
3445 2489 3840 2547 rescindimus.

2230 2583 2339 2639 Nos
2370 2592 2395 2619 ⁸
2421 2625 2436 2650 ,
2468 2598 2634 2638 unum
2663 2584 2875 2652 apicem
2923 2584 3081 2653 Legis
3126 2582 3490 2649 inﬂectimus;
3539 2598 3609 2635 an
3648 2584 3839 2653 potius

2231 2675 2515 2729 Novatiani
2543 2716 2559 2742 ,
2589 2675 2679 2744 qui
2710 2685 2817 2729 tota
2864 2675 3131 2730 Ecclesia:
3154 2715 3169 2739 ,
3204 2683 3315 2735 tota
3362 2674 3674 2731 concordia:
3709 2676 3837 2741 jura

2229 2768 2520 2841 violarunt,
2551 2770 2641 2837 qui
2672 2779 2791 2836 post
2823 2777 2901 2822 tot
2935 2769 3080 2836 pacis
3112 2784 3310 2833 annos,
3342 2777 3424 2823 tot
3447 2766 3654 2824 fmdera
3679 2784 3840 2833 sanc-

2231 2862 2430 2925 litatis,
2458 2876 2624 2917 novas
2654 2862 2755 2916 sibi
2786 2861 2936 2932 leges
2961 2903 2977 2925 ι
3016 2878 3150 2919 nova
3183 2862 3455 2925 instituta,
3493 2877 3665 2917 novos
3697 2862 3837 2917 ritus

2231 2962 2558 3023 pepererunt
2603 2991 2617 3016 ,
2680 2966 2934 3015 arcanum
2996 2953 3225 3027 jttslilim
3274 2954 3607 3017 inexorabili
3654 2951 3835 3009 fronte

2230 3046 2594 3113 simulantes?
2625 3044 2735 3101 Nos
2766 3048 2816 3100 in
2852 3045 3154 3111 Ecclesiam
3191 3048 3349 3119 lupos
3380 3049 3712 3118 reCepimus,
3742 3048 3836 3117 qui

528 3157 693 3207 opera
748 3154 1106 3213 procurantes
1139 3185 1154 3207 ,
1202 3146 1400 3212 quibus
1444 3145 1586 3213 apud
1634 3146 1884 3200 enuidetu
1938 3162 2126 3213 rursus
2154 3128 2197 3193 (Ζ
2234 3142 2615 3201 luereticorum
2646 3156 2737 3195 ora
2765 3142 3035 3205 vitamus;
3065 3156 3133 3201 an
3165 3140 3665 3215 potiuslNovatiaui
3692 3182 3709 3207 ,
3740 3141 3835 3212 qui

531 3234 742 3289 Esaiam
783 3234 925 3295 Deus
968 3234 1136 3291 dicit:
1170 3233 1239 3297 Et
1283 3236 1329 3291 si
1370 3237 1561 3305 fuerint
1607 3248 1816 3306 peccata
1870 3238 2035 3294 vestra
2072 3249 2127 3303 ut

529 3324 929 3394 plateiu'ciummt
959 3328 1122 3401 nivem
1142 3326 1422 3391 dealbabo;
1444 3340 1489 3383 et
1518 3329 1567 3385 si
1596 3337 1650 3381 ut
1691 3344 1921 3395 coccum,
1954 3339 2008 3382 ut
2044 3330 2125 3384 la-

530 3432 649 3471 nam
676 3417 955 3479 candidam
984 3433 1046 3479 ea
1074 3419 1306 3491 efﬁciunt
1326 3417 1491 3488 (Ibid.
1521 3420 1630 3489 18).

603 3507 789 3573 Χνιιι.
832 3508 1085 3567 Attamen
1114 3550 1127 3573 ,
1160 3520 1217 3573 ut
1252 3511 1333 3571 ais
1357 3552 1372 3576 ,
1421 3511 1715 3579 Apostolus
1742 3512 2128 3575 condemnavit

527 3610 822 3663 errantem.
865 3599 1001 3659 Nam
1040 3598 1111 3659 ad
1141 3598 1460 3659 Corinthios
1491 3603 1664 3667 prima
1697 3603 1771 3658 ita
1801 3603 1966 3658 dicit:
2002 3603 2125 3673 Ipse

528 3707 622 3759 ego
651 3691 858 3761 quidem
887 3690 1067 3755 absens
1112 3709 1326 3762 corpore
1351 3734 1366 3760 ,
1416 3711 1647 3763 prwsens
1688 3706 1857 3761 autem
1893 3698 2079 3766 spiritu
2103 3739 2119 3767 ,

516 3786 634 3854 jam
652 3783 893 3854 judicavi
919 3798 1035 3843 eum
1074 3785 1162 3853 qui
1192 3785 1291 3841 talé
1314 3787 1519 3856 facinus
1548 3786 1760 3841 admisit
1793 3804 1811 3843 :
1841 3790 1895 3851 in
1915 3791 2120 3845 nomine

526 3873 736 3929 Domini
766 3876 928 3931 nostri
950 3874 1076 3943 [esu
1101 3876 1293 3941 Christi
1319 3919 1333 3942 ,
1368 3881 1689 3951 congregatis
1718 3881 1855 3937 vobis
1886 3884 2120 3937 omnibus

522 3965 581 4021 in
612 3967 798 4025 virtute
825 3964 923 4031 Dei
951 4007 967 4033 ,
995 3966 1196 4021 tradere
1221 3970 1477 4039 ejusmodi
1507 3981 1705 4024 satana:
1730 4012 1744 4037 ,
1776 3972 1831 4027 in
1859 3973 2120 4031 interitum

524 4059 695 4119 carnis
722 4098 739 4121 ,
767 4068 823 4123 ut
850 4060 1063 4129 spiritus
1082 4060 1256 4115 salvus
1279 4062 1347 4113 sit
1372 4062 1424 4116 in
1443 4062 1526 4115 die
1556 4060 1771 4116 Domini
1799 4064 1840 4133 (l
1876 4064 1998 4118 Cor.
2043 4080 2071 4125 ν
2102 4106 2116 4131 ,

521 4147 670 4217 5-5).
694 4149 835 4211 Nota
858 4191 874 4216 ,
905 4150 1073 4207 frater
1097 4192 1113 4215 ,
1148 4154 1378 4220 primum
1406 4194 1423 4217 ,
1453 4156 1598 4222 quod
1621 4172 1727 4211 non
1766 4156 1990 4219 damnat
2020 4174 2118 4217 eos

519 4254 645 4303 cum
684 4240 882 4311 quibus
928 4240 1031 4299 iste
1074 4245 1470 4311 communicat:
1516 4248 1666 4302 solus
1717 4249 1839 4317 ipse
1878 4251 1971 4319 qui
2014 4252 2119 4307 tale

517 4333 1077 4404 facinus‘adtniserat,
1104 4345 1309 4393 satanae
1330 4338 1583 4404 traditur,
1609 4340 1761 4395 solus
1786 4341 2117 4410 excluditur,

514 4428 666 4487 salva
700 4442 837 4497 pace
855 4438 1189 4491 sanctorum.
1212 4427 1344 4496 Vos,
1378 4445 1569 4485 omnes
1598 4431 1856 4491 ecclesias
1887 4448 1984 4501 pro
2011 4449 2118 4490 uno

2232 3247 2356 3287 cum
2389 3231 2489 3302 ipsi
2519 3232 2628 3285 sint
2660 3246 2886 3300 rapaces
2917 3231 3027 3301 lupi
3055 3273 3071 3309 η
3107 3232 3273 3300 paulo
3294 3232 3609 3299 miseriores
3635 3234 3831 3287 ovicu-

2235 3325 2313 3391 laS,
2344 3323 2744 3393 reformidant?
2767 3323 2874 3377 Nos
2904 3326 3284 3391 consentimus
3314 3325 3488 3391 malis,
3516 3340 3612 3379 nos
3640 3326 3830 3393 picem

2234 3417 2507 3488 tangimus
2534 3458 2548 3479 ,
2602 3430 2700 3469 nos
2745 3416 2984 3475 tenebris
3031 3418 3413 3487 consuemus,
3446 3434 3543 3477 nos
3584 3419 3733 3473 idolo
3772 3429 3833 3476 et

2231 3508 2397 3565 Belial
2440 3509 2756 3579 iungimur;
2789 3524 2857 3563 an
2892 3510 2969 3565 illi
3004 3511 3095 3582 qui
3130 3510 3436 3579 Evaristunt
3464 3554 3481 3577 ,
3512 3512 3607 3585 qui
3657 3512 3825 3567 Nico-

2229 3612 2460 3669 stratum
2479 3613 3165 3674 receperunt,carterosque
3194 3606 3264 3663 ab
3292 3605 3536 3665 Ecclesia
3564 3607 3829 3663 receden-

2230 3701 2314 3749 tes
2340 3734 2357 3759 ,
2390 3694 2570 3763 lingua
2595 3736 2609 3759 ,
2645 3708 2809 3749 manu
2830 3738 2844 3761 ,
2883 3696 3129 3751 moribus
3172 3697 3525 3768 inquinatos?
3560 3698 3668 3757 Nos
3699 3716 3825 3767 cum

2228 3782 2493 3849 adulteris
2512 3794 2565 3843 et
2589 3783 2801 3841 furibus
2817 3788 3171 3847 convenimus
3192 3805 3294 3855 ;an
3312 3788 3397 3851 illi
3420 3791 3517 3860 qui
3534 3791 3824 3860 Novatum,

2228 3877 2353 3931 vitae
2394 3892 2511 3941 sua:
2554 3886 2609 3932 et
2650 3878 2815 3948 capiti
2862 3880 3251 3951 praetulerunt;
3291 3893 3414 3951 post
3464 3884 3826 3956 interceptam

2231 3970 2516 4036 pecuniam
2553 3970 2881 4039 pupillorum
2914 3980 3077 4043 atque
3126 3974 3448 4042 viduarum;
3498 3978 3687 4035 miseri
3728 3994 3825 4048 pa-

2226 4062 2403 4129 rentis
2441 4071 2495 4118 et
2522 4071 2711 4130 partus
2739 4065 2928 4121 uxoris
2960 4067 3281 4135 parricidam
3316 4110 3330 4135 ,
3363 4084 3474 4124 non
3521 4072 3688 4125 modo
3722 4086 3825 4126 non

2229 4154 2621 4223 poenitentem,
2648 4170 2835 4217 verum
2863 4160 3024 4215 etiam
3054 4160 3421 4229 gloriantem?
3446 4163 3653 4219 Verum
3686 4164 3828 4219 Pau-

2225 4242 2309 4297 lus
2361 4244 2657 4321 Apostolus
2721 4248 2899 4319 dixjt:
2947 4248 3137 4315 Manus
3184 4252 3284 4317 cito
3342 4254 3533 4317 nemini
3587 4256 3825 4322 imponas

2225 4334 2269 4408 (l
2296 4333 2432 4390 Tim.
2463 4353 2517 4403 v,
2548 4336 2666 4411 21).
2692 4338 2861 4401 Docet
2888 4340 3065 4406 idem;
3096 4343 3182 4397 vel
3215 4342 3402 4410 tarde,
3435 4344 3521 4401 vel
3552 4355 3678 4414 post
3704 4360 3825 4418 pte-

2227 4429 2512 4489 nitentiam
2547 4447 2657 4491 non
2688 4432 2983 4503 negandas.

511 4529 801 4588 peccatore
848 4521 1156 4587 damnatis?
1206 4522 1413 4579 Deinde
1452 4524 1611 4580 vides
1639 4566 1653 4591 ,
1701 4525 1847 4595 quod
1878 4526 1968 4593 hic
1999 4528 2116 4598 ipse
2144 4517 2197 4578 D
2296 4521 2414 4577 XX.
2444 4523 2550 4579 Sed
2585 4524 2795 4605 perdita
2828 4527 3087 4585 Hiericho
3113 4570 3130 4596 ,
3159 4529 3339 4599 Achar
3367 4529 3509 4585 filius
3540 4528 3567 4568 δ
3597 4528 3821 4587 Charini

517 4620 772 4678 peccator
797 4611 1076 4679 incestus,
1109 4626 1222 4667 non
1248 4614 1409 4670 morti
1440 4614 1709 4679 traditur.
1744 4616 1838 4679 sed
1869 4626 2077 4679 satana:
2097 4660 2112 4685 ,

512 4700 581 4759 ad
601 4702 1033 4770 emendandum,
1053 4703 1122 4759 ad
1141 4704 1691 4773 colapliizaudum,ad
1714 4708 2110 4778 pceuitendum.

516 4793 762 4861 Denique
792 4794 1001 4873 ait,.Ad
1026 4797 1293 4853 interitum
1316 4800 1505 4865 carnis,
1537 4814 1646 4863 non
1681 4810 1861 4867 tamen
1889 4804 2108 4868 animae,

514 4900 622 4947 non
650 4885 813 4953 etiam
844 4888 1073 4955 spiritus
1104 4905 1117 4940 :
1148 4887 1243 4951 sed
1276 4888 1343 4947 ad
1372 4888 1545 4945 solius
1574 4892 1754 4959 carnis
1782 4891 2073 4953 interitum
2096 4935 2112 4961 ,

509 4979 840 5039 tentationes
887 4979 1100 5047 scilicet
1130 5019 1145 5045 ,
1189 4982 1373 5041 carnis
1409 4983 1685 5053 angustias
1714 5023 1729 5049 ,
1780 4984 2108 5053 detrimenta

510 5072 885 5139 membrorum
914 5111 929 5137 ,
966 5070 1109 5139 sicut
1149 5070 1282 5125 alibi
1318 5071 1385 5127 de
1412 5073 1909 5147 intemperantibus
1936 5076 2106 5141 dicit:

512 5160 921 5229 Tributationem
943 5169 1117 5229 autem
1146 5164 1313 5217 carnis
1344 5166 1606 5235 patientur
1635 5168 1887 5237 ejusmodi
1919 5167 1962 5238 (Ι
1984 5166 2105 5223 Cor.

488 5318 517 5369 ί
582 5306 605 5332 ι
648 5294 762 5351 Nos
808 5313 993 5369 an
1040 5300 1212 5369 potius
1257 5296 1558 5354 Novatiani.
1609 5301 1822 5357 Latinio
1868 5304 2098 5360 ductore

508 5368 651 5421 hunc
679 5369 856 5440 locum
891 5368 960 5440 ita
988 5368 1326 5424 restituimus
1351 5411 1364 5431 ,
1395 5386 1555 5440 quem
1590 5374 1829 5427 luxatum
1863 5376 2100 5430 mendis-

505 5454 613 5515 que
638 5438 871 5515 obsitum
916 5439 1285 5515 sicea-hibent
1312 5438 1453 5515 edi—ti
1482 5460 1494 5495 :
1530 5443 1641 5497 Nos
1669 5459 1871 5515 Lunam
1898 5448 2097 5515 apicem

505 5510 633 5579 ltgis
663 5509 1012 5630 irylectimus?
1044 5508 1323 5564 Novatiani
1345 5552 1359 5576 ,
1390 5517 1511 5582 quia
1534 5524 1640 5568 tota
1672 5508 1955 5582 Ecclesia,
1991 5527 2096 5571 tota

505 5594 690 5630 concor
728 5578 795 5630 ia:
818 5594 835 5630 :
855 5594 925 5630 an
953 5581 1121 5630 notius
1144 5584 1261 5630 iura
1284 5582 1540 5630 violarunt
1556 5600 1574 5630 ξ
1597 5586 1685 5630 nui
1723 5595 1837 5630 nmt
1859 5596 1933 5630 tot
1956 5590 2096 5630 amni:

503 5578 795 5632 concordia:
816 5594 835 5643 ;
855 5594 925 5658 (ιη
952 5581 1121 5658 potius
1137 5584 1261 5650 jura
1284 5578 1574 5658 violarunt;
1597 5586 1685 5656 qui
1716 5595 1837 5658 post
1859 5578 2097 5658 tot'pacis

503 5664 705 5728 annos,
750 5659 835 5728 tot
870 5650 1388 5728 [adera_sanctttatis
1412 5695 1427 5721 ,
1468 5650 1622 5709 novas
1666 5650 1756 5711 tibi
1781 5656 1916 5728 leges
1943 5650 1965 5723 ,’
1986 5667 2093 5713 etc.

506 5717 926 5774 Restitutionent
956 5720 1191 5777 suadent
1213 5738 1334 5792 qua:
1363 5717 1684 5795 sequuntur.

2221 4625 2446 4691 prOpter
2480 4616 2681 4683 furtum
2714 4620 2883 4675 vestis
2924 4623 3140 4685 occisus
3174 4630 3279 4677 est.
3321 4626 3467 4693 Age;
3500 4638 3600 4679 vos
3628 4665 3644 4687 ,
3679 4633 3825 4681 totos

2217 4708 2364 4765 fures
2400 4709 2691 4775 interficite
2718 4714 3076 4781 pecunlarum
3108 4722 3421 4781 nostrarum
3452 4724 3618 4787 atque
3650 4716 3823 4771 libro-

2219 4818 2371 4869 rum;
2420 4812 2474 4865 et
2523 4803 2574 4858 in
2620 4802 2810 4861 Novati
2846 4820 2967 4863 ossa
3000 4808 3208 4863 saevite.
3233 4806 3433 4876 Jugutn
3463 4807 3602 4862 illud
3635 4822 3825 4863 rursus

2217 4896 2451 4966 accipite
2472 4937 2484 4959 ,
2528 4896 2665 4967 quod
2692 4914 2853 4969 neque
2879 4915 2993 4973 nos,
3026 4916 3188 4970 neque
3218 4911 3385 4970 patres
3418 4902 3583 4967 nostri
3609 4912 3823 4971 portare

2216 4997 2490 5058 potuerunt
2520 4986 2658 5060 (Act.
2696 5004 2770 5053 xv
2797 5030 2812 5055 ,
2846 4988 2958 5061 10).
2989 4991 3130 5060 Quid
3166 4992 3396 5047 cessatis
3421 5031 3437 5053 ,
3483 4991 3781 5048 Novatiaoi
3807 5034 3823 5057 ,

2219 5078 2425 5147 oculum
2457 5094 2551 5155 pro
2576 5081 2725 5141 oculo
2753 5122 2767 5145 ,
2796 5080 2999 5149 dentem
3022 5100 3115 5153 pro
3143 5082 3291 5149 dente
3342 5081 3525 5153 (Deut.
3557 5099 3647 5151 χιι
3670 5128 3688 5151 ,
3724 5084 3822 5156 ει)

2219 5170 2521 5240 deposcere
2548 5211 2563 5237 ,
2590 5171 2830 5239 animam
2880 5174 3161 5244 postulare
3191 5214 3206 5240 ,
3256 5174 3717 5237 Circutncisionis
3769 5187 3824 5232 et

2276 5306 2305 5384 ὶξ
2330 5306 2501 5384 A_cltar
2533 5308 2674 5373 ﬁlius
2705 5309 2935 5384 Charmi.
2973 5312 3114 5367 Edlti
3139 5316 3300 5379 male,
3332 5315 3509 5368 Achar
3537 5314 3688 5384 ﬁlius
3718 5317 3819 5370 Ca-

2202 5378 2325 5431 rini.
2357 5378 2559 5431 Locum
2594 5383 2930 5438 restituimus
2961 5400 3024 5436 ex
3068 5378 3309 5440 lectione
3341 5378 3576 5440 Luciferi
3602 5385 3813 5442 Calari-

2201 5448 2315 5502 taui
2346 5448 2437 5527 lib:
2472 5451 2533 5502 de
2552 5467 2651 5502 non
2682 5468 2824 5527 pars.
2852 5454 3102 5527 [tendum
3129 5455 3326 5527 deiinq.
3357 5472 3480 5522 cap.
3514 5458 3568 5510 3.
3606 5458 3711 5517 Adi
3735 5458 3812 5512 sis

2205 5530 2335 5573 totn.
2373 5520 2436 5573 Vl
2464 5532 2669 5596 nostra:
2691 5522 2828 5577 Bibl.
2990 5540 3110 5596 pag.
3134 5527 3263 5590 221,
3285 5520 3398 5587 not.
3426 5520 3481 5591 ὅ,
3516 5528 3607 5582 ubi
3636 5529 3816 5581 Achar

2206 5605 2388 5665 verant
2418 5605 2541 5665 esse
2571 5591 2733 5658 hujus
2766 5591 3003 5649 nominis
3029 5591 3528 5665 pronuntiationem
3554 5638 3568 5664 ,
3598 5614 3667 5653 ex
3696 5597 3808 5654 Co-

2208 5662 2397 5715 telerio
2425 5661 2881 5719 demonStratum.
