4094 6190
328 257 470 324 107⁸1

1762 256 2102 327 EPISTQLA
2141 258 2230 320 Ill.

3496 211 3637 324 Π)Ὶὸ

324 375 551 438 Sabbali
578 372 962 444 redintegrare.
1001 372 1432 442 commercium?
1478 371 1684 438 Nectite
1728 374 1880 436 fures
1906 417 1922 444 ,
1953 376 2007 446 Α
2031 377 2339 448 signatum.
2374 375 2520 436 nulla
2553 373 2793 442 haeretici
2818 374 3049 444 gurgitis
3077 374 3200 444 labe
3229 373 3482 442 sordere.
3510 373 3638 436 here

324 469 569 540 lapidato
599 467 929 538 petulantes.
948 466 1127 524 Nolite
1161 469 1212 522 in
1239 466 1543 537 Evangelio
1568 469 1758 538 lege-re
1783 469 1932 538 quod

327 561 637 634 pepercerit
661 559 924 616 Dominus
953 561 1115 618 etiam
1144 559 1406 618 adulterae
1430 559 1714 615 conﬁtenti
1746 560 1929 633 (Joan.

326 671 422 714 vui
451 694 468 724 ,
504 653 618 722 li),
655 667 818 721 quam
853 669 1016 714 nemo
1044 653 1362 714 damnarat:
1391 652 1538 722 quod
1569 655 1930 722 peccatricem

329 761 452 818 qua:
484 745 738 816 lacrymis
786 743 952 813 pedes
981 744 1101 814 ejus
1128 744 1346 802 lavabat
1373 786 1388 810 ,
1420 745 1753 810 absolverit:
1785 746 1932 816 quod

329 836 522 900 Rabab
551 834 692 906 apud
722 835 892 902 ipsam
923 833 1180 892 llicricho
1210 835 1398 892 urbem
1432 835 1752 900 Phoenicum
1797 836 1932 893 liba-.-

325 931 464 994 ravit
483 945 494 984 :
513 927 658 998 quod
688 925 1018 990 Thatnarem
1044 940 1072 986 a
1097 927 1367 988 sententia
1397 927 1724 996 patriarcha;
1751 927 1931 986 abso]-

327 1020 494 1086 verit:
524 1017 694 1089 quod,
720 1015 977 1080 Sodomis
998 1032 1216 1090 quoque
1239 1017 1618 1090 pereuntibus,
1640 1017 1759 1082 Loti
1791 1017 1930 1088 filias

324 1127 434 1176 non
471 1109 837 1174 exstinxerit;
866 1109 1209 1187 liberaturus
1238 1117 1292 1164 et
1317 1123 1574 1180 generos,
1609 1111 1651 1163 si
1684 1109 1926 1172 futurum

323 1202 598 1266 excidium
627 1200 1026 1266 credidissent.
1057 1203 1346 1272 Age;.non
1379 1210 1534 1262 tenes
1565 1201 1753 1262 dicere
1784 1202 1930 1272 apud

323 1294 497 1359 David
527 1294 855 1354 Dominum:
889 1291 1017 1354 Cum
1046 1294 1124 1348 his
1155 1295 1244 1366 qui
1276 1294 1498 1358 oderunt
1530 1312 1707 1364 pacem
1730 1337 1742 1360 ,
1787 1311 1928 1358 eram

321 1388 566 1460 paciﬁcus
596 1385 770 1458 (Psal.
799 1400 948 1452 cxtx,
982 1385 1076 1458 7)?
1109 1386 1423 1450 Salomonis
1454 1403 1671 1460 quoque
1697 1396 1924 1444 senten-

321 1480 451 1536 tiam
484 1493 590 1536 non
621 1487 825 1543 tacere;
858 1481 1021 1550 frater
1049 1481 1268 1550 fratrem
1297 1478 1572 1554 adjuvans,
1612 1479 1928 1544 excitabitur

321 1573 506 1648 (Prov.
561 1587 690 1632 xvtu
718 1613 732 1639 ,
777 1571 879 1640 9)?
924 1570 1064 1637 Quid
1111 1573 1449 1644 Apostolus?
1481 1571 1696 1638 Fratres
1724 1613 1739 1638 ,
1789 1583 1836 1634 et
1881 1573 1927 1626 si

320 1675 714 1738 praeoccupatus
757 1665 918 1735 fuerit
959 1665 1111 1720 homo
1141 1665 1193 1718 in
1225 1665 1402 1736 aliqua
1447 1664 1670 1732 delicto;
1710 1680 1799 1720 vos
1839 1665 1928 1736 qui

2037 477 2264 538 tumque
2303 467 2624 526 conclusum
2659 467 2880 536 plenum
2909 466 3148 522 oleribus
3177 466 3389 536 magnis
3434 466 3638 534 pariter

2036 571 2089 618 et
2140 560 2380 631 parvulis
2410 602 2424 625 ,
2473 560 2673 622 vilibus
2705 570 2866 629 atque
2915 559 3188 628 pretiosis.
3233 559 3370 614 Octo
3417 573 3635 630 quoque

2034 651 2246 708 animas
2275 668 2340 708 ex
2372 666 2494 710 arca
2523 693 2537 714 ,
2569 650 2664 708 scd
2699 651 2841 712 inter
2882 665 3017 720 quas
3047 660 3100 708 et
3131 648 3300 708 Cbam
3345 648 3550 708 fuerit:
3583 656 3641 713 et

2035 745 2205 804 millia
2231 744 2321 800 illa
2344 745 2626 804 volucrum
2659 752 2821 812 atque
2846 741 3087 800 ferarum
3119 741 3242 799 bina
3267 752 3428 808 atque
3458 748 3638 810 septe—r

2034 849 2100 888 na
2127 876 2142 900 ,
2165 835 2363 888 munda
2392 835 2599 904 pariter
2629 843 2684 888 et
2714 833 3026 888 immunda:
3060 833 3239 889 fontes
3272 849 3403 890 vero
3433 834 3635 906 siccos,

2031 935 2086 982 et
2111 926 2340 981 nebulas
2367 925 2677 980 turbinibus
2707 925 2992 989 excitatas.
3023 927 3412 986 ha'reticorum
3443 925 3638 992 sterili-
3716 930 3722 938 ‘

2032 1027 2199 1080 tatem
2231 1027 2288 1074 et
2316 1019 2626 1080 insanorum
2660 1030 2851 1082 vocum
2887 1017 3122 1087 impetus
3146 1019 3497 1082 arbitramur.
3523 1018 3636 1074 Nec

2033 1111 2400 1182 promittimus
2421 1109 2756 1173 libertatem,
2782 1124 2906 1170 cum
2930 1110 3033 1179 ipsi
3063 1111 3206 1166 servi
3241 1111 3412 1166 simus
3435 1125 3632 1180 poenae;

2031 1203 2125 1260 sed
2147 1204 2378 1266 erimina
2412 1212 2596 1258 nostra
2622 1202 3139 1273 coniessi,ire|iquos
3152 1205 3314 1259 etiam
3344 1213 3401 1258 ut
3423 1205 3632 1262 fatean-

2031 1302 2119 1348 tur
2150 1293 2432 1354 hortamur
2461 1335 2476 1360 ,
2509 1293 2847 1364 credantque
2895 1295 2948 1348 in
2979 1309 3100 1354 eum
3131 1297 3221 1366 qui
3243 1297 3506 1368 justiﬁcnt
3534 1300 3630 1354 im-

2030 1387 2175 1459 pium
2201 1403 2264 1442 ex
2294 1388 2398 1456 ﬁde
2427 1387 2607 1460 (Rom.
2635 1404 2690 1444 ιιι
2716 1429 2730 1453 ,
2754 1387 2849 1459 26)
2878 1429 2894 1454 ,
2926 1390 3014 1456 qui
3040 1390 3264 1458 reﬂectit
3285 1391 3590 1446 sententiam
3614 1433 3630 1459 ,

2029 1481 2270 1539 adversus
2298 1482 2550 1542 malitiam
2577 1483 2863 1554 irrogatam
2897 1481 3058 1554 (laet.
3093 1500 3149 1550 Ii,
3184 1484 3273 1551 15,
3305 1501 3408 1540 sec.
3438 1484 3630 1557 LXX).

2030 1572 2379 1640 Attendimus
2417 1591 2634 1646 quoque
2657 1591 2687 1630 a
2709 1576 2860 1634 falsis
2888 1576 3178 1646 prapbetis
3208 1585 3264 1633 et
3295 1577 3433 1647 lupis
3465 1593 3626 1649 rapa-

2029 1665 2203 1731 cibus,
2225 1681 2347 1727 cum
2369 1681 2628 1722 cavemus
2656 1682 2686 1721 a
2707 1668 2864 1724 vobis
2891 1667 3108 1738 (Matth.
3141 1685 3236 1735 vn,
3272 1669 3633 1735 l5).Jannem

317 1760 615 1831 spirituales
644 1758 763 1814 estis
793 1799 808 1822 ,
837 1759 1070 1812 instruite
1110 1756 1415 1832 hujusmodi
1455 1759 1510 1824 in
1547 1759 1736 1830 spiritu
1774 1775 1925 1814 mane
1954 1767 2002 1832 Β
2027 1770 2157 1810 vero
2187 1763 2243 1810 et
2268 1755 2560 1818 Mambrem
2603 1758 2682 1812 sic
2713 1757 2980 1816 restitisse
3008 1759 3188 1830 Moysi.
3209 1801 3222 1824 ,
3250 1761 3393 1816 sicut
3418 1775 3516 1816 vos
3545 1776 3637 1822 cae

316 1852 602 1910 suetudinis
634 1894 649 1920 ,
695 1853 1076 1908 considerantes
1120 1853 1451 1924 vosmetipsos
1520 1870 1582 1907 ne
1636 1854 1916 1908 tentemini.

317 1944 550 2000 Invicem
576 1961 735 2002 onera
759 1957 926 2008 vcstrn
955 1955 1178 2017 portate,
1205 1956 1250 1999 et
1280 1947 1354 2002 sic
1383 1945 1730 2016 atlimplebitis
1759 1945 1920 2017 legem

319 2039 510 2098 Christi
535 2039 676 2110 (Gal.
705 2055 756 2100 vt
780 2082 794 2105 ,
821 2042 875 2112 1,
899 2039 981 2110 ‘2).
1010 2040 1074 2096 Et
1109 2039 1238 2094 illud
1263 2039 1404 2110 quod
1438 2049 1561 2109 ante
1587 2039 1697 2112 jam
1723 2039 1916 2096 retuli:

321 2132 454 2204 Opto
482 2135 622 2192 enim
645 2133 920 2198 anathema
947 2149 1054 2187 esse
1083 2136 1134 2188 in
1165 2132 1380 2207 Christo
1401 2149 1498 2208 pro
1521 2133 1768 2208 fratribus
1793 2134 1920 2192 meis

317 2226 546 2298 cognatis
582 2225 865 2292 secundum
906 2241 1112 2290 carnem
1143 2225 1321 2298 (Rom.
1351 2241 1402 2291 ιχ
1429 2266 1446 2292 ,
1480 2225 1556 2298 5).
1595 2226 1662 2290 Et
1688 2225 1917 2290 iterum:

321 2316 569 2374 Omnibus
618 2317 792 2384 omnia
837 2317 1007 2386 {caus
1051 2332 1206 2380 sum,
1242 2325 1297 2370 ut
1338 2331 1512 2378 attines
1559 2316 1919 2385 lucrifacerem

318 2409 362 2481 (Ι
389 2408 510 2466 Cor.
538 2425 597 2476 rx
623 2451 639 2477 ,
666 2409 789 2476 2-2):
821 2409 925 2468 hoc
947 2419 1062 2477 est,
1094 2423 1216 2472 cum
1262 2408 1566 2474 vulneratis
1593 2449 1609 2478 ,
1637 2408 1917 2484 gemitus;

317 2516 442 2568 cum
473 2501 894 2580 aegrotantibus,
933 2501 1210 2570 laborem;
1241 2509 1469 2556 mortem
1499 2515 1622 2564 cum
1651 2499 1922 2568 moriente

323 2597 534 2668 partiri,
556 2610 744 2659 casum
774 2595 1000 2652 fratrum
1023 2610 1146 2650 cum
1176 2603 1318 2656 statu
1346 2609 1448 2652 suo
1478 2607 1637 2664 posse
1666 2595 1920 2668 miscere,

315 2689 520 2760 aliquid
549 2689 617 2758 de
641 2704 736 2753 sua
771 2690 1009 2746 sanitate
1030 2688 1311 2754 decidere,
1336 2697 1390 2754 et
1417 2687 1800 2754 deﬁcientibus
1821 2687 1918 2752 ad-

319 2780 510 2837 hibere
538 2781 885 2838 medicinam.

387 2871 530 2938 XXI.
563 2872 704 2950 Quid
732 2871 887 2939 vobis
918 2871 1145 2942 prodest
1171 2871 1404 2941 superba
1434 2883 1488 2938 et
1510 2886 1705 2942 aspera
1740 2869 1920 2940 lropte

317 2963 523 3030 durari,
552 2963 675 3032 altis
706 2978 896 3034 regere
926 2963 1254 3032 cervicibus,
1273 2964 1456 3020 vultus
1480 2973 1739 3044 torquere
1769 2980 1798 3026 a
1821 2965 1922 3030 mi-

318 3055 480 3137 seris,
507 3056 724 3124 auditus
748 3057 1044 3136 oculosque
1067 3057 1442 3134 przccludere?
1465 3057 1772 3138 Numquam
1799 3057 1922 3131 (vos

2027 1847 2267 1914 tbolicis,
2296 1848 2646 1912 arbitramur.
2682 1848 2810 1903 lude
2841 1851 2921 1904 sic
2953 1850 3108 1921 potiit
3133 1852 3461 1922 Apostolus:
3493 1853 3634 1920 Quia

2022 1939 2150 1994 sicut
2163 1936 2358 1998 Jannes
2379 1949 2426 1992 et
2449 1938 2705 1998 Mambres
2719 1941 2892 1995 restite
2906 1951 3021 2002 runt
3050 1939 3242 2011 Moysi,
3260 1943 3332 1998 ita
3347 1953 3392 1996 et
3408 1944 3461 1996 hi
3476 1946 3631 2002 resis-

2025 2039 2134 2086 tunt
2153 2031 2353 2092 veritati
2375 2047 2392 2084 :
2423 2032 2656 2096 homines
2684 2040 2853 2094 mente
2879 2033 3114 2106 corrupti
3139 2044 3188 2088 et
3212 2051 3242 2088 a
3265 2033 3376 2092 θέα
3399 2035 3631 2108 reprobi;

2021 2123 2113 2176 sed
2136 2123 2271 2178 ultra
2293 2140 2393 2186 non
2423 2124 2723 2196 proﬁcient:
2754 2125 3052 2200 insipientia
3079 2127 3214 2181 enim
3243 2141 3422 2188 eorum
3462 2130 3632 2188 manis

2023 2219 2152 2286 festa
2181 2217 2275 2270 erit
2305 2215 2560 2282 omnibus,
2584 2217 2719 2282 sicut
2747 2217 2955 2280 illarum
2979 2219 3079 2292 [uit
3099 2217 3165 2288 (ll
3192 2215 3332 2280 Tim.
3361 2234 3440 2286 tu,
3471 2219 3626 2294 8,9),

2022 2305 2178 2376 Quod
2204 2308 2260 2366 in
2283 2323 2379 2362 vos
2403 2309 2610 2374 dictum
2642 2324 2768 2372 esse
2798 2295 3148 2374 manifestum
3176 2319 3298 2384 est,
3327 2311 3421 2388 qui
3453 2327 3635 2390 neque

2023 2399 2294 2468 prolicere
2321 2400 2582 2472 amplius,
2598 2415 2776 2474 neque
2801 2401 3174 2478 insipientiam
3194 2410 3430 2472 vestram
3450 2404 3632 2472 celate,

2023 2492 2302 2561 potuistis.
3457 2553 3460 2556 λ

2094 2583 2260 2637 XXII.
2299 2584 2399 2651 Qui
2421 2584 2713 2655 baptizatur
2734 2602 2765 2638 a
2791 2595 3014 2651 mortuo,
3045 2586 3177 2641 nihil
3199 2574 3412 2656 proﬁcit.
3435 2586 3628 2658 (Eccli.

2023 2693 2206 2744 xxxiv,
2237 2677 2366 2752 50);
2398 2677 2586 2748 utique
2618 2677 2710 2748 qui
2735 2676 2997 2744 haeretica
3026 2678 3178 2738 fonte
3206 2679 3432 2747 dilutus,
3456 2679 3537 2738 sie
3575 2689 3632 2736 et

1925 2816 1931 2819 _
2022 2770 2113 2840 qui
2146 2770 2447 2838 peccatoris
2476 2769 2599 2832 oleo
2630 2771 2873 2842 ungitur,
2903 2771 2956 2826 id
2989 2780 3098 2846 est,
3129 2772 3220 2842 qui,
3243 2772 3440 2842 spiritu
3462 2774 3632 2832 satia-

2024 2873 2109 2917 tur
2135 2863 2438 2926 imtnundo.
2461 2863 2603 2936 Ergo
2624 2874 2676 2918 et
2700 2863 2796 2928 ﬁlii
2827 2865 3153 2940 sanguinum
3187 2880 3285 2930 vos
3310 2867 3482 2926 eritis.
3509 2866 3629 2936 Non

2022 2955 2171 3014 enim
2201 2969 2388 3030 pacem
2435 2955 2658 3020 fratrum
2681 2996 2696 3022 ,
2731 2955 2829 3020 sed
2860 2958 3184 3026 sanguinem
3216 2959 3626 3030 concupiscitis.

2022 3045 2187 3112 Fides
2217 3045 2352 3112 falsa
2377 3086 2395 3122 ε
2427 3055 2510 3112 est
2539 3055 2718 3108 vestra
2747 3047 3066 3114 credulitas.
3099 3049 3359 3116 Adultera
3386 3051 3581 3116 mulier
3609 3093 3628 3128 η

318 3149 438 3221 orn)
481 3150 806 3220 cecidistis?
849 3150 1004 3208 Nulla
1046 3152 1098 3218 iu
1140 3152 1339 3216 vestris
1384 3152 1658 3218 urentibus
1701 3151 1914 3220 macula
1945 3149 1994 3213 α
2022 3140 2276 3204 haeretica
2308 3141 2659 3212 congregatio
2691 3149 2804 3198 est:
2838 3139 3118 3202 Catholica
3151 3142 3318 3208 enim,
3347 3142 3416 3197 ab
3445 3142 3630 3218 initio,

318 3243 444 3300 est?
481 3242 638 3308 Nulla
675 3243 728 3306 in
761 3242 936 3308 oculis
965 3242 1112 3316 (oro)
1144 3243 1399 3300 festuca?
1433 3245 1560 3311 Quis
1607 3244 1918 3318 gloriabitur

317 3343 515 3391 castum
543 3353 598 3404 se
623 3335 812 3400 habere
839 3353 929 3394 cor
955 3378 970 3404 ,
1015 3347 1104 3400 aut
1148 3338 1398 3396 mundum
1423 3353 1479 3396 se
1504 3354 1612 3394 esse
1635 3354 1666 3393 α
1696 3339 1918 3407 peccatis

319 3426 504 3495 (Prov,
538 3443 634 3498 xx,
667 3428 722 3493 9.
754 3443 856 3486 sec.
890 3427 1102 3498 LXX)?
1131 3426 1310 3492 Credo
1345 3438 1406 3494 ﬂ;
1441 3443 1536 3482 vos
1563 3431 1719 3498 justi,
1754 3431 1919 3485 bene-

319 3519 453 3586 voli,
489 3528 876 3592 temperantes,
897 3521 1092 3600 quibus
1117 3521 1358 3599 membra
1388 3522 1570 3577 omnia
1601 3537 1732 3586 sana
1767 3531 1916 3590 sunt,

320 3610 520 3682 quibus
558 3625 720 3682 omne
747 3627 949 3682 corpus
980 3612 1238 3678 intactum
1269 3657 1282 3678 ,
1315 3614 1514 3688 quibus
1553 3613 1798 3670 medicus
1827 3630 1920 3680 ue—

321 3704 598 3766 cessarius
631 3719 742 3758 non
774 3713 878 3772 cst,
912 3719 1014 3758 nec
1043 3705 1311 3768 medicina
1344 3705 1686 3778 languorum.
1721 3705 1925 3764 Intrate

317 3793 427 3864 jam
467 3793 701 3864 etclam;
736 3793 970 3864 paradisi
1000 3793 1198 3856 aditus,
1235 3795 1512 3866 romphaea
1537 3796 1790 3872 cedente,
1822 3811 1921 3870 pe-

324 3895 530 3942 netrate
556 3904 570 3952 ;
601 3895 684 3943 tot
719 3897 1036 3952 nostrorum
1071 3885 1308 3960 populis,
1343 3887 1512 3940 Deum
1548 3888 1767 3942 unicum
1792 3902 1921 3941 con-

327 3977 642 4044 mentibus,
673 3979 813 4046 dona
845 3989 1022 4040 vestra
1054 3963 1396 4050 prtecludite.
1429 3980 1561 4046 Qua:
1593 3980 1636 4044 si
1661 3995 1720 4034 se
1766 3980 1923 4050 longe

323 4072 486 4141 aliter
533 4072 736 4140 habent
785 4088 943 4142 quam
992 4071 1356 4142 implacabilis
1389 4072 1695 4139 immanitas
1722 4070 1749 4109 ι)
1779 4073 1924 4143 rigor

326 4178 512 4228 rerum
539 4203 554 4225 ,
583 4171 638 4230 et
667 4164 973 4220 immanitas
1001 4175 1180 4232 vestra
1213 4165 1502 4230 mentitur;
1528 4164 1639 4236 jam
1672 4164 1926 4234 intelligi-

328 4255 395 4307 tis
422 4253 736 4319 Novatiani,
765 4257 927 4309 Uenm
959 4271 1118 4334 posse
1141 4257 1418 4320 misereri;
1445 4257 1556 4324 jam
1589 4255 1803 4309 miseris
1825 4254 1927 4310 ira-

329 4345 504 4408 tribus
535 4345 604 4410 de
633 4346 912 4420 praeterito
953 4347 1340 4416 couiitentibus
1372 4385 1387 4412 ,
1418 4346 1504 4398 vel
1531 4359 1709 4412 seram
1739 4354 1926 4413 patere

331 4438 686 4509 medicinam;
708 4439 817 4510 jam
844 4423 1186 4506 vulneratum
1221 4439 1372 4506 illum
1401 4452 1430 4491 a
1459 4437 1642 4502 Levita
1670 4447 1723 4494 et
1747 4451 1928 4504 sacer-

2019 3232 2088 3287 de
2119 3231 2219 3288 viri
2249 3232 2332 3288 sui
2375 3231 2536 3286 thoro
2567 3241 2619 3286 et
2651 3230 2896 3288 thalamo
2923 3247 3030 3298 non
3063 3232 3331 3298 recessit,
3364 3247 3467 3288 nec
3497 3233 3629 3287 alie-

2021 3339 2121 3380 nos
2153 3333 2430 3380 amatores
2456 3331 2549 3378 aut
2571 3330 2862 3386 extraneos
2893 3322 3224 3396 concupivit.
3253 3323 3359 3385 Vos
3380 3323 3630 3392 exsulem

2021 3417 2250 3472 formam
2283 3431 2427 3474 novo
2458 3415 2642 3482 colore
2673 3413 2956 3495 pinxistis;
2991 3429 3088 3468 vos
3135 3415 3351 3468 tltorunt
3381 3425 3627 3474 vestrum

2021 3526 2050 3565 a
2079 3511 2336 3582 coniugio
2361 3508 2660 3582 separastis,
2685 3508 2942 3577 antiquo;
2978 3521 3078 3572 vos
3097 3522 3125 3561 a
3155 3508 3343 3561 matris
3376 3507 3625 3576 unicubre

2021 3618 2254 3682 corpore
2283 3603 2580 3670 recessitis,
2618 3618 2758 3666 novo
2785 3601 3030 3672 placendi
3058 3616 3284 3674 genere,
3315 3600 3470 3655 novis
3499 3616 3625 3655 cor-

2022 3696 2358 3766 ruptelarum
2378 3694 2655 3752 illecebris
2693 3694 2938 3765 expoliti.
2965 3693 3099 3748 Nam
3127 3694 3272 3764 quod
3295 3691 3626 3766 Cyprianum

2022 3786 2397 3850 beatissimum
2431 3784 2562 3848 mihi
2589 3799 2684 3864 pro
2713 3783 2990 3838 contrario
3020 3791 3159 3838 teste
3185 3782 3464 3862 proponis,
3491 3784 3623 3855 quia

2024 3880 2076 3932 in
2103 3877 2346 3944 Epistola
2377 3893 2496 3948 qua:
2518 3877 2581 3929 de
2602 3875 2784 3948 Lapsis
2816 3885 2926 3942 est,
2949 3874 3172 3946 Moysen
3203 3873 3227 3911 ἀ
3261 3884 3316 3929 et
3343 3875 3623 3929 Danielum

2023 3979 2079 4026 et
2103 3969 2206 4026 Job
2233 3983 2422 4024 orasse
2444 3983 2541 4038 pro
2557 3967 2938 4038 peccatoribus
2961 3968 3131 4031 dicat,
3148 3981 3248 4040 nec
3275 3968 3626 4046 impetrasse,

2024 4062 2241 4118 dicente
2276 4061 2534 4122 Domino:
2568 4060 2634 4114 Et
2663 4062 2706 4114 si
2746 4069 2845 4126 tres
2893 4061 2945 4114 in
2993 4060 3168 4112 medio
3215 4075 3394 4112 eorum
3442 4058 3636 4129 fuerint

2027 4154 2182 4226 Noet,
2211 4153 2312 4212 Job
2339 4164 2384 4206 et
2412 4151 2599 4206 Daniel
2625 4194 2638 4220 ,
2664 4168 2766 4205 non
2794 4135 3081 4206 liberabant
3107 4151 3246 4220 filios
3277 4165 3440 4222 neque
3465 4151 3629 4218 ﬁlias,

2025 4251 2114 4301 sed
2143 4249 2245 4316 ipsi
2276 4248 2374 4301 soli
2413 4247 2544 4299 salvi
2576 4254 2725 4297 erant
2772 4243 2991 4316 (Bacch.
3024 4259 3112 4312 xiv
3139 4284 3152 4308 ,
3198 4243 3315 4314 20).
3373 4242 3590 4298 Utinam
3619 4284 3635 4313 ,

2028 4343 2236 4412 utinam
2260 4339 2532 4411 Cypriane
2579 4349 2716 4408 teste
2749 4339 2940 4392 nitaris
2971 4377 2987 4402 ,
3019 4338 3225 4390 utinam
3260 4345 3370 4390 tam
3399 4335 3632 4388 salubri-

2028 4435 2133 4496 bus
2173 4432 2457 4500 sententiis
2488 4430 2822 4502 acquiescas.
2857 4428 2951 4481 ille
2972 4427 3115 4480 enim
3148 4467 3162 4492 ,
3195 4441 3319 4494 cum
3353 4427 3536 4493 lapsos
3565 4424 3634 4479 ad

329 4530 456 4594 dote
490 4532 821 4598 praeteritum
853 4571 868 4598 ,
917 4545 1012 4606 per
1053 4530 1329 4584 Christum
1359 4542 1517 4606 posse
1555 4527 1732 4583 curari
1757 4545 1770 4582 :
1815 4529 1924 4610 jam
1954 4533 2008 4594 ι)
2032 4523 2406 4596 pmnitentiam
2431 4528 2654 4591 cogeret
2681 4520 2772 4594 qui
2796 4518 3061 4592 pcenitere
3085 4517 3363 4586 nolebant,
3385 4515 3637 4571 dicentes

334 4623 591 4691 Ecclesiae
615 4638 806 4694 preces
824 4624 1118 4690 humilibus
1145 4640 1251 4678 non
1280 4625 1584 4696 negandas;
1602 4622 1712 4692 jam
1738 4638 1930 4684 manus

335 4715 682 4784 sacerdotum
730 4714 1056 4782 miserandis
1109 4713 1365 4768 fratribus
1416 4712 1774 4768 exhibendas.
1823 4713 1933 4767 Nos

331 4815 509 4864 autem
544 4807 899 4889 intelligimus
933 4847 946 4871 ,
1001 4816 1056 4860 ut
1085 4809 1419 4889 exprobras,
1454 4805 1759 4868 Ecclesium
1790 4805 1926 4869 Dei,

336 4900 649 4968 columbam
676 4887 785 4954 nun
814 4899 938 4968 felle
985 4887 1226 4968 amaram
1253 4940 1268 4978 η
1303 4914 1406 4960 non
1439 4900 1694 4968 unguium
1727 4899 1934 4968 lacera-

337 4992 484 5062 tione
517 4990 810 5057 violentam
839 5031 854 5060 ,
891 4988 1131 5074 parvulis
1167 5002 1187 5026 ε
1224 5003 1438 5060 quoque
1466 4990 1668 5062 plumis
1693 4989 1938 5059 exiguis—

335 5097 460 5162 qne.
505 5082 717 5148 Scimus
759 5082 925 5137 etiam
978 5090 1198 5154 puteum
1249 5096 1403 5150 aquae
1438 5081 1572 5135 viva:
1623 5081 1936 5162 fontemque

409 5244 435 5274 ἰ
464 5233 632 5307 Credo
667 5234 1116 5307 ....Altmguorur_n.
1139 5233 1306 5289 Forte
1331 5233 1618 5307 legendum
1649 5234 1935 5304 interpun-

338 5306 683 5376 gendumque
709 5323 724 5359 :
750 5304 894 5361 Cedo
1047 5305 1353 5375 languorunt
1376 5306 1401 5356 ?

414 5377 438 5414 δ
477 5375 634 5446 Rigor
664 5393 857 5431 rerum.
887 5376 1249 5430 Posteriorem
1280 5389 1465 5426 vocem
1497 5390 1558 5428 es
1573 5376 1760 5445 pungit
1787 5375 1936 5446 Lati-

342 5447 484 5526 nius.
517 5445 656 5526 Quid
683 5462 868 5526 pprro,
893 5447 937 5500 si
971 5456 1194 5526 vestrum
1217 5446 1471 5526 gignendi
1501 5461 1626 5508 casu
1653 5445 1940 5526 scripserit

345 5515 654 5571 Pacianus?
685 5515 794 5569 Vox
846 5530 1023 5571 autem
1054 5515 1348 5569 immanitas
1393 5529 1512 5582 quae
1560 5515 1852 5584 sequitur,
1902 5532 1933 5572 a

343 5588 482 5640 'l‘tl'to
507 5587 753 5655 suppleta
784 5588 1082 5653 reponitur.
1120 5587 1193 5641 In.

422 5668 442 5694 ε
487 5656 724 5738 f’ar_vu_lis
774 5673 976 5738 quoque
1018 5657 1207 5728 plumis
1253 5657 1576 5738 exiguisque.
1623 5657 1939 5738 Gaudentem

347 5725 919 5797 supplet'l'ilius.‘bloit
942 5725 1072 5784 vero
1105 5738 1228 5798 post
1257 5725 1526 5784 Latinium
1556 5728 1940 5797 rescripsimus

1833 5923 1872 5998 ἢ

2033 4634 2062 4672 a
2093 4615 2506 4672 confessoribus
2529 4615 2645 4682 sive
2670 4612 3002 4684 martyribus
3027 4611 3304 4688 accepisse
3331 4624 3391 4666 se
3417 4623 3632 4679 pacem,

2033 4708 2220 4765 docuit
2247 4718 2303 4763 et
2329 4707 2593 4776 ostendit,
2625 4706 2767 4776 quod
2804 4720 2903 4759 nec
2937 4703 3269 4773 patriarchre
3301 4704 3372 4758 illi
3401 4717 3497 4773 pro
3527 4717 3637 4757 non

2035 4800 2423 4872 pcenitentibus
2456 4801 2834 4870 impetrarent.
2856 4796 3069 4850 Etenim
3102 4799 3224 4865 quis
3251 4795 3492 4849 liberare
3521 4805 3638 4862 pos-

2033 4895 2104 4946 sit
2133 4891 2396 4946 invitum?
2433 4891 2557 4961 quis
2596 4903 2694 4958 pro
2737 4887 2993 4958 superbis
3025 4885 3335 4940 humiliari?
3366 4884 3487 4955 quis
3533 4895 3634 4952 pro

2035 4998 2141 5038 non
2176 4982 2564 5054 ptenitentibus
2592 4979 2925 5051 impetrare?
2947 4977 3103 5048 Quod
3131 4977 3316 5046 utique
3346 4990 3468 5030 cum
3491 4972 3640 5026 dice-

2035 5089 2140 5152 ret,
2170 5079 2234 5140 ad
2267 5078 2600 5150 poenitentiae
2629 5076 2862 5146 cogebat
2892 5072 3157 5142 remedia.
3191 5071 3303 5125 Nec.
3332 5075 3521 5124 contra
3568 5079 3628 5120 se

2040 5241 2249 5305 puteum
2279 5250 2366 5303 aq.
2391 5248 2438 5285 υ.
2475 5230 2731 5305 ubi_editi
2754 5229 2958 5285 habent
2986 5236 3041 5280 ut
3069 5243 3208 5305 eum.

2112 5303 2138 5341 ά
2165 5297 2404 5375 Moysen.
2436 5305 2543 5375 Aut
2572 5301 2838 5375 Pacianus
2872 5299 3132 5375 memoria
3162 5297 3385 5375 [29509.3
3418 5301 3513 5356 aut
3543 5305 3641 5371 ρα-

2042 5375 2146 5436 tius
2173 5364 2428 5444 librvarius
2448 5373 2778 5444 aliudageus
2796 5371 3017 5444 erravit.
3035 5364 3464 5444 Rescribendttm
3492 5364 3638 5444 enim

2042 5429 2260 5506 vidi-iur
2283 5429 2528 5520 Noeipro
2563 5429 2808 5512 Moysen,
2839 5441 3137 5520 ad’tcxt‘utn
3173 5433 3478 5520 Ezechielis.
3517 5429 3640 5513 sub-

2037 5503 2264 5585 jectum.
2312 5503 2492 5585 Neque
2539 5503 2694 5567 alite}
2741 5526 2873 5563 sane
3003 5507 3324 5585 _Cypr_i_anus
3357 5506 3420 5585 tle
3451 5503 3641 5584 Lapsis

2041 5577 2164 5658 pag.
2202 5589 2299 5642 150
2327 5577 2456 5658 edit.
2483 5587 2790 5658 Quomque
2820 5579 3043 5658 respicit
3068 5577 3120 5633 5.
3156 5579 3336 5634 Pater.
3361 5577 3495 5658 Qua:
3518 5577 3642 5644 qtti-.

2043 5645 2166 5720 dem
2209 5657 2518 5711 emendatio
2552 5671 2615 5708 ex
2667 5645 2734 5707 iis
2783 5645 3138 5706 conﬁrmatur
3163 5688 3178 5714 ,
3211 5664 3329 5718 qua:
3363 5645 3635 5700 habentur

2046 5728 2182 5783 infra
2210 5742 2334 5797 cap.
2371 5728 2461 5779 24.
