4094 6190
483 261 626 323 I079

1871 262 2122 321 SANCTI
2163 264 2437 321 PACIANI

3637 264 3789 321 roso
3820 232 3823 233 ί

476 380 693 437 locutus
718 389 805 436 est
828 379 1033 450 aliquid
1064 378 1151 435 vir
1175 378 1320 435 illius
1349 376 1628 449 gravitatis
1649 386 1704 434 et
1729 378 1943 446 meriti,
1973 376 2069 432 sed
2099 377 2153 438 Α
2177 376 2293 447 ipsa
2322 376 2616 435 sordescit.
2659 377 2942 446 Quaedam,
2979 392 3241 449 purpurae
3280 386 3581 450 martyrum
3626 393 3791 435 com-

478 471 783 528 fundendas
808 487 838 526 a
864 471 1244 541 peccatoribus
1276 485 1471 539 preces
1498 471 1687 525 docuit
1718 511 1731 535 ,
1774 481 1827 525 et
1848 483 2072 525 exomo—

476 564 703 634 logesim
751 562 1106 633 diligendam.
1142 563 1259 633 Ipsa
1290 573 1474 619 tamen
1514 561 1774 634 Cypriani
1817 562 2072 631 exempla

470 665 525 709 te
552 664 873 725 permovent
901 699 916 723 ,
959 656 1156 725 quibus
1180 664 1235 711 et
1265 655 1486 727 Moysen
1513 666 1566 710 et
1590 663 1822 711 cazteros
1848 664 2072 709 sanctos

478 766 586 805 non
617 750 941 820 impetrasse
968 758 1404 817 commemorat,
1448 750 1541 821 qui
1568 764 1666 821 pro
1695 748 2072 819 peccatoribus

472 842 840 911 postulabant.

545 933 735 989 XXIII.
767 933 907 989 Ain?
938 933 1055 989 Non
1076 934 1231 989 vides
1255 934 1474 1005 Moysen
1504 949 1600 1004 pro
1622 933 1819 1004 quibus
1843 948 1949 989 non
1974 934 2072 988 im-

478 1025 822 1094 petraverit?
870 1024 1149 1082 Reversus
1187 1027 1254 1081 ad
1301 1027 1610 1097 populum,
1644 1027 1775 1096 quid
1822 1027 1970 1082 audit
2016 1027 2072 1081 in

475 1118 712 1173 castris?
754 1118 926 1173 Voces
978 1118 1256 1173 ebriorum
1289 1128 1343 1173 et
1373 1129 1563 1173 cantus
1614 1120 1901 1191 idolothyti
1944 1135 2070 1190 per-

479 1210 769 1266 sonabant.
806 1212 1002 1266 Adhuc
1029 1211 1420 1281 perseverabat
1451 1212 1506 1266 in
1537 1213 1779 1282 nequitia
1813 1213 2069 1283 populus,

473 1304 653 1360 adhuc
684 1306 739 1359 in
772 1305 889 1374 ipso
921 1306 1151 1360 crimine
1180 1304 1560 1374 permanebat,
1588 1320 1648 1359 ac
1678 1307 1942 1375 poenitere
1967 1322 2073 1361 non

474 1411 723 1455 noverat.
741 1398 990 1454 Attamen
1010 1400 1133 1470 quis
1150 1399 1249 1454 tibi
1264 1410 1509 1456 nostrum
1528 1399 1685 1465 dixit,
1699 1400 1841 1469 quod
1862 1400 2074 1471 Moyses

477 1507 583 1546 non
628 1492 1039 1561 impetraverit?
1080 1490 1307 1547 Dixerat
1336 1490 1553 1561 quidem
1599 1491 1673 1545 illi
1716 1492 1895 1557 Deus;
1931 1492 2076 1547 Deli-

477 1584 586 1653 r/nit
614 1591 731 1637 ante
760 1598 840 1635 me
865 1626 879 1650 ,
916 1582 1097 1636 delebo
1126 1598 1241 1634 eum
1267 1582 1330 1635 de
1356 1582 1485 1635 libro
1515 1580 1715 1651 (Exod.
1746 1596 1920 1647 χχιιι,
1954 1581 2070 1653 55).

474 1677 697 1733 Dixerat
730 1685 908 1731 tamen
933 1676 1262 1731 auctoritate
1302 1674 1499 1743 judicis
1542 1683 1597 1729 et
1644 1674 1858 1730 Domini
1889 1684 2071 1745 potes-

2178 480 2428 540 paratur;
2492 471 2694 541 aliqua,
2742 472 2923 527 serico
2969 472 3258 543 virginali;
3321 472 3604 541 nonnulla,
3656 473 3790 527 sinu

2177 565 2431 635 plicante,
2494 565 2806 631 subsuitur,
2858 576 2951 620 aut
2989 581 3091 622 acu
3143 567 3421 622 inserente
3464 576 3791 636 reparatur.

2174 657 2325 712 Alius
2345 659 2480 712 enim
2508 658 2603 722 sic,
2649 658 2785 712 alius
2815 668 2988 712 autem
3031 659 3106 711 sic
3150 657 3192 729 (I
3230 655 3351 712 Cor.
3385 673 3479 721 vn,
3503 657 3582 726 7);
3616 666 3675 712 et
3701 666 3799 710 ta-

2176 765 2297 805 men
2329 765 2455 817 una,
2491 750 2545 803 in
2579 749 2856 813 omnibus,
2890 750 3077 821 regina
3120 749 3493 818 componitur.
3511 748 3661 819 Ergo
3691 763 3801 803 ea-

2174 844 2300 900 dem
2331 844 2559 899 fecunda
2590 842 2713 898 vitis
2740 853 2795 899 et
2814 844 3084 912 locuples,
3111 842 3301 913 plures
3334 842 3541 897 habens
3568 856 3799 906 ramos,

2176 937 2349 993 multo
2389 937 2669 1007 palmitum
2709 936 2863 991 crine
2893 934 3220 999 distentior;
3267 933 3402 989 nihil
3436 948 3505 989 ne
3551 949 3621 988 ex
3663 933 3805 987 istis

2177 1032 2407 1089 hiberno
2443 1032 2643 1103 frigore
2688 1030 2997 1086 laboravit?
3029 1028 3166 1083 nihil
3215 1043 3438 1099 asperas
3481 1024 3805 1098 grandines

2178 1114 2433 1196 pertulit?
2470 1124 2603 1179 nihil
2645 1123 2885 1178 torridas
2924 1123 3195 1178 incusavit
3224 1120 3479 1176 aestates?
3518 1120 3803 1190 Asperior

2176 1227 2259 1272 est
2298 1218 2413 1272 hate
2448 1231 2660 1288 gemma
2696 1215 3034 1286 palmitibus,
3068 1215 3170 1270 ista
3219 1214 3433 1280 fortior,
3470 1213 3563 1268 illa
3602 1214 3802 1269 since-

2177 1313 2319 1376 rior;
2356 1313 2473 1367 hznc
2498 1328 2559 1367 se
2598 1310 2851 1365 diffundit
2893 1311 2945 1365 in
2990 1310 3218 1375 fructus,
3248 1308 3365 1364 hmo
3398 1309 3451 1363 in
3478 1309 3628 1365 solas
3650 1323 3804 1363 exu-

2179 1408 2334 1461 berat
2374 1406 2618 1461 frondes.
2664 1404 2805 1459 Vitis
2845 1414 3024 1460 tamen
3070 1404 3272 1474 ubique
3302 1402 3563 1459 formosa.
3611 1402 3803 1456 Mater

2178 1501 2296 1556 hanc
2361 1500 2887 1566 adulescentulorum,
2944 1514 3164 1568 quarunt
3231 1514 3334 1551 non
3390 1507 3463 1551 est
3538 1511 3801 1549 numerus

2179 1591 2354 1663 (Cant.
2386 1607 2462 1658 vr,
2494 1591 2568 1662 7).
2600 1591 2889 1646 Calculare
2919 1590 3159 1661 denique
3202 1590 3246 1643 si
3289 1597 3446 1659 potes
3484 1587 3801 1643 catholicos

2177 1702 2392 1758 greges,
2445 1694 2501 1741 et
2540 1684 2645 1740 duc
2688 1685 2739 1739 in
2786 1684 2987 1755 digitos
3031 1692 3234 1737 nostra:
3277 1681 3457 1752 plebis
3501 1681 3791 1736 examina.

477 1780 621 1835 tate;
652 1770 747 1826 sed
772 1770 895 1825 vide
922 1786 1084 1839 quam
1122 1770 1235 1824 cito
1265 1768 1542 1824 reﬂexerit
1569 1770 1899 1824 sententiam
1926 1810 1940 1831 ,
1974 1769 2072 1823 ad-
2104 1766 2152 1827 Β
2179 1780 2292 1836 Nec
2323 1781 2412 1835 illa
2456 1779 2620 1835 modo
2661 1794 2782 1849 qua:
2818 1787 2936 1833 ιοιο
2973 1778 3108 1833 orbe
3155 1776 3349 1831 diffusa
3397 1783 3526 1829 sum,
3566 1776 3793 1829 cunctis

476 1880 666 1921 versus
687 1865 868 1935 populi
885 1864 1146 1919 malitiam
1168 1865 1481 1933 irrogatam.
1498 1862 1781 1918 Ausculta.
1803 1862 2076 1932 Propheta

478 1960 660 2014 statim
687 2002 702 2026 ,
750 1958 949 2013 ibidem
979 1976 991 2011 :
1025 1957 1091 2011 Et
1129 1966 1366 2028 precatus
1393 1966 1507 2022 est,
1543 1955 1760 2026 inquit,
1795 1953 1997 2025 Moyses
2024 1955 2079 2008 in

477 2060 753 2121 conspectu
781 2050 989 2104 Domini
1014 2050 1111 2103 Dei
1140 2050 1243 2115 sui;
1270 2049 1463 2116 Quare,
1483 2047 1721 2115 Domine,
1745 2048 1986 2103 irasceris
2007 2048 2079 2100 ita

477 2147 532 2199 in
567 2143 819 2216 papnlum
849 2144 1035 2198 tuum?
1064 2151 1121 2198 et
1146 2142 1355 2213 reliqua
1387 2141 1552 2213 (Ibid.
1582 2140 1698 2211 Ἥ).
1739 2141 1870 2196 Item
1899 2140 2032 2195 infra
2063 2159 2076 2195 :

478 2235 550 2291 Et
589 2238 843 2307 propitius
875 2240 1040 2307 factus
1073 2244 1147 2289 est
1186 2234 1443 2289 Dominus
1482 2234 1546 2287 de
1571 2234 1896 2303 malignitate
1924 2248 2079 2303 quam

480 2330 687 2384 dixerat
734 2333 902 2399 facere
944 2328 1137 2399 papula
1174 2344 1267 2381 suo
1310 2326 1476 2399 (Ibid.
1512 2326 1624 2397 M).
1656 2326 1821 2381 Vides
1854 2325 2079 2380 lenitant

479 2436 604 2479 esse
636 2422 771 2478 iram
816 2422 953 2478 Dei?
986 2420 1152 2476 Vides
1187 2418 1452 2475 ollensam
1499 2434 1621 2473 esse
1660 2416 1973 2488 placatam?
2012 2415 2083 2471 Et

480 2532 583 2589 pro
635 2516 836 2587 populo
884 2529 995 2571 non
1023 2512 1277 2585 rogavit,
1311 2520 1336 2549 α
1370 2527 1471 2567 nec
1503 2511 1648 2581 quod
1679 2510 1882 2566 fecerat
1912 2510 2082 2580 paeni-

482 2613 641 2667 tenti.

551 2701 745 2761 XXIV.
793 2703 903 2759 Sed
939 2701 1077 2769 Noe,
1110 2698 1312 2772 inquis,
1345 2708 1402 2755 et
1433 2696 1650 2764 Daniel,
1694 2705 1749 2752 et
1778 2695 1903 2763 Job,
1939 2694 2086 2750 ﬁlios

482 2810 539 2858 et
561 2800 699 2856 ﬁlias
722 2800 955 2855 liberare
981 2814 1087 2854 non
1118 2804 1434 2867 potuerunt.
1468 2794 1539 2850 Et
1583 2792 1687 2847 hoc
1729 2791 1836 2847 tale
1868 2798 1955 2846 est
1986 2808 1998 2844 :
2037 2790 2083 2844 si

481 2908 581 2965 pro
627 2906 733 2945 non
774 2890 1095 2959 rogantibus
1134 2895 1351 2959 petant;
1404 2886 1451 2941 si
1484 2901 1583 2956 pro
1611 2882 1989 2955 perseveranti
2026 2881 2083 2936 in

479 2986 715 3042 crimine
742 2984 1143 3055 deprecentur;
1166 2981 1212 3035 si
1230 2996 1342 3035 non
1358 2980 1624 3050 singulos,
1648 2978 1694 3032 si
1720 2992 1830 3032 non
1855 2991 2080 3047 paucos,

479 3080 576 3136 sed
610 3077 781 3134 millia
828 3077 994 3133 multa
1023 3073 1343 3131 defendant.
1384 3070 1658 3127 Czeterum
1694 3069 1813 3126 Noe
1857 3070 2080 3125 domum

2183 1876 2343 1944 plena
2396 1873 2749 1945 regionibus;
2799 1872 2896 1928 sed
2948 1872 3087 1936 haec,
3140 1870 3310 1926 frater
3356 1870 3793 1941 Symproniane,

2183 1982 2305 2039 qua:
2332 1976 2517 2021 tecum
2564 1967 2617 2020 in
2667 1963 2934 2035 proximis
2964 1963 3167 2018 finibus
3198 1972 3255 2018 et
3279 1962 3460 2018 vicina
3488 1962 3629 2017 urbe
3659 1976 3802 2016 con—

2183 2064 2402 2118 sistunt.
2448 2058 2857 2129 Contemplare,
2906 2066 3040 2127 quot
3088 2066 3304 2112 nostros
3353 2070 3495 2111 unus
3525 2054 3796 2127 aspicias,

2184 2164 2318 2226 quot
2372 2167 2619 2209 meorum
2674 2151 2891 2221 populis
2944 2152 3093 2206 solus
3148 2163 3431 2205 occurras.
3486 2147 3682 2203 Nonne
3730 2159 3801 2203 ut

2183 2246 2488 2311 stillicidia,
2534 2245 2778 2300 fontibus
2822 2243 3071 2313 magnis?
3118 2257 3323 2309 nonne,
3374 2251 3435 2295 ut
3480 2240 3550 2296 ab
3578 2254 3799 2296 oceano

2184 2338 2432 2411 quaedam
2462 2346 2637 2407 gutta,
2670 2335 2948 2392 sorberis?
2974 2335 3091 2402 Die,
3119 2333 3208 2389 dic
3230 2349 3297 2388 an
3324 2333 3441 2389 ista:
3468 2332 3800 2389 adolescen-

2187 2433 2311 2489 tulze
2340 2447 2404 2488 ex
2433 2442 2615 2488 vestra
2637 2430 2794 2501 plebe
2817 2436 3168 2501 generentur,
3202 2443 3269 2483 an
3295 2438 3353 2484 tu
3382 2425 3685 2483 solusbhas
3704 2442 3801 2497 pa-

2186 2529 2316 2583 rias.
2359 2526 2557 2582 Nostra
2604 2533 2710 2592 est,
2756 2525 2998 2594 inquam,
3040 2522 3153 2587 (ista
3202 2521 3391 2592 regina
3437 2521 3602 2575 electa
3638 2522 3799 2574 matri

2186 2635 2296 2674 sua:
2322 2629 2474 2690 atque
2502 2615 2961 2691 perfectaf(lbid.,
3009 2615 3089 2687 8).
3122 2614 3267 2669 Nihil
3298 2614 3500 2685 quippe
3532 2614 3791 2679 electum,

2187 2716 2292 2771 nisi
2324 2715 2522 2771 melius
2547 2723 2605 2769 et
2632 2713 2809 2783 majus
2836 2727 2906 2767 ex
2934 2712 3073 2779 alio;
3114 2709 3254 2765 nihil
3286 2709 3589 2780 perfectum
3612 2717 3795 2780 potest

2188 2821 2332 2873 esse,
2360 2805 2465 2861 nisi
2488 2805 2733 2876 plenum.

2260 2896 2451 2952 XXVI.
2483 2896 2600 2951 Jam
2631 2902 2687 2951 et
2712 2893 2847 2949 illud
2878 2891 3169 2959 attendite,
3205 2906 3272 2946 an
3297 2890 3416 2945 haec
3445 2889 3795 2959 potissimum

2189 2989 2457 3045 aediﬁcata
2485 2987 2559 3044 sit
2588 3004 2601 3040 :
2634 2986 2701 3041 In
2743 2986 3093 3055 fundamentis
3123 2984 3495 3055 praphetarum
3515 2992 3566 3037 et
3589 2992 3799 3053 aposto-

2190 3081 2358 3137 lorum
2386 3096 2449 3135 ρας
2477 3079 2590 3150 ipso
2636 3078 2879 3150 angulari
2922 3076 3095 3147 lapide
3137 3073 3267 3130 Iesu
3314 3074 3522 3130 Christo
3567 3074 3793 3146 (Ephes.

481 3187 634 3229 suam
661 3185 691 3225 a
723 3169 881 3225 ruina
907 3167 1123 3237 publica
1149 3162 1426 3228 liberavit;
1456 3171 1511 3217 et
1536 3161 1638 3216 Job
1656 3161 1865 3230 recepit
1885 3169 2083 3216 cuncta
2110 3140 2158 3205 Ο
2190 3191 2248 3243 η’
2281 3174 2400 3246 20),
2448 3140 2509 3230 δέ
2547 3182 2676 3229 ante
2699 3140 2771 3241 Ite
2797 3140 2989 3243 cum“;
3037 3171 3085 3227 εί
3126 3178 3254 3226 ante
3301 3178 3356 3225 ιε
3392 3140 3654 3237 credidit"
3676 3169 3725 3224 si
3765 3185 3794 3222 δ

478 3283 599 3339 quae
623 3265 888 3337 perdidit;
916 3272 969 3318 et
1006 3259 1201 3316 Daniel
1234 3260 1528 3313 instantem
1560 3254 1713 3310 illum
1745 3253 2086 3324 sapientibus

481 3358 802 3430 Babyloniae
828 3354 1069 3428 gladium
1102 3352 1348 3406 oratione
1379 3348 1639 3404 decussit.
1669 3347 1774 3402 Lot
1808 3354 1959 3402 certe
1984 3361 2086 3417 pro

478 3455 658 3510 salute
681 3450 893 3522 oppidi,
927 3447 1135 3504 Paulus
1166 3461 1265 3516 pro
1288 3442 1602 3500 vectoribus
1630 3440 1784 3497 navis
1811 3450 1953 3495 orat.
1995 3439 2087 3496 Sic

483 3547 841 3605 absolvuntur
880 3558 909 3597 a
942 3541 1123 3611 justis,
1163 3538 1257 3609 qui
1302 3536 1572 3607 pmnitere
1616 3544 1910 3590 noverunt.
1946 3533 2079 3589 Pos-

484 3650 664 3697 tremo
683 3637 769 3693 vel
797 3634 933 3690 illud
958 3633 1167 3703 aspicio
1196 3628 1343 3701 quod
1390 3629 1651 3699 scriptum
1688 3627 1766 3682 ait
1797 3645 1809 3681 :
1846 3626 1961 3696 Ipsi
1986 3629 2085 3682 soli

480 3732 611 3788 salvi
636 3739 783 3784 erant
806 3726 1026 3799 (Ezech.
1061 3740 1174 3792 le,
1201 3724 1319 3793 20).
1352 3721 1457 3790 Qui
1485 3720 1601 3777 illi?
1634 3720 1739 3791 Ipsi
1769 3721 1958 3791 utique
1991 3720 2084 3791 qui

476 3839 577 3897 pro
606 3820 992 3895 peccatoribus
1032 3821 1428 3888 deprecantur,
1473 3816 1700 3884 impune
1739 3827 1839 3883 pro
1883 3812 2086 3868 talibus

479 3920 854 3993 postulabunt.
908 3916 975 3971 Et
1022 3930 1121 3970 cur
1168 3911 1473 3968 Ecclesiam
1523 3909 1787 3965 damnas?
1836 3923 1937 3965 cur
1983 3924 2084 3979 pro

478 4013 875 4086 paenitentibus
909 4007 1171 4079 prohibes
1209 4004 1531 4075 deprecari;
1579 4003 1626 4055 si
1654 4002 1819 4057 etiam
1869 4015 1967 4069 pro
1996 4000 2083 4054 his

478 4116 671 4179 petere
710 4105 862 4168 licet,
895 4115 1002 4170 quo
1028 4098 1229 4168 quibus
1269 4112 1379 4151 non
1411 4096 1543 4149 licet
1574 4091 1910 4162 impetrare?
1940 4089 2081 4160 Lege

475 4198 648 4270 igitur
677 4196 997 4266 diligentius
1027 4188 1360 4261 Cyprianum
1392 4200 1575 4240 meum
1608 4202 1622 4239 :
1664 4186 1783 4253 lege
1814 4192 1986 4237 totam
2017 4183 2083 4237 de

477 4293 669 4365 Lapsis
697 4288 986 4362 epistolam
1016 4305 1028 4341 :
1064 4286 1182 4355 lege
1220 4282 1385 4338 aliam
1413 4295 1575 4350 quam
1607 4278 1675 4334 ad
1706 4277 2077 4334 Antonianum

475 4387 660 4453 dedit;
702 4385 792 4440 ubi
826 4380 1092 4449 exemplis
1120 4375 1377 4434 omnibus
1408 4372 1745 4429 Novatianus
1791 4379 2020 4441 urgetur
2060 4387 2075 4423 :

466 4482 585 4551 jam
617 4479 759 4536 scies
776 4474 907 4547 quid
930 4474 999 4529 de
1030 4469 1413 4543 poenitentium
1430 4466 1715 4522 curatione
1739 4462 2074 4536 pronuntiet.

471 4573 810 4646 Cyprianum
832 4569 1051 4639 loquor,
1080 4574 1264 4620 vestra
1292 4566 1701 4633 oppugnantem
1723 4566 1779 4614 et
1804 4557 2072 4613 catholica

469 4668 595 4739 jura
639 4665 989 4721 retinentem.
1030 4657 1433 4715 Tertullianum
1474 4662 1597 4724 post
1627 4653 1879 4708 hatresim
1920 4652 2071 4721 (nam

471 4758 646 4815 multa
674 4756 799 4811 inde
822 4749 1163 4823 sumpsistis)
1199 4751 1374 4818 ipsum
1400 4746 1631 4817 epistola
1654 4761 1774 4810 sua,
1796 4755 1848 4801 et
1871 4760 1933 4800 ea
1958 4745 2070 4815 ipsa

472 4865 638 4923 quam
676 4846 983 4904 catholicus
1024 4842 1220 4905 edidit,
1261 4838 1453 4896 audies
1491 4838 1870 4904 confitentem,
1910 4852 2072 4908 posse

468 4942 773 5001 Ecclesiam
806 4946 1024 5009 peccata
1053 4935 1356 4990 dimittere.

539 5034 709 5091 XXV.
754 5031 923 5088 Vides
949 5044 1081 5102 ergo
1115 5026 1415 5083 Ecclesium
1434 5038 1556 5080 esse
1586 5023 1830 5094 reginam
1862 5023 1915 5076 in
1940 5032 2073 5077 veste

466 5139 651 5185 aurata
676 5136 722 5181 et
750 5125 1006 5193 variegata
1033 5120 1206 5192 (Psal.
1238 5133 1384 5184 xuv,
1416 5116 1531 5188 l0);
1558 5116 1855 5170 multorum
1884 5114 2072 5183 utique

465 5233 781 5292 corporum,
823 5216 1229 5283 multorumque
1259 5208 1585 5280 populorum
1616 5206 1882 5261 varietate
1912 5218 2066 5259 com-

462 5313 721 5385 positam.
768 5308 889 5365 Non
919 5316 1008 5364 est
1032 5304 1235 5362 coloris
1263 5301 1427 5357 unius
1452 5299 1558 5355 ista
1597 5298 1836 5367 pictura,
1874 5309 1976 5351 nec
2011 5296 2066 5350 in

459 5420 571 5461 uno
598 5403 785 5459 habitu
817 5400 1021 5457 emicat
1068 5406 1217 5452 tanta
1254 5393 1568 5450 diversitas.
1608 5390 1745 5447 Pars
1782 5389 1877 5445 illa
1906 5389 2065 5446 indu-

459 5499 626 5555 menti
661 5495 812 5568 tegit,
855 5494 959 5550 ista
990 5491 1291 5563 componit.
1326 5486 1602 5544 Nonnulla
1634 5484 1847 5558 pectori
1881 5484 2066 5541 adhaa-

2188 3266 2556 3323 fundamentis
2602 3264 2883 3335 prioribus
2920 3280 3025 3320 non
3060 3263 3313 3327 recessit,
3345 3260 3395 3317 si
3425 3276 3532 3317 non
3567 3261 3659 3316 illa
3689 3261 3797 3316 mi-

2187 3362 2386 3433 gravit,
2429 3361 2477 3416 si
2515 3375 2621 3416 non
2655 3375 2686 3415 a
2729 3359 2948 3430 reliquo
2985 3373 3220 3428 corpore
3247 3364 3491 3428 separata
3520 3368 3649 3410 suos
3674 3355 3786 3410 sibi

2190 3456 2482 3527 magistros
2512 3464 2567 3510 et
2604 3452 2820 3524 propria
2851 3452 3213 3507 instrumenta
3238 3448 3545 3514 constituit,
3576 3448 3628 3504 si
3654 3448 3788 3519 quid

2187 3549 2468 3606 insolitum
2491 3552 2869 3617 argumentata
2886 3544 3043 3609 eSt,si
3073 3544 3203 3615 quid
3233 3544 3357 3599 novi
3384 3543 3526 3613 juris
3555 3542 3786 3608 invenit,

2186 3644 2234 3697 si
2262 3641 2482 3712 corpori
2514 3654 2614 3695 suo
2654 3637 2938 3709 repudium
2971 3638 3123 3708 pacis
3151 3636 3387 3691 indixit:
3419 3636 3575 3706 plane
3602 3644 3733 3690 tunc
3756 3650 3791 3690 a

2186 3736 2412 3793 Christo
2442 3733 2739 3790 recessisse
2761 3732 3039 3799 videatur,
3068 3738 3199 3785 tunc
3220 3740 3378 3786 extra
3414 3728 3711 3799 prophetas
3734 3738 3794 3785 et

2186 3827 2464 3899 apostolos
2492 3823 2824 3881 constitisse.
2861 3822 2989 3878 llmc
3014 3823 3177 3892 igitur
3210 3822 3315 3875 erit
3342 3820 3541 3876 domus
3568 3836 3786 3892 magna,

2186 3920 2438 3989 locuples
2463 3919 2704 3974 omnium
2729 3915 3054 3972 diversitate
3075 3930 3356 3980 vasorum,
3382 3916 3434 3971 in
3467 3929 3573 3985 qua
3592 3930 3788 3986 purum

2186 4010 2417 4078 refulget
2455 4026 2661 4077 aurum,
2696 4009 2749 4063 in
2776 4023 2881 4078 qua
2910 4007 3114 4062 ductile
3141 4006 3287 4061 lucet
3329 3996 3642 4079 argentum;
3691 4022 3788 4063 ve.

2184 4119 2327 4167 rum,
2361 4118 2481 4173 qua:
2508 4103 2663 4155 etiam
2690 4101 2858 4173 lignea
2883 4099 3025 4155 sicut
3046 4098 3313 4169 scriptum
3348 4107 3431 4153 est
3468 4098 3536 4169 (II
3565 4097 3702 4153 Tim.
3730 4115 3787 4164 ιι,

2182 4195 2297 4265 20),
2347 4204 2397 4251 et
2440 4193 2625 4264 ﬁctilia
2664 4208 2788 4245 vasa
2829 4191 3103 4259 dignatur.
3153 4188 3341 4259 Magna
3391 4190 3538 4244 enim
3588 4190 3789 4245 domus

2183 4291 2386 4347 multos
2411 4295 2591 4343 movet
2616 4300 2770 4353 usus,
2800 4299 2964 4355 opera
2978 4282 3193 4339 diversa
3224 4267 3507 4338 sollicitat.
3542 4282 3661 4338 Non
3694 4299 3789 4340 so.

2182 4386 2293 4440 lum
2321 4381 2519 4452 quaerit
2547 4388 2855 4450 argentum,
2891 4391 2989 4431 nec
3026 4390 3196 4431 aureo
3232 4384 3441 4431 tantum
3478 4375 3794 4433 delectatur

2182 4482 2399 4531 ornatu.
2439 4470 2686 4529 Subinde
2710 4469 2833 4538 plus
2861 4467 3022 4523 decet
3049 4481 3267 4537 magna,
3307 4476 3691 4537 contemptus;
3737 4480 3791 4525 et

2184 4572 2326 4626 inter
2352 4567 2563 4625 nobiles
2594 4564 2851 4628 ambitus,
2882 4562 3082 4633 exigua
3109 4576 3325 4633 quoque
3359 4561 3600 4631 jocunda
3632 4572 3785 4617 sunt.

2182 4665 2372 4721 Nullus
2393 4661 2587 4718 artifex
2614 4673 2777 4730 opera
2802 4672 2897 4712 sua
2937 4656 3188 4727 deSpicit,
3214 4670 3316 4711 nec
3353 4655 3481 4710 vilia
3503 4655 3610 4711 sibi
3633 4667 3790 4725 putat

2180 4773 2305 4814 esse
2346 4770 2467 4826 quae
2515 4752 2662 4809 fecit.
2708 4749 2775 4804 Et
2809 4750 2954 4805 unde
2993 4764 3091 4818 pro
3130 4747 3515 4818 peccatoribus
3560 4763 3785 4818 passum

2180 4859 2338 4922 putas
2364 4845 2663 4910 Christum,
2699 4844 2800 4898 nisi
2838 4842 2982 4913 quod
3025 4842 3257 4912 perdere
3301 4840 3475 4896 noluit
3514 4842 3784 4913 quidquid

2179 4943 2297 5015 ipse
2324 4937 2623 4995 formavit?
2653 4934 2811 4991 Unde
2850 4934 3000 4989 illum
3032 4942 3187 5001 putas
3216 4931 3485 5003 hodieque
3514 4933 3780 5003 interpel-

2172 5036 2289 5090 lare
2332 5047 2433 5103 pro
2476 5028 2711 5094 miseris,
2763 5024 2866 5081 nisi
2909 5025 3057 5095 quod
3100 5023 3397 5088 modicum,
3442 5039 3682 5095 eumque
3727 5036 3783 5081 et

2170 5123 2672 5197 despectissimum,
2703 5133 2810 5173 non
2839 5117 3094 5187 repellit;
3120 5117 3420 5183 neminem,
3448 5131 3515 5171 ex
3539 5116 3623 5172 his
3641 5132 3781 5187 quos

2170 5216 2463 5287 acceperit,
2504 5210 2844 5283 perditurus;
2880 5209 3058 5278 ligneo
3102 5206 3231 5263 licet
3258 5221 3323 5262 ac
3354 5206 3513 5263 fictili
3554 5221 3781 5279 compa-

2169 5318 2382 5373 rentur,
2431 5312 2595 5375 atque
2642 5304 2716 5360 ita
2768 5302 2824 5358 in
2876 5300 3041 5357 domo
3082 5314 3181 5355 sua
3220 5299 3406 5355 omnia
3435 5314 3577 5369 (vasa
3623 5315 3779 5357 com-

2168 5398 2364 5472 ponit?

2236 5490 2453 5548 XXVII.
2486 5490 2755 5556 Tandem,
2790 5487 2952 5545 frater
2981 5484 3409 5559 Symproniane,
3444 5500 3552 5542 non
3590 5486 3776 5560 pigeat

456 5604 564 5662 ret,
611 5595 791 5664 aliqua
840 5590 1034 5645 ultimo
1078 5589 1203 5644 sinu
1246 5586 1509 5654 trahitur,
1543 5592 1599 5641 et
1645 5585 1789 5640 inter
1832 5582 2063 5654 vestigia
2165 5601 2289 5643 esse
2316 5600 2441 5640 cum
2471 5582 2686 5649 multis;
2721 5570 3412 5637 tandemlibeatreduvias
3438 5578 3774 5637 Novatiano-

532 5720 559 5763 ει
595 5712 703 5765 Nec
730 5711 867 5781 quod
914 5710 1102 5781 fecerat
1143 5704 1424 5781 ptenitenti.
1474 5703 1785 5774 Legendum
1834 5700 2054 5772 conjicit

460 5776 752 5845 Latinius,
770 5781 868 5833 nisi
892 5776 1030 5849 quod
1051 5776 1240 5849 fecerat
1269 5776 1557 5845 prcnilente.

2230 5698 2258 5739 ι)
2280 5698 2403 5771 Has
2438 5699 2636 5771 parias.
2674 5697 2781 5771 Sic,
2807 5695 3189 5767 rescripsimus
3213 5708 3281 5752 ex
3320 5694 3633 5766 conjectura
3665 5695 3771 5752 Laa

2172 5760 2309 5825 tittii.
2345 5760 2511 5837 Edi'ti,
2539 5766 2636 5824 hac
2666 5767 2868 5838 parias.
