4094 6190
336 277 470 334 1081

1374 272 1791 333 ΡΑΒᾹΞΝΕΒΙΞ
1827 276 1921 333 AD
1962 276 2498 339 ΡΈΝΙΤΕΝΤΙΑΜ.

3487 284 3631 342 1082

331 412 476 464 rum,
531 406 586 454 et
636 396 1000 469 prtesegmina
1045 405 1228 475 vestra
1265 403 1656 463 contemnere;
1710 396 1926 452 tandem
1955 402 2011 462 Α
2033 400 2223 456 dextra
2252 400 2591 472 sinistraque
2630 401 2885 475 figentem
2916 418 2929 457 :
2963 401 3232 473 intellige,
3258 400 3321 456 ab
3351 407 3469 455 ortu
3507 401 3635 456 solis

329 491 629 547 catholicos
656 507 848 563 greges
878 501 933 547 et
974 502 1082 546 tam
1114 493 1220 547 late
1255 499 1503 561 patentes
1535 490 1801 546 Ecclesia:
1828 505 1929 561 po-

330 585 487 657 pulos
518 587 737 641 intueri.
773 586 875 642 Ubi
912 601 1076 651 unus,
1119 585 1355 656 inquies,
1382 586 1455 641 ibi
1488 595 1545 641 et
1573 600 1705 657 ego;
1742 596 1798 642 et
1836 588 1924 642 ubi

329 676 461 745 duo,
521 678 595 733 ibi
652 679 932 733 Ecclesia:
974 679 1064 734 ubi
1100 694 1246 735 unus
1288 690 1468 735 tamen
1515 694 1776 745 concors;
1833 680 1923 735 ubi

328 770 459 837 duo,
488 771 716 842 paciﬁci.
762 770 865 827 Ubi
908 786 1068 835 unus,
1112 782 1167 828 et
1206 773 1489 841 Ecclesia;
1517 782 1725 843 quanto
1754 775 1926 845 magis

329 863 421 920 ubi
467 864 683 932 plures?
733 862 995 929 Meliora,
1044 865 1244 936 inquit,
1298 866 1402 919 duo
1450 882 1603 930 quam
1648 882 1784 919 unus
1814 882 1833 920 :
1880 875 1927 920 et

325 966 558 1025 spartum
605 955 799 1024 triplex
826 972 929 1010 non
970 958 1230 1027 rumpitur
1262 956 1463 1028 (Eccle.
1512 973 1589 1025 tv,
1624 956 1740 1027 12).
1783 957 1924 1013 Audi

326 1047 499 1101 David
530 1064 541 1099 :
595 1046 829 1102 Psallam
858 1050 1055 1103 nomini
1084 1059 1171 1103 tuo
1217 1051 1270 1103 in
1308 1050 1523 1104 ecclesia
1548 1052 1714 1105 multa
1749 1050 1921 1123 (Psal.

324 1144 514 1204 xxxiv,
550 1137 662 1207 18).
713 1139 779 1194 Ει
806 1139 1007 1195 iterum
1050 1157 1064 1194 :
1117 1141 1185 1195 In
1217 1144 1410 1210 populo
1447 1146 1592 1215 gravi
1622 1144 1845 1199 laudabo
1876 1153 1924 1200 te

321 1228 538 1303 (lbid.).
572 1231 640 1286 Et
668 1250 679 1285 :
710 1231 851 1287 Deus
884 1234 1096 1288 deorum
1128 1234 1331 1290 locutus
1384 1246 1479 1302 est,
1515 1247 1562 1291 et
1597 1240 1792 1292 vocavit
1821 1250 1923 1294 ter-

319 1338 434 1376 ram
477 1324 540 1377 ab
568 1332 684 1377 ortu
731 1326 854 1379 solis
883 1342 1043 1397 usque
1066 1328 1135 1380 ad
1182 1344 1417 1382 occasum
1451 1328 1624 1400 (Psal.
1661 1346 1806 1395 xux,
1844 1329 1919 1402 1).

319 1416 459 1485 Quid
490 1432 675 1473 semen
704 1419 959 1485 Abrahm,
992 1422 1297 1475 secundum
1328 1424 1614 1478 stellarum
1647 1424 1839 1479 modos
1866 1434 1923 1479 et

320 1524 580 1566 numeros
611 1527 923 1581 arenarum,
970 1525 1151 1571 vestra
1194 1526 1513 1586 paupertate
1558 1521 1921 1574 ροηιειιῑυηιῖ

320 1599 703 1659 Benedicentur
737 1606 791 1659 in
834 1614 901 1669 te,
936 1608 1132 1677 inquit,
1165 1625 1339 1663 omnes
1381 1611 1540 1663 tribus
1580 1620 1729 1665 terra:
1759 1610 1914 1683 (Gen.

317 1711 454 1763 χιιι,
500 1697 609 1767 18).
659 1698 789 1765 Dic;
836 1698 1177 1756 Novatianus
1220 1700 1317 1755 has
1358 1702 1615 1773 impleat?
1661 1703 1777 1757 Non
1810 1713 1915 1759 tam

2032 512 2193 567 usque
2243 496 2311 549 ad
2368 512 2607 551 occasum
2657 495 2920 551 laudabile
2970 511 3158 549 nomen
3204 492 3415 549 Domini
3452 492 3629 565 (Psal.

2031 604 2160 657 cxn,
2195 590 2275 659 5).
2302 589 2610 656 Vide,vide,
2640 603 2849 660 quaeso.
2879 586 3194 643 Novatianis
3222 587 3274 641 in
3304 584 3477 641 verba
3509 584 3625 639 luc-

2032 685 2298 750 tantibus,
2348 684 2647 739 catholicas
2694 683 2779 753 agi
2834 690 2952 737 toto
2991 680 3124 736 orbe
3171 678 3409 734 divitias.
3453 676 3633 746 Super

2030 777 2285 833 omnibus
2312 778 2511 847 quibus
2539 793 2568 832 a
2607 786 2658 833 te
2700 792 2818 832 sum
2863 774 3167 839 consultus,
3212 772 3466 827 instruxi.
3497 770 3631 825 Nul-

2029 871 2165 937 lum,
2198 884 2261 924 ex
2304 868 2594 939 pr0positis
2620 876 2786 938 caput
2821 866 3221 923 sententiamve
3250 862 3510 935 pmterii.
3543 860 3627 917 Ad

2029 962 2175 1032 ipsos
2200 962 2387 1031 apices
2415 969 2470 1015 et
2493 959 2657 1014 verba
2681 957 2962 1028 respondi.
3003 958 3060 1013 Si
3084 956 3418 1011 consulentis
3446 954 3631 1009 animo

2030 1052 2326 1123 requisisti,
2368 1060 2615 1105 amanter
2665 1058 2946 1106 ostensum
2998 1058 3082 1104 est
3124 1066 3136 1101 :
3187 1048 3233 1102 si
3285 1047 3626 1113 lacessentis,

2028 1146 2171 1201 haud
2194 1145 2433 1216 segniter
2459 1144 2817 1212 disputatum.
2852 1140 3211 1211 Subjungam,
3244 1154 3368 1195 cum
3397 1152 3625 1194 vacuum

2027 1242 2156 1307 erit,
2190 1250 2244 1295 et
2276 1240 2437 1293 aliam
2482 1237 2793 1307 epistolam,
2832 1236 2884 1289 in
2930 1249 3033 1305 qua
3067 1247 3176 1288 non
3214 1242 3399 1287 vestra
3440 1230 3631 1286 redar-

2026 1348 2208 1404 guam,
2257 1332 2353 1387 sed
2398 1342 2580 1386 nostra
2609 1345 2907 1401 proponam
2943 1346 2956 1381 :
3010 1343 3195 1398 quam,
3229 1327 3274 1381 si
3304 1326 3541 1396 benigne
3571 1334 3627 1379 et

2024 1426 2145 1480 sine
2173 1423 2392 1479 fastidio
2422 1422 2641 1493 legeris,
2674 1422 2904 1476 fortasse
2936 1434 3044 1475 non
3075 1419 3258 1475 laedet.
3292 1418 3541 1484 Interim,
3573 1418 3627 1471 in

2024 1517 2150 1582 ista,
2184 1526 2308 1585 peto
2335 1524 2395 1569 ut
2420 1515 2628 1585 singula
2653 1528 2883 1583 qumque
2911 1526 3257 1583 percenseas.
3292 1510 3490 1566 Omnia
3514 1509 3628 1565 cito

2023 1610 2165 1665 lecta
2211 1618 2583 1679 prietereunt:
2629 1609 2673 1662 si
2706 1606 3035 1662 charismata
3061 1605 3285 1660 meliora
3320 1605 3625 1671 desideras,

2022 1712 2079 1760 et
2123 1703 2279 1759 bonae
2311 1702 2645 1757 eruditionis
2680 1703 2915 1755 animam
2957 1699 3123 1770 geris,
3160 1713 3269 1753 non
3313 1698 3475 1753 facile
3514 1706 3621 1751 tam

316 1802 533 1858 parum,
562 1791 828 1860 sanguine
850 1806 949 1846 suo
980 1793 1217 1849 redemit
1244 1794 1415 1861 Deus,
1449 1811 1549 1849 nec
1574 1805 1682 1851 tam
1714 1812 1918 1867 pauper
1947 1794 1995 1856 B
2023 1811 2150 1852 vera
2193 1796 2519 1851 contemnis.
2550 1794 2816 1849 Dominus
2847 1802 2900 1847 te
2941 1794 2996 1848 in
3026 1801 3297 1847 aeternum
3347 1788 3625 1845 custodire

317 1888 404 1935 est
438 1880 707 1937 Christus.
749 1884 1032 1954 Cognosce
1072 1886 1201 1955 jam,
1235 1886 1427 1953 frater,
1478 1888 1776 1944 Ecclesiam
1822 1890 1916 1947 Dei

2026 1899 2079 1945 et
2108 1899 2395 1959 protegere
2425 1888 2700 1957 dignetur,
2732 1895 2789 1941 et
2826 1884 3198 1941 Christianum
3238 1884 3424 1939 vivere
3462 1881 3623 1937 faciat

316 1970 641 2030 dilatantem
704 1977 1055 2033 tabernacula
1120 1994 1239 2046 sua,
1294 1989 1351 2036 et
1410 1980 1711 2036 aulazorum
1766 1982 1921 2053 palos
2023 1984 2090 2038 ad
2120 1981 2470 2067 concordiam
2499 1980 2861 2051 spiritualem.
2896 1982 3089 2034 Amen.

318 2129 3592 2163 W

1166 2301 1845 2417 SANCTI
1916 2304 2710 2419 PAGIANI

1352 2513 2579 2785 ΡΑΒΑΞΞῘΕΞΙΞ.

482 2874 1518 2963 EXHORTATORIUS
1588 2872 1918 2961 LIBEL

2003 2876 2178 2985 US,
2253 2876 2413 2959 AD
2488 2806 3411 2959 POENITENTIAM.

374 3252 415 3307 Ι.
466 3251 580 3307 Etsi
618 3249 933 3323 aliquoties,
967 3249 1301 3305 tumultuose
1335 3248 1487 3315 licet,
1527 3246 1598 3303 de
1631 3244 1902 3316 pmniten-
1928 3243 1971 3305 C
2005 3255 2115 3312 quo
2156 3254 2321 3312 posse
2364 3237 2718 3310 reprehendi.
2764 3238 2943 3307 Atque
2981 3244 3042 3290 ut
3079 3249 3293 3292 caenum
3324 3237 3467 3294 solet
3494 3246 3606 3297 tum

298 3344 433 3401 tium
475 3346 760 3400 curatione
790 3358 898 3398 non
941 3342 1115 3409 tacui;
1160 3354 1371 3396 memor
1402 3349 1583 3396 tamen
1613 3338 1901 3394 dominica:

296 3436 711 3503 sollicitudinis,
756 3452 877 3507 quae
899 3444 1121 3506 propter
1152 3434 1314 3489 unius
1343 3432 1572 3488 oviculae
1600 3431 1899 3487 detrimen-

296 3539 408 3587 tum
440 3531 753 3587 cervicibus
778 3532 944 3587 etiam
976 3531 1089 3586 suis
1138 3538 1194 3585 et
1220 3528 1464 3584 humeris
1492 3542 1604 3583 non
1632 3527 1896 3598 pepercit,

295 3624 566 3695 integrato
593 3625 745 3696 gregi
769 3624 1017 3681 referens
1050 3624 1411 3694 peccatricem
1441 3622 1730 3677 delicatam
1760 3638 1773 3673 :
1804 3634 1898 3676 co-

296 3714 490 3783 nabor,
536 3726 591 3771 ut
639 3725 854 3786 potero,
897 3725 1061 3772 tantae
1105 3715 1323 3769 virtutis
1368 3714 1682 3783 exemplum
1730 3712 1895 3769 etiam

293 3807 437 3879 stylo
483 3817 529 3877 ﬂ,
566 3808 826 3876 condere,
866 3823 931 3863 ac
986 3808 1241 3863 dominici
1294 3806 1503 3863 laboris
1541 3806 1889 3874 industriam,

291 3901 673 3959 mediocritate
729 3904 857 3974 (qua
912 3903 1134 3973 dignum
1191 3900 1298 3972 est)
1355 3916 1550 3958 servus
1613 3902 1890 3957 imitabor.

291 3990 473 4048 Unum
503 3992 637 4048 illud
666 4009 878 4061 vereor,
903 3993 1266 4059 dilectissimi,
1292 4005 1362 4050 ne
1391 3993 1568 4049 solita:
1593 3992 1892 4048 contrarie-

285 4085 421 4140 tatis
475 4084 743 4152 adversis,
803 4083 1123 4141 inculcanda
1174 4099 1293 4154 qua:
1352 4083 1509 4151 fiunt,
1564 4083 1888 4137 admoneam

288 4178 462 4248 magis
502 4185 725 4247 peccata
764 4192 925 4247 quam
972 4178 1304 4247 reprimam:
1354 4177 1660 4247 meliusque
1702 4174 1883 4240 fuerit,

287 4267 451 4324 Attici
479 4268 701 4324 Solonis
717 4268 990 4338 exemplo,
1021 4279 1204 4324 tacere
1231 4267 1299 4323 de
1328 4270 1538 4337 magnis
1561 4266 1885 4332 sceleribus,

283 4375 447 4431 quam
479 4374 703 4425 cavere;
733 4374 799 4416 eo
825 4375 992 4432 usque
1024 4361 1331 4432 progressis
1360 4358 1690 4415 nostratium
1720 4358 1887 4413 mori-

285 4450 408 4517 bus,
429 4460 490 4507 ut
528 4452 839 4508 admonitos
867 4468 929 4509 se
967 4454 1292 4509 existiment
1313 4468 1437 4508 cum
1467 4460 1736 4507 vetantur.
1772 4451 1885 4506 lloc

282 4542 453 4608 enim,
482 4552 634 4614 puto,
677 4545 924 4615 proxime
945 4543 973 4583 δ
1005 4545 1275 4601 Cervulns
1304 4545 1396 4601 ille
1430 4542 1688 4613 profecit,
1716 4552 1776 4599 ut
1816 4557 1883 4598 eo

2003 3335 2241 3389 maxime
2290 3332 2489 3388 fteterc
2538 3345 2663 3386 cum
2707 3342 2964 3394 moveas;
3016 3336 3072 3383 et
3123 3328 3437 3385 incendium
3491 3339 3606 3387 tum

2002 3428 2175 3500 magis
2198 3426 2412 3495 ardere,
2456 3426 2502 3481 si
2543 3435 2753 3490 vertas;
2787 3435 2841 3479 ct
2868 3423 3050 3479 rabies
3075 3431 3189 3477 tum
3232 3423 3610 3483 vehementius

1999 3522 2217 3588 saevire,
2247 3521 2293 3577 si
2322 3532 2587 3589 provoces
2614 3532 2628 3571 :
2656 3516 2729 3572 ita
2754 3516 2831 3571 illi
2856 3515 3259 3587 objurgationis
3280 3517 3605 3574 necessaria:

1998 3612 2252 3668 stimulos
2300 3609 2576 3665 contrario
2624 3608 2776 3664 calce
2829 3606 3138 3679 fregerunt,
3181 3623 3292 3665 non
3342 3608 3461 3665 sine
3503 3623 3604 3665 suo

1998 3707 2211 3779 quidem
2244 3706 2388 3762 malo
2417 3715 2472 3762 et
2498 3704 2726 3760 vulnere
2761 3712 3153 3774 repugnantes.

2067 3798 2132 3854 Il.
2162 3798 2273 3855 Vos
2298 3807 2502 3864 tamen,
2531 3796 2896 3861 dilectissimi,
2925 3810 2955 3850 a
3000 3795 3233 3852 Domino
3269 3804 3601 3852 mementote

1995 3893 2235 3964 positum
2270 3910 2283 3947 :
2313 3894 2484 3963 Argue
2510 3892 2818 3962 sapientem,
2859 3900 2907 3946 et
2950 3891 3140 3947 amabit
3166 3902 3214 3945 te
3238 3907 3259 3946 :
3287 3900 3437 3961 atque
3472 3890 3601 3946 stul-

1996 3997 2127 4054 tum,
2157 3998 2205 4043 et
2230 3987 2350 4041 odio
2379 3996 2425 4041 te
2452 3986 2652 4041 habebit
2674 3984 2860 4055 (Prov.
2886 4001 2964 4053 1x,
2991 3986 3067 4055 8).
3094 3985 3157 4040 Ει
3186 3984 3387 4039 iterum
3414 4000 3427 4037 :
3460 3982 3595 4055 Ego,

1992 4096 2121 4149 quos
2148 4080 2330 4150 diligo,
2356 4078 2611 4149 redarguo
2638 4088 2682 4132 et
2708 4079 2905 4147 castigo
2934 4077 3125 4148 (Apoc.
3157 4092 3240 4139 Ill,
3274 4076 3388 4145 19).
3417 4074 3596 4146 Atque

1993 4170 2117 4225 ideo
2144 4170 2397 4225 blandam
2430 4169 2589 4239 hujus
2606 4169 2713 4223 mei
2746 4169 2931 4240 operis
2957 4182 3021 4222 ac
3048 4168 3337 4223 sollicitam
3368 4166 3597 4238 diligen-

1991 4264 2146 4328 tiam,
2196 4272 2253 4318 et
2294 4262 2597 4318 secundum
2628 4262 2845 4317 Domini
2899 4262 3236 4317 voluntatem
3266 4274 3296 4314 a
3339 4275 3426 4315 me
3472 4260 3593 4329 ipso

1990 4356 2156 4412 fratre
2176 4365 2364 4411 vestro
2385 4370 2450 4410 ac
2478 4356 2765 4410 sacerdote
2789 4362 3123 4422 susceptam,
3147 4366 3388 4406 amorem
3414 4351 3593 4419 potius

1959 4441 2192 4503 'credite
2241 4462 2401 4517 quam
2455 4447 2717 4516 rigorem,
2772 4444 3053 4513 sequendo
3098 4442 3434 4507 amabiliter,
3481 4457 3587 4496 non

1990 4546 2345 4616 pertinaciter
2375 4542 2750 4616 repugnando.
2787 4541 3061 4596 Praeterea
3102 4540 3285 4595 nullus
3312 4538 3591 4593 existimet

281 4633 594 4704 diligentior
634 4638 808 4704 lieret,
837 4652 945 4708 quo
974 4636 1296 4707 impressius
1324 4637 1641 4692 notabatur.
1676 4637 1743 4692 Et
1771 4642 1879 4690 tota
1909 4627 1962 4688 D
1989 4638 2134 4694 hunc
2165 4639 2343 4709 ipsum
2386 4637 2453 4693 de
2496 4635 2839 4691 Ptenitentiin
2891 4633 3231 4687 institutione
3273 4646 3583 4687 sermonem

281 4724 370 4781 illa
402 4728 762 4796 reprehensio
790 4729 1078 4785 dedecoris
1102 4731 1349 4800 expressi
1377 4744 1443 4785 ac
1468 4744 1615 4799 saepe
1639 4729 1882 4799 repetiti,

280 4832 388 4873 non
416 4821 807 4888 compressisse
850 4821 1117 4886 videatur,
1158 4821 1255 4877 sed
1300 4822 1547 4878 erudisse
1582 4822 1876 4877 luxuriam.

279 4914 364 4971 Mc
390 4916 678 4971 miserum!
704 4916 845 4984 Quid
890 4932 992 4988 ego
1017 4916 1271 4973 facinoris
1303 4916 1537 4971 admisi?
1567 4916 1724 4981 Puto,
1754 4930 1878 4969 nes-

276 5006 487 5063 cierant
536 5007 832 5064 Cervulum
885 5010 1085 5076 facere,
1127 5008 1230 5064 nisi
1269 5009 1375 5065 illis
1423 5002 1879 5079 reprehendendo

277 5110 693 5158 monstrassem.
722 5102 921 5158 Verum
951 5104 1022 5158 sit
1074 5103 1230 5159 illud.
1260 5103 1355 5159 Dei
1381 5103 1585 5173 refugae
1609 5111 1701 5158 aut
1721 5112 1873 5158 extra

274 5191 577 5249 Ecclesiam
607 5196 915 5261 constituti,
958 5194 1121 5251 etiam
1154 5197 1462 5266 exasperati
1490 5204 1617 5251 sunt
1645 5197 1877 5267 castiga-

274 5286 437 5342 tionis
466 5287 697 5357 injuria;
731 5286 997 5358 indignati
1026 5287 1264 5354 scilicet,
1309 5304 1491 5345 mores
1519 5304 1649 5346 suos
1677 5290 1746 5346 ab
1768 5290 1871 5346 ali-

346 5476 369 5502 "
404 5466 656 5524 Condere.
691 5469 770 5522 An
802 5466 1017 5522 condire
1037 5467 1063 5520 ?

339 5536 369 5577 δ
399 5536 646 5607 Cervulus
685 5540 864 5593 ille....
896 5536 1169 5593 Cervulum
1194 5540 1361 5607 fuere.
1395 5536 1455 5593 S.
1502 5536 1868 5607 Hieronymus

266 5608 387 5665 lib..
414 5607 479 5659 de
538 5606 672 5663 Viris
714 5609 906 5662 illustr.
947 5623 1067 5678 cap.
1119 5605 1241 5673 106,
1285 5608 1604 5678 ἱηιθνᾼνπὶδ
1646 5605 1865 5663 Paciani

267 5678 553 5748 Opuscula,
595 5679 730 5750 illud
758 5680 931 5750 primo
963 5676 1086 5750 loco
1114 5689 1390 5750 recenset,
1420 5676 1612 5750 cervus
1635 5678 1865 5745 inscrip-

267 5747 381 5805 tt'un
415 5764 429 5804 :
464 5748 608 5821 quod
655 5747 864 5821 jamdiu
905 5749 1132 5809 interiit.
1172 5749 1396 5808 Ludicri
1433 5747 1692 5807 nimirum
1738 5763 1860 5819 spe-

1980 4733 2114 4789 solis
2139 4731 2521 4788 tantummodo
2546 4728 2936 4799 paenitentibus
2955 4726 3263 4782 ordinatum
3288 4742 3304 4793 ;
3329 4741 3396 4782 ne
3420 4740 3583 4796 prop-

1980 4838 2065 4883 ter
2108 4826 2212 4881 hoc
2241 4826 2485 4897 quisquis
2527 4834 2680 4881 extra
2710 4825 2854 4879 hunc
2880 4822 3109 4894 gradum
3140 4822 3351 4893 positus
3381 4828 3486 4887 est,
3518 4835 3584 4876 ea

1978 4930 2338 4987 quaecumque
2380 4916 2652 4981 dicentur,
2685 4914 2834 4969 velut
2876 4915 2927 4967 in
2959 4912 3100 4968 alios
3129 4911 3403 4967 destinata
3430 4909 3585 4964 fasti-

1980 5010 2117 5077 diat,
2165 5023 2287 5065 cum
2340 5010 2391 5064 in
2440 5008 2580 5064 hanc
2624 5008 2781 5078 quasi
2837 5005 3054 5062 fibulam
3100 5005 3269 5059 totius
3318 5001 3583 5057 Ecclesia;

1982 5102 2271 5174 disciplina
2305 5113 2327 5141 ο
2377 5110 2614 5167 notetur,
2644 5099 2888 5169 quando,
2940 5107 2997 5153 et
3036 5092 3482 5159 Catechumenis,
3513 5108 3582 5148 ne

1982 5197 2037 5252 in
2081 5197 2185 5253 hoc
2216 5204 2525 5259 transeant;
2569 5205 2625 5249 et
2663 5192 2937 5260 fidelibus,
2980 5204 3047 5245 ne
3083 5190 3137 5244 in
3185 5188 3292 5244 hoc
3326 5186 3577 5249 redeant,

1980 5289 2372 5361 providendum
2419 5287 2527 5354 sit;
2560 5288 2694 5358 ipsis
2734 5300 2865 5342 vero
2894 5282 3307 5356 paenitentibus,
3334 5286 3395 5333 ut
3432 5276 3579 5333 cele-

1973 5466 2113 5537 ciem
2152 5466 2466 5537 exagitabat
2502 5465 2676 5537 eoin
2691 5478 2858 5537 opere
2884 5462 2943 5517 S.
2980 5460 3187 5537 Pater,“
3188 5459 3259 5517 de
3284 5474 3395 5537 quo
3417 5456 3572 5529 plura

1974 5536 2223 5593 homines
2250 5528 2468 5594 Eruditi.
2501 5534 2641 5589 Vide
2664 5528 2745 5589 sis
2775 5547 2887 5600 prae
2907 5530 3123 5587 caeteris
3149 5528 3339 5601 Cangii
3366 5528 3575 5585 utrum-

1969 5622 2076 5679 que
2104 5609 2439 5681 Glossarium
2471 5606 2624 5681 verb.
2649 5605 2978 5681 Κερϐούκολος
3008 5612 3064 5660 et
3086 5601 3327 5659 Cervula.

2042 5690 2064 5718 ε
2099 5680 2181 5735 Al.
2215 5684 2529 5735 coarctetur.
2562 5674 2638 5731 In.
