4094 6190
481 244 621 321 ξοδδ

1810 241 2061 313 WG.“
2098 240 2379 313 FABIANI

3634 255 3787 315 ωει

467 362 600 431 rite;
644 361 710 425 ad
758 361 918 439 huius
959 360 1144 431 operis
1180 361 1411 427 fructum
1443 360 1792 429 perveniant,
1819 359 2072 429 laboratae
2099 360 2153 435 ᾼ
2175 359 2477 427 conclusio.
2512 361 2809 434 Despectus
2830 362 2893 425 in.
2910 363 3096 429 multis
3119 363 3359 434 Spiritus
3382 378 3624 433 sanctus,
3654 368 3788 433 hac,

466 458 618 521 dum,
642 454 967 519 Sermonem
993 463 1172 517 tamen
1197 467 1447 515 meorum
1476 453 1561 517 hic
1582 452 1717 515 ordo
1740 453 2070 517 servabitur.

470 548 711 609 Primum
757 554 815 611 ut
845 547 912 601 de
947 545 1109 609 modo.
1139 547 1429 611 criminum
1480 548 1807 611 edisseram,
1841 562 1909 601 ne
1952 548 2079 629 quis.

468 639 745 713 existimet
795 636 1053 703 omnibus
1105 638 1327 703 omnino
1368 638 1603 706 peccatis
1650 652 1921 701 summum
1966 636 2077 699 dis-

469 740 676 805 crimen
725 738 1052 807 impositura.
1090 737 1229 799 Tum
1271 737 1339 793 de
1369 737 1453 793 his
1484 736 1741 803 ﬁdelibus
1767 738 1947 803 dicam
1988 738 2078 811 qui

471 831 773 899 remedium
817 846 975 895 suum
1008 831 1397 893 erubescentes
1432 832 1573 889 male
1607 834 1904 891 verecundi
1946 833 2079 907 sint,

468 935 518 981 et
542 923 824 993 inquiuato
846 937 1081 994 corpore
1109 937 1172 976 ac
1197 924 1398 993 polluta
1427 932 1614 985 mente
1630 924 2040 991 communicant
2066 942 2079 977 :

475 1013 529 1068 in
561 1025 857 1083 conspectu
892 1015 1176 1077 hominum
1224 1015 1591 1087 umidissimi;
1633 1024 1761 1083 ante
1790 1016 2081 1083 Dominum

480 1121 611 1162 vero
670 1106 1148 1177 impudentissimi,
1180 1108 1426 1180 profanis
1474 1109 1729 1175 manibus
1777 1119 1832 1167 et
1876 1112 2082 1181 polluto

478 1215 572 1255 ore
616 1201 1010 1265 contaminant,
1042 1201 1248 1255 sanctis
1293 1216 1510 1271 quoque
1540 1210 1602 1256 et
1642 1201 1867 1274 Angelis
1915 1203 2085 1271 altare

482 1292 852 1347 metuendum.
886 1292 1097 1358 Tertio,
1130 1291 1198 1346 de
1224 1292 1309 1348 his
1340 1294 1446 1348 erit
1474 1308 1679 1362 sermo,
1704 1296 1795 1364 qui
1819 1294 2084 1361 confessis

483 1385 624 1441 bene
644 1386 961 1459 apertisque
990 1386 1309 1441 criminibus
1343 1386 1582 1442 remedia
1614 1387 1966 1457 poenitentia),
1998 1403 2087 1457 ac-

484 1488 678 1549 tusque
710 1480 856 1549 ipsos
885 1479 1283 1550 exomologesis
1323 1480 1785 1546 administrandae,
1838 1493 1929 1538 aut
1958 1497 2083 1549 nes-

482 1570 633 1627 ciuut
683 1580 777 1631 aut
828 1584 1103 1633 recusant.
1162 1572 1447 1627 Postremo
1499 1574 1628 1628 illud
1680 1574 2086 1644 apertissimum

487 1666 757 1723 enitemur
776 1650 1088 1732 ostendere,
1120 1682 1239 1739 quae
1268 1681 1429 1737 poena
1450 1667 1522 1739 sit
1550 1677 1640 1722 aut
1665 1685 1771 1725 non
1801 1668 2089 1739 agentibus

2180 452 2341 519 nobis
2379 452 2627 525 capitalis
2656 454 2883 524 periculi
2936 456 3253 521 conditione
3295 460 3513 529 legavit.
3546 459 3789 529 Reliqua

2182 557 2398 618 peccata
2430 548 2711 611 meliorum
2744 564 2972 620 operum
3000 553 3447 622 compensatione
3472 562 3734 611 curantur
3766 570 3789 608 ι

2182 640 2298 701 haec
2325 654 2453 717 vero
2497 643 2595 701 tria
2625 640 2873 707 crimina,
2909 652 2967 697 ut
3009 642 3249 705 basilisci
3282 645 3513 713 alicujus
3543 645 3791 715 amatus,

2184 739 2239 799 ut
2267 732 2459 787 veneni
2490 731 2651 799 calix.
2684 742 2741 788 ut
2764 732 2982 797 lethalis
3010 735 3247 800 arundo,
3291 736 3578 797 metuenda
3611 747 3791 801 sunt:

2182 837 2291 887 non
2322 826 2467 887 enim
2489 824 2685 891 vitiare
2715 826 2972 892 animam,
3005 826 3099 879 sed
3129 827 3456 897 intercipere
3488 837 3791 885 noverunt.

2183 914 2360 993 Quare
2411 916 2669 973 tenacitas
2718 915 3055 983 humanitate
3100 918 3429 984 redimetur;
3472 921 3793 977 convicium

2183 1006 2552 1069 satisfactione
2584 1008 2931 1083 pensaliitur;
2965 1011 3189 1075 tristitia
3214 1012 3587 1087 iucunditate;
3621 1028 3797 1083 aspe—

2186 1099 2319 1169 ritas
2362 1100 2615 1165 lettitate;
2666 1102 2930 1171 gravitate
2962 1102 3188 1168 levitas;
3237 1104 3525 1161 honestate
3566 1120 3796 1172 perver-

2186 1191 2351 1263 sitas;
2380 1202 2433 1261 et
2452 1207 2809 1262 quiecumque
2834 1195 3129 1261 contrariis
3158 1196 3447 1261 emendata
3474 1196 3797 1267 proﬁciunt.

2186 1285 2327 1361 Quid
2360 1301 2485 1351 vero
2516 1286 2674 1345 faciet
2707 1296 3055 1356 Colntemptor
3088 1287 3218 1351 Dei?
3244 1287 3384 1357 Quid
3418 1300 3542 1359 aget
3570 1290 3796 1360 sangui-

2190 1378 2411 1445 narius?
2440 1376 2592 1449 Quod
2622 1377 2923 1443 remedium
2946 1381 3127 1450 capiet
3158 1380 3490 1449 fornicator?
3513 1380 3800 1452 Numquid

2189 1479 2281 1535 aut
2333 1471 2549 1541 placare
2594 1470 2882 1539 Dominum
2927 1471 3180 1541 desertor
3226 1474 3396 1545 ipsius
3434 1476 3660 1543 poterit;
3696 1485 3799 1541 aut

2190 1576 2521 1627 conservare
2550 1566 2869 1633 sanguinem
2902 1580 3086 1631 suum,
3124 1566 3217 1636 qui
3246 1564 3636 1631 fuditalieuum
3656 1584 3677 1633 ;
3699 1578 3798 1635 aut

2192 1653 2561 1726 redintegrare
2592 1655 2688 1709 Dei
2732 1656 3014 1725 templum,
3049 1658 3138 1727 qui
3168 1657 3296 1721 illud
3329 1658 3650 1723 fornicando
3676 1660 3797 1723 vice

488 1757 888 1827 paenitentiam,
922 1768 1013 1813 aut
1044 1761 1205 1819 etiam
1241 1760 1659 1830 negligentibus,
1692 1770 1855 1828 atque
1886 1760 2009 1815 ideo
2034 1762 2086 1815 in
2118 1751 2166 1823 Β
2195 1748 2357 1805 Ιτινίιῖ
2409 1752 2511 1811 Ista
2563 1762 2688 1809 sunt
2736 1751 3012 1827 cepitalia,
3075 1750 3308 1818 fratres;
3362 1752 3467 1807 ista
3517 1754 3798 1817 mortalia.

488 1859 715 1913 vulnere
736 1872 836 1915 suo
868 1872 931 1914 ac
962 1854 1171 1921 tumore
1200 1858 1560 1919 morientibus
1595 1875 1609 1910 :
1653 1872 1773 1927 qua:
1799 1872 1991 1913 rursus
2020 1858 2089 1917 sit

488 1964 712 2014 corona,
754 1949 896 2018 quod
928 1951 1230 2017 prtemium,
1261 1950 1615 2009 conscientia:
1663 1950 1901 2018 maculas
1941 1960 2088 2006 recta

489 2052 546 2100 et
573 2045 848 2098 ordinaria
880 2044 1227 2098 confessione
1259 2044 1642 2114 purgantibus.

567 2134 653 2189 III.
690 2134 926 2188 Primum
958 2136 1142 2205 igitur,
1178 2147 1232 2189 ut
1262 2136 1521 2201 diximus,
1563 2135 1630 2190 de
1662 2135 1823 2189 modo
1856 2149 2090 2205 peccan-

491 2229 625 2282 tium
656 2236 1032 2293 retractemus,
1067 2228 1256 2281 sedulo
1289 2230 1631 2298 requirentes
1657 2244 1776 2299 qua:
1808 2231 1919 2282 sint
1965 2243 2089 2297 pec-

490 2332 632 2385 cata,
659 2335 778 2388 qua:
804 2320 1035 2373 crimina
1072 2337 1084 2371 :
1119 2336 1186 2374 ne
1209 2321 1331 2389 quis
1355 2321 1658 2387 existimet,
1693 2331 1916 2392 propter
1938 2320 2098 2387 innu-

495 2430 643 2469 mera
683 2414 879 2469 delicta
910 2429 1145 2483 quorum
1181 2414 1463 2469 fraudibus
1493 2415 1677 2469 nullus
1702 2416 1959 2469 immunis
1989 2423 2094 2482 est,

496 2521 582 2560 me
605 2520 765 2559 omne
789 2507 1069 2559 hominum
1110 2521 1280 2574 genus
1322 2508 1615 2561 indiscreta
1652 2507 1947 2577 paenitendi
1976 2508 2100 2577 lege

495 2600 897 2668 constringere.
914 2599 1073 2668 Apud
1098 2598 1285 2653 Mosen
1308 2610 1361 2654 et
1385 2612 1624 2662 veteres.
1653 2602 1858 2656 minimi
1880 2616 2099 2672 quoque

497 2690 727 2759 peccati,
757 2700 812 2745 et
854 2691 1171 2761 quadrantis
1201 2691 1360 2746 unius
1389 2693 1475 2766 (ut
1502 2693 1575 2747 ita
1608 2692 1866 2762 dixerim)
1907 2694 2010 2759 rei,
2044 2693 2104 2763 in

496 2782 691 2836 eodem
737 2782 1071 2837 infelicitatis
1113 2786 1371 2839 aestuario
1414 2784 1643 2839 volutati
1690 2794 1841 2838 sunt.
1892 2784 1964 2839 Et
2007 2785 2099 2855 qui

500 2874 725 2928 sabbata
780 2874 1139 2938 violaverant,
1186 2885 1240 2928 et
1289 2874 1379 2945 qui
1410 2875 1691 2943 immunda
1732 2874 2102 2946 contigerant,

502 2975 555 3019 et
580 2968 671 3035 qui
706 2982 952 3021 escarum
985 2969 1148 3021 vetita
1166 2980 1652 3039 praesumpserant,
1680 2980 1738 3023 et
1758 2969 2104 3039 quimurmu-

503 3058 717 3126 rabant,
762 3067 815 3113 et
851 3060 941 3128 qui
980 3060 1184 3127 pariete
1212 3072 1492 3129 corrupto,
1523 3072 1578 3116 et
1604 3064 1693 3130 qui
1729 3071 1878 3117 veste
1920 3076 2106 3115 macu-

2192 1842 2343 1899 Nunc
2371 1842 2554 1900 audite
2584 1843 2877 1923 Joannem,
2924 1854 2979 1903 et
3009 1845 3291 1912 confidite,
3322 1846 3368 1901 si
3418 1848 3649 1917 potestis
3678 1864 3692 1900 :
3736 1847 3806 1903 Si

2191 1936 2303 2008 quis
2332 1937 2445 2001 scit,
2478 1936 2671 2006 inquit,
2719 1936 2933 2006 fratrem
2962 1953 3113 1990 suum
3154 1953 3366 2007 peccare
3392 1950 3661 2006 peccatum
3697 1954 3809 2003 non,

2194 2044 2354 2098 usque
2400 2027 2467 2080 ad
2516 2041 2747 2094 mortem,
2796 2039 2936 2099 petat
2982 2046 3077 2099 pro
3120 2047 3203 2095 eo,
3238 2039 3285 2084 et
3327 2030 3469 2085 dabit
3508 2031 3586 2083 illi
3642 2031 3809 2084 vitam

2194 2118 2469 2185 Dominus,
2512 2121 2560 2173 si
2584 2122 2698 2189 quis
2743 2120 2960 2185 deliquit
3010 2129 3279 2189 peccatum
3310 2138 3414 2175 non
3443 2122 3513 2175 ad
3558 2131 3803 2175 mortem.

2198 2209 2289 2265 Est
2317 2221 2488 2265 autent
2534 2222 2800 2282 peccatum
2831 2213 2970 2281 quod
2997 2212 3065 2266 ad
3094 2223 3309 2268 mortem
3341 2214 3532 2269 ducit:
3568 2232 3669 2267 non
3709 2231 3809 2283 pro

2197 2319 2253 2356 eo
2280 2303 2419 2368 diro,
2451 2313 2504 2356 ut
2535 2303 2824 2374 depreceris
2852 2303 2894 2381 (l
2917 2303 3076 2359 Joan.
3113 2322 3166 2368 ν,
3204 2305 3316 2376 16).

2272 2394 2333 2448 V.
2360 2393 2545 2461 Sedsi
2577 2395 2757 2464 placet
2781 2438 2796 2458 .
2842 2396 3007 2451 etiam
3046 2396 3344 2466 separatim
3371 2396 3558 2452 audite
3582 2397 3651 2453 de
3683 2398 3804 2453 sin-

2198 2485 2359 2556 gulis.
2398 2486 2585 2557 Mosen
2630 2501 2726 2555 pro
2769 2486 3213 2555 blaSphematore
3256 2489 3460 2558 populo
3494 2489 3810 2558 deprecan-

2202 2590 2331 2644 tem,
2376 2578 2459 2643 sic
2493 2579 2736 2648 appellat
2778 2580 2920 2634 Deus
2952 2598 2964 2633 :
3014 2581 3074 2635 Si
3105 2581 3238 2650 quis,
3283 2582 3493 2650 inquit,
3527 2582 3810 2650 deliquerit

2202 2682 2323 2739 gnte
2344 2688 2442 2737 me,
2476 2670 2654 2726 delebo
2679 2672 2827 2725 illum
2860 2672 2923 2725 de
2952 2671 3082 2725 libro
3112 2689 3223 2727 meo
3245 2671 3443 2740 (Exod.
3476 2690 3657 2741 xxx",
3691 2675 3807 2747 35).

2204 2766 2270 2820 Et
2298 2766 2364 2819 de
2397 2767 2661 2821 homicida
2682 2807 2697 2830 ,
2729 2766 2987 2820 Dominus
3019 2766 3123 2820 hoc
3148 2766 3365 2835 judicat
3399 2787 3412 2823 :
3457 2768 3519 2823 Si
3558 2771 3697 2839 quis,
3730 2772 3814 2824 in—

2203 2860 2340 2928 quit,
2370 2858 2542 2929 gladio
2562 2859 2830 2924 occiderit,
2854 2860 3031 2930 gladio
3054 2859 3301 2925 morietur
3327 2857 3528 2929 (Exod.
3554 2876 3666 2927 xxi,
3694 2860 3812 2932 12).

2206 2955 2276 3009 Et
2313 2953 2384 3008 de
2416 2953 2746 3007 fornicatore
2788 2952 3087 3021 Apostolus
3128 2952 3256 3007 dicit
3289 2972 3301 3006 :
3347 2953 3430 3007 Ne
3460 2955 3815 3023 violareritis,

2207 3044 2401 3114 inquit,
2440 3045 2687 3111 templum
2728 3042 2826 3096 Dei
2852 3043 2992 3113 quod
3018 3044 3137 3097 estis
3178 3059 3309 3097 vos:
3345 3044 3449 3111 Qui
3485 3056 3658 3099 autem
3687 3057 3819 3101 tem-

507 3154 611 3208 la‘a
665 3155 715 3208 in
758 3155 1017 3225 templum
1066 3156 1261 3209 summi
1301 3155 1464 3225 Regis
1502 3157 1857 3218 intraverant,
1907 3166 1963 3209 ει
2008 3132 2174 3224 (1ηίο
2210 3139 2353 3206 plant
2379 3137 2476 3190 Dei
2506 3137 2797 3201 violaverit,
2824 3136 3085 3205 disperdet
3114 3137 3269 3189 illum
3304 3135 3534 3210 Deus(l
3565 3137 3687 3193 Cor.
3718 3155 3816 3206 tu,

506 3244 691 3299 altaria
740 3244 823 3299 his
858 3246 1077 3300 obnoxii
1108 3260 1270 3299 manu
1309 3255 1781 3300 contrectaverant
1812 3255 1904 3300 aut
1954 3254 2107 3301 veste

503 3340 862 3407 comigerant,
896 3346 953 3391 ut
984 3339 1035 3391 in
1068 3338 1264 3393 cadum
1296 3337 1596 3393 ascendere
1620 3339 1779 3391 citius
1804 3335 1985 3401 fuerit,
2016 3344 2109 3392 aut

507 3434 677 3487 emori
707 3435 875 3486 satius
916 3448 1074 3501 quam
1111 3433 1223 3485 hzec
1253 3431 1504 3486 universa
1532 3445 1772 3486 servare.
1807 3430 1901 3484 His
1946 3431 2111 3501 igitur

512 3540 611 3579 nos
646 3524 896 3578 omnibus
936 3524 1224 3593 multisque
1269 3534 1527 3593 praeterea
1576 3523 1890 3577 carnalibus
1937 3512 2106 3589 vitiis,

512 3627 566 3669 ut
596 3615 757 3669 citius
784 3614 849 3668 ad
874 3613 1141 3668 destinata
1169 3615 1396 3683 quisque
1424 3614 1723 3683 perveniat,
1755 3614 1976 3683 sanguis
2008 3614 2115 3668 Do-

512 3706 642 3761 mini
670 3707 939 3769 liheravit,
969 3705 1322 3774 redemptosa
1338 3706 1605 3760 servitute
1629 3706 1769 3775 legis
1787 3714 1842 3759 et
1864 3705 2116 3762 libertate

515 3796 638 3852 fidei
683 3797 1079 3866 emancipatus.
1116 3796 1355 3864 Ideoque
1399 3795 1679 3864 apostolus
1711 3795 1955 3850 Paulus:
2010 3793 2114 3849 Vos

513 3900 704 3957 autem,
742 3890 935 3960 inquit,
971 3891 1023 3942 in
1072 3890 1356 3943 libertatem
1384 3890 1553 3943 vocari
1580 3888 1700 3941 estis
1732 3887 1872 3961 (Gal.
1900 3902 1956 3951 v,
2001 3885 2115 3958 l5).

519 3983 647 4037 lltec
688 3984 777 4037 illa
828 3983 1085 4048 libertas;
1130 3983 1274 4051 quod
1317 3997 1422 4035 non
1466 3980 1720 4035 omnibus
1767 3978 2120 4047 astringimur

517 4077 712 4142 quibus
743 4083 955 4129 veteres
985 4076 1335 4138 tenebantur;
1367 4073 1462 4126 sed
1492 4074 1690 4126 donata
1722 4073 1805 4139 (ut
1847 4072 1917 4126 ita
1960 4071 2119 4123 dixe-

522 4165 651 4236 rim)
693 4166 824 4220 silva
880 4165 1226 4230 delictorum,
1274 4176 1329 4221 et
1376 4164 1743 4220 remediorum
1786 4162 2120 4233 indulgentia

522 4255 818 4321 destinata,
864 4256 918 4309 in
949 4270 1116 4325 pauca
1159 4255 1401 4311 conclusi
1449 4268 1639 4310 sumus
1680 4265 1738 4310 et
1780 4256 2119 4321 nccessmia;

523 4364 642 4420 qum
689 4358 744 4404 et
781 4363 1004 4404 scrvare
1058 4349 1375 4405 facillimum
1425 4358 1572 4405 esset
1628 4348 2014 4415 credentibus,
2066 4357 2123 4404 et

524 4458 714 4497 cavere
748 4461 760 4497 :
801 4449 860 4496 ut
891 4440 1240 4497 meritissimo
1273 4452 1531 4497 tartarum
1562 4455 1672 4496 non
1720 4451 2003 4501 recusaret
2030 4440 2123 4511 qui

2211 3233 2275 3285 Π
2296 3230 2336 3301 ).
2377 3229 2590 3299 Scripta
2632 3239 2760 3287 sunt
2793 3228 2941 3293 haec,
2976 3229 3159 3287 dilecti
3191 3230 3418 3289 fratres.
3451 3241 3503 3286 et
3534 3233 3822 3301 perpetuis

2210 3338 2350 3380 cassa
2383 3323 2794 3389 monumentis;
2839 3323 3043 3391 scripta
3080 3332 3136 3376 et
3167 3323 3335 3379 incisa
3368 3340 3473 3378 non
3513 3325 3635 3379 dico
3662 3326 3824 3383 ceris

2211 3425 2268 3470 et
2314 3415 2500 3471 charta
2547 3426 2603 3470 et
2650 3431 2760 3470 tere
2803 3415 2889 3471 vel
2925 3415 3161 3479 calamo,
3213 3415 3310 3475 sed
3356 3415 3493 3479 libro
3533 3416 3629 3473 Dei
3672 3417 3821 3474 vivi.

2215 3506 2410 3573 Cwlum
2453 3517 2502 3565 et
2548 3518 2693 3565 terra
2729 3506 3049 3572 transibunt,
3098 3509 3203 3565 iota
3246 3525 3428 3573 unum,
3474 3509 3675 3579 inquit,
3720 3519 3821 3569 anu

2214 3616 2351 3669 apex.
2399 3616 2499 3657 non
2550 3608 2787 3667 poterunt
2839 3601 3061 3655 transire
3111 3603 3418 3671 priusquam
3462 3602 3629 3661 omnia
3670 3617 3825 3661 cou-

2218 3692 2454 3760 pleantur
2476 3690 2692 3762 (Matth.
2725 3708 2781 3757 v,
2819 3690 2932 3761 18):
2965 3692 3103 3759 Quid
3130 3693 3304 3761 ergo?
3328 3694 3667 3759 moriendum
3688 3700 3777 3755 est
3797 3695 3827 3753 Ι

2218 3782 2370 3851 Multi
2410 3783 2572 3845 etiam
2599 3784 2785 3849 animo
2811 3784 2863 3839 in
2899 3785 3017 3840 luce
3050 3794 3275 3852 peccata
3301 3785 3637 3845 ceciderunt.
3667 3786 3829 3847 Multi

2220 3877 2500 3946 sanguinis
2522 3878 2624 3945 rei,
2654 3879 2809 3937 multi
2839 3878 2997 3935 idolis
3026 3880 3345 3947 mancipati,
3379 3879 3540 3939 multi
3562 3877 3826 3937 adulteri.

2223 3967 2379 4025 Addo
2411 3968 2577 4031 etiam
2603 3982 2713 4029 non
2734 3968 2883 4029 solas
2905 3982 3096 4035 manus
3124 3970 3177 4023 in
3203 3969 3499 4031 homicidio
3521 3971 3711 4042 plecti,
3728 3969 3829 4031 se!)

2222 4069 2278 4117 et
2305 4075 2467 4115 omne
2496 4061 2786 4123 consilium
2818 4063 2960 4132 quod
2983 4063 3215 4119 alterius
3246 4064 3487 4127 animam
3519 4066 3742 4137 impegit
3770 4068 3831 4125 in

2224 4162 2457 4215 mortem
2483 4172 2498 4208 :
2527 4169 2630 4210 nec
2647 4169 2745 4211 eos
2774 4165 2979 4215 tantum
3007 4158 3099 4226 qui
3131 4157 3293 4213 thura
3311 4160 3520 4221 mensis
3536 4160 3835 4219 adolevete

2226 4248 2499 4317 profanis,
2538 4249 2639 4305 sed
2668 4264 2888 4308 ornaem
2923 4266 3157 4320 prorsus
3182 4252 3463 4321 libidinem
3494 4262 3649 4310 extra
3678 4268 3836 4310 uno:

2228 4343 2367 4398 rium
2396 4342 2617 4399 thorum
2645 4352 2703 4401 et
2729 4344 3046 4413 complexus
3075 4344 3254 4415 licitas
3283 4355 3603 4415 evagantem
3626 4386 3641 4412 ,
3677 4355 3837 4403 reatu

2230 4435 2425 4489 mortis
2450 4436 2698 4505 astringi.
2729 4435 2859 4493 Huic
2886 4436 3221 4507 quicumque
3257 4448 3381 4507 post
3422 4438 3585 4494 ﬁdem
3616 4438 3836 4503 fecerit,

524 4544 688 4591 tantae
743 4536 1024 4592 donationi
1072 4537 1341 4607 ingratus,
1390 4552 1460 4589 ne
1506 4537 1620 4591 tunc
1673 4535 1901 4606 quidem
1952 4505 2202 4602 pauca”
2230 4528 2321 4582 Dei
2358 4527 2548 4585 faciem
2589 4542 2697 4582 non
2740 4505 2961 4584 videbit.
3008 4505 3383 4599 Desperavm
3411 4538 3687 4587 tantorum
3720 4531 3837 4585 cri-

524 4638 819 4683 servasset.
854 4630 984 4695 Qua:
1016 4631 1124 4684 sint
1146 4638 1327 4684 autem
1361 4630 1463 4683 ista
1494 4628 1800 4684 videamus.

597 4719 685 4773 IV.
718 4720 843 4773 Post
870 4722 1078 4775 Domini
1109 4722 1420 4790 passionem
1443 4720 1716 4789 Apostoli,
1739 4720 1983 4775 tractatis
2007 4736 2127 4775 om-

529 4810 690 4864 nibus
718 4818 882 4877 atque
911 4811 1194 4877 discussis,
1225 4811 1516 4881 epistolam
1548 4811 1908 4875 tradiderunt,
1938 4812 2020 4866 his
2033 4812 2127 4881 qui

526 4918 588 4958 ex
625 4903 878 4974 gentibus
908 4902 1281 4967 crediderant,
1317 4902 1720 4968 perferendam.
1772 4902 1940 4972 Cujus
1984 4902 2129 4972 epis-

530 4996 654 5051 tola:
686 4998 952 5050 sententia
988 4996 1105 5051 htne
1133 4996 1234 5050 fuit
1264 5014 1276 5049 :
1326 4995 1563 5063 Δρωιοιὶ
1605 5007 1652 5051 et
1689 4998 1972 5068 presbyteri
2016 4999 2132 5067 fra-

529 5101 649 5157 tres,
684 5088 765 5144 Itis
793 5092 879 5161 qui
916 5100 1034 5143 sunt
1079 5089 1368 5144 Antiochiae
1391 5100 1441 5144 et
1466 5090 1655 5160 Syriae,
1698 5100 1743 5145 et
1789 5089 1986 5145 Cilicia:
2025 5094 2137 5161 fra-

533 5184 697 5237 tribus
721 5183 805 5252 qui
833 5192 950 5237 sunt
977 5198 1038 5236 ea:
1069 5181 1327 5253 gentibus,
1367 5183 1612 5236 salutem.
1646 5182 1905 5247 Quoniam
1934 5181 2137 5237 audiui-

534 5288 646 5326 mus
666 5273 915 5342 quosdam
934 5289 997 5327 ex
1018 5272 1164 5327 nobis
1194 5272 1397 5337 exiisse,
1428 5282 1477 5326 et
1500 5272 1833 5335 coirtuwasse
1856 5289 1944 5327 uos
1973 5274 2139 5337 verbis

533 5364 669 5435 (Act.
692 5380 779 5429 xv,
801 5364 1021 5435 24,25).
1043 5367 1168 5419 Item
1192 5363 1333 5419 infra
1356 5362 1560 5417 :Visum
1582 5373 1653 5417 est
1675 5365 1809 5417 enim
1823 5374 1999 5417 sancto
2023 5365 2143 5435 Spi-

527 5458 651 5510 ritui
666 5468 710 5509 et
723 5458 1098 5522 nobis,nullum
1115 5458 1343 5527 amplius
1359 5458 1559 5526 imponi
1571 5457 1715 5510 vobis
1729 5458 1933 5533 pondus
1952 5468 2140 5527 preter

535 5565 716 5618 quant:
731 5548 949 5602 Necesse
967 5560 1107 5604 estut
1126 5550 1424 5609 abstinentia
1439 5566 1526 5603 vos
1550 5549 1611 5602 ab
1633 5550 1932 5619 idolothytis
1956 5558 2003 5604 et
2022 5568 2143 5604 san-

535 5644 709 5709 guine,
736 5655 781 5695 et
806 5646 1141 5714 fornicatione
1164 5661 1230 5700 :a
1246 5643 1428 5715 quibus
1444 5645 1787 5719 obseruantes,
1816 5642 1937 5703 bene
1960 5644 2142 5714 agetis.

570 5732 742 5801 Valete
773 5734 960 5805 (lbid.,
993 5738 1086 5805 28,
1109 5738 1226 5804 29).
1261 5737 1387 5793 Haec
1407 5748 1491 5792 est
1515 5738 1636 5791 novi
1671 5736 2001 5792 Testamenti
2034 5745 2147 5793 tota

2228 4622 2437 4677 mitium
2469 4621 2568 4677 rei.
2603 4620 2744 4686 Quid
2774 4622 2928 4677 vobis
2954 4638 3056 4692 ego
3095 4622 3247 4679 feci?
3279 4623 3547 4692 Numquid
3592 4637 3700 4677 non
3731 4621 3841 4677 fuit

2232 4713 2285 4771 in
2315 4722 2586 4777 poteState
2628 4728 2699 4767 ne
2734 4713 2926 4771 ﬁeret?
2961 4715 3230 4771 Nullusne
3279 4716 3601 4771 admonuit?
3665 4713 3841 4769 Nemo

2232 4806 2515 4875 praedixit?
2536 4806 2728 4862 Tacuit
2752 4808 2994 4863 Ecclesia
3013 4810 3038 4861 ἓ
3056 4807 3202 4865 Nihil
3226 4809 3520 4878 Evangelia
3543 4807 3843 4863 dixerunt?

2232 4897 2374 4953 Nihil
2409 4899 2657 4968 Apostoli
2687 4900 3007 4957 comminuti
3043 4902 3203 4957 sunt?
3233 4900 3378 4957 Nihil
3405 4901 3615 4969 rogavit
3654 4914 3845 4956 sacer-

2240 4992 2381 5047 dos?
2412 4990 2555 5058 Quid
2593 4992 2837 5062 quaeritis
2874 5007 2996 5049 sera
3026 4993 3256 5063 solatia?
3282 4992 3434 5049 Tunc
3457 4994 3681 5056 decuit,
3710 5008 3847 5049 cum

2243 5085 2458 5140 licebat.
2487 5086 2626 5153 Dura
2660 5086 2763 5142 ista
2788 5102 2893 5143 vox
2911 5096 3023 5152 est;
3053 5087 3153 5143 sed
3177 5088 3270 5156 qui
3300 5100 3395 5141 vos
3416 5087 3601 5141 [elices
3626 5086 3846 5149 dicunt.

2246 5180 2303 5234 in
2325 5194 2569 5236 errorem
2592 5193 2688 5237 vos
2713 5180 2951 5243 mittunt,
2980 5188 3035 5236 et
3060 5179 3285 5237 semitas
3308 5179 3505 5249 pedum
3531 5189 3847 5234 vestrorum

2244 5271 2593 5329 conturliant.
2629 5270 2912 5330 Faciuoris
2949 5271 3089 5327 viam
3140 5278 3405 5337 monstrat
3444 5266 3717 5332 inuoxiis,
3748 5267 3849 5335 qui

2249 5366 2567 5421 nocentibus
2598 5375 2720 5434 post
2747 5365 2951 5419 scelera
2983 5363 3275 5417 blanditur.

2318 5457 2405 5512 Vl.
2450 5457 2592 5527 Ergo
2625 5458 2856 5529 (inquiet
2885 5456 3110 5526 aliquis)
3141 5454 3371 5524 perituri
3398 5452 3629 5510 sumus!
3663 5461 3721 5506 et
3751 5449 3847 5505 ubi

2249 5554 2559 5610 misericors
2591 5553 2752 5615 Deus,
2782 5552 2873 5617 qui
2908 5561 3134 5604 mortem
3166 5564 3274 5602 non
3307 5547 3538 5615 invenit,
3564 5559 3667 5600 nec
3696 5543 3851 5607 inata-

2249 5655 2334 5709 t_ur
2365 5646 2419 5719 in
2450 5644 2751 5713 perditione
2782 5641 3068 5717 vivorqu
3099 5640 3465 5715 Moriemurnc
3519 5638 3575 5690 in
3608 5637 3852 5713 peccatis

2249 5734 2490 5801 nostris?
2532 5735 2597 5793 Et
2630 5733 2761 5804 quid
2792 5733 2956 5795 facies
2986 5740 3043 5788 tu
3070 5730 3329 5797 sacerdos
3349 5728 3373 5784 ἶ
3397 5728 3608 5801 Quibus
3629 5726 3852 5789 emole.
