4094 6190
344 241 482 310 ιοῆδ

1429 234 1842 296 ΡΑΒᾸΞΝΒΒΒ
1869 234 1965 294 AD
2002 234 2535 295 PCEMTENTIAM.

3495 223 3635 291 tosti

344 358 548 430 mentis
592 365 671 422 tot
708 353 972 419 Ecclesia
997 352 1324 422 detrimenta
1364 352 1653 423 pensabis?
1691 351 1939 424 Accipite
1965 354 2020 416 Δ
2043 354 2706 422 mr.l.mtase,peccator,
2735 352 2784 408 si
2811 351 2863 406 in
2888 351 2996 406 hoc
3014 352 3216 406 saeculo
3241 361 3335 406 aut
3359 361 3536 406 morte
3561 351 3646 406 iu-

342 449 651 514 remedium
693 447 739 510 si
782 444 1077 514 desperare
1127 445 1416 514 concisus;
1465 444 1510 502 si
1565 444 1797 506 miseros
1843 459 1942 500 vos

2048 447 2351 517 teroiperis,
2376 454 2474 501 aut
2495 447 2759 516 laguore
2779 446 3141 508 consunieris,
3167 460 3235 499 ne
3255 443 3499 515 puniaris
3524 455 3646 515 post

345 541 661 613 agnoscitis,
691 540 738 596 si
771 539 996 598 timetis.
1025 538 1130 612 Qui
1162 538 1384 598 nimium
1408 536 1660 599 conlidit,
1688 537 1945 607 indiguus
2043 540 2328 602 saeculum.
2367 539 2614 609 Intelligo
2639 549 2900 609 quantum
2930 539 3153 594 sceleris
3182 538 3432 592 admittat
3459 538 3550 608 qui
3579 538 3645 593 ad

297 697 300 700 ,
345 645 450 696 est.
471 632 647 703 Super
662 647 816 701 quem
831 630 1026 701 (inquit
1045 627 1328 700 Dominus)
1347 629 1642 699 respiciam,
1666 630 1768 686 nisi
1785 645 1945 699 supra

347 728 596 784 humilem
614 736 660 780 et
679 726 930 795 quietum,
952 733 1000 784 et
1021 732 1316 792 trementem
1335 722 1486 780 verba
1504 739 1619 782 utea
1639 720 1774 795 (Isa.
1795 737 1942 788 uvr,

348 820 444 890 2)?
472 820 578 878 Vos
595 833 727 890 ergo
747 817 979 888 primum
1003 815 1242 884 appello,
1269 813 1487 882 fratres,
1511 814 1600 883 qui
1623 813 1946 870 criminibus

349 913 606 977 admissis
631 909 1011 981 pmnitentiam
1041 908 1308 964 recusatis
1337 925 1351 966 :
1377 923 1504 971 vos,
1539 907 1789 976 inquam,
1822 914 1948 976 post

349 1003 741 1073 impudentiam
771 1000 1024 1070 timidos,
1052 1009 1173 1070 post
1202 1010 1425 1070 peccata
1455 999 1821 1059 verecundos,
1855 996 1945 1067 qui

352 1110 581 1164 peccare
610 1109 719 1156 non
748 1093 1073 1150 erubescitis
1100 1102 1155 1152 et
1183 1091 1508 1148 erubescitis
1530 1091 1778 1147 contiteri
1809 1107 1822 1142 :
1856 1088 1947 1160 qui

348 1204 472 1245 cum
524 1188 664 1245 mala
715 1187 1070 1252 conscientia,
1128 1185 1220 1249 Dei
1276 1194 1460 1242 sancta
1509 1183 1845 1254 contiugitis,
1895 1189 1952 1238 et

349 1281 526 1338 altare
556 1279 767 1342 Domini
793 1293 902 1344 non
933 1278 1135 1340 timetis
1165 1277 1298 1348 :qui
1318 1277 1384 1332 ad
1415 1290 1606 1335 manus
1628 1274 1947 1340 sacerdotis,

352 1375 443 1444 qui
483 1374 536 1428 in
569 1382 868 1441 conspectu
894 1371 1220 1441 angelorum
1246 1369 1349 1431 sub
1393 1368 1588 1432 ﬁducia
1626 1367 1951 1424 innocentia:

328 1464 618 1526 acceditis
644 1483 658 1517 :
680 1467 769 1535 qui
793 1463 994 1520 divinae
1020 1462 1292 1532 patientire
1318 1461 1624 1526 insultatis;
1644 1461 1734 1531 qui
1755 1459 1952 1517 tacenti

359 1560 490 1626 Deo,
519 1558 688 1626 veluti
706 1558 996 1624 nescienti,
1031 1557 1296 1626 pollutam
1320 1558 1557 1614 animam
1581 1567 1636 1611 et
1665 1553 1950 1626 profanum

356 1666 556 1721 corpus
583 1652 849 1722 ingeritis.
883 1649 1105 1716 Audite,
1135 1649 1264 1720 quid
1291 1649 1486 1708 fecerit
1516 1649 1809 1714 Dominus;
1840 1657 1952 1706 tum

2045 633 2224 688 altare
2250 634 2398 688 venit
2428 631 2681 703 indignus
2706 649 2720 697 ;
2755 631 2842 686 cui
2873 647 2972 701 pro
3008 630 3252 686 remedio
3279 639 3643 700 computatur,

2046 743 2166 783 cum
2191 736 2284 783 aut
2313 729 2518 784 morbis
2543 728 2777 786 laborat.
2803 737 2895 781 aut
2924 734 3104 781 morte
3126 725 3466 780 dissolvitur.

2121 819 2256 874 VIII.
2303 821 2455 886 Quod
2479 821 2524 874 si
2545 829 2730 876 vestra
2753 821 2927 884 vobis,
2952 820 3078 874 vilis
3097 828 3182 873 est
3203 818 3412 884 anima;
3442 818 3649 887 parcite
3679 827 3682 830 ’

2050 912 2287 981 populo,
2339 913 2546 980 parcite
2595 912 2994 968 sacerdotibus.
3041 910 3253 967 Clamat
3303 911 3648 980 Apostolus:

2053 1006 2316 1078 Exiguum
2329 1009 2653 1077 fermentum,
2672 1014 2832 1059 totum
2846 1021 3070 1060 massam
3085 1008 3357 1074 fermentat
3384 1005 3402 1071 (
3422 1002 3438 1055 I
3455 1003 3574 1057 Cor.
3593 1017 3650 1069 v,

2050 1099 2138 1171 6).
2172 1098 2310 1166 Quid
2343 1099 2507 1153 facies
2545 1107 2597 1153 tu
2639 1106 2862 1167 prapter
2895 1111 3055 1167 quem
3085 1097 3265 1151 omnis
3306 1110 3484 1150 massa
3527 1110 3651 1151 cor-

2052 1191 2358 1258 rumpitur;
2397 1201 2623 1260 propter
2651 1205 2812 1260 quem
2846 1189 3154 1244 laboratura
3185 1197 3269 1242 est
3309 1195 3420 1241 tota
3449 1186 3652 1242 frater-

2055 1274 2234 1339 nitas?
2273 1282 2436 1340 Vives
2467 1291 2546 1336 tot
2589 1283 2891 1336 animarum
2925 1279 3090 1335 reus?
3135 1279 3498 1338 Excusaberis
3525 1291 3650 1334 cum

2055 1376 2152 1432 tibi
2193 1376 2636 1432 cmumunionem
2679 1389 2833 1427 suam
2880 1372 3266 1440 imputaverint
3309 1372 3651 1438 innocentes,

2055 1484 2179 1524 cum
2226 1477 2278 1526 te
2317 1467 2560 1522 Ecclesia
2585 1465 2790 1520 dixerit
2824 1479 2942 1518 sum
2975 1462 3145 1518 cladis
3170 1461 3483 1516 auctorem?
3513 1461 3656 1518 Ecce

2056 1561 2254 1616 iterum
2291 1556 2585 1628 Apostolus
2626 1555 2694 1614 ad
2733 1555 3074 1612 sacerdotem
3107 1571 3121 1606 :
3157 1552 3346 1607 Manus
3375 1554 3475 1606 cito
3518 1554 3654 1608 nulli

2055 1651 2312 1720 imponas,
2336 1666 2426 1708 nec
2444 1649 2786 1704 communices
2807 1647 3025 1712 peccatis
3047 1647 3227 1700 alienis
3247 1645 3287 1715 (I
3303 1645 3441 1699 Tim.
3466 1662 3515 1711 v,
3536 1645 3656 1714 22).

331 1745 574 1814 (deinde,
608 1744 734 1814 quid
761 1744 986 1802 dixerit.
1011 1742 1151 1806 Cum
1185 1742 1414 1812 populus
1444 1742 1798 1802 Hebraeorum
1828 1741 1954 1798 Hie-
1983 1745 2031 1806 B
2058 1744 2200 1812 Quid
2247 1743 2432 1808 facies,
2480 1753 2534 1798 tu
2582 1742 2676 1810 qui
2721 1740 2930 1810 decipis
2976 1740 3356 1795 sacerdotem?
3406 1739 3508 1805 Qui
3567 1746 3660 1793 aut

357 1837 650 1907 rosulymis
699 1835 897 1892 Arcam
949 1834 1168 1896 Domini
1213 1843 1541 1902 reportaret,
1588 1845 1642 1890 et
1680 1848 1744 1890 ex
1790 1833 1955 1889 domo

357 1928 659 1994 Aminadab
701 1926 992 2000 Israelitis;
1039 1928 1178 1988 Osas
1223 1927 1315 1997 qui
1363 1940 1470 1981 non
1510 1928 1789 1994 explorata
1827 1941 1959 1983 con—

357 2021 610 2089 scientia,
644 2021 788 2076 latus
817 2020 973 2088 Area:
1000 2020 1276 2090 attigerat,
1308 2018 1521 2086 occisus
1547 2027 1660 2084 est;
1691 2028 1746 2076 et
1775 2026 1954 2074 tamen

359 2114 486 2180 ille,
515 2129 623 2176 non
654 2123 712 2178 ut
740 2111 946 2183 aliquid
977 2128 1040 2176 ex
1071 2126 1134 2170 ea
1165 2120 1440 2178 sumeret;
1469 2112 1565 2167 sed
1598 2122 1657 2168 ut
1681 2111 1960 2166 declinan-

361 2213 466 2262 tem
491 2205 561 2260 ad
583 2205 795 2273 lapsum
817 2203 996 2270 vituli,
1029 2203 1358 2264 contineret.
1392 2212 1704 2262 accesserat
1724 2202 1801 2273 (II
1829 2203 1955 2274 Reg.

358 2297 459 2365 vi).
490 2295 664 2362 Tanta
694 2295 850 2362 intuit
874 2310 1004 2352 cura
1037 2294 1237 2350 divinae
1261 2294 1603 2361 reverentiae,
1635 2304 1694 2352 ut
1725 2293 1958 2354 audaces

361 2405 574 2454 manus,
625 2403 728 2456 nec
773 2389 842 2442 oh
885 2387 1150 2452 auxilium
1189 2386 1507 2448 sustineret.
1557 2385 1772 2442 Clamat
1817 2387 1960 2448 idem

367 2483 626 2544 Dominus
649 2490 704 2536 et
729 2479 896 2544 dicit:
923 2477 1106 2542 Omnis
1129 2479 1354 2542 mundus
1375 2477 1710 2532 manducabit
1729 2494 1956 2544 carnem,

362 2582 411 2626 et
440 2573 617 2636 aniutq
642 2588 973 2644 quiscumque
1005 2572 1274 2642 contigerit
1295 2572 1357 2626 de
1378 2586 1533 2626 carne
1553 2572 1798 2640 sacriﬁcii
1820 2572 1959 2634 salu-

365 2666 514 2730 taris,
541 2675 587 2722 et
609 2666 938 2732 immunditia
959 2681 1111 2734 super
1132 2662 1227 2718 illa
1253 2673 1325 2718 est
1345 2678 1363 2728 ,°
1386 2671 1558 2734 pereat
1583 2662 1759 2718 anima
1777 2663 1871 2716 illa
1897 2663 1959 2718 de

365 2756 559 2834 populo,
588 2755 732 2834 (Le'r.
763 2771 859 2838 vn,
895 2756 1008 2824 12).
1043 2757 1357 2826 Antiquane
1410 2754 1511 2812 ista
1543 2762 1693 2820 sunt,
1720 2765 1771 2809 ct
1798 2755 1961 2810 modo

308 2853 320 2860 ‘
368 2863 475 2910 non
502 2848 669 2912 fiunt?
696 2847 835 2918 Quid
867 2847 1041 2918 ergo?
1072 2847 1234 2910 desiit
1267 2847 1406 2902 Deus
1429 2857 1612 2904 nostra
1637 2862 1828 2908 curare
1852 2863 1866 2912 ;
1892 2862 1959 2908 an

368 2940 504 2994 ultra
535 2951 887 3022 conspecmm
927 2938 1113 3000 mundi
1140 2940 1408 3007 recessit,
1450 2947 1507 3004 et
1535 2940 1810 3009 nemiuem
1838 2954 1961 3010 spe-

363 3044 472 3096 ctat
497 3050 528 3098 e
557 3035 738 3102 ρωιοῖ
772 3037 853 3094 An
881 3033 1137 3103 patientia
1162 3033 1339 3100 illius,
1369 3034 1674 3104 ignorantia
1705 3035 1822 3094 est?
1854 3033 1963 3100 Ah-

2055 1837 2392 1906 ignorantem
2424 1837 2588 1904 fallis,
2620 1845 2713 1890 aut
2743 1850 2850 1890 non
2883 1834 2950 1889 ad
2981 1835 3200 1903 pleumn
3235 1835 3500 1888 scientem
3532 1846 3657 1902 pre-

2055 1929 2219 1988 handi
2247 1928 2565 1985 difficultate
2591 1927 2918 1984 confundis‘!
2947 1927 3102 1997 Rogo
3123 1941 3255 1997 ergo
3287 1940 3406 1992 vos,
3436 1927 3651 1989 fratres,

2056 2021 2222 2081 etiam
2255 2036 2353 2090 pro
2377 2007 2625 2090 periculo
2660 2035 2814 2083 meo,
2860 2035 2956 2088 per
2988 2019 3140 2073 illum
3183 2019 3468 2073 Dominum
3494 2031 3658 2086 quem

2058 2109 2268 2164 occulta
2298 2123 2402 2166 nou
2434 2109 2649 2175 fallunt,
2679 2109 2913 2168 desinite
2940 2110 3282 2165 vulneratam
3315 2117 3500 2178 tegere
3530 2121 3662 2161 con-

2059 2201 2366 2264 scientiam.
2392 2201 2698 2262 Prudentcs
2719 2204 2852 2274 aegri
2877 2202 3120 2262 medicus
3149 2215 3254 2257 non
3286 2209 3564 2264 verentur,
3593 2213 3662 2254 ne

2060 2293 2114 2358 in
2146 2292 2374 2354 occultis
2400 2293 2618 2363 quidem
2655 2306 2948 2361 corporum
2981 2293 3226 2361 partibus
3251 2293 3414 2346 etiam
3447 2297 3662 2346 secatu-

2060 2402 2173 2449 ros,
2197 2388 2358 2440 etiam
2393 2395 2736 2455 perusturos.
2764 2387 3110 2444 Meminimus
3135 2385 3423 2454 quosdam,
3454 2390 3663 2446 remota

2059 2479 2222 2540 etiam
2253 2490 2308 2534 et
2343 2478 2653 2536 verecunda
2684 2479 3056 2540 membrorum
3091 2494 3198 2534 non
3234 2479 3662 2544 erubescentes,

2061 2575 2115 2634 in
2139 2572 2286 2638 ferro
2313 2583 2370 2628 et
2393 2573 2665 2640 cauterio,
2693 2581 2746 2628 et
2767 2572 3085 2641 gravissima
3111 2573 3202 2627 illa
3229 2570 3474 2640 pulveris
3504 2583 3662 2623 mor-

2062 2667 2298 2728 dacitate
2322 2666 2570 2724 durasse.
2595 2665 2660 2730 Et
2687 2674 2947 2734 quantum
2970 2673 3055 2720 est
3081 2663 3215 2728 illud
3245 2663 3388 2732 quod
3413 2661 3663 2718 homines

2065 2758 2467 2829 praestiterunt?
2494 2757 2753 2814 Peccatur
2782 2757 3033 2812 timebit?
3063 2757 3322 2812 Peccator
3346 2755 3662 2817 erubescet,

2065 2858 2388 2920 perpetuam
2418 2849 2584 2906 vitam
2618 2848 2876 2917 praesenti
2906 2847 3115 2919 pudore
3143 2848 3419 2904 mercari?
3447 2857 3498 2902 et
3528 2845 3664 2900 otl'e-

2065 2944 2207 3008 rcnti
2237 2957 2432 3008 manus
2463 2941 2694 3000 Domino
2714 2984 2731 3010 ,
2760 2941 2985 2998 vulnera
3020 2943 3160 2998 male
3187 2953 3326 2998 tecta
3357 2941 3662 2998 subducet?

2068 3037 2132 3092 Et
2161 3037 2322 3092 habet
2346 3034 2548 3104 aliquid
2570 3036 2712 3105 quod
2737 3035 2790 3092 in
2816 3035 2912 3090 illo
2932 3035 3244 3101 erubescat,
3263 3036 3354 3104 qui
3372 3035 3663 3089 Dominum

365 3128 455 3194 sit,
491 3127 723 3197 inquies.
758 3126 917 3186 Videt
942 3141 1073 3200 ergo
1095 3141 1214 3196 qum
1244 3125 1494 3194 faciams,
1527 3127 1625 3190 sed
1657 3125 1842 3194 utique
1866 3140 1961 3188 ως-
1988 3117 2032 3177 C
2067 3127 2245 3183 ιιιεείιῖ
2283 3127 2367 3186 An
2405 3127 2484 3182 sic
2525 3127 2602 3181 illi
2641 3127 2836 3188 melius
2875 3137 2959 3183 est
2997 3128 3201 3196 perire,
3251 3141 3322 3182 ne
3363 3135 3419 3180 tu
3457 3124 3666 3194 pudore

367 3225 577 3285 spectat
603 3229 656 3272 et
682 3217 904 3290 patitur,
933 3225 988 3284 et
1015 3218 1354 3289 pmuituniizn
1383 3227 1599 3286 tempus
1622 3217 1883 3287 indulget,
1907 3226 1956 3272 et

366 3310 586 3377 Christo
613 3326 712 3374 suo
741 3320 964 3382 praestat
990 3320 1050 3376 ut
1077 3311 1314 3384 differat,
1347 3325 1417 3376 ne
1438 3311 1546 3374 cito
1572 3318 1795 3379 pereant
1823 3322 1961 3378 quos

369 3404 622 3464 redemit.
660 3403 828 3469 Bene,
869 3413 924 3470 tu
972 3412 1248 3475 peccator,
1296 3401 1580 3473 intelligo:
1619 3401 1882 3469 spectaris
1928 3415 1959 3454 a

370 3498 631 3563 Domino,
665 3507 824 3567 potes
852 3497 1000 3566 illum
1030 3497 1246 3567 placare
1275 3496 1322 3558 si
1350 3495 1502 3562 velis.

439 3588 554 3644 VII.
596 3589 701 3650 Sed
732 3591 1015 3660 antiquum
1045 3590 1120 3646 sit
1145 3588 1287 3648 istud
1318 3587 1467 3658 quod
1498 3587 1564 3642 ad
1596 3602 1840 3642 mensam
1869 3587 1962 3650 Dei

368 3682 628 3742 accedere
669 3697 778 3740 non
813 3681 964 3746 licuit
993 3680 1292 3748 immundis
1323 3697 1338 3734 :
1366 3680 1602 3746 evolvite
1630 3679 1924 3748 Apostolus
1944 3718 1959 3743 ,

368 3783 422 3830 et
445 3773 658 3834 novella
681 3773 1011 3844 cognoscite.
1040 3770 1094 3836 In
1118 3773 1291 3842 prima
1315 3772 1741 3836 Corinthiorum,
1770 3771 1965 3839 Paulus

371 3865 486 3919 hcec
528 3865 754 3929 intulit;
799 3863 1134 3935 Quicumque.
1178 3863 1372 3934 inquit,
1421 3863 1826 3929 manducauerit,
1873 3872 1964 3918 aut

368 3958 546 4022 biberit
589 3958 802 4022 calicem
847 3955 1059 4018 ﬂamini
1094 3957 1327 4028 indigne,
1367 3973 1485 4012 reus
1523 3958 1617 4022 erit
1647 3955 1890 4026 Corporis
1918 3967 1967 4022 et

370 4051 655 4123 Sanguinis
674 4050 887 4116 Domini
912 4052 953 4122 (Ι
975 4050 1098 4114 Car.
1121 4067 1200 4118 ιι,
1220 4051 1334 4121 27).
1358 4051 1492 4105 Item
1517 4051 1682 4105 inira:
1709 4049 1811 4116 Qui
1831 4051 1964 4106 enim

370 4142 643 4212 ntanducqt
684 4153 730 4196 et
766 4142 888 4212 bibit
928 4144 1162 4213 indigne,
1192 4143 1454 4215 judicium
1489 4140 1584 4205 sibi
1613 4143 1896 4206 utandu'cat
1919 4151 1966 4197 et

348 4234 514 4316 ibibit,
531 4250 633 4298 non
653 4235 944 4296 discernens
964 4250 1152 4302 corpus
1178 4233 1416 4296 Domini:
1436 4232 1739 4300 PrOpterea.
1764 4233 1962 4302 inquit,

367 4328 500 4384 inter
521 4342 626 4392 vos,
651 4325 800 4390 multi
822 4325 1014 4396 inﬁrmi
1035 4335 1083 4380 et
1103 4326 1250 4398 tegri,
1271 4334 1317 4380 et
1336 4324 1596 4380 dormiunt
1615 4325 1786 4382 multi.
1814 4323 1967 4392 Quod

368 4417 412 4482 si
437 4432 534 4478 nos
550 4417 688 4488 ipsos
701 4417 1087 4489 judicaretnus,
1113 4433 1217 4482 non
1243 4418 1420 4488 utique
1435 4415 1826 4489 judicaremur;
1849 4430 1966 4478 cum
2010 4433 2022 4449 ’

350 4493 663 4579 iudicamur
697 4519 886 4578 autem,
924 4526 956 4574 a
999 4507 1226 4572 Domino
1259 4509 1589 4580 corripiatur,
1627 4515 1683 4564 ut
1724 4522 1827 4572 non
1853 4521 1967 4564 cum
1996 4492 2046 4553 D

371 4602 465 4656 hoc
508 4601 700 4662 mundo
744 4603 1044 4672 damnentur
1085 4601 1278 4674 (ibid,
1319 4600 1536 4672 29-32,).
1582 4599 1966 4665 lnll'emuislist

369 4711 438 4751 an
472 4697 621 4764 non?
653 4695 790 4760 Reus
824 4698 944 4764 erit,
989 4696 1185 4766 inquit,
1230 4694 1463 4764 corporis
1492 4703 1538 4752 et
1566 4693 1834 4764 sanguinis
1863 4691 1969 4754 Do-

372 4793 516 4852 mini.
546 4791 806 4858 liumaute
827 4792 1024 4854 animte
1047 4806 1175 4848 reus
1198 4806 1306 4850 non
1331 4797 1513 4858 posset
1529 4787 1769 4853 absolvi;
1795 4787 1970 4854 domi-

372 4887 480 4941 nici
509 4887 755 4956 corporis
782 4884 1016 4946 violator
1047 4884 1270 4946 evadit?
1303 4882 1406 4950 Qui
1436 4882 1736 4947 manducat,
1773 4881 1964 4950 inquit,

371 4987 420 5038 et
451 4978 574 5044 bibit
606 4978 837 5052 indigne,
872 4977 1140 5049 judicium
1165 4977 1261 5034 sibi
1291 4974 1567 5038 utenducat
1598 4983 1644 5034 et
1666 4971 1810 5029 bibit.
1847 4973 1971 5034 Evi-

371 5070 476 5140 gila
511 5079 762 5140 peccator
787 5086 803 5134 ;
851 5070 982 5132 time
1012 5069 1066 5134 in
1093 5066 1397 5132 visceribus
1429 5067 1533 5122 tuis
1563 5078 1803 5135 prtesens
1827 5063 1972 5134 judi-

373 5162 541 5227 cium,
568 5163 612 5218 si
643 5162 776 5234 quid
801 5161 908 5222 tale
929 5161 1125 5218 iecisti.
1161 5160 1465 5231 PrOpterea,
1490 5158 1684 5230 inquit,
1705 5158 1838 5220 inter
1861 5173 1964 5223 ros,

374 5256 521 5320 multi
551 5255 749 5325 inﬁrmi
788 5266 833 5314 et
875 5257 1020 5328 wgri,
1055 5263 1104 5324 et
1131 5253 1393 5318 dormiunt
1423 5254 1593 5310 multi.
1621 5253 1739 5314 iam
1771 5254 1814 5306 si
1851 5254 1972 5323 quis

374 5347 553 5414 futura
585 5365 690 5404 non
716 5349 930 5417 metuit,
952 5349 1037 5404 vel
1063 5359 1391 5418 praesentem
1421 5347 1797 5418 aegritudinem
1829 5363 1972 5419 pra:—

374 5451 697 5510 seutemque
713 5441 918 5496 obitum
936 5440 1276 5503 reformidet.
1294 5439 1421 5504 Cum
1433 5440 1751 5509 iudicantur,
1773 5441 1973 5510 inquit,

374 5550 406 5586 a
435 5531 661 5586 Domino
689 5532 1021 5602 corripiatur,
1049 5543 1104 5586 ut
1132 5549 1233 5586 non
1263 5548 1382 5604 curn
1421 5532 1514 5584 hoc
1542 5532 1736 5584 mundo
1765 5532 1974 5586 damne-

449 5655 474 5681 "
517 5646 626 5721 sed
654 5649 781 5721 nolo
800 5649 975 5721 curari
1003 5649 1342 5721 stomachum.
1382 5647 1429 5702 11
1439 5664 1568 5721 ue...
1593 5647 1718 5721 quid
1741 5646 1972 5721 stultius.

376 5715 686 5792 Legendum
729 5715 953 5795 videtur
1001 5736 1122 5775 cum
1170 5715 1380 5776 Latinio
1413 5715 1571 5776 :Sed
1606 5715 1732 5774 'nolo
1773 5718 1969 5776 curari.

2065 3221 2287 3289 timidus
2309 3219 2427 3276 sine
2452 3220 2660 3290 pudore
2683 3221 2956 3286 moriaris,
2993 3236 3099 3276 non
3128 3220 3334 3275 faciens
3361 3219 3553 3289 pudori
3587 3219 3668 3274 Io-

2063 3329 2208 3393 cum,
2258 3314 2375 3382 plus
2417 3313 2487 3368 de
2526 3314 2853 3372 detrimento
2892 3314 3014 3383 ejus
3057 3314 3308 3384 acquiras
3343 3315 3430 3370 cui
3470 3329 3570 3384 pro
3613 3325 3664 3370 te

2066 3408 2262 3476 melius
2291 3418 2373 3463 est
2403 3408 2618 3480 perire?
2650 3407 2804 3474 Quod
2832 3409 2878 3463 si
2906 3409 3134 3463 fratrttm
3163 3409 3352 3464 oculos
3381 3407 3663 3462 erubesci-

2066 3497 2180 3563 tis;
2235 3508 2520 3554 consortes
2576 3514 2802 3555 casuum
2855 3510 3159 3555 vestrorum
3218 3500 3410 3555 timere
3466 3500 3660 3555 nolite.

2065 3588 2285 3650 Nullum
2315 3604 2514 3658 corpus
2546 3590 2916 3648 membrorum
2949 3605 3176 3646 suorum
3197 3590 3488 3644 vexatione
3514 3590 3666 3644 la-ta-

2068 3689 2190 3743 tur;
2237 3682 2439 3750 pariter
2481 3682 2662 3750 dolet,
2699 3693 2756 3740 et
2793 3683 2860 3738 ad
2908 3683 3206 3739 remedium
3246 3685 3570 3739 collaborat.
3608 3684 3663 3738 In

2067 3787 2175 3828 uno
2191 3783 2248 3827 et
2265 3775 2458 3840 altero,
2477 3775 2718 3832 Ecclesia
2738 3785 2821 3832 est
2843 3792 2856 3840 ;
2883 3777 2935 3832 in
2961 3777 3204 3832 Ecclesia
3224 3792 3378 3847 vero,
3396 3777 3665 3832 Christus.

2070 3869 2243 3935 Atque
2268 3867 2393 3924 ideo
2421 3869 2512 3936 qui
2543 3867 2803 3924 fratribus
2832 3877 3054 3937 peccata
3083 3884 3175 3924 sua
3212 3884 3320 3924 non
3354 3878 3530 3932 tacet,
3564 3867 3668 3923 Ec-

2066 3955 2254 4018 clesiae
2289 3956 2549 4028 lacrymis
2582 3959 2801 4028 adjutus
2829 3959 3030 4014 tlhristi
3063 3960 3315 4029 precibus
3345 3959 3665 4014 absolvitur.

2138 4046 2233 4102 IX.
2276 4048 2427 4114 Nunc
2456 4049 2522 4104 ad
2554 4065 2650 4114 eos
2678 4065 2859 4110 sermo
2886 4051 2979 4112 sit,
3013 4051 3105 4120 qui
3138 4050 3276 4104 bene
3302 4065 3363 4106 ac
3392 4049 3670 4118 sapienter

2071 4142 2297 4202 vulnera
2337 4157 2469 4209 sua,
2514 4143 2850 4212 ptenitcntiae
2878 4144 3133 4210 nomine,
3175 4143 3536 4207 conﬁtentes;
3569 4155 3672 4197 nec

2067 4234 2195 4304 quid
2219 4234 2293 4298 sit
2316 4235 2650 4303 paenitentia,
2676 4249 2778 4292 nec
2798 4249 2918 4304 quae
2945 4235 3231 4291 vulnerum
3259 4234 3546 4299 medicina,
3576 4249 3674 4288 no-

2067 4336 2290 4392 verunt;
2320 4327 2642 4396 similesque
2668 4337 2795 4382 sunt
2824 4327 2933 4381 illis
2955 4328 3056 4396 qui
3090 4327 3278 4396 plagas
3306 4326 3524 4395 quidem
3545 4341 3674 4394 ape-

2067 4419 2216 4476 riunt
2266 4435 2331 4481 ac
2384 4429 2648 4488 tumores,
2708 4419 3044 4486 medicisque
3090 4417 3255 4472 etiam
3304 4417 3671 4472 assidentibus

2072 4512 2441 4576 confitentur;
2489 4511 2586 4568 sed
2626 4510 2916 4573 admoniti,
2969 4524 3093 4578 qua).
3145 4509 3470 4578 imponenda
3521 4515 3671 4574 sunt,

2073 4605 2380 4676 negligant;
2412 4611 2468 4658 et
2491 4617 2614 4672 qua:
2642 4601 2894 4665 bibenda,
2927 4601 3232 4658 fastidiunt.
3265 4600 3422 4668 Quod
3453 4601 3558 4654 tale
3587 4607 3673 4656 cst

2070 4713 2134 4753 ac
2161 4697 2209 4754 si
2237 4681 2385 4754 dicat
2412 4696 2610 4764 aliquis
2641 4713 2654 4750 :
2691 4695 2833 4751 Ecce
2859 4711 2961 4766 ego
2999 4709 3164 4765 aeger,
3196 4708 3324 4751 ecce
3355 4709 3455 4764 ego
3485 4693 3679 4749 vulne-

2070 4799 2222 4846 ratus
2252 4803 2371 4848 sum
2399 4829 2416 4855 ,
2450 4797 2476 4826 ⁸
2501 4787 2598 4848 sed
2630 4787 2754 4844 nolo
2781 4788 2964 4848 curari
2988 4787 3350 4842 stomachum.
3380 4785 3494 4841 Hoc
3522 4792 3669 4851 erat,

2071 4881 2169 4938 sed
2201 4881 2382 4938 videte
2412 4882 2545 4954 quid
2572 4882 2814 4938 stultius.
2865 4880 3095 4940 Additur
3135 4883 3299 4938 etiam
3341 4881 3567 4936 morbus
3605 4879 3672 4934 ad

2072 4987 2291 5037 causam
2318 5011 2334 5035 ,
2377 4980 2432 5026 et
2471 4973 2665 5030 vulnus
2693 4972 3033 5041 adiungitur,
3065 4981 3120 5028 et
3145 4973 3415 5027 contraria
3444 4984 3674 5040 qumque

2074 5065 2452 5135 imponuntur,
2479 5065 2784 5133 perniciosa
2817 5074 3096 5133 putantur.
3122 5064 3240 5132 Quo
3261 5062 3502 5117 maxime
3530 5061 3678 5115 malo

2073 5158 2385 5222 fraternitas
2414 5158 2530 5214 haec
2563 5159 2773 5214 laborat
2801 5201 2816 5223 ,
2861 5158 3080 5214 delictis
3116 5157 3392 5213 veteribus
3419 5171 3555 5210 nova
3588 5155 3675 5208 in-

2075 5267 2239 5324 super.
2276 5253 2620 5324 adjungendu
2660 5263 2906 5324 peccata.
2955 5251 3100 5319 Ergo
3137 5251 3354 5319 gravius
3393 5246 3576 5316 erupit
3621 5248 3675 5320 in

2075 5346 2312 5413 vitium,
2367 5330 2828 5416 perniciosissima
2878 5345 2988 5412 jam
3037 5341 3161 5401 tabe
3207 5341 3499 5396 cruciatur.
3534 5337 3675 5404 Quid

2080 5453 2210 5508 ergo
2249 5438 2442 5496 iaciam
2485 5453 2628 5501 nunc
2674 5435 2932 5491 sacerdos
2973 5434 3065 5503 qui
3104 5447 3299 5488 curare
3339 5430 3679 5500 compellor?

2082 5532 2274 5586 Serum
2332 5542 2416 5586 est
2464 5532 2514 5584 in
2569 5529 2859 5611 ejusmodi.
2906 5527 3290 5594 Verumtamen
3340 5525 3384 5578 si
3435 5525 3555 5594 quis
3595 5532 3680 5580 est

2087 5647 2528 5713 Stomachanttum
2556 5648 2652 5708 Itoc
2678 5655 2791 5702 erat
2813 5663 2831 5700 :
2858 5645 2950 5704 sed
2976 5643 3143 5701 videte
3162 5645 3301 5715 quod
3330 5642 3557 5700 stultius.
