4094 6190
483 249 626 308 1087

1820 251 2070 310 SANCTI
2108 252 2384 312 PACIANI

3641 257 3793 316 4088

481 377 727 423 vestrum
744 367 835 438 qui
857 367 1031 423 secari
1058 374 1113 424 et
1134 367 1291 424 exuri
1313 369 1601 437 sustineat,
1625 369 1815 426 adhuc
1828 384 2071 441 possum.
2101 368 2158 430 Α
2179 371 2559 442 cauponando,
2599 372 2938 440 mercando,‘
2971 373 3272 451 rapiendo;
3328 373 3464 431 foris
3489 374 3665 442 lucra,
3694 375 3793 429 in-

483 460 627 517 Ecce
658 461 975 531 scalpellum
1005 462 1385 531 pr0pheticum
1413 479 1426 515 :
1460 460 1852 531 Convertimini,
1886 464 2080 535 inquit,

480 553 552 608 ad
566 553 849 608 Dominum
868 553 1038 609 Deum
1062 563 1308 621 vestrum,
1333 556 1590 627 simulque
1602 559 1833 630 jejunio,
1860 569 1907 613 et
1930 560 2078 629 ﬂetu,

479 655 529 699 et
558 646 789 716 planctu,
827 656 877 701 et
909 647 1126 703 scindite
1154 648 1314 703 corda
1344 659 1507 703 vestra
1533 647 1703 722 (Joel.
1737 666 1797 719 ll,
1829 650 1917 716 l2,
1951 652 2079 723 15).

478 738 660 795 Nolite
692 739 830 796 banc
855 750 1134 797 secturam
1168 742 1359 798 timere
1383 786 1398 811 ,
1432 743 1764 799 dulcissimi.
1810 746 2081 801 Sustinuit

479 831 628 888 illam
653 832 849 900 David,
872 834 1046 905 jacuit
1075 835 1130 890 in
1158 834 1343 890 cinere
1370 836 1639 901 sordenti,
1671 852 1833 893 sacco
1860 839 2081 909 insuper

481 922 744 981 horrente
770 924 1053 982 deformis.
1080 926 1179 982 llle
1202 927 1477 997 quondam
1500 930 1732 998 gemmis
1752 939 2005 985 assuetus
2027 940 2081 986 et

482 1019 762 1090 purpuris,
797 1021 930 1075 texit
962 1022 1015 1075 in
1040 1020 1251 1091 jejunio
1275 1022 1514 1076 animam
1546 1037 1695 1077 suam
1725 1041 1738 1077 :
1768 1025 1853 1078 cui
1885 1024 2077 1090 maria,

482 1113 568 1167 cui
597 1111 780 1180 silvae,
810 1114 900 1169 cui
923 1113 1148 1169 flumina
1188 1115 1535 1183 serviebant,
1566 1117 1971 1187 promissasque
1996 1116 2079 1172 di-

481 1202 642 1259 vitias
674 1214 819 1261 terra
850 1207 1199 1276 parturiens;
1248 1208 1498 1264 madidus
1538 1208 1793 1281 lacrymis
1819 1226 2079 1266 consum-

482 1299 592 1367 psit
616 1299 802 1355 oculos
831 1300 956 1356 illos
987 1302 1185 1371 quibus
1213 1301 1442 1372 gloriam
1471 1303 1567 1359 Dei
1590 1304 1824 1372 viderat,
1856 1312 1913 1360 et
1940 1304 2080 1361 infe-

480 1391 641 1447 licem
685 1408 745 1448 se
789 1393 1157 1464 miserumque
1205 1396 1490 1452 confessus
1536 1407 1620 1453 est
1668 1407 1825 1468 pater
1873 1398 2077 1466 Mariae,

480 1483 654 1540 Judaei
683 1486 849 1541 etiam
878 1487 1189 1543 dominator
1218 1488 1453 1559 imperii.
1477 1489 1591 1546 Res
1616 1490 1706 1545 ille
1730 1490 2078 1563 Babylonius,

458 1594 461 1597 λ
480 1575 908 1648 exomologesim
921 1578 1175 1634 desertus
1196 1591 1474 1650 operatur,
1492 1584 1807 1652 etseptenni
1825 1584 2080 1654 squalore

480 1669 824 1741 decoquitur.
859 1671 1103 1727 Leonum
1145 1674 1198 1728 in
1230 1674 1324 1729 illo
1345 1675 1507 1745 jubas
1531 1717 1547 1743 ,
1579 1677 1793 1748 impexa
1820 1678 2079 1734 czesaries

2187 474 2272 518 tus
2319 465 2572 521 libidines
2611 465 2967 536 aucupando;
3012 466 3148 521 nihil
3185 468 3399 538 agendo
3436 468 3795 539 simpliciter,

2184 556 2319 612 nihil
2368 559 2696 628 pauperibus
2738 559 3020 629 largiendo
3046 598 3063 624 ,
3110 558 3245 614 nihil
3288 559 3554 616 fratribus
3599 561 3801 615 remit-

2185 649 2368 704 tendo.
2397 649 2475 704 Ne
2506 651 2621 705 haec
2644 650 2865 721 quidem
2893 666 3017 721 qua:
3044 650 3217 708 videri
3248 653 3417 708 etiam
3450 668 3479 706 a
3505 652 3801 710 sacerdote

2185 753 2431 810 possunt,
2465 753 2520 799 et
2546 744 2803 814 episcopo
2836 752 2975 800 teste
3006 745 3259 812 laudari;
3300 762 3369 803 ne
3411 746 3526 803 haec
3563 748 3802 817 quidem

2182 836 2482 905 quotidiani
2524 852 2843 903 servamus;
2890 838 3024 894 ﬂere
3064 839 3118 893 in
3159 848 3458 907 conspectu
3498 839 3800 907 Ecclesia,

2182 926 2448 995 perditam
2477 928 2642 982 vitam
2660 929 2883 984 sordida
2908 939 3061 986 veste
3083 931 3289 1002 lugere,
3311 930 3580 1001 jejunare,
3603 946 3797 998 orare,

2184 1019 2476 1088 provolvi:
2518 1021 2563 1075 si
2605 1021 2725 1090 quis
2755 1022 2821 1077 ad
2857 1022 3110 1078 balneum
3157 1034 3334 1091 vocet,
3388 1039 3643 1081 recusare
3690 1025 3799 1081 de-

2184 1107 2339 1163 licias
2383 1126 2397 1163 :
2447 1110 2493 1165 si
2538 1112 2657 1181 quis
2703 1112 2771 1168 ad
2816 1114 3129 1169 convivium
3190 1124 3379 1185 roget,
3424 1114 3650 1171 dicere:
3682 1115 3798 1170 Ista

2182 1198 2462 1268 felicibus,
2502 1217 2604 1271 ego
2641 1202 2845 1274 deliqui
2879 1206 2930 1260 in
2964 1206 3257 1262 Dominum
3280 1249 3295 1273 ,
3338 1215 3394 1263 et
3430 1208 3710 1278 periclitor
3736 1210 3799 1263 in

2182 1303 2443 1347 azternum
2493 1293 2672 1363 perire
2714 1313 2727 1349 :
2767 1311 2876 1367 quo
2921 1297 3051 1352 mihi
3101 1300 3312 1369 epulas,
3364 1298 3461 1370 qui
3502 1300 3799 1355 Dominum

2184 1384 2340 1440 laesi?
2379 1386 2590 1442 Tenere
2637 1397 2907 1459 prmterea
2958 1405 3255 1461 pauperum
3304 1405 3539 1459 manus,
3590 1390 3802 1446 viduas

2184 1480 2512 1549 obsecrare,
2546 1484 2886 1556 presbyteris
2916 1484 3130 1541 advolvi
3155 1527 3171 1551 ,
3203 1484 3569 1541 exoratricem
3596 1485 3801 1542 Eccle-

2183 1574 2321 1629 siam
2351 1574 2656 1644 deprecari,
2690 1576 2873 1631 omnia
2899 1576 3057 1645 prius
3081 1586 3296 1632 tentare
3320 1564 3482 1646 quam
3506 1591 3721 1647 pereas.

2256 1668 2350 1723 XI.
2392 1669 2517 1725 Scio
2537 1668 2804 1739 quosdam
2827 1685 2895 1724 ex
2926 1670 3180 1725 fratribus
3207 1678 3264 1725 et
3283 1670 3568 1725 sororibus
3594 1671 3802 1727 vestris

481 1768 537 1816 et
562 1761 822 1818 barbarus
844 1761 1039 1819 horror
1067 1774 1398 1835 exsuperat;
1430 1776 1485 1823 et
1514 1768 1676 1839 longe
1707 1768 1955 1824 incurvis
1983 1784 2080 1823 nn-
2108 1760 2158 1822 B
2183 1760 2362 1816 cilicio
2388 1769 2579 1831 pectus
2605 1760 2902 1829 involvere,
2927 1761 3099 1817 cineri
3132 1761 3419 1827 incubare,
3440 1761 3645 1831 jejunia
3673 1775 3801 1817 sera

482 1851 679 1924 guibus
734 1870 928 1911 manus
976 1855 1290 1927 horrentes,
1342 1858 1550 1928 aquilas
1580 1862 1920 1915 mentiuntur
1957 1875 2082 1916 cum

481 1946 665 2003 fenum
701 1947 757 2003 in
786 1964 995 2006 morem
1025 1951 1180 2007 bovis
1208 1952 1398 2008 ederet
1425 1952 1747 2035 pallentium
1777 1954 2084 2010 ruminator

485 2041 801 2099 herbarum.
831 2043 959 2100 Haec
989 2053 1171 2101 tamen
1200 2046 1349 2101 illum
1381 2047 1493 2103 Deo
1522 2062 1681 2118 poena
1710 2046 2083 2114 commendat,

483 2141 540 2189 et
572 2133 625 2189 in
656 2149 754 2191 sua
780 2137 1057 2207 quondam
1089 2152 1257 2210 regna
1286 2140 1550 2195 restituit.
1584 2140 1756 2207 Quem
1789 2139 2087 2197 horrebant

485 2226 765 2295 homines,
788 2230 932 2287 Deus
959 2230 1283 2302 recipiebat,
1311 2232 1427 2303 ipsa
1450 2234 1540 2289 illa
1566 2234 1723 2289 malae
1747 2234 2086 2290 tractationis

485 2319 800 2377 calamitate
820 2321 1057 2379 felicem.
1088 2323 1234 2379 Ecce
1258 2326 1452 2395 sectio,
1477 2341 1638 2397 quam
1661 2326 1930 2397 spopondi
1957 2344 1970 2382 :
1995 2329 2085 2399 qui

486 2413 731 2484 potuerit
759 2414 1016 2483 tolerare,
1043 2416 1344 2472 sanabitur.

562 2506 631 2563 X.
672 2507 994 2566 Admovebo
1015 2508 1192 2566 adhuc
1221 2512 1373 2582 ignes
1393 2510 1463 2568 de
1482 2514 1723 2569 cauterio
1744 2514 2046 2584 apostolico
2072 2534 2085 2569 :

492 2601 774 2659 videamus
796 2618 864 2659 an
898 2603 1045 2660 ferre
1077 2605 1319 2675 possitis.
1352 2605 1616 2674 Judicavi,
1646 2607 1841 2678 inquit,
1870 2622 2086 2679 congre-

491 2697 626 2769 gatis
648 2697 790 2753 vobis
810 2708 858 2754 et
882 2700 1073 2771 spiritu
1102 2716 1235 2766 meo,
1258 2700 1312 2755 in
1335 2701 1520 2756 virtute
1547 2700 1757 2755 Domini
1782 2701 1813 2755 J
1822 2718 1910 2756 esu
1936 2700 2089 2755 Chri-

485 2790 596 2856 sti,
632 2792 833 2845 tradere
870 2794 1125 2865 ejusmodi
1177 2792 1436 2848 hominem
1488 2804 1683 2848 satana:
1724 2795 1777 2848 in
1823 2795 2091 2850 interitum

492 2883 689 2948 carnis,
716 2891 770 2936 ut
790 2884 1004 2953 spiritus
1032 2885 1205 2939 salvus
1234 2887 1300 2939 sit
1325 2886 1377 2940 in
1401 2886 1535 2940 diem
1565 2887 1774 2941 Domini
1800 2886 1853 2958 (Ι
1879 2886 1999 2942 Cor.
2032 2904 2087 2955 v,

489 2972 632 3042 5-5).
657 2971 798 3039 Quid
825 2973 1028 3038 dicitis,
1057 2976 1425 3044 poenitentes?
1453 2977 1555 3034 Ubi
1584 2988 1669 3035 est
1690 2986 1887 3034 vestra:
1909 2980 2092 3034 carnis

492 3062 790 3119 interitus?
815 3067 898 3120 An
925 3066 1070 3136 quod
1096 3066 1150 3122 in
1181 3068 1296 3137 ipsa
1321 3070 1634 3138 paenitentia
1662 3070 1923 3127 lautiores
1948 3085 2092 3127 sem-

494 3169 592 3227 per
620 3155 899 3225 inceditis,
928 3134 1181 3214 convivio
1205 3134 1340 3216 farti
1364 3203 1379 3229 ,
1420 3163 1627 3219 balneis
1652 3164 1909 3234 expoliti,
1942 3174 2091 3221 veste
2119 3134 2166 3199 Ο

492 3248 825 3317 compositi?
857 3250 998 3305 Ecce
1026 3251 1261 3320 aliquem
1288 3252 1447 3307 video
1469 3254 1763 3325 aliquando
1791 3255 1962 3327 frugi,
1993 3258 2094 3312 ali-

494 3343 711 3412 quando
755 3345 1142 3414 pauperculum
1172 3386 1186 3412 ,
1227 3345 1523 3417 aliquando
1556 3348 1650 3402 vili
1684 3350 1859 3404 tunica
1896 3352 2092 3405 surdu-

493 3434 702 3491 lentum
736 3453 751 3489 :
795 3450 940 3492 nunc
980 3436 1125 3493 bene
1164 3437 1342 3493 cultus
1374 3449 1427 3494 et
1464 3439 1728 3509 locuples,
1773 3449 1827 3496 et
1861 3441 2094 3498 decorus

490 3534 608 3593 est,
635 3527 791 3598 quasi
818 3528 1050 3597 imputet
1081 3528 1194 3584 Deo
1222 3530 1368 3600 quod
1398 3530 1477 3585 illi
1508 3533 1717 3588 servire
1748 3547 1854 3588 non
1882 3534 2090 3603 potuit,

495 3628 553 3674 et
597 3619 924 3674 morientem
951 3620 1187 3675 animam
1216 3630 1439 3689 recreet,
1478 3624 1756 3695 voluptate
1813 3627 2093 3681 membro-

496 3726 639 3767 rum.
671 3711 819 3768 Bene
844 3714 989 3783 quod
1029 3714 1329 3770 mediocres
1360 3731 1547 3772 sumus
1585 3734 1599 3770 :
1636 3728 1895 3773 caeterum
1923 3728 1977 3774 et
2003 3719 2093 3775 illa

494 3805 802 3864 faceremus
823 3809 969 3879 quod
1000 3809 1269 3879 quosdam
1297 3820 1352 3865 et
1376 3811 1637 3881 quasdam
1656 3827 1763 3868 non
1788 3812 1955 3883 pudet
1980 3813 2095 3869 lau-

495 3902 688 3970 tiores,
716 3903 1084 3959 marmoribus
1104 3906 1233 3973 tegi,
1258 3919 1391 3960 auro
1413 3906 1670 3976 opprimi,
1695 3906 1873 3962 serico
1902 3906 2091 3973 fluere,

492 4008 661 4048 cocco
683 3994 996 4050 rubescere.
1022 3994 1080 4050 Si
1098 3995 1229 4065 quid
1254 3996 1548 4065 ferruginei
1568 3999 1808 4067 pulveris
1826 4000 1880 4051 in
1904 4013 2097 4067 super-

497 4083 627 4137 cilio
667 4083 915 4153 fulgeret,
960 4096 1051 4138 aut
1085 4086 1194 4139 ficti
1236 4086 1428 4140 nitoris
1469 4089 1521 4141 in
1552 4102 1718 4155 genas
1746 4086 1951 4152 rutilet,
2002 4097 2096 4142 aut

492 4173 671 4228 coacti
716 4174 937 4228 ruboris
978 4176 1029 4228 in
1078 4175 1223 4230 labia
1265 4176 1533 4231 desudet:
1568 4178 1670 4233 ista
1713 4179 1938 4234 forsitan
1986 4194 2095 4235 non

497 4261 735 4320 habetis.
778 4264 894 4320 Non
922 4264 1123 4322 desunt
1165 4275 1345 4324 tamen
1392 4268 1550 4323 vobis
1578 4268 1858 4325 hortulani
1889 4274 2097 4327 mariti-

495 4356 641 4412 mive
667 4371 937 4424 secessus,
969 4367 1025 4412 et
1052 4357 1371 4428 exquisitius
1401 4360 1608 4427 vinum,
1638 4372 1693 4417 et
1713 4362 1941 4419 lautiora
1966 4380 2098 4420 con-

493 4451 658 4516 vivia,
692 4460 749 4505 et
777 4449 1060 4506 defaecatio
1084 4452 1405 4507 senectutis.
1434 4451 1525 4510 Sic
1554 4456 1719 4525 agite,
1756 4454 1835 4510 sic
1862 4457 2090 4522 credite,

492 4543 713 4613 quando
742 4543 975 4599 vivetis?
1001 4543 1119 4599 Non
1151 4546 1397 4602 sustineo
1421 4546 1556 4617 jam,
1585 4547 1800 4604 fratres.
1835 4548 2094 4607 Danielus

493 4648 617 4689 cum
659 4634 938 4691 sodalibus
975 4638 1090 4693 suis
1128 4652 1288 4694 sacco
1326 4649 1502 4695 tectus
1544 4650 1601 4695 et
1643 4641 1850 4707 cinere,
1888 4641 2097 4713 jejunio

493 4727 658 4780 etiam
688 4729 1001 4798 exsanguis,
1035 4730 1153 4785 haec
1181 4733 1459 4802 loquitur:
1498 4732 1854 4801 Peccavimus,
1891 4738 2097 4792 facinus

495 4816 825 4886 admisimus,
844 4822 1006 4890 impie
1016 4823 1288 4893 gessimus,
1311 4827 1623 4895 transgressi
1638 4843 1818 4881 sumus
1839 4841 2097 4900 prmeepta

491 4918 540 4962 et
560 4909 766 4981 judicia
789 4921 878 4965 tua
903 4912 1066 4983 (Dan.
1093 4929 1170 4979 is,
1197 4913 1276 4987 5).
1305 4916 1379 4970 De
1399 4916 1593 4973 Azaria
1618 4918 1803 4974 itidem
1827 4922 2094 4991 scriptura

491 5003 677 5059 divina
702 5022 716 5067 ;
743 5005 927 5070 Stans,
954 5006 1150 5077 inquit,
1174 5008 1393 5064 Azarias
1414 5021 1654 5081 precatus
1670 5022 1764 5078 est,
1789 5025 1836 5069 et
1857 5017 2093 5084 aperiens

492 5112 549 5150 os
575 5113 725 5151 suum
755 5099 1154 5170 exomologesim
1189 5100 1409 5171 faciebat
1437 5101 1547 5158 Deo
1576 5104 1734 5158 simul
1758 5122 1875 5160 cum
1902 5107 2095 5161 sodali-

493 5189 587 5243 bus
615 5191 724 5245 suis
766 5190 930 5262 (Dan.
972 5207 1051 5258 lli,
1084 5191 1199 5263 25).
1244 5194 1409 5249 David
1449 5196 1606 5265 ipse:
1638 5196 1862 5265 Lavabo,
1898 5200 2092 5269 inquit,

489 5297 583 5352 per
622 5284 854 5355 singulas
901 5296 1075 5341 noctes
1121 5285 1309 5340 lectum
1348 5303 1537 5355 meum,
1585 5288 1831 5359 lacrymis
1874 5301 2092 5347 stratum

491 5392 661 5431 meum
691 5377 871 5451 rigabo
905 5378 1079 5450 (Psal.
1110 5395 1183 5443 vr,
1219 5378 1295 5451 7).
1329 5379 1437 5434 Nos
1465 5395 1617 5449 vero,
1646 5382 1774 5451 quid
1804 5382 1931 5451 tale,
1962 5384 2091 5455 quid

490 5470 705 5527 simile?
726 5469 845 5527 Non
868 5472 993 5528 dico
1020 5472 1112 5528 illa
1133 5489 1257 5544 quas
1277 5488 1674 5546 congregamus
1695 5473 1763 5530 ad
1785 5478 2087 5546 cumulum,

560 5618 587 5647 ι
638 5608 843 5664 ιΕιΙιηα
882 5610 1097 5666 Siculus
1147 5621 1198 5667 et
1252 5612 1373 5667 Ves.
1428 5613 1747 5670 Lectionem
1800 5616 2068 5672 editorum

488 5680 838 5749 mendosam,
868 5680 1080 5737 fEtIma
1102 5692 1151 5738 et
1190 5682 1522 5749 Lisaniculus
1560 5698 1608 5741 et
1640 5686 1762 5741 Vcs.
1811 5687 1888 5741 sic
1917 5690 2078 5745 restis

486 5745 624 5814 tuit,
655 5760 709 5804 ut
739 5753 1137 5821 rescripsimus,
1166 5771 1232 5810 ex
1264 5746 1435 5810 veteri
1468 5758 1604 5813 libro
1634 5756 1938 5815 Cartliusicc
1969 5775 2083 5815 ina—

2187 1853 2475 1920 meditari;
2508 1862 2565 1910 et
2594 1870 2702 1909 non
2733 1855 2887 1920 talia,
2920 1853 3176 1921 fortasse,
3206 1863 3525 1925 peccarunt.
3557 1854 3702 1922 Quid
3728 1855 3803 1911 de

2188 1948 2449 2004 fratribus
2471 1948 2663 2017 loquar
2680 1950 2703 2003 ?
2720 1950 2913 2020 Capra:
2936 1951 3089 2016 lene,
3111 1959 3172 2005 ut
3193 1949 3406 2017 dicunt,
3431 1950 3675 2005 remedia
3701 1964 3803 2005 sua

2187 2050 2454 2096 noverunt
2480 2040 2757 2096 :couiixas
2779 2041 3008 2113 quippe,
3031 2042 3221 2107 audio,
3248 2044 3537 2097 venenatis
3557 2042 3797 2112 sagittis,

2187 2134 2359 2189 saltus
2390 2148 2677 2204 peragrare
2707 2134 2944 2189 Dictaeos
2968 2176 2984 2203 ,
3027 2134 3206 2205 quoad
3243 2134 3462 2189 dietami
3504 2136 3664 2189 caule
3697 2134 3804 2190 de.

2188 2235 2349 2281 tonso
2369 2268 2384 2293 ,
2422 2227 2741 2282 salutarium
2774 2226 3048 2281 virulento
3087 2226 3245 2282 latice
3274 2241 3562 2283 succorum
3588 2268 3603 2291 ,
3635 2226 3805 2296 pulsa

2188 2320 2469 2378 decutiant
2501 2320 2608 2376 tela
2634 2321 2983 2391 corporibus.
3015 2320 3124 2377 Nos
3152 2322 3321 2392 ignita
3351 2319 3555 2376 diaboli
3586 2320 3806 2392 spicula

2190 2414 2339 2470 nullo
2365 2414 2697 2483 poenitentia:
2728 2429 2911 2479 succo,
2946 2414 3101 2470 nullo
3122 2414 3527 2485 exomologesis
3552 2416 3807 2486 gramine

2189 2508 2531 2578 repellimus.
2568 2508 2885 2565 Excmcatos
2916 2508 3151 2565 hirundo
3181 2509 3365 2580 pullos
3395 2510 3549 2565 novit
3577 2511 3807 2566 oculare

2190 2599 2261 2656 de
2284 2614 2380 2655 sua
2407 2600 2713 2655 chelidonia
2738 2616 2752 2654 :
2785 2615 2907 2669 nos,
2939 2602 3144 2657 lumina
3171 2601 3371 2657 mentis
3396 2602 3619 2669 amissa,
3653 2603 3805 2658 nulla

2191 2693 2347 2748 mala:
2392 2692 2731 2748 tractationis
2770 2693 2958 2750 radice
2988 2693 3343 2751 curabimus?
3384 2695 3530 2751 Ecce
3571 2710 3672 2751 nec
3711 2710 3807 2751 ca-

2191 2788 2380 2857 preis,
2426 2802 2529 2843 nec
2580 2787 2857 2843 hirundini
2906 2788 3072 2845 homo
3118 2789 3344 2857 similis,
3407 2790 3641 2844 caecitati
3685 2804 3805 2844 sua:

2192 2879 2400 2935 invidet
2427 2888 2482 2935 et
2512 2878 2710 2935 dolori.
2743 2880 3105 2937 Considerate
3136 2896 3303 2945 nunc,
3334 2880 3556 2947 fratres,
3587 2882 3717 2954 quid
3745 2884 3805 2938 in

2192 2970 2299 3026 fine
2318 2970 2697 3041 promisimus:
2721 2973 2842 3042 quis
2866 2973 3093 3039 fructus,
3118 2973 3235 3028 haec
3252 2987 3453 3043 opera;
3474 2973 3563 3029 vel
3585 2984 3803 3041 contra,

2192 3066 2317 3134 quis
2358 3064 2539 3119 exitus
2586 3072 2975 3135 consequatur.
3028 3065 3414 3121 Peccatoribus
3456 3064 3713 3121 delicatis
3751 3076 3811 3123 et

2198 3156 2570 3227 paenitentiam
2601 3172 2711 3211 non
2743 3157 3050 3227 agentibus,
3075 3156 3301 3228 spiritus
3331 3158 3547 3213 Domini
3571 3158 3809 3214 commi-

2194 3258 2358 3304 natur
2386 3258 2443 3305 et
2486 3250 2613 3305 dicit
2646 3267 2661 3304 :
2698 3248 2957 3305 Dilectum
2994 3251 3227 3304 veritatis
3272 3266 3375 3305 non
3409 3260 3714 3319 receperunt
3749 3262 3811 3305 ut

2192 3342 2323 3397 salui
2350 3344 2532 3412 ﬁerent
2566 3358 2586 3396 :
2612 3359 2672 3397 ac
2706 3352 2981 3415 prOpterea
3008 3344 3172 3399 mittet
3208 3343 3321 3398 illis
3359 3341 3493 3396 Deus
3528 3344 3809 3414 Operatio-

2194 3452 2308 3490 nem
2334 3436 2525 3490 erroris
2553 3444 2607 3489 ut
2635 3435 2849 3489 credant
2876 3435 3171 3501 mendacio,
3210 3446 3268 3489 ut
3290 3434 3588 3509 judicentur
3618 3451 3809 3491 omnes

2194 3529 2280 3599 qui
2294 3544 2393 3583 non
2405 3527 2735 3582 crediderunt
2751 3527 2976 3594 veritati,
2991 3528 3081 3582 sed
3092 3528 3189 3582 sibi
3204 3528 3407 3598 placent
3422 3527 3800 3598 injnjustitians

2196 3622 2264 3693 (ll
2279 3620 2463 3674 Thess.
2482 3636 2543 3686 ll,
2567 3619 2658 3686 lO,
2676 3622 2697 3675 l
2712 3620 2732 3675 1
2746 3620 2786 3690 ).
2806 3620 2941 3674 Item
2956 3618 3321 3691 Apocalypsis
3332 3618 3403 3675 de
3416 3619 3699 3674 meretrice
3712 3616 3804 3674 sic

2194 3714 2436 3783 loquitur
2470 3730 2483 3766 :
2527 3711 2594 3765 In
2624 3720 2873 3781 quantum
2908 3711 3214 3780 clariﬁcavit
3250 3727 3305 3765 sc
3333 3720 3383 3764 et
3408 3710 3619 3765 delicias
3648 3726 3807 3764 exer-

2197 3807 2344 3861 cuit:
2372 3814 2569 3859 tantum
2590 3804 2708 3859 date
2728 3805 2774 3859 ei
2803 3812 3109 3859 tormentum
3138 3804 3403 3858 et'luctum
3424 3802 3615 3875 (Apoc.
3639 3817 3803 3863 xviii.

2197 3900 2293 3972 7).
2331 3902 2393 3955 Et
2421 3900 2703 3970 apostolus
2727 3898 2929 3953 Paulus
2961 3915 2975 3952 :
3005 3897 3085 3951 An
3112 3898 3349 3970 ignoras,
3380 3897 3625 3966 quoniam
3655 3897 3808 3949 boni-

2198 4005 2276 4048 tas
2303 3993 2402 4046 Dei
2432 3995 2485 4047 in
2514 3993 2866 4063 paenitentiam
2902 4002 2950 4045 te
2978 3992 3213 4061 perducit
3238 3990 3264 4043 .9
3304 3989 3385 4044 Tu
3414 3999 3589 4044 autem
3617 4005 3805 4043 secun-

2197 4086 2320 4137 dum
2346 4085 2592 4136 duritiam
2620 4093 2761 4136 tuam
2793 4082 3110 4137 thesaurizas
3140 4080 3234 4134 tibi
3258 4081 3393 4133 iram
3420 4082 3475 4134 in
3503 4082 3587 4133 die
3611 4080 3729 4145 ine,
3759 4088 3809 4133 et

2196 4173 2522 4230 reuelationis
2552 4174 2677 4239 iusti
2698 4173 2895 4243 judicii
2926 4170 3025 4226 Dei
3058 4171 3250 4243 (Rom.
3283 4187 3342 4238 tt,
3368 4173 3425 4237 4,
3461 4171 3557 4243 5).
3592 4170 3810 4228 Timete

2178 4268 2388 4339 igitur,
2416 4268 2782 4335 dilectissimi,
2806 4267 2955 4336 justa
2981 4266 3186 4335 judicia
3218 4282 3233 4320 :
3265 4264 3501 4320 omittite
3528 4278 3809 4329 errorem,

2197 4360 2453 4415 damnate
2479 4358 2700 4414 delicias
2733 4375 2746 4411 :
2781 4366 3042 4427 properat
3067 4356 3180 4426 jam
3212 4365 3429 4426 tempus
3449 4364 3762 4411 extremum
3789 4372 3805 4408 :

2199 4461 2436 4509 tartarus
2484 4462 2537 4508 et
2573 4452 2821 4522 gelienna
2872 4450 3083 4507 laxatos
3124 4448 3306 4519 impiis
3340 4451 3496 4505 sinus
3532 4448 3806 4519 pandunt.

2202 4546 2333 4602 Post
2356 4548 2659 4601 animarum
2691 4545 3011 4613 tempestiva
3038 4542 3306 4613 supplicia
3327 4582 3343 4607 ,
3373 4541 3637 4598 redivivis
3666 4555 3808 4611 quo-

2198 4656 2304 4711 que
2336 4647 2596 4709 perpetua
2618 4636 2943 4705 corporibus
2971 4650 3131 4706 poena
3152 4646 3427 4692 servatur.
3455 4634 3625 4691 Nemo
3652 4634 3805 4704 Tityi

2192 4731 2348 4801 jecur
2377 4728 2588 4793 credat,
2612 4735 2668 4781 et
2697 4726 2978 4781 Vulturem
3004 4735 3311 4795 poetarum.
3342 4726 3465 4795 Ipse
3493 4725 3599 4780 sibi
3630 4733 3809 4779 mate-

2195 4826 2332 4881 riam
2356 4820 2782 4879 recrescentium
2805 4834 3100 4891 corporum
3125 4828 3345 4888 reparat
3374 4818 3513 4890 ignis
3533 4825 3803 4873 aeternus.

2197 4916 2505 4981 Attendite,
2547 4915 2595 4969 si
2635 4928 2743 4969 non
2783 4913 3010 4969 creditis
3052 4930 3069 4967 :
3114 4927 3380 4983 aquarum
3426 4913 3663 4978 impetus
3709 4912 3806 4982 qui

2204 5012 2418 5084 ignibus
2447 5009 2606 5075 furit,
2643 5006 2908 5078 supplicio
2936 5006 3214 5062 nutriente
3244 5004 3609 5074 reparabitur.
3641 5003 3702 5059 Si
3734 5004 3808 5059 de

2198 5109 2443 5164 cruciatu
2472 5102 2876 5172 exomologesis
2913 5102 3154 5166 retracti,
3193 5099 3498 5171 gehennam
3541 5097 3808 5154 recorde-

2199 5199 2330 5255 miui
2368 5212 2529 5269 quam
2556 5194 2713 5250 vobis
2741 5192 3143 5264 exomologesis
3165 5192 3496 5263 exstinguet.
3528 5190 3653 5245 Vim
3684 5190 3807 5260 ejus

2196 5291 2349 5347 etde
2389 5287 2751 5360 praesentibus
2791 5286 3088 5349 aestimate;
3131 5283 3288 5354 cujus
3328 5282 3617 5339 fumariola
3645 5294 3808 5352 qua:-

2197 5383 2341 5449 dam,
2390 5380 2654 5435 maximos
2700 5386 2914 5433 montes
2960 5375 3332 5431 subterraneis
3368 5373 3585 5445 ignibus
3632 5372 3805 5429 deco-

2196 5482 2390 5549 quunt.
2410 5472 2673 5531 Estuant
2689 5470 2975 5528 indefessis
2992 5469 3333 5525 flammarum
3355 5468 3529 5539 globis
3549 5466 3578 5496 ⁸
3592 5464 3804 5522 Ethna

2177 5618 2315 5689 joris
2362 5616 2618 5689 Baluzius
2649 5613 2717 5689 ad
2746 5613 3246 5689 Cyprianumﬁpag.
3276 5608 3405 5689 568_
3431 5608 3569 5689 edit:
3620 5606 3801 5665 Paris.

2187 5678 2366 5765 Atque
2401 5690 2470 5742 ita
2499 5678 3139 5757 legendum'éonjecerat'
3173 5678 3653 5807 abtegulﬁtli‘t‘i’ius.
