4094 6190
354 278 491 336 1089

1667 273 1897 336 SERMO
1938 274 2028 336 DE
2068 277 2431 337 BAPTISMO.

3516 280 3654 342 1090

349 396 597 463 Siculus,
642 404 699 451 et
730 394 997 451 Vesuvius
1040 393 1353 465 Campanus
1387 412 1400 447 :
1434 404 1491 451 et
1527 410 1639 467 quo
1668 398 1826 453 nobis
1862 398 1950 468 ju-
1974 411 2030 474 Α
2054 398 2234 453 ﬂebile
2259 439 2273 461 ,
2307 396 2648 452 Peccavimus
2680 399 2735 451 in
2763 405 3039 470 conspectu
3073 404 3160 452 tuo
3189 396 3380 465 Pater;
3398 400 3516 472 jam
3552 419 3656 471 non

346 488 477 545 dicii
506 489 925 559 perpetuitatem
957 488 1211 558 probent,
1241 488 1539 555 dissiliunt,
1569 489 1908 547 devorantur
1934 508 1949 557 ;

345 594 450 637 nec
476 582 596 636 ullis
624 590 807 637 tamen
830 582 1046 636 saeculis
1074 580 1359 637 liniuntur.
1386 582 1670 639 Attendite
1693 584 1745 638 in
1772 583 1952 639 Evan-

345 672 494 745 gelio
520 672 748 729 divitem
779 672 951 728 solius
977 673 1157 730 adhuc
1178 674 1373 730 anima:
1397 675 1683 745 suppliciis
1704 675 1955 732 laboran-

348 774 480 823 tem.
519 765 706 834 Qualis
736 765 952 821 tandem
985 765 1078 819 illa
1112 766 1369 822 redituris
1397 781 1559 838 plena
1588 767 1953 838 corporibus?

349 859 471 930 quis
502 859 553 913 in
583 857 673 912 illa
706 857 909 913 stridor
929 856 1171 913 dentium
1192 860 1215 913 ?
1235 860 1356 928 quis
1378 859 1537 915 fletus
1564 859 1881 915 oculorum?

419 950 537 1006 XII.
578 950 931 1018 Mementote,
966 949 1162 1005 fratres
1188 992 1202 1015 ,
1234 951 1360 1021 quia
1406 950 1549 1020 apud
1581 951 1786 1006 inferos
1816 964 1951 1006 exo-

346 1043 644 1112 mologesis
678 1058 787 1099 non
834 1051 954 1110 est;
986 1059 1088 1101 nec
1116 1045 1443 1113 pcenitentia
1489 1056 1616 1101 tunc
1650 1047 1815 1102 tribui
1854 1061 1952 1116 po-

346 1140 500 1203 terit,
532 1148 861 1208 consumpto
893 1148 1141 1210 tempore
1167 1138 1473 1209 paenitendi
1503 1137 1700 1212 (Eccte.
1734 1156 1809 1208 ix,
1840 1141 1947 1207 10;

344 1231 515 1288 Eccli.
544 1244 663 1299 xxv,
709 1232 823 1303 l7).
867 1230 1147 1287 Festinate
1170 1272 1185 1296 ,
1224 1231 1354 1287 dum
1406 1231 1458 1286 in
1490 1231 1598 1286 vita
1624 1232 1790 1298 estis,
1818 1231 1949 1286 dum

345 1341 472 1382 cum
502 1326 819 1382 adversario
852 1326 959 1381 iter
1002 1325 1203 1381 facitis.
1251 1327 1561 1383 Smculares
1612 1341 1742 1382 ecce
1798 1327 1951 1397 ignes

344 1418 634 1483 timemus,
691 1428 746 1474 et
796 1418 1113 1474 carnificum
1186 1421 1414 1490 ungulas
1473 1420 1950 1489 expavescimus:

344 1520 661 1581 comparate
678 1527 802 1567 cum
836 1512 920 1567 his
938 1521 1173 1567 aternas
1202 1513 1573 1579 torquentium
1595 1527 1808 1577 manus,
1836 1511 1952 1581 api-

346 1616 549 1673 ceSque
578 1600 922 1658 ﬂammarum
955 1602 1103 1657 nulla
1154 1611 1311 1658 aetate
1368 1602 1740 1658 morientium.
1798 1601 1952 1672 Rogo

348 1709 448 1749 vos
482 1710 580 1763 per
619 1694 882 1750 Ecclesia:
907 1693 1088 1761 fidem,
1117 1692 1323 1750 fratres
1357 1709 1371 1746 :
1402 1708 1500 1763 per
1521 1693 1949 1748 sollicitudinem

2055 507 2229 544 sumus
2260 490 2403 560 digni
2427 491 2634 545 nomine
2658 491 2890 559 ﬁliorum
2923 490 3075 561 (Luc.
3103 506 3194 555 xv,
3224 490 3321 560 ‘22)
3354 509 3366 544 :
3395 498 3659 552 continuo

2053 584 2123 640 de
2142 585 2300 640 vobis
2325 593 2378 639 et
2406 599 2571 654 pecus
2599 584 2731 639 illud
2772 584 2994 640 recedet
3032 583 3395 652 immundum,
3442 594 3499 640 et
3542 587 3659 641 sili-

2052 691 2281 744 quarum
2313 690 2437 731 esca
2462 676 2747 732 deformis.
2766 676 3040 733 Continuo
3055 685 3416 744 revertentes,
3443 687 3499 735 et
3516 681 3657 737 stola

2052 766 2082 807 δ
2111 769 2293 823 vestiti
2321 810 2335 835 ,
2367 779 2421 823 et
2446 769 2682 824 annulus
2713 769 3026 833 honorabit,
3066 778 3123 825 et
3152 776 3413 839 paternus
3455 769 3655 827 iterum

2054 859 2380 928 complexus
2412 859 2668 928 accipiet.
2704 859 2848 915 Ecce
2875 859 2991 929 ipse
3017 858 3257 929 loquitur
3289 876 3302 913 :
3338 858 3481 915 Noto
3521 877 3661 917 mor-

2055 958 2157 1006 tem
2180 952 2488 1020 peccatoris,
2519 961 2770 1021 quantum
2803 961 2859 1005 ut
2883 960 3165 1007 revertatur
3195 963 3243 1006 et
3272 954 3405 1008 vivat
3430 952 3657 1026 (Ezech.

2053 1061 2217 1112 xvm,
2252 1045 2354 1109 25;
2388 1060 2556 1110 χχιιι,
2592 1044 2703 1115 ll).
2739 1046 2804 1099 Et
2856 1046 3093 1100 iterum:
3147 1044 3356 1108 Nonne,
3408 1047 3524 1114 ait,
3571 1049 3661 1118 qui

2054 1138 2315 1202 ceciderit,
2347 1146 2613 1207 resurget;
2659 1146 2708 1191 et
2734 1137 2823 1208 qui
2867 1146 3132 1192 aversatus
3176 1140 3355 1207 fuerit,
3400 1149 3661 1195 converte—

2055 1240 2140 1285 tur
2184 1230 2404 1301 (Jerem.
2440 1246 2568 1297 vni,
2592 1231 2672 1301 4).
2714 1232 2776 1285 Et
2806 1232 3100 1302 Apostolus
3127 1232 3262 1287 dicit
3291 1251 3304 1287 :
3339 1233 3535 1289 Potens
3586 1244 3663 1289 est

2054 1322 2197 1378 Deus
2222 1335 2445 1379 statuere
2466 1325 2611 1378 illum
2635 1325 2814 1397 (Rom.
2841 1341 2950 1393 xiv,
2985 1324 3060 1396 4).
3107 1327 3468 1400 Apocalypsis
3492 1328 3658 1384 etiam

2054 1427 2266 1487 septem
2295 1418 2577 1481 Ecclesiis,
2607 1419 2709 1473 nisi
2748 1420 3122 1489 pcenitentiam
3163 1422 3396 1491 egerint,
3432 1422 3661 1477 commi-

2054 1519 2235 1565 natur.
2269 1510 2380 1565 Nec
2402 1512 2611 1580 utique,
2646 1525 2752 1565 non
2784 1511 3175 1580 pcenitentibus
3204 1514 3663 1582 comminaretur,

2055 1602 2156 1657 nisi
2190 1603 2499 1669 ignosceret
2525 1604 2937 1673 pcenitentibus.
2967 1604 3142 1659 Etiam
3163 1605 3279 1675 ipse
3304 1608 3450 1663 Deus
3479 1608 3615 1664 dicit
3642 1627 3658 1665 :

2058 1694 2319 1750 Memento
2368 1682 2482 1751 ecce
2531 1697 2667 1751 unde
2720 1698 2988 1765 Cecideris,
3054 1708 3103 1754 et
3157 1718 3253 1773 age
3306 1703 3660 1772 paenitentiam

346 1802 550 1853 meam,
600 1802 698 1857 per
750 1800 1073 1843 communes
1124 1787 1369 1842 omnium
1424 1788 1635 1842 animas
1700 1786 1950 1842 obtestor
1980 1787 2241 1870 B(Apoc.
2269 1805 2337 1856 ll,
2371 1788 2449 1859 5).
2484 1789 2550 1843 Et
2596 1792 2838 1845 iterum:
2888 1789 3019 1847 Cum
3073 1808 3349 1849 conversus
3397 1795 3664 1867 ingemue-

347 1888 404 1936 et
432 1878 704 1949 deprecor
733 1896 747 1935 :
779 1895 848 1935 ne
869 1880 1074 1951 pudeat
1102 1880 1155 1935 in
1182 1880 1289 1935 hoc
1318 1894 1522 1950 opere;
1553 1894 1621 1934 ne
1643 1879 1826 1950 pigeat
1854 1893 1954 1948 op-

348 1982 586 2045 portuna
617 1988 781 2045 quam
833 1975 1069 2044 primum
1119 1974 1360 2030 remedia
1411 1974 1607 2031 salutis
1656 1974 1949 2038 invadere,

349 2066 590 2137 dejicere
633 2066 963 2125 maeroribus
992 2067 1267 2134 animum,
1314 2082 1476 2123 sacco
1520 2081 1728 2136 corpus
1777 2067 1952 2121 invol-

349 2175 500 2227 vere,
532 2162 719 2217 cinere
763 2161 1116 2232 perfundere,
1144 2161 1410 2217 macerari
1453 2161 1687 2231 jejunio,
1715 2175 1953 2217 maerore

348 2254 653 2322 conficere,
685 2254 982 2310 multorum
1020 2254 1275 2324 precibus
1304 2253 1573 2323 adjuvari.
1607 2253 1662 2307 In
1686 2263 1949 2323 quantum

351 2363 527 2420 paena:
590 2358 791 2404 vestrae
840 2364 947 2403 non
1002 2349 1358 2420 pepercistis,
1426 2348 1481 2402 in
1539 2358 1745 2403 tantum
1797 2350 1953 2405 vobis

351 2440 495 2496 Deus
530 2448 736 2509 parcet.
771 2437 868 2493 Est
898 2440 1032 2494 enim
1069 2440 1206 2494 mitis
1235 2448 1282 2493 et
1310 2440 1547 2509 patiens,
1578 2448 1627 2494 et
1652 2442 1833 2494 multis
1854 2440 1956 2494 mi-

353 2532 648 2598 serationis,
697 2540 724 2567 η
751 2533 798 2585 et
824 2532 911 2601 qui
958 2532 1263 2587 sententiam
1292 2532 1468 2601 ﬂectat
1509 2531 1755 2585 adversus
1794 2532 1951 2585 mali-

356 2622 453 2676 tias
478 2622 763 2693 irrogatam
792 2619 954 2694 (Joel.
985 2636 1021 2676 ll
1043 2661 1058 2688 ,
1100 2621 1188 2687 1'5,
1235 2638 1337 2676 sec.
1368 2620 1516 2692 Lxx).
1542 2622 1699 2690 {Ecce
1727 2624 1953 2692 promit-

352 2722 433 2781 to,
470 2714 735 2784 polliceor
759 2756 775 2782 ,
815 2715 861 2770 si
910 2715 979 2771 ad
1009 2715 1225 2770 Patrem
1264 2724 1510 2771 vestrum
1543 2730 1668 2771 vera
1710 2717 1957 2772 satisfac-

354 2809 503 2864 tione
534 2808 797 2877 redeatis,
832 2809 969 2864 nihil
1000 2808 1232 2864 ulterius
1258 2808 1516 2876 errando,
1550 2808 1683 2863 nihil
1716 2809 1959 2878 pristinis

356 2900 663 2973 adiiciendo
690 2902 959 2973 peccatis,
988 2901 1221 2958 dicendo
1248 2902 1411 2958 etiam
1444 2900 1650 2957 humile
1679 2901 1882 2973 aliquid
1906 2909 1962 2958 et

429 3052 458 3081 α
497 3043 565 3096 Et
589 3044 677 3112 qui
704 3044 1006 3098 sententiam
1030 3045 1222 3111 ﬂectat,
1254 3052 1362 3099 etc.
1397 3044 1472 3099 De
1501 3044 1606 3099 hoc
1640 3043 1809 3100 Joelis
1832 3044 1957 3100 loco

353 3114 511 3187 juxta
538 3113 695 3187 LXX)
709 3115 907 3179 relato,
937 3114 1141 3187 videsis
1166 3130 1304 3187 quae
1344 3116 1599 3185 snperius
1628 3115 1959 3172 observaba-

360 3185 481 3243 mus
517 3186 585 3241 ad
612 3185 779 3255 epist.
815 3187 868 3254 1,
899 3202 1051 3242 num.
1083 3186 1138 3241 5.
1165 3185 1242 3241 In.

2054 1882 2150 1951 ris,
2182 1892 2303 1937 tunc
2329 1883 2634 1950 satvaberis,
2665 1894 2713 1938 et
2749 1886 2883 1939 scies
2916 1886 3002 1941 ubi
3039 1888 3199 1958 fueris
3225 1886 3361 1959 (Isa.
3388 1906 3517 1955 xxx,
3566 1892 3655 1958 15,

2056 1992 2160 2029 sec.
2195 1976 2344 2046 Lxx).
2377 1977 2487 2032 Nec
2517 1977 2801 2047 quisquam
2841 1978 2979 2033 adeo
3011 1981 3331 2049 peccatricis
3355 1982 3550 2037 anima:
3576 1984 3662 2038 vi-

2058 2070 2208 2125 litate
2246 2070 2523 2139 desperet,
2555 2080 2615 2124 ut
2637 2085 2697 2125 se
2721 2070 2833 2140 jam
2866 2086 2974 2126 non
2998 2073 3371 2129 necessarium
3400 2073 3513 2131 Deo
3542 2089 3663 2132 cre-

2034 2160 2169 2224 ,dat.
2202 2160 2479 2217 Neminem
2510 2170 2756 2217 nostrum
2780 2162 2958 2231 perire
2995 2164 3116 2219 vult
3152 2163 3417 2221 Dominus
3450 2183 3465 2220 :
3495 2167 3661 2222 etiam

2056 2252 2253 2306 modici
2302 2261 2359 2308 et
2402 2254 2611 2308 minimi
2642 2252 3015 2325 requiruntur.
3048 2254 3106 2312 Si
3152 2271 3259 2312 non
3302 2258 3547 2326 creditis,
3581 2259 3665 2314 in-

2056 2346 2323 2399 tuemini:
2368 2360 2497 2402 ecce
2542 2348 2595 2401 in
2623 2349 2906 2418 evangelio
2947 2348 3207 2405 drachma
3247 2352 3576 2421 requiritur,
3607 2362 3663 2409 et

2055 2436 2248 2492 vicinis
2278 2437 2495 2493 inventa
2545 2448 2898 2495 monstratur.
2939 2440 3194 2509 Ovicula,
3230 2444 3528 2514 suppositis
3566 2461 3657 2500 re-

2056 2530 2319 2601 portanda
2347 2532 2678 2597 cervicibus,
2712 2548 2819 2588 non
2850 2542 2938 2590 est
2961 2548 3197 2590 onerosa
3226 2538 3451 2604 pastori.
3484 2536 3663 2607 Super

2055 2639 2222 2679 unum
2278 2632 2619 2694 peccatorem
2679 2627 3057 2694 pmnitentiam
3111 2635 3361 2697 agentem
3402 2628 3459 2683 in
3510 2628 3664 2685 cmlis

2054 2715 2250 2786 Angeli
2270 2716 2528 2784 gaudent,
2558 2725 2613 2771 et
2637 2717 2838 2772 chorus
2867 2718 3111 2774 caelestis
3147 2719 3404 2774 exsultat.
3436 2720 3582 2778 Heus
3604 2730 3665 2779 tu

2058 2819 2333 2881 peccator,
2355 2824 2546 2879 rogare
2576 2825 2645 2866 ne
2671 2810 2889 2866 desinas
2928 2828 2941 2865 :
2971 2811 3124 2868 vides
3146 2812 3239 2869 ubi
3266 2813 3334 2870 de
3363 2821 3457 2871 tuo
3480 2816 3664 2873 reditu

2063 2902 2379 2972 gaudeatur.
2456 2902 2650 2959 Amen.

2171 3042 2373 3122 b§tola
2422 3046 2607 3122 vestiti.
2664 3046 2743 3122 Ex
2776 3052 3051 3122 contextu
3114 3050 3404 3122 legendum
3452 3051 3666 3111 videtur

2067 3130 2189 3172 cum
2215 3116 2379 3187 Tilio,
2405 3119 2539 3172 stola
2569 3119 2765 3174 vestiet.
2818 3120 2894 3177 lo.

1122 3343 3654 3371 *Ἢ*

1249 3521 1922 3638 SANGTI
1998 3526 2788 3644 PACIANI

923 3729 1620 3879 SERMO
1699 3734 1971 3883 DE
2032 3735 3108 3893 BAPTISMO.

441 4161 484 4217 Ι.
511 4160 741 4232 Aperire
781 4159 1035 4217 desidero
1083 4159 1324 4230 qualiter
1374 4160 1428 4215 in
1467 4160 1743 4232 baptismo
1782 4174 1976 4216 nasca-

372 4270 514 4321 mur,
556 4264 614 4311 et
638 4253 877 4324 qualiter
905 4254 1249 4309 innovemur.
1279 4250 1479 4307 Verbis
1525 4267 1658 4307 sane
1689 4254 1858 4322 ipsius
1890 4254 1974 4307 ιο.

374 4363 531 4419 quar,
562 4347 779 4414 fratres,
812 4362 881 4404 ne
909 4346 1053 4404 forte
1074 4361 1162 4403 me
1192 4346 1262 4403 ob
1286 4346 1523 4402 nitorem
1548 4347 1973 4412 sententiarum,

375 4444 522 4515 stylo
547 4443 854 4499 exsultasse
880 4442 1142 4509 credatis;
1161 4449 1288 4498 etut
1316 4455 1433 4496 rem
1458 4439 1747 4512 mysticam
1773 4438 1976 4493 intelli-

373 4550 504 4606 gere
531 4535 760 4606 possitis
789 4552 804 4589 :
836 4545 1005 4607 atque
1040 4535 1249 4591 utinam
1284 4534 1562 4590 inculcare
1594 4532 1823 4604 possim,
1850 4530 1972 4601 glo-

375 4628 514 4684 riam
552 4642 664 4685 non
690 4628 942 4700 requiro;
988 4627 1087 4683 Dei
1113 4626 1259 4683 enim
1287 4626 1459 4683 solius
1491 4625 1663 4698 gloria
1703 4633 1807 4680 est.
1840 4621 1975 4678 Ves-

377 4725 447 4780 tri
500 4739 586 4782 me
619 4733 827 4781 tantum
876 4739 1007 4780 cura
1037 4722 1333 4791 sollicitat,
1389 4729 1446 4777 et
1491 4721 1686 4777 horum
1738 4718 1977 4776 maxime

377 4816 831 4887 competentium,
864 4815 910 4871 si
940 4830 1049 4886 quo
1085 4814 1248 4870 modo
1277 4816 1480 4885 possim
1525 4812 1832 4882 intelligere
1861 4822 1980 4866 tan-

378 4918 452 4965 ta;
491 4907 779 4965 felicitatis
819 4922 1069 4965 examen.
1116 4906 1377 4977 Aperiam
1421 4905 1592 4977 igitur
1639 4905 1771 4976 quid
1819 4902 1987 4959 fuerit

378 5008 507 5056 ante
548 5000 850 5072 gentilitas,
883 4998 1019 5071 quid
1064 4997 1200 5055 ﬁdes
1230 5006 1475 5069 prmstet,
1507 4995 1637 5068 quid
1680 4994 1985 5066 baptismus

378 5092 681 5164 indulgeat.
713 5093 869 5162 Quod
900 5094 947 5148 si
977 5092 1073 5159 ita,
1109 5102 1169 5146 ut
1214 5107 1317 5162 ego
1343 5090 1545 5157 sentio,
1586 5098 1764 5145 vestra
1810 5088 1977 5144 corda

380 5188 775 5257 penetraverit,
799 5187 1144 5258 judicabitis,
1175 5185 1398 5253 fratres,
1430 5184 1634 5241 nullam
1681 5182 1841 5239 nobis
1880 5182 1978 5238 ad-

383 5279 491 5336 huc
514 5280 961 5352 prazdicationem
993 5279 1226 5351 amplius
1256 5279 1600 5351 praestitisse.
1628 5277 1876 5348 Accipite
1898 5291 1985 5332 cr-

383 5388 475 5445 go,
506 5374 837 5441 dulcissimi,
867 5374 1031 5430 homo
1052 5384 1181 5429 ante
1206 5372 1540 5442 baptismum
1580 5372 1633 5427 in
1674 5385 1780 5442 qua
1807 5376 1987 5427 morte

384 5465 460 5520 sit
485 5466 721 5535 positus.
748 5466 912 5522 Scitis
941 5473 1094 5521 certe
1135 5464 1270 5520 illud
1296 5464 1606 5533 antiquum,
1637 5462 1783 5532 quod
1812 5460 1983 5516 Adam

387 5569 626 5615 terrenae
655 5558 851 5630 origini
885 5568 912 5597 α
946 5560 1283 5630 praestitutus
1312 5558 1423 5613 sit:
1457 5571 1579 5627 quae
1604 5556 1790 5626 utique
1831 5554 1989 5611 dam-

390 5652 559 5719 natio,
588 5653 766 5724 legem
806 5653 887 5709 illi
914 5662 1135 5709 azterna:
1168 5652 1364 5709 mortis
1398 5650 1686 5721 imposuit;
1718 5656 1774 5706 et
1808 5649 1991 5706 omni-

466 5779 491 5807 ι
531 5768 888 5827 Prwstitutus.
924 5769 1211 5828 Restitutus
1235 5770 1369 5843 legit
1392 5768 1661 5827 Latinius.

2076 4162 2178 4220 bus
2205 4163 2274 4220 ab
2295 4181 2363 4221 eo
2389 4166 2626 4236 posteris
2650 4183 2788 4240 quos
2812 4168 2902 4226 lex
2922 4186 3029 4227 una
3060 4172 3357 4242 retinebat,
3388 4176 3506 4232 haec
3530 4191 3682 4234 mors

2076 4254 2133 4308 in
2177 4270 2351 4325 genus
2378 4272 2545 4314 ontne
2586 4259 2869 4317 dominata
2920 4272 3024 4329 est,
3075 4264 3141 4319 ab
3187 4265 3357 4320 Adam
3404 4283 3565 4339 usque
3613 4268 3684 4323 ad

2078 4346 2297 4416 Moysen
2323 4350 2501 4419 (Rom.
2535 4367 2590 4417 v,
2632 4353 2748 4424 M).
2781 4354 2885 4410 Per
2933 4355 3157 4427 Moysen
3193 4373 3350 4425 vero,
3391 4374 3534 4415 unus
3563 4369 3683 4415 tan-

2079 4446 2191 4493 tum
2221 4442 2455 4510 populus
2495 4443 2705 4500 electus
2732 4453 2839 4512 est,
2870 4462 3060 4503 semen
3097 4449 3307 4505 scilicet
3333 4451 3601 4520 Abrahae,
3633 4455 3686 4510 si

2079 4531 2331 4585 mandata
2349 4532 2580 4601 justitia:
2606 4549 2831 4594 servare
2863 4540 3154 4608 potuisset.
3189 4541 3407 4599 Interea
3437 4558 3537 4600 nos
3562 4561 3682 4602 om-

2077 4638 2175 4679 nes
2201 4626 2304 4680 sub
2331 4636 2550 4695 peccato
2574 4630 2921 4702 tenebamur,
2949 4643 3005 4689 ut
3034 4633 3245 4692 fructus
3263 4652 3512 4695 essemus
3540 4655 3687 4698 mor-

2081 4717 2149 4771 tis
2176 4735 2189 4771 :
2214 4718 2535 4789 siliquarum
2568 4722 2709 4779 escis
2729 4732 2786 4779 et
2814 4739 3075 4795 pecorum
3103 4728 3370 4785 custodiae
3399 4731 3679 4802 destinati,

2078 4809 2135 4865 id
2160 4820 2264 4878 est,
2300 4812 2562 4883 operibus
2587 4815 2905 4887 immundis,
2940 4834 3044 4891 per
3071 4821 3247 4878 malos
3269 4824 3527 4895 angelos;
3559 4826 3685 4896 qui-

2084 4902 2185 4959 bus
2214 4903 2645 4977 dominantibus,
2675 4924 2780 4967 nec
2817 4910 2998 4969 facere
3024 4911 3179 4970 licuit
3215 4930 3317 4972 nec
3345 4916 3490 4972 scire
3517 4917 3685 4985 justi-

2086 4995 2218 5050 tiam
2250 5013 2264 5050 :
2308 5012 2505 5068 parere
2536 5002 2682 5057 enim
2716 5002 2913 5060 talibus
2938 5004 3199 5073 dominis,
3245 5021 3333 5064 res
3363 5006 3485 5079 ipsa
3524 5021 3689 5078 coge-

2085 5089 2198 5145 bat.
2226 5091 2309 5148 Ab
2336 5092 2424 5177 liis
2456 5096 2813 5165 potestatibus
2848 5107 2904 5156 et
2936 5100 3007 5157 ab
3057 5099 3162 5157 hac
3215 5110 3394 5157 morte
3449 5101 3689 5173 qualiter

2086 5181 2304 5238 liberati
2331 5185 2526 5257 simus,
2563 5190 2845 5248 attendite.

2156 5277 2220 5333 ll.
2262 5279 2434 5337 Adam
2465 5292 2751 5356 postquam
2799 5288 3067 5358 peccavit,
3121 5299 3181 5345 ut
3228 5291 3413 5357 retuli,
3467 5291 3689 5350 dicente

2088 5380 2216 5428 tunc
2246 5373 2509 5443 Domino,
2544 5376 2711 5434 Terra
2739 5372 2813 5447 es,
2838 5381 2965 5436 etin
3008 5390 3198 5436 terram
3250 5383 3349 5439 ibis
3398 5382 3554 5455 (Gen.
3592 5400 3687 5451 tu,

2090 5464 2218 5539 l9);
2249 5467 2494 5526 addictus
2522 5481 2605 5527 est
2626 5471 2810 5528 morti.
2834 5472 2965 5529 Haec
2988 5473 3225 5530 addictio
3249 5477 3303 5531 in
3325 5491 3497 5548 genus
3527 5492 3690 5534 omne

2088 5555 2330 5614 deﬂuxit.
2362 5559 2565 5617 Omnes
2593 5564 2736 5618 enim
2764 5577 3168 5635 peccaverunt,
3208 5567 3323 5638 ipsa
3351 5568 3462 5640 jam
3494 5585 3693 5642 urgen-

2088 5658 2143 5707 te
2171 5660 2381 5721 natura,
2410 5651 2548 5711 sicut
2575 5655 2873 5727 Apostolus
2901 5656 3033 5715 dicit
3061 5677 3075 5716 :
3122 5659 3260 5728 Quia
3286 5676 3378 5735 per
3408 5678 3567 5718 unum
3593 5662 3693 5719 ho-
