4094 6190
545 228 685 288 1095
1774 224 1841 291 ρ.
1879 223 2121 282 JULlUS

2247 221 2597 282 LANANUS.
3694 221 3824 280 1096

545 346 690 403 enim
713 342 927 400 libellos
953 339 1171 411 scripsit
1198 338 1288 395 hic
1313 346 1525 405 auctor,
1558 338 1611 392 in
1644 353 1875 409 quorum
1909 347 2143 410 utroque
2169 339 2645 403 Asolertissimus
2666 336 2867 402 cultor,
2900 334 2993 408 qui
3037 347 3218 405 neque
3248 347 3507 406 umquam
3530 333 3659 391 mihi
3684 339 3827 407 agni-

544 436 804 507 temporis
826 433 1157 488 notationem
1185 446 1295 503 quo
1324 430 1450 488 illos
1471 431 1737 495 exaravit,
1766 432 2140 502 consignatam
2244 439 2329 484 tus
2358 445 2535 500 neque
2563 445 2593 484 a
2619 443 2707 484 me
2729 426 2967 499 proinde
2992 436 3242 498 rogatus,
3267 427 3507 496 ipsemet
3523 438 3617 481 sua
3643 437 3829 497 sponte

544 529 783 600 reliquit.
837 529 901 583 Et
931 528 1169 599 priorem
1215 526 1437 598 quidem
1485 524 1797 595 inscripsit:
1830 524 2142 595 Expositum
2244 537 2409 577 unum
2441 521 2580 578 adeo
2623 528 2903 592 exoptata:
2932 519 3194 576 editionis
3236 519 3555 591 exemplar,
3598 530 3651 575 et
3697 520 3830 577 dono

544 624 609 679 de
646 624 731 678 die
758 621 962 693 pascha:
987 633 1036 677 et
1074 620 1295 688 mensis,
1349 621 1402 675 in
1432 619 1587 689 cujus
1615 619 1724 674 ﬁne
1770 617 1887 674 haec
1930 618 2093 675 habet
2127 636 2140 671 :

548 736 568 769 ι
597 715 1105 774 Consummavimus
1151 716 1255 771 hoc
1283 712 1610 771 laboriosum
1653 728 1790 783 opus
1817 714 1871 768 in
1911 712 2001 769 die
2038 712 2142 769 isto

542 825 911 891 trunonarum
953 808 1265 864 Martiarum
1311 817 1438 878 post
1468 806 1813 862 consulatum
1845 804 2061 861 Arcadii
2089 821 2141 860 tv

544 912 599 961 et
628 903 851 959 Honorii
888 918 968 958 ιιι.
999 902 1343 972 Quapropter
1372 899 1735 957 admonemus
1756 913 1852 954 eos
1879 897 1971 967 qui
2015 908 2143 951 ante

540 1008 569 1047 a
604 994 760 1051 nobis
811 1008 922 1049 non
951 992 1239 1049 emendata
1263 992 1378 1047 haec
1402 991 1605 1060 scripta
1637 990 1885 1058 accipere
1920 988 2144 1044 festina-

540 1094 755 1154 verunt,
776 1094 833 1140 ut
853 1083 1151 1141 secundum
1179 1084 1343 1138 istum
1363 1081 1608 1137 ordinem
1633 1079 1979 1135 emendatum
2007 1091 2143 1148 opus

540 1179 745 1235 habere
768 1184 1037 1233 conentur
1061 1194 1075 1243 ;
1103 1176 1333 1247 ideoque
1362 1182 1418 1229 et
1443 1174 1587 1229 diem
1608 1182 1664 1227 et
1688 1172 1961 1239 consules,
1996 1170 2142 1242 quod

542 1285 651 1325 non
681 1270 961 1340 posuimus
1011 1268 1210 1339 primo,
1254 1281 1397 1322 nunc
1428 1266 1555 1320 huic
1592 1263 1794 1320 rationi
1842 1262 2139 1329 inﬁximus,

543 1373 603 1418 ut
629 1363 826 1419 exhinc
852 1364 988 1419 sciat
1007 1363 1132 1432 quis
1145 1360 1495 1418 emendatum
1519 1358 1622 1413 hoc
1647 1372 1769 1413 esse
1795 1372 1952 1427 opus.
1976 1355 2145 1424 Quin-

545 1466 632 1512 tus
651 1455 826 1512 Julius
848 1454 1158 1510 Hilarianus
1189 1452 1479 1523 explicuit,
1505 1450 1821 1507 emendavit
1846 1449 1935 1505 die
1961 1464 2018 1503 ιιι
2047 1462 2145 1502 no-

544 1563 738 1605 narum
780 1548 1130 1613 Martiarum,
1159 1546 1403 1601 Caesario
1434 1554 1490 1599 et
1536 1544 1715 1598 Attico
1746 1541 2079 1597 consulibus.
2118 1559 2135 1592 ι

544 1641 721 1713 Hujus
765 1640 1012 1709 opusculi
1042 1638 1291 1694 meminit
1340 1637 1482 1692 idem
1532 1635 1839 1690 Hilarianus
1870 1636 1924 1689 in
1962 1641 2143 1703 poste-

2241 615 2463 688 quidem
2494 616 2683 672 datum
2709 657 2726 683 ,
2773 614 2843 670 ad
2876 630 2966 671 me
3006 613 3400 687 perferendum
3430 615 3684 670 curavit:
3732 631 3832 686 quo

2242 724 2374 765 sane
2403 710 2669 779 praeclaro
2707 724 2935 766 munere
2967 718 3115 764 tanta
3157 724 3281 766 cum
3323 710 3581 765 comitate
3610 717 3798 765 auctus
3818 751 3832 773 ,

2244 803 2462 874 iniquus
2493 802 2597 858 sim
2623 803 2931 871 enimvero,
2990 802 3095 858 nisi
3138 802 3526 872 memetipsum
3561 802 3836 857 humanis-

2242 896 2381 950 simo
2419 896 2539 951 viro
2582 911 2742 966 quam
2789 895 3025 952 maxime
3056 895 3383 951 obstrictum
3434 894 3692 965 proﬁtear
3717 936 3732 961 ,
3772 898 3836 950 εἰ·

2243 985 2464 1056 mulque
2513 987 2717 1057 gratias
2739 997 2795 1042 et
2840 1002 2995 1057 agam
3055 998 3110 1042 et
3151 986 3381 1043 habeam
3435 986 3705 1057 plurimas
3749 1005 3839 1058 pro

2242 1078 2507 1148 ejusmodi
2531 1079 2915 1147 beneﬁcentia,
2942 1096 3047 1152 qua
3076 1080 3355 1137 liberalior
3385 1095 3453 1137 ne
3476 1090 3608 1136 voto
3630 1080 3836 1151 quidem

2245 1172 2371 1241 ﬁngi
2406 1173 2581 1241 possit
2609 1190 2624 1229 :
2658 1188 2953 1243 numquam
2985 1174 3133 1229 enim
3163 1187 3271 1230 non
3301 1184 3544 1246 satagam
3570 1216 3586 1240 ,
3621 1184 3682 1229 ut
3717 1175 3838 1231 alibi

2246 1272 2503 1319 teStatum
2534 1281 2621 1320 me
2640 1264 2815 1320 fuisse
2838 1266 3088 1333 memini,
3120 1282 3189 1322 ne
3216 1267 3292 1321 sit
3323 1268 3414 1337 qui
3441 1266 3762 1322 beneﬁcium
3791 1268 3837 1322 in

2246 1354 2624 1412 immemorem
2682 1357 2845 1426 plane
2875 1358 3133 1413 collatum
3176 1356 3345 1413 fuisse
3380 1358 3503 1427 jure
3546 1373 3839 1428 conquera-

2246 1455 2354 1503 tur.
2396 1451 2466 1503 At
2513 1464 2645 1504 vero
2691 1464 2855 1520 quum
2907 1450 3232 1520 praedictum
3271 1451 3553 1522 exemplar
3602 1452 3840 1522 proxime

2247 1549 2456 1596 tantum
2487 1542 2677 1613 elapso
2708 1543 3019 1612 Septembri
3055 1543 3280 1599 missum
3314 1544 3382 1599 ad
3428 1560 3631 1599 manus
3661 1560 3839 1614 perve-

2246 1633 2410 1699 nerit,
2447 1643 2733 1703 postquam
2776 1635 2989 1690 scilicet
3020 1636 3296 1705 posterius
3324 1636 3587 1691 Hilariani
3621 1651 3837 1706 cpuscu-

548 1733 699 1791 riore
739 1732 928 1788 libello
958 1732 1021 1785 de
1050 1731 1229 1785 mundi
1265 1729 1574 1784 Duratione.
1628 1726 1719 1784 Sic
1761 1728 1905 1782 enim
1957 1726 2028 1781 ibi
2064 1734 2089 1761 ο
2126 1740 2140 1779 :
2174 1725 2223 1785 B
2252 1720 2359 1779 lum
2393 1725 2457 1779 de
2480 1725 2772 1781 Duratione
2807 1729 2991 1781 mundi
3029 1727 3175 1798 quod
3203 1729 3364 1783 nobis
3406 1745 3573 1784 unum
3626 1738 3753 1785 tunc
3792 1731 3836 1787 in

551 1844 571 1879 α
609 1824 742 1881 Nam
766 1833 827 1879 ut
856 1824 959 1895 ipsi
986 1824 1163 1890 scitis,
1194 1821 1319 1876 olim
1347 1822 1411 1877 de
1430 1821 1629 1876 ratione
1657 1819 1862 1892 pascha!
1888 1831 2144 1874 numero-

541 1933 649 1989 que
665 1932 930 1974 annorum
954 1915 1142 1972 mundi
1169 1914 1516 1970 hortantibus
1535 1914 1689 1969 vobis
1718 1913 1922 1982 scripta
1946 1909 2144 1966 fecisse
2178 1968 2183 1975 ,

542 2025 671 2079 me;
705 2009 802 2067 sed
827 2009 1035 2066 idcirco
1057 2008 1178 2064 silui
1212 2008 1489 2078 aliquanto
1532 2016 1799 2076 tempore,
1832 2020 1901 2060 ne
1924 2019 1954 2058 a
1983 2002 2144 2058 nobis

542 2102 806 2173 opuscula
842 2099 1211 2157 condimentis
1237 2098 1519 2168 sapientiae
1552 2098 1768 2165 alienae,
1800 2093 2145 2151 irrationabi-

538 2196 667 2251 liter
689 2195 1079 2251 conderentur.
1108 2192 1265 2250 Unde
1286 2191 1510 2263 digestis
1534 2192 1731 2246 melius
1761 2190 1948 2256 rebus,
1975 2188 2037 2242 de
2058 2187 2144 2241 die

540 2288 893 2343 sacratissimo
937 2287 1142 2359 pascha:
1184 2288 1301 2357 jam
1371 2285 1603 2339 libellum
1654 2282 2035 2355 prtvmisimus;
2088 2282 2142 2334 in

540 2394 673 2450 quo,
700 2388 755 2435 et
783 2379 875 2450 qui
915 2378 987 2433 sit
1027 2378 1231 2433 mensis
1258 2376 1492 2446 primus,
1524 2376 1773 2446 legaliter
1796 2375 2142 2430 demonstra-

540 2473 761 2538 vimus;
810 2470 1011 2526 dehinc
1042 2471 1206 2526 etiam
1230 2510 1245 2535 ,
1282 2484 1503 2525 cursum
1551 2481 1819 2521 annorum
1858 2481 1889 2520 a
1938 2465 2144 2519 fabrica

540 2564 753 2631 mundi,
786 2565 842 2620 in
873 2564 978 2619 hoc
1006 2562 1291 2633 opusCulo,
1324 2577 1425 2616 suo
1447 2575 1668 2632 quoque
1691 2559 1875 2629 (forte,
1905 2558 2143 2629 (lateque)

542 2658 736 2715 ordine
779 2656 1166 2729 supputando,
1215 2662 1489 2710 notamus.
1532 2672 1551 2705 ›
1588 2651 1714 2707 Ηωο
1758 2650 1867 2707 ille.
1906 2649 2144 2719 Tempus

538 2763 723 2811 autem
758 2769 867 2825 quo
899 2753 1259 2823 posteriorem
1301 2750 1443 2803 hunc
1488 2746 1736 2802 libellum
1783 2742 2141 2815 perscripsit’,

542 2846 737 2901 deﬁnit
762 2846 880 2915 ipse
904 2845 992 2899 his
1020 2844 1205 2899 verbis
1233 2840 1260 2880 ιι
1303 2859 1317 2895 :
1369 2838 1448 2893 De
1475 2854 1604 2895 cccc
1634 2854 1753 2893 vero
1782 2846 1830 2891 et
1856 2851 1963 2892 ωαχ
1995 2834 2145 2889 annis

542 2958 577 2994 a
602 2937 844 3008 passione
871 2935 1106 3001 Domini,
1136 2936 1191 2988 in
1217 2933 1489 2988 consulatu
1514 2932 1729 2988 Cesarii
1759 2942 1806 2985 et
1837 2930 2016 2997 Attici,
2062 2927 2145 2982 die

542 3047 599 3088 ιι
628 3030 733 3084 kal.
759 3028 932 3099 April.
959 3028 1084 3082 anni
1113 3028 1426 3081 transierunt
1454 3042 1701 3082 cccnxrx.
1745 3024 1921 3092 Quem
1965 3022 2018 3076 in
2062 3020 2145 3075 lo-

2252 1828 2514 1890 promptu
2532 1829 2673 1888 erat,
2702 1821 2830 1892 quin
2854 1830 2910 1877 et
2932 1821 3165 1878 aliorum
3195 1824 3524 1894 scriptorum
3540 1840 3655 1879 non
3685 1839 3834 1895 pauc:

2248 1928 2347 1984 pro
2388 1913 2653 1984 temporis
2694 1915 2911 1970 ratione
2954 1914 3245 1970 distributa
3275 1957 3289 1980 ,
3351 1916 3495 1988 typis
3550 1916 3835 1973 commissa

2240 2007 2353 2076 jam
2379 2006 2627 2071 fuerant;
2675 2008 2728 2062 id
2774 2009 2951 2063 solum
3001 2009 3274 2079 reliquum
3322 2008 3452 2071 luit,
3503 2018 3563 2064 ut
3615 2010 3834 2080 priorem

2245 2101 2491 2171 ejusdem
2518 2100 2779 2156 Hilariani
2809 2101 3052 2157 libellum
3070 2102 3121 2157 in
3148 2102 3521 2171 Appendicem
3551 2104 3623 2158 ad
3647 2104 3833 2160 calcem

2247 2193 2407 2262 hujus
2440 2193 2737 2248 voluminis
2766 2209 2887 2249 cum
2915 2194 3041 2249 aliis
3069 2195 3347 2251 nonnullis
3378 2196 3787 2266 conjiceremus.

2316 2286 2406 2341 Ill.
2439 2286 2633 2342 Exstat
2671 2298 2958 2356 praeterea,
2988 2297 3046 2343 ut
3072 2289 3329 2358 superius
3350 2288 3661 2355 docuimus,
3698 2289 3834 2360 ejus‘

2246 2378 2369 2435 dem
2390 2380 2632 2434 auctoris
2654 2379 2873 2435 libellus
2904 2381 3045 2436 alter
3071 2381 3135 2434 de
3162 2381 3345 2435 mundi
3364 2380 3678 2451 Duratione,
3708 2384 3830 2447 sive.

2247 2478 2308 2525 ut
2335 2470 2439 2526 fert
2463 2470 2643 2526 codex
2674 2486 2776 2526 ms.
2820 2471 3301 2542 Vindobonensis,
3350 2474 3415 2527 de
3440 2475 3611 2529 Cursu
3658 2486 3833 2546 tempo-

2247 2579 2378 2628 rum,
2407 2578 2568 2633 qucm
2605 2563 2813 2633 primus
2847 2564 3043 2621 Petrus
3070 2566 3315 2623 Pithaaus
3342 2567 3398 2622 in
3420 2568 3620 2639 vulgus
3644 2571 3828 2625 emisit.

2248 2658 2327 2713 De
2356 2672 2465 2729 quo
2491 2658 2713 2729 quidem
2742 2658 2928 2715 libello
2970 2659 3335 2731 Margarinum
3373 2662 3442 2717 de
3481 2662 3530 2717 la
3561 2663 3729 2735 Bigne
3752 2679 3832 2719 ce-

2247 2752 2453 2808 lebrem
2474 2753 2739 2809 Sorbonze
2768 2753 3079 2824 theologum
3112 2755 3185 2811 ita
3216 2756 3531 2827 loquentem
3556 2758 3743 2814 audire
3758 2758 3831 2827 ju-

2248 2845 2391 2901 verit
2448 2845 2466 2883 ί
2516 2864 2529 2899 :
2569 2865 2587 2897 ι
2626 2847 2757 2912 Diu,
2786 2846 2990 2918 inquit,
3021 2849 3361 2919 multumque
3392 2850 3673 2919 dubitavi,
3719 2866 3829 2905 nunt

2246 2938 2455 2993 auctori
2483 2937 2609 2993 huic
2640 2939 2821 2994 locum
2853 2940 2907 2993 in
2938 2938 3039 2995 hac
3082 2940 3412 2997 bibliotheca
3452 2942 3725 3014 (Patrum)
3749 2943 3831 2996 da-

2249 3045 2365 3085 rem
2395 3047 2407 3084 :
2446 3032 2680 3100 primum
2707 3031 2953 3102 quidem,
2986 3032 3131 3103 quod
3169 3034 3435 3091 obscurus
3457 3035 3640 3091 adhuc
3674 3050 3832 3107 neque

547 3137 671 3179 cum
699 3121 957 3178 observat
995 3118 1272 3177 Gerardus
1297 3119 1539 3176 Joannes
1573 3116 1799 3174 Vossius
1858 3126 1881 3154 ο
1912 3159 1928 3183 ,
1956 3130 1988 3169 a
2020 3128 2144 3184 pas-
2173 3112 2218 3176 C
2252 3123 2345 3178 ulli
2377 3124 2701 3194 scriptorum
2733 3125 3226 3182 ecclesiasticorum
3277 3128 3530 3200 catalogo
3559 3132 3827 3201 cognitus:

546 3218 703 3275 sione
729 3216 948 3272 Domini
978 3215 1045 3270 ad
1076 3228 1280 3269 annum
1310 3227 1577 3278 cccxcvn,
1619 3224 1727 3281 quo
1750 3208 2006 3265 consules
2033 3205 2148 3261 fue-

548 3321 677 3366 runt
732 3310 1008 3366 Caesarius
1065 3318 1121 3364 et
1166 3308 1421 3374 Atticus,
1480 3310 1669 3361 annos’
1705 3302 1988 3359 efﬂuxisse
2040 3316 2146 3356 non

546 3417 772 3460 CCCLXIX
802 3400 901 3457 sed
930 3415 1185 3457 cccutv.
1218 3398 1396 3468 Atque
1427 3398 1499 3452 ita
1522 3412 1658 3452 sane
1680 3394 1964 3465 scripserit
1994 3392 2148 3448 Hila-

548 3499 737 3553 rianus
768 3515 781 3551 :
815 3494 1041 3566 proclivi
1066 3494 1214 3549 enim
1257 3494 1413 3562 lapsu
1445 3505 1543 3561 pro
1570 3506 1625 3556 ν,
1656 3487 1850 3560 reponi
1887 3487 2061 3558 potuit
2090 3503 2147 3542 ς.

549 3587 693 3643 llinc
740 3601 906 3657 porro
952 3592 1207 3650 constat,
1261 3597 1371 3639 non
1411 3582 1589 3637 solum
1627 3595 1736 3652 quo
1779 3579 2009 3646 ordine,
2052 3577 2148 3634 sed

546 3686 714 3742 etiam
758 3698 866 3754 quo
910 3691 1157 3752 tempore
1184 3693 1317 3736 suos
1358 3676 1583 3734 libellos
1629 3673 1920 3746 digesserit
1959 3681 2150 3729 noster

547 3784 766 3834 auctor.

620 3871 686 3927 ll.
735 3869 856 3927 Jam
901 3882 1036 3925 vero
1087 3867 1238 3939 prius
1269 3864 1595 3938 opusculum
1640 3864 1858 3934 primus
1887 3862 1941 3917 in
1971 3860 2147 3917 lucem

546 3965 744 4022 extulit
784 3980 851 4020 ex
882 3962 1313 4019 membranaceo
1339 3959 1533 4016 codice
1568 3973 1772 4015 ncccxt.
1797 3954 2149 4014 bibliotheca:

546 4055 712 4124 regiae
733 4052 1092 4110 Taurinensis
1118 4051 1546 4121 Christophorus
1576 4048 1862 4104 Matthaeus
1884 4045 2144 4101 Pfaiﬁus:

546 4146 777 4216 ejusque
819 4146 1099 4214 specimen
1143 4153 1267 4213 post
1313 4142 1489 4196 virum
1519 4141 1792 4196 illustrem
1832 4136 2146 4207 Scipionem

546 4236 819 4295 Maﬁ‘eium
851 4232 878 4273 ἀ
912 4277 928 4304 ,
961 4233 1186 4294 edidere
1210 4233 1304 4305 qui
1342 4232 1591 4304 ejusdem
1624 4229 1974 4287 bibliothecae
1998 4228 2147 4284 Tau-

544 4331 790 4389 rinensis
820 4328 1043 4386 codices
1087 4343 1223 4385 mss.
1255 4334 1655 4384 recensuerunt
1701 4335 1756 4381 et
1799 4323 2148 4380 animadver-

545 4423 799 4482 sionibus
823 4422 1190 4487 illustrarunt,
1210 4418 1573 4477 eruditissimi
1602 4417 1705 4474 viri
1754 4427 1801 4471 θ.
1857 4416 1997 4473 lllud
2041 4417 2143 4471 ita-

2250 3215 2471 3281 deinde,
2502 3217 2644 3287 quod
2678 3216 2731 3272 in
2774 3217 3144 3276 subducendis
3188 3229 3492 3290 temporum
3539 3222 3760 3277 summis
3784 3231 3831 3277 et

2250 3308 2570 3375 rationibus,
2604 3308 2735 3365 ﬁdei
2766 3325 2872 3365 non
2900 3325 3148 3380 prorsum
3172 3311 3491 3369 indubitata:
3511 3325 3698 3371 auctor
3721 3328 3828 3371 esse

2251 3398 2540 3455 videatur:
2582 3414 2647 3455 ac
2676 3411 2978 3471 postremo,
3010 3402 3153 3474 quod
3183 3402 3427 3460 Danielis
3453 3404 3824 3473 hebdomadas,

2250 3493 2424 3562 magis
2455 3502 2515 3547 ut
2544 3491 2717 3548 Judaei
2747 3508 2907 3565 quam
2960 3502 3021 3549 ut
3048 3495 3345 3551 Christiani
3391 3497 3611 3565 volunt,
3640 3496 3825 3553 Christi

2250 3586 2491 3643 adventu
2533 3595 2590 3644 et
2629 3596 2794 3644 aetate
2823 3604 2933 3644 non
2970 3589 3200 3646 deﬁniat
3229 3593 3481 3659 omnino,
3517 3603 3565 3648 et
3610 3592 3674 3646 ad
3704 3590 3826 3646 Chi-

2252 3679 2532 3736 liastarum
2578 3681 2746 3737 etiam
2775 3681 2967 3738 deliria
2994 3672 3098 3739 sub
3134 3686 3316 3755 operis
3351 3686 3509 3741 ﬁnem
3536 3684 3830 3740 declinasse

2251 3774 2423 3844 possit
2443 3774 2634 3830 videri.
2665 3774 2772 3832 Sed
2796 3791 2959 3847 quum
2990 3791 3185 3847 magno
3212 3780 3335 3834 usui
3358 3778 3596 3835 futurum
3626 3792 3829 3850 sperem

2251 3866 2306 3921 in
2330 3865 2668 3937 designanda
2689 3867 3180 3939 constituendaque
3206 3869 3560 3943 chronologia
3584 3872 3709 3943 (qua
3732 3885 3829 3925 non

2250 3959 2399 4015 aliud
2427 3962 2671 4015 omnium
2714 3960 3067 4018 historiarum
3111 3973 3451 4020 momentum
3497 3966 3646 4021 varie
3674 3964 3831 4033 magis

2250 4052 2318 4106 ab
2356 4052 2635 4109 historicis
2682 4053 3036 4127 describitur)
3081 4054 3277 4123 fateor,
3322 4056 3455 4112 mihi
3488 4059 3676 4129 religio
3704 4057 3829 4124 fuit,

2250 4144 2574 4215 scriptorem
2611 4147 2918 4218 elegantem
2958 4148 3050 4203 vix
3098 4148 3227 4204 dum
3278 4150 3332 4205 in
3376 4150 3477 4206 bac
3520 4151 3833 4207 bibliotheca

2251 4254 2462 4311 natum,
2490 4246 2651 4317 idque
2672 4246 2869 4304 Pithoei
2896 4248 3185 4314 beneﬁcio,
3208 4257 3317 4304 tam
3340 4248 3450 4305 cito
3479 4249 3832 4320 proscribere,

2250 4338 2338 4395 vel
2369 4339 2533 4410 (quod
2567 4354 2677 4396 non
2707 4339 2905 4412 levius)
2933 4340 3084 4398 mille
3111 4343 3271 4397 annis
3305 4342 3669 4413 antiquiorem
3697 4343 3835 4397 velut

2249 4429 2319 4487 de
2354 4443 2520 4501 ponte
2548 4433 2785 4503 dejicere
2821 4449 2887 4491 ex
2937 4434 3038 4491 hac
3069 4436 3419 4495 bibliotheca.
3463 4437 3705 4495 Proinde
3732 4452 3837 4492 am-

545 4534 655 4591 que
683 4517 946 4574 Hilariani
998 4517 1322 4603 opusculum
1374 4512 1442 4568 ad
1503 4511 1710 4568 calcem
1748 4510 2031 4581 Epitomes
2058 4508 2144 4564 ln-

2252 4526 2514 4597 plectere,
2557 4543 2591 4583 o
2620 4502 2825 4597 flector,
2872 4528 2977 4585 hoc
3018 4530 3217 4588 Pithmi
3253 4531 3479 4599 donum,
3526 4532 3674 4603 quod
3720 4542 3836 4587 ante

540 4612 893 4670 stitutionum
923 4599 1255 4666 divinarun?
1285 4607 1555 4666 Lactantii
1590 4606 1867 4679 evolgavit
1894 4602 2149 4660 laudatus
2252 4635 2426 4677 annos
2457 4621 2720 4677 άυοεηιοε
2748 4621 3027 4693 elegante.-
3056 4623 3299 4695 quidem,
3328 4625 3424 4681 sed
3457 4599 3565 4680 nm}
3593 4632 3837 4682 accurate

544 4702 726 4761 editor
749 4702 979 4759 Parisiis
1005 4717 1151 4758 anno
1179 4702 1323 4757 1712
1351 4700 1659 4756 doctissimi
1696 4699 1903 4755 Nicolai
1930 4696 2148 4754 Nourrii
2251 4713 2418 4777 satis,
2456 4724 2516 4768 ιη
2535 4714 2735 4784 opinor
2758 4755 2773 4780 ν
2814 4714 3105 4787 exscripsit
3132 4715 3397 4773 Rodolfus
3444 4717 3754 4790 presbyter.
3785 4727 3838 4771 ιη

545 4811 678 4855 cura
705 4804 763 4852 et
782 4793 1053 4850 industria
1074 4808 1227 4851 usus.
1261 4793 1443 4864 Atque
1462 4792 1604 4848 hanc
1638 4791 1815 4849 Plafﬁi
1844 4790 2145 4848 editionem
2249 4812 2481 4860 ιεειειω-
2533 4804 2702 4861 fronti
2753 4807 2960 4864 codicis
3011 4808 3350 4879 adscriptum
3400 4809 3505 4866 hoc
3559 4811 3835 4882 elogium;

544 4905 615 4948 ex
659 4903 768 4961 qua
803 4886 1225 4945 describendum
1266 4892 1386 4942 erat
1437 4884 1721 4956 praefatum
1768 4884 2093 4955 opusculum
2127 4925 2142 4951 ,

2253 4895 2405 4953 Hunc
2432 4898 2619 4953 librum
2650 4900 2911 4972 Rodolfus
2950 4901 3182 4957 lucratus
3221 4912 3298 4958 est
3322 4902 3383 4960 S.
3409 4902 3681 4976 Bonifacio
3713 4922 3838 4960 mtuo

542 4981 797 5056 quamvis
822 4980 916 5037 diu
956 4992 1287 5049 summoque
1315 4978 1501 5034 studio
1536 4978 1821 5047 quaesitam
1846 5019 1861 5045 ,
1893 4978 2144 5049 nuspiam

2249 4991 2460 5048 Domini
2476 5009 2704 5051 ucccax.
2726 4995 2969 5053 Pithoeus
2984 5012 3116 5053 vero
3139 4998 3386 5069 pluribus
3418 4999 3557 5055 locis
3579 5015 3840 5071 recogno-

542 5084 727 5134 tamen
755 5074 997 5132 nancisci
1023 5072 1213 5129 licuit:
1253 5071 1479 5144 jamque
1504 5071 1573 5129 de
1599 5087 1663 5128 ea
1694 5072 1825 5129 mihi
1852 5074 2144 5145 aliquando

2247 5088 2321 5143 vit
2349 5106 2363 5142 :
2394 5097 2453 5144 ut
2484 5090 2712 5160 proinde
2742 5106 2850 5146 non
2893 5108 3001 5150 uno
3030 5101 3266 5162 tantum,
3296 5094 3393 5149 sed
3423 5094 3601 5151 altero
3623 5096 3839 5149 nomine

541 5168 877 5242 acquirenda
894 5182 1049 5240 spem
1080 5180 1298 5223 omnem
1325 5179 1463 5236 pene
1493 5165 1840 5236 abjeceram;
1868 5182 1993 5222 cum
2014 5182 2141 5223 ecce

2247 5181 2435 5248 etiam,
2476 5183 2622 5253 quod
2653 5185 2719 5253 Q.
2752 5183 2958 5242 Julium
2989 5185 3353 5255 Hilarionem,
3384 5187 3712 5258 scriptorem
3741 5202 3837 5242 an-

540 5263 644 5321 tibi
695 5258 899 5336 praesto
948 5263 1053 5319 fuit
1082 5260 1150 5318 V.
1192 5260 1256 5317 C.
1308 5258 1576 5317 Josspnos
1624 5260 1947 5331 Venuazu,
1988 5262 2141 5318 Albae

2247 5274 2453 5343 tiquum
2498 5291 2732 5347 eumque
2772 5280 3101 5350 castigatum
3128 5289 3184 5336 et
3223 5289 3476 5337 ornatum
3509 5280 3606 5337 tibi
3637 5280 3835 5345 donat,

542 5356 819 5429 Pompeite
843 5356 980 5413 civis
1008 5355 1396 5411 ornatissimus
1424 5354 1799 5425 bonarumque
1829 5354 2139 5412 litterarum
2239 5364 2456 5426 Ρίιιιωο
2497 5370 2573 5426 δίε
2618 5370 2929 5430 devinctus.
2967 5393 2987 5427 ,
3022 5373 3154 5431 Ηωο
3194 5374 3313 5432 me.
3342 5374 3501 5445 Quod
3549 5382 3835 5446 superest,

544 5470 761 5642 iugali.
807 5512 916 5571 Jul.
969 5513 1232 5570 llilarian.
1279 5512 1351 5571 de
1391 5512 1577 5569 Mund.
1612 5512 1794 5570 durat.
1845 5516 1874 5589 §
1915 5518 1966 5573 1.
2019 5517 2137 5575 Vid.

623 5653 652 5693 ι»
681 5655 749 5729 g.
781 5655 1093 5729 tutntur.
1123 5656 1255 5729 ibid.
1300 5656 1328 5729 ε
1354 5657 1444 5713 17.
1474 5657 1598 5714 vm.
1633 5658 1796 5716 infra.

631 5732 652 5760 ε
682 5726 848 5782 Voss.
888 5727 958 5784 de
986 5726 1128 5784 llist.
1153 5727 1275 5784 Lat.
1304 5726 1403 5785 lib.
1436 5744 1497 5801 ιι,
1526 5743 1579 5787 c.
1608 5730 1699 5800 12,
1725 5747 1778 5804 p.
1800 5733 1927 5791 215.

2320 5521 2346 5562 ά
2376 5527 2751 5605 Malliﬂpusc.
2775 5531 2913 5605 eccl.
2946 5536 3152 5605 pag.775.

2328 5607 2351 5682 ξ
2377 5598 2709 5682 {Eadm-mss.
2738 5602 2871 5682 bibl:
2905 5598 3215 5682 régf'l:a_ur.
3244 5615 3475 5682 part._n,
3499 5622 3566 5682 _p.
3589 5605 3719 5682 S73.

2328 5666 2348 5705 ί
2380 5670 2518 5729 Bibl.
2558 5671 2661 5727 PP.
2696 5682 2736 5728 t.
2776 5673 2890 5744 vn,
2920 5666 3040 5747 pa'g.
3066 5675 3195 5746 258,
3229 5666 3751 5735 édit.Pa'ri's.16u.
