4094 6190
335 252 472 312 1097

1371 255 1462 311 DE
1500 254 1724 316 MUNDI
1764 253 2169 317 DURATIONE
2210 251 2570 311 LIBELLUS.

3503 252 3639 311 1098

328 368 416 424 illa
450 381 589 435 pene
609 366 948 435 exciderant,
973 383 1093 441 quae
1117 368 1185 426 de
1224 378 1451 427 auctore
1495 384 1685 430 nostro
1738 376 1939 431 litteris
1966 377 2017 436 Α
2044 374 2290 439 opusculi
2326 371 2602 427 Paschalis
2630 367 2809 424 adhuc
2837 367 3052 432 inediti,
3094 380 3255 437 quem
3285 366 3418 422 mihi
3458 382 3523 423 ex
3556 368 3642 422 bi-

328 461 556 515 tradidit
582 461 654 514 cl.
689 462 949 526 Mansius,
980 478 1083 531 qua
1105 478 1213 532 que
1254 463 1340 518 hic
1370 463 1688 522 describere
1721 468 1852 522 libet
1874 477 1897 503 ο·
1926 486 1937 520 :

336 571 354 604 ι
389 552 470 608 Ad
514 552 658 607 hunc
686 553 750 620 Q.
779 553 981 610 Jouol
1016 555 1393 617 Iltttntsnuu,
1426 557 1604 627 inquit
1627 599 1641 619 .
1675 560 1942 629 scriptum

329 648 498 704 credo
557 650 881 718 opusculum
944 650 1009 703 de
1068 652 1269 704 ratione
1332 648 1647 713 Paschalis,
1717 663 1945 708 auctore

332 742 596 811 Agriustia
640 742 747 795 cive
798 742 1071 813 municipii
1128 741 1501 797 Timidcnsium
1552 744 1833 816 Regiorum
1886 745 1940 800 in

332 832 612 905 provincia
645 835 1018 902 proconsulari
1062 834 1280 890 Africae.
1325 834 1746 891 Lucubrationis
1778 836 1941 905 hujus

333 927 652 982 etauctoris
697 927 947 983 meminit
991 928 1397 983 vetustissimus
1428 929 1649 999 quidam
1701 931 1941 1001 scriptor

2047 466 2318 521 bliOthcca
2364 463 2764 518 Canonicorum
2815 461 3038 530 majoris
3084 461 3331 515 ecclesite
3380 459 3644 516 Lucensis

2050 560 2339 629 descripsi,
2370 574 2469 613 suo
2498 568 2748 629 tempore
2787 555 3170 627 evulgandum.
3197 555 3330 609 Vide
3359 571 3643 611 commen-

2049 653 2301 705 tariolum
2368 666 2546 705 meum
2598 652 2660 703 de
2712 650 2889 703 codice
2950 659 3179 719 tempore
3228 644 3405 701 Caroli
3460 647 3645 721 Magni

2045 742 2299 812 scripto§
2348 742 2444 808 15,
2489 741 2542 796 in
2587 750 2720 796 tom.
2773 738 2913 796 XLV
2961 739 3351 811 apusculorum
3390 740 3453 794 P.
3485 739 3646 797 Calo-

2043 850 2212 905 gtera.
2230 852 2275 888 ο»

404 1072 430 1100 ⁸
462 1062 633 1118 Mans.
680 1063 747 1118 ad
790 1062 1005 1119 Fabric.
1050 1064 1193 1120 Bibl.
1230 1067 1375 1123 med.
1410 1076 1464 1123 et
1512 1068 1684 1122 ἰιιίὶιιι.
1735 1068 1890 1123 latin.
1935 1079 1974 1125 t.
2001 1068 2094 1136 Ill,
2128 1085 2179 1139 p.
2212 1069 2339 1125 251.

1083 1379 1226 1531 ρ.
1305 1385 1799 1499 επιιι
1876 1386 2896 1499 nmmum:

1234 1589 2755 1742 CHRONOLOGIA

1900 1822 2081 1885 SIVE

775 1978 1437 2064 LIBELLUS
1512 1977 1684 2061 DE
1757 1976 2227 2060 MUNDI
2302 1977 3209 2065 DURATIONE.

411 2326 451 2384 Ι.
484 2326 928 2392 Quantncumqne
960 2330 1204 2393 tempore
1225 2364 1240 2387 ,
1273 2323 1326 2375 in
1354 2321 1551 2375 divinis
1579 2320 1812 2388 legibus,
1844 2335 1940 2375 cu-
1975 2324 2022 2384 B
2049 2320 2193 2375 ferre
2236 2322 2549 2389 scriptoque
2595 2320 2896 2376 mandare?
2925 2322 3085 2385 Vere,
3119 2323 3342 2391 inquam

338 2421 656 2491 juscumqne
710 2419 947 2473 timentis
993 2418 1158 2470 Deum
1209 2417 1447 2470 intentus
1495 2416 1655 2470 fuerit
1701 2419 1949 2479 animus;

344 2525 491 2571 tanto
520 2515 717 2579 eligere
745 2522 771 2549 ει
801 2529 919 2581 quin
951 2526 1076 2565 vera
1108 2519 1233 2563 Stllll
1262 2510 1454 2573 discet,
1484 2518 1542 2562 ut
1580 2509 1838 2564 discendo
1870 2522 1956 2559 sa-

343 2609 499 2679 piens
528 2606 813 2670 efﬁciatur,
857 2606 979 2675 quia
1010 2603 1118 2656 dus
1164 2602 1442 2655 oculorum
1492 2602 1670 2656 cordis
1698 2610 1781 2655 est
1807 2600 1855 2653 ei
1898 2600 1952 2654 in

347 2697 464 2766 lege
495 2716 506 2750 :
548 2696 723 2751 Virtus
752 2695 848 2751 Dei
881 2696 1056 2751 Patris
1094 2705 1142 2749 et
1182 2695 1438 2765 sapientia
1474 2693 1711 2747 Christus
1740 2693 1797 2765 (I
1831 2692 1950 2745 Cor.

346 2806 384 2856 l,
413 2790 526 2862 24).
563 2790 629 2843 Ει
660 2789 810 2858 quasi
845 2787 1126 2856 patefactis
1163 2787 1343 2855 jannis
1374 2785 1521 2846 caeli.
1543 2784 1572 2823 ι)
1600 2802 1695 2841 ore
1737 2784 1953 2854 proprio

348 2882 439 2937 Dei
460 2880 715 2944 audierit,
745 2882 1004 2940 exsultat,
1034 2880 1088 2933 in
1115 2880 1229 2950 lege
1252 2878 1451 2948 aliquid
1480 2896 1497 2911 ιη
1530 2893 1658 2931 vere
1685 2877 1956 2944 sapienter

344 2976 629 3032 atldiscens
659 2992 672 3029 :
703 2976 844 3029 unde
876 2975 1137 3044 sapientia
1184 2974 1274 3026 Dei
1319 2972 1593 3027 hominem
1638 2974 1803 3028 silere
1846 2988 1953 3026 non

346 3072 575 3142 patitur;
614 3070 961 3138 compellitur
986 3068 1126 3138 (ipsa
1159 3076 1384 3121 ver.tate
1423 3066 1672 3136 cogente)
1702 3066 1866 3133 lnqtti,
1899 3073 1957 3118 ut.

345 3162 478 3216 alios
510 3163 784 3231 sapientes
814 3160 1036 3215 elﬁciat.
1063 3159 1355 3227 Sapientia:
1386 3175 1519 3213 vero
1544 3156 1571 3196 ἀ
1594 3160 1683 3227 qui
1709 3160 1952 3229 junctus,

346 3256 588 3312 invidere
638 3272 746 3311 non
794 3258 989 3327 patuit.
1041 3257 1384 3323 Quapmpter
1426 3255 1643 3323 sapiens
1674 3255 1784 3306 vult
1816 3250 1956 3324 (per

345 3351 664 3421 Sapientiam
691 3350 787 3403 Dei
811 3364 841 3403 a
873 3364 978 3417 qua
1000 3347 1452 3417 sapiensell'ectus
1464 3347 1846 3416 est)dcrelicta
1870 3348 1951 3398 in-

344 3441 581 3497 \'identia
609 3458 885 3513 perquam
926 3457 1072 3496 mors
1112 3441 1421 3495 dominatur
1465 3451 1517 3494 et
1554 3451 1737 3508 regnat
1769 3442 1785 3509 (
1820 3437 1949 3506 Sap.

345 3551 403 3597 tt,
437 3536 551 3600 24),
584 3550 776 3589 omnes
803 3536 1054 3591 homines
1079 3534 1131 3587 in
1167 3535 1367 3588 mundo
1397 3534 1668 3602 sapientes
1696 3531 1948 3585 exi~tcre.

346 3626 671 3681 Praedictum
694 3628 839 3682 enim
872 3632 923 3682 in
954 3628 1072 3697 lege
1101 3640 1221 3681 esea
1244 3628 1365 3689 scit,
1393 3626 1534 3693 quod
1566 3624 1842 3679 multitudo
1865 3640 1951 3676 sa-

346 3721 573 3791 pientum
611 3724 809 3774 sanitas
833 3730 907 3775 est
934 3720 1075 3774 orbis
1106 3730 1359 3772 terrarum
1392 3720 1576 3788 (δίψη
1607 3733 1677 3781 tt,
1707 3716 1818 3787 26).
1855 3714 1956 3785 lgi-

348 3820 433 3867 tur
472 3828 595 3869 cum
648 3830 713 3868 ex
764 3813 879 3883 lege
928 3827 1111 3867 Coram
1146 3810 1422 3867 fratribus.
1464 3811 1730 3880 sapientia
1772 3810 1949 3875 duce,

348 3913 603 3961 tractalu~~
654 3907 793 3961 foret
844 3916 1320 3974 opponereturque
1370 3906 1437 3957 ab
1484 3902 1717 3966 iisdem,
1769 3900 1951 3955 mundi

348 3997 560 4053 initium
587 3997 856 4069 ﬁnemque
879 3998 997 4068 ejus
1022 4000 1236 4068 penitus
1258 4013 1287 4049 a
1312 3996 1466 4051 nobis
1488 3996 1613 4050 sciri
1640 4010 1741 4049 non
1766 4010 1946 4065 posse;

349 4089 490 4161 quod
533 4090 622 4142 alii
659 4090 932 4144 afﬁrmant
978 4091 1095 4159 plus
1121 4107 1188 4144 xx
1243 4089 1409 4144 millia
1441 4106 1704 4143 anntzrutn
1755 4088 1955 4142 habere

347 4182 455 4254 iam
490 4183 784 4247 mundum;
819 4182 905 4235 alii
937 4182 1148 4238 initium
1172 4193 1227 4237 et
1255 4181 1416 4235 linem
1450 4183 1583 4237 dare
1603 4182 1653 4235 ei
1684 4183 1951 4247 nolentes;

348 4278 439 4333 alii
472 4277 724 4351 (initium
756 4278 1163 4350 concedentes)
1198 4292 1461 4333 aeternum
1495 4279 1611 4332 fore
1646 4282 1951 4332 voluerunt.

350 4371 430 4426 Ad
466 4370 580 4425 hinc
602 4388 702 4442 ego
744 4373 829 4425 aio
859 4389 871 4425 :
907 4370 1171 4428 Astruere
1202 4373 1304 4427 hoc
1351 4388 1446 4441 per
1486 4378 1681 4433 artem,
1715 4371 1953 4437 philoso-

353 4464 530 4536 phiam
580 4467 761 4520 muntli
810 4475 866 4521 et
916 4468 1132 4522 inanem
1186 4466 1611 4535 deceptionem;
1661 4464 1954 4518 verborum

350 4572 603 4627 pompam
626 4559 1012 4628 Opinionisqne
1045 4557 1216 4625 magis
1242 4572 1403 4626 quam
1435 4565 1457 4593 θ
1492 4555 1776 4609 veritatem
1806 4569 1956 4606 ama-

350 4666 481 4707 vere
502 4663 556 4707 et
586 4660 709 4705 sunt
734 4665 1027 4706 amatores.
1056 4651 1189 4704 Nam
1214 4650 1259 4704 si
1284 4665 1381 4703 nos
1406 4649 1636 4718 imperio
1664 4648 1778 4715 Dei,
1812 4647 1955 4717 quod

353 4743 515 4800 ﬁdele
553 4753 658 4813 est,
689 4746 1007 4811 audiamus;
1041 4744 1368 4811 accipiamus
1406 4757 1631 4797 necesse
1660 4749 1764 4800 est.
1795 4742 1955 4809 quid-

355 4835 482 4905 quid
516 4836 673 4891 nobis
700 4836 879 4891 divina
924 4837 1008 4891 lex
1058 4835 1293 4890 ﬁdeliter
1324 4838 1598 4890 enarravit
1629 4852 1642 4888 :
1677 4834 1820 4904 quod
1857 4849 1956 4886 an-

355 4941 554 4986 nuente
580 4931 809 4985 Domino
838 4931 903 4999 (si
930 4929 1267 4999 permittitis)
1286 4929 1436 4983 vobis
1457 4929 1776 4996 simpliciter
1800 4942 1959 4982 enar-

356 5024 587 5079 rabitttr.
621 5024 925 5080 Snntenim
956 5025 1046 5094 qui
1080 5023 1335 5079 estimant
1363 5038 1557 5087 annos,
1586 5023 1638 5075 in
1672 5021 1810 5092 lege,
1845 5022 1960 5074 ina-

3390 2342 3404 2379 2
3448 2341 3570 2380 nam
3601 2337 3659 2382 ut

2060 2416 2161 2483 ipsi
2192 2416 2360 2477 scitis,
2397 2417 2524 2467 olim
2549 2416 2617 2468 de
2640 2420 2852 2469 ratione
2880 2416 3100 2471 Pascha:
3131 2434 3464 2490 mnncroqtte
3487 2438 3658 2477 anno-

2059 2524 2176 2562 rum
2219 2507 2404 2561 mundi
2427 2508 2767 2561 hortantibus
2798 2510 2947 2562 vobis
2974 2514 3173 2577 scripta
3205 2510 3399 2566 fecisse
3418 2530 3538 2579 me;
3567 2515 3664 2570 sed

2060 2599 2261 2655 idcirco
2290 2602 2415 2654 silui
2447 2602 2728 2667 aliquanto
2753 2612 3017 2670 tempore,
3053 2620 3119 2658 ne
3158 2620 3185 2656 a
3221 2607 3378 2659 nobis
3406 2610 3663 2676 opuscula

2060 2696 2173 2764 ipsa
2217 2689 2579 2750 C0ntlitttetttis
2619 2697 2903 2764 sapientiae
2947 2698 3172 2764 alienae,
3220 2700 3663 2759 irrationabiliter

2059 2788 2447 2842 conderentur.
2488 2788 2640 2843 Unde
2662 2790 2890 2858 digestis
2916 2790 3107 2843 melius
3136 2794 3318 2855 rebus,
3352 2796 3421 2850 de
3450 2796 3538 2849 die
3568 2811 3660 2849 sa-

2058 2881 2360 2934 cratis~itno
2390 2881 2609 2935 Pascha!
2632 2881 2741 2948 jam
2776 2882 3017 2936 llbt'lllllll
3041 2885 3397 2952 prtettiisimus
3430 2904 3443 2939 :
3480 2889 3530 2941 in
3556 2904 3662 2959 quo

2058 2979 2115 3024 et
2140 2972 2230 3040 qni
2261 2971 2330 3025 sit
2358 2974 2564 3026 mensis
2597 2972 2823 3040 primus,
2860 2974 3107 3044 legaliler
3132 2978 3656 3035 demonstravimus:

2058 3061 2257 3117 dehinc
2287 3064 2448 3117 etiam
2491 3080 2706 3119 cursum
2740 3082 3007 3120 annnrum
3048 3084 3077 3122 a
3128 3069 3329 3124 fabrica
3364 3073 3581 3139 mundi,
3607 3074 3683 3128 in

2059 3155 2165 3211 huc
2199 3158 2488 3227 opusculo,
2520 3174 2618 3213 suo
2640 3174 2855 3230 quoque
2881 3162 3098 3229 ordine,
3130 3164 3477 3232 supputando
3505 3179 3660 3221 nata-

2061 3265 2199 3303 Inus.

2131 3348 2192 3401 ll.
2224 3346 2277 3401 ln
2309 3348 2393 3403 his
2436 3349 2599 3419 igitur
2638 3350 2925 3420 protttis>is
2946 3392 2959 3415 ,
2991 3352 3125 3405 satis
3154 3352 3321 3423 gavisi
3357 3354 3550 3409 fratres
3586 3355 3662 3410 fa-

2058 3440 2211 3495 ciunt
2231 3458 2349 3512 qutc
2372 3443 2682 3513 diligentius
2705 3446 3005 3498 sanximus.
3024 3444 3238 3500 Etenim
3260 3447 3327 3500 de
3352 3447 3448 3501 hac
3473 3464 3530 3501 re
3559 3465 3661 3504 non

2058 3534 2234 3601 alque,
2270 3534 2365 3588 sed
2400 3536 2548 3588 varie
2580 3536 2853 3604 scripsere
2893 3553 3053 3605 quam
3079 3538 3323 3606 plurimi;
3358 3554 3414 3594 ut
3446 3540 3665 3596 lectoris

2057 3624 2271 3679 animus
2314 3627 2364 3679 in
2396 3626 2621 3694 ancipiti
2666 3644 2975 3690 remanens,
3018 3629 3145 3699 quid
3179 3630 3361 3685 verius
3390 3626 3478 3693 sit.
3523 3635 3664 3687 scire

1980 3717 2025 3778 C
2061 3733 2166 3771 non
2196 3720 2388 3788 possit.
2425 3719 2637 3773 Faciam
2666 3731 2722 3773 nt
2755 3721 2937 3787 vultis,
2966 3732 3025 3774 ut
3050 3733 3101 3775 et
3131 3723 3245 3791 ipse
3277 3724 3523 3793 promisi,
3558 3727 3664 3779 Do-

2056 3813 2203 3863 mino
2232 3810 2473 3875 scilicet,
2521 3812 2630 3865 Deo
2671 3811 2892 3867 Chrisro
2929 3823 3288 3870 monstrante.
3326 3820 3664 3888 Quapropter

2057 3916 2236 3969 partes
2274 3918 2469 3957 omnes
2512 3912 2565 3957 et
2611 3906 2824 3974 regulas
2870 3920 3140 3959 annorum
3190 3906 3395 3961 allabre
3436 3910 3665 3980 diligi-n-

2057 3993 2270 4063 tiusque
2316 4009 2643 4065 persequar;
2694 4005 2751 4049 ιιι
2803 3999 3074 4065 expositio
3124 3998 3279 4068 ipsa,
3330 4001 3660 4071 legentibus,

2054 4089 2207 4157 quasi
2234 4090 2628 4157 gradientibus,
2657 4088 2997 4146 delectabilis
3021 4093 3123 4156 via,
3154 4108 3303 4162 scrpta
3329 4107 3381 4147 et
3411 4095 3561 4164 plana
3588 4096 3666 4149 vi-

2056 4179 2268 4236 deatur.
2305 4183 2431 4236 Post
2457 4184 2853 4252 praeteritorum
2889 4185 3106 4253 quidem
3139 4185 3534 4255 descriptorum
3567 4206 3662 4244 va-

2056 4274 2165 4326 rias
2200 4276 2625 4342 compositiones
2659 4276 2997 4345 (praesertim
3036 4278 3126 4345 qui
3152 4271 3263 4344 jam
3295 4279 3661 4346 pra‘judit-atm

2057 4364 2329 4431 opinionis
2356 4366 2669 4435 habentur),
2694 4367 2876 4420 dicere
2908 4367 3130 4436 aliquid,
3161 4367 3311 4421 nefas
3334 4381 3423 4421 aut
3465 4387 3661 4438 supcr-

2058 4455 2184 4511 bunt
2216 4468 2331 4517 est;
2361 4457 2455 4510 sed
2488 4456 2695 4521 dicant;
2737 4471 2957 4511 necesse
2998 4468 3080 4510 est
3125 4457 3267 4511 enim
3311 4461 3522 4518 ratione
3571 4479 3663 4519 ro-

2056 4558 2239 4617 gente,
2265 4548 2511 4616 quamvis
2529 4549 2817 4615 superbum
2842 4547 3007 4601 credo
3035 4564 3140 4601 non
3162 4564 3282 4605 esse
3297 4552 3341 4605 si
3362 4557 3662 4623 posteriore

2060 4649 2325 4710 tempore.
2359 4656 2387 4691 a
2417 4654 2685 4709 quoquam
2715 4641 2908 4694 tnulius
2936 4641 3063 4711 quid
3091 4641 3157 4696 de
3189 4644 3308 4715 lege
3336 4645 3662 4715 proferatur.

2063 4734 2174 4787 Iloc
2198 4746 2252 4787 et
2282 4743 2504 4787 sanctus
2544 4736 2823 4802 apostolus
2847 4734 3075 4803 Paulus,
3112 4754 3297 4806 pacem
3337 4720 3669 4813 consulens,

2062 4836 2292 4883 testatur
2318 4838 2373 4882 et
2402 4828 2536 4881 dicit
2566 4845 2577 4880 ε
2612 4826 2729 4881 Etsi
2757 4829 2847 4881 alii
2878 4830 3060 4884 melius
3086 4833 3369 4887 revelatum
3395 4837 3551 4903 fuerit
3583 4854 3665 4890 se-

2064 4922 2221 4985 denti,
2251 4922 2394 4989 prior
2438 4930 2601 4973 taceat
2632 4920 2673 4989 (l
2698 4920 2819 4975 Cor.
2847 4937 2959 4988 ιιι,
2993 4923 3106 4992 50).
3146 4924 3210 4978 Et
3243 4928 3426 4995 utique
3452 4937 3667 4995 aposto-

2062 5018 2148 5070 lus
2178 5016 2246 5069 de
2285 5030 2626 5085 quacumque
2654 5014 3023 5081 diSputationc
3054 5018 3211 5086 legis,
3243 5019 3343 5071 hoc
3373 5017 3508 5072 dixit
3538 5037 3551 5072 :
3586 5019 3661 5075 De

356 5114 497 5170 nitcr
521 5129 609 5169 aut
640 5116 933 5184 superﬂue,
982 5115 1133 5185 quasi
1166 5130 1272 5168 non
1307 5114 1612 5169 necessarie
1642 5112 1807 5169 fuisse
1833 5127 1962 5166 con-
1988 5103 2042 5164 D
2066 5126 2174 5180 qua
2205 5126 2285 5172 re,
2309 5111 2432 5178 quis
2454 5107 2688 5178 qualiter
2706 5108 2960 5172 senserit,
2988 5110 3058 5162 ita
3087 5120 3141 5162 ut
3166 5112 3402 5165 senserit
3424 5123 3475 5166 et
3502 5113 3660 5180 bene,

359 5210 623 5279 scriptos:
671 5211 981 5265 nescientes
1027 5225 1216 5279 parum
1263 5209 1463 5263 habt-re
1510 5208 1656 5273 lidei,
1701 5210 1836 5261 tales
1866 5208 1957 5276 qui

362 5306 500 5373 quod
547 5305 630 5359 lex
662 5305 758 5359 Dt'i
804 5306 1063 5368 insinuat,
1090 5320 1277 5359 verum
1306 5319 1429 5359 esse
1460 5319 1566 5357 non
1606 5302 1857 5357 credunt.
1890 5304 1960 5355 At

365 5395 481 5452 illi:
517 5398 739 5468 Magna,
774 5398 1044 5467 inquiunt,
1074 5398 1157 5453 vis
1194 5408 1310 5464 est,
1338 5394 1542 5465 aliquid
1579 5396 1647 5450 de
1677 5397 1796 5466 lege
1835 5410 1959 5465 pro-

434 5581 460 5646 ξι
494 5571 723 5646 Eliaere.
757 5574 1022 5642 SuSpet-Ia
1054 5573 1239 5629 lectio.

430 5641 459 5682 δ
495 5641 616 5699 Ure.
654 5645 817 5701 Forte
846 5641 911 5699 ex
938 5662 1045 5699 ore.

435 5726 459 5755 ο
505 5716 631 5771 Vere
656 5720 932 5789 sapienter.
966 5717 1125 5773 Forte
1148 5734 1278 5773 vero:
1306 5715 1591 5788 sapientiae.
1609 5713 1677 5771 Et
1693 5727 1819 5770 mox
1844 5712 1964 5768 inde

363 5802 462 5862 pro
492 5790 650 5846 unde.

875 5887 1153 5949 Ρηιιοι..
1194 5885 1369 5948 XIII.

2067 5206 2264 5260 melius
2289 5204 2461 5273 possit
2491 5203 2725 5258 admitti.
2760 5202 2912 5258 Nunc
2938 5204 3007 5260 de
3033 5219 3298 5259 annorum
3326 5207 3538 5275 integro
3568 5226 3666 5263 nn-

2068 5315 2218 5355 mero
2243 5300 2381 5352 ratio
2400 5301 2660 5362 vertitur;
2686 5298 2772 5352 ubi
2800 5314 2904 5352 non
2934 5309 3109 5369 potest
3140 5302 3262 5369 quis
3295 5318 3390 5370 pro
3418 5306 3677 5374 perfecto,

2068 5408 2298 5448 numero
2321 5392 2702 5463 imperfectum
2759 5407 2986 5460 ponere,
3034 5400 3126 5447 aut
3154 5394 3333 5463 ipsum
3363 5397 3661 5467 perfectum

2136 5568 2162 5605 d
2192 5568 2313 5643 Qui.
2344 5568 2512 5624 Forte
2536 5568 2677 5643 quia.
2702 5565 2827 5643 Mos
2847 5582 2979 5643 vero
3005 5578 3169 5641 potest
3191 5589 3287 5643 pro
3316 5577 3501 5638 potuit.

2071 5720 2090 5768 ι
2143 5650 2167 5679 ο
2208 5641 2504 5695 Veritatem.
2537 5639 2615 5694 lta
2646 5639 3044 5711 rescripsimus
3081 5639 3203 5713 pro'
3229 5652 3505 5704 vanitatem
3549 5651 3667 5708 edi-
3706 5668 3709 5675 ‘

2092 5728 2271 5770 orum.

3180 5889 3258 5951 35
