4094 6190
476 290 618 350 1103

1790 280 1856 348 Q.
1895 274 2065 338 JULIl
2106 275 2459 334 HILARIANI

3640 276 3794 338 11οᾶ

470 408 716 466 riualem,
744 417 905 473 usque
944 399 1012 454 ad
1039 398 1303 453 Christum
1328 398 1511 450 ducem
1532 435 1549 462 ,
1584 396 1935 451 hebdomadas
1961 414 2079 470 sep-
2103 397 2153 456 A
2181 395 2495 451 Graecorum
2549 407 2729 450 annos
2766 391 2950 449 divina
2994 394 3307 451 narratione
3358 394 3648 464 percurrit.
3694 396 3793 450 Fit

471 514 573 559 tem
605 500 766 567 (Dan.
798 496 892 561 24,
924 494 1018 566 25)
1053 513 1065 547 z
1098 510 1219 564 quas
1261 491 1622 548 hebdomada:
1651 502 1779 546 sunt
1807 490 1878 544 49
1904 492 2028 544 anni
2058 507 2071 544 :

465 595 557 666 qui
584 593 737 655 anui,
769 590 837 645 ad
869 604 1072 659 corpus
1104 587 1174 641 70
1204 601 1476 641 annorum
1506 585 1846 652 captivitatis
1877 585 2071 640 llieru-

467 686 639 740 salem
671 682 970 754 pertinent.
1017 683 1178 736 Anno
1210 682 1355 734 enim
1389 680 1569 749 primo
1602 678 1751 733 Darii
1783 679 1949 748 regis,
1980 678 2075 747 qui

466 776 796 849 regnavitad
819 791 1042 845 regnum
1066 772 1475 831 Chaldaeorum.
1492 771 1584 839 qui
1603 773 1769 827 etiam
1788 771 2075 827 Balthazar

466 886 654 942 regem
685 868 924 934 occidit;
973 867 1161 922 Daniel
1186 866 1325 920 vidit
1354 866 1619 919 visionem
1644 880 1656 916 :
1682 873 1735 918 et
1758 862 1854 917 fuit
1883 862 1951 917 21
1977 879 2074 918 an-

468 978 573 1016 nus
618 960 953 1031 captivitatis
999 958 1378 1020 llierusalem;
1419 956 1481 1011 18
1527 956 1674 1011 enim
1722 954 1885 1009 anuis
1938 955 2074 1009 vixit

465 1054 996 1114 Nabuchodonosor,
1027 1060 1384 1122 posteaquam
1439 1048 1715 1118 praedatus
1765 1058 1849 1102 est
1902 1046 2071 1103 Sede—

464 1149 646 1204 chiam
668 1159 722 1202 et
738 1145 1082 1201 Hierusalem
1100 1161 1116 1209 ;
1136 1154 1189 1198 et
1214 1144 1354 1196 lilius
1384 1142 1506 1211 ejus
1520 1140 1803 1195 Baltbazar
1825 1138 2073 1210 regnavit

463 1239 625 1295 annis
648 1240 704 1303 5,
739 1239 793 1293 in
835 1252 944 1308 quo
985 1251 1132 1290 anno
1163 1234 1328 1291 tertio
1348 1232 1574 1303 occisus
1603 1242 1705 1297 est,
1740 1240 1796 1286 et
1828 1228 2073 1299 suscepit

464 1348 696 1405 regnum
723 1331 940 1387 Darius.
960 1329 1127 1399 Cujus
1151 1344 1295 1382 anno
1322 1326 1517 1393 primo,
1548 1326 1753 1380 Dauieli
1778 1325 1846 1379 ab
1873 1324 2070 1394 angelo

462 1426 665 1483 dicitur
693 1425 761 1480 de
789 1422 1147 1478 hebdomadis
1176 1422 1517 1490 septuaginta
1546 1436 1559 1472 :
1588 1434 1723 1488 quas
1749 1432 1871 1472 cum
1907 1415 2072 1485 parti-

462 1529 640 1581 retur,
666 1522 878 1587 septem
918 1512 1297 1577 bebdomadm,
1335 1511 1529 1579 primo,
1559 1510 1629 1564 ab
1656 1510 1848 1566 eodem
1877 1509 2069 1579 angelo

464 1587 765 1668 nominatle
794 1617 919 1663 sunt
950 1626 962 1661 :
990 1623 1111 1678 qum
1134 1612 1215 1677 (ut
1254 1606 1462 1661 dictum
1491 1605 1598 1674 εει)
1626 1616 1751 1657 sunt
1775 1604 1903 1657 anni
1933 1618 2069 1672 qua-

464 1703 713 1773 draginta
748 1717 979 1766 novem,
1010 1701 1102 1767 qui
1129 1700 1432 1770 junguntur
1475 1697 1540 1751 ad
1580 1697 1645 1749 21
1691 1695 2063 1765 captivitatis,

2180 489 2345 561 igitur
2371 491 2546 544 omnis
2566 504 2777 545 summa
2802 504 3069 545 annorum
3104 504 3292 560 regum
3318 488 3603 544 Persarum
3649 488 3787 553 263,

2178 594 2234 638 et
2260 582 2329 637 ab
2358 582 2672 637 Alexandro
2711 582 3005 638 Macedone
3044 597 3219 649 usque
3246 582 3313 636 ad
3347 580 3600 635 Antiochi
3641 591 3795 635 tein-

2179 689 2330 743 pora,
2363 675 2412 729 id
2444 685 2548 741 est,
2580 690 2751 745 usque
2781 674 2847 728 ad
2882 674 2981 730 141
3023 690 3226 728 annum
3258 673 3409 744 regni
3436 672 3789 739 Graecorum,

2177 766 2462 837 completa:
2492 777 2619 823 sunt
2651 766 2733 839 (ut
2760 764 3024 836 diximus)
3050 766 3406 823 hebdomadas
3430 766 3521 833 62,
3542 766 3648 822 hoc
3676 772 3793 832 est,

2176 873 2307 915 ann.
2338 858 2467 915 454.

2246 952 2390 1009 XIV.
2420 953 2553 1008 Post
2584 954 2654 1009 62
2681 953 3054 1010 hebdomadas
3082 955 3183 1028 (ait
3210 954 3469 1026 angelus)
3496 954 3800 1024 diSperde—

2174 1055 2263 1103 tur
2292 1048 2480 1103 unctio
2506 1058 2562 1103 et
2581 1047 2806 1103 Sancta.
2843 1048 2984 1119 Ergo
3014 1062 3137 1119 post
3168 1049 3201 1103 7
3232 1058 3286 1104 et
3308 1049 3377 1105 62
3404 1048 3792 1104 hebdomadas

2175 1156 2282 1196 una
2327 1140 2670 1196 hebdomada
2716 1152 2988 1212 superest,
3036 1158 3198 1212 quam
3234 1141 3437 1198 faciunt
3476 1143 3598 1197 anni
3647 1143 3680 1196 7
3707 1141 3785 1197 ad

2173 1235 2583 1290 conclusionem
2610 1251 2841 1291 summa:
2865 1236 2933 1291 70
2956 1235 3449 1292 hebdomadarum.
3473 1236 3527 1291 In
3552 1235 3653 1290 hac
3677 1237 3795 1291 sci-

2172 1326 2301 1382 licet
2332 1326 2693 1395 hebdomada,
2717 1330 2962 1398 gentium
2992 1328 3195 1383 malitia
3220 1329 3485 1393 excrevit,
3505 1330 3642 1384 sicut
3669 1328 3792 1397 jam

2171 1419 2240 1474 ab
2269 1420 2464 1489 angelo
2501 1420 2684 1475 fuerat
2712 1421 2918 1476 dietutn
2947 1438 2961 1487 ;
2992 1432 3052 1475 ut
3082 1423 3248 1476 etiam
3295 1423 3350 1477 in
3393 1420 3619 1476 dimidio
3652 1422 3799 1477 heb-

2172 1514 2423 1569 doinadis
2489 1514 2767 1584 ejusdem,
2828 1517 2900 1570 ab
2955 1516 3229 1571 Antiocho
3294 1530 3424 1583 rege
3462 1514 3789 1571 Gra‘corum

2171 1610 2416 1665 aufertur
2448 1608 2776 1664 sacriﬁcium
2806 1614 2873 1663 de
2901 1609 3025 1664 loco
3048 1618 3239 1665 sancto
3268 1627 3281 1662 :
3311 1617 3369 1664 et
3408 1607 3669 1665 Sanctum
3701 1609 3793 1676 ip-

2170 1717 2291 1756 sum
2325 1702 2586 1770 pollutum
2615 1710 2700 1757 est
2716 1701 2987 1757 feminino
3014 1711 3461 1772 aspernamcnto,
3485 1711 3539 1756 et
3572 1701 3794 1755 Abomi-

463 1795 681 1867 qoando
730 1793 919 1848 Daniel
951 1791 1087 1847 vidit
1140 1790 1448 1856 visionem;
1481 1798 1535 1843 et
1578 1788 1889 1843 efﬁciuntur
1940 1788 2067 1842 anni
2099 1789 2148 1849 B
2174 1796 2315 1849 natio
2362 1795 2698 1849 desolatioru's
2744 1795 2883 1869 facta
2924 1805 3009 1848 est
3052 1810 3218 1863 super
3264 1794 3468 1861 altare,
3496 1803 3553 1850 et
3599 1805 3788 1850 statua

461 1888 805 1960 septuaginta
833 1929 847 1950 ,
877 1888 969 1958 qui
998 1888 1253 1956 completi
1283 1896 1409 1939 sunt
1438 1884 1493 1939 in
1527 1884 1847 1954 Babylonia,
1884 1894 1939 1937 ut
1968 1882 2070 1937 im-

458 1986 704 2055 pleretur
756 1983 894 2039 visio
943 1992 998 2037 et
1052 1982 1344 2054 prophetia
1395 1980 1702 2035 llicremim.
1756 1979 1886 2034 Post
1932 1994 2070 2049 quos

459 2092 637 2133 annos
662 2077 838 2149 Cyrus
866 2092 964 2132 rex
993 2076 1284 2131 Persarum
1313 2074 1467 2143 jnhet
1491 2073 1718 2143 populos
1742 2072 1821 2127 ire
1846 2071 1911 2125 ad
1946 2071 2071 2126 Ilie-

455 2172 700 2229 rusalem
732 2170 908 2240 primo
936 2183 1084 2224 anno
1112 2167 1265 2238 regni
1296 2166 1413 2231 sui;
1467 2175 1524 2219 ut
1572 2164 1834 2220 mdilicari
1882 2170 2071 2233 posset

457 2263 830 2328 Hierusalem,
854 2272 909 2316 et
932 2270 1230 2331 ungeretur
1256 2257 1516 2314 Sanctum
1544 2258 1894 2322 Sanctorum,
1923 2255 2068 2327 quod

458 2356 639 2413 fuitin
671 2353 902 2419 Templo
932 2353 1025 2407 Dei
1056 2352 1513 2407 sacratissimum.

530 2449 647 2505 XII.
692 2449 1067 2503 Revertuutur
1096 2447 1262 2515 igitur
1290 2445 1477 2512 pepuli
1505 2444 1573 2498 de
1612 2443 1934 2514 Babylonia,
1965 2443 2066 2497 ha-

455 2545 650 2602 bentes
678 2558 867 2598 secum
894 2541 1088 2596 ducem
1112 2538 1444 2601 Zorobahel,
1470 2538 1537 2592 de
1562 2554 1673 2605 quo
1698 2538 1903 2592 tnentio
1928 2536 2069 2591 facta

454 2651 539 2697 cst
576 2640 645 2693 ab
686 2639 882 2709 angelo
926 2636 994 2691 ad
1030 2635 1343 2699 Danielem;
1373 2649 1535 2704 usque
1559 2634 1627 2685 ad
1672 2633 1928 2685 christum
1968 2630 2069 2684 dn-

458 2750 588 2796 cem,
608 2731 943 2786 Itebdomada:
964 2740 1181 2799 septem.
1207 2728 1399 2784 Omnis
1419 2729 1565 2782 enim
1607 2743 1701 2782 rex
1743 2728 1923 2796 populi
1949 2726 2066 2793 Dei,

456 2825 512 2884 in
543 2824 730 2881 divina
762 2826 911 2892 lege,
944 2827 1183 2877 christus
1230 2823 1538 2891 appellatus
1569 2831 1672 2876 est.
1723 2820 1856 2875 Nam
1885 2831 1940 2876 et
1969 2820 2070 2873 Za-

458 2918 676 2974 charias
701 2917 988 2987 propheta,
1016 2916 1225 2987 Regem
1269 2917 1507 2971 futurum
1534 2932 1684 2981 eum,
1710 2918 1776 2970 ad
1805 2916 2067 2987 populum

458 3013 541 3069 sic
586 3013 828 3083 loquitur
867 3011 1104 3067 dicens:
1139 3009 1334 3064 Manus
1378 3008 1671 3065 Zorobabel
1716 3010 2069 3077 laudauerunt

459 3107 675 3162 domum
704 3107 878 3169 istam,
909 3116 956 3160 et
986 3121 1174 3159 manus
1214 3110 1328 3178 ejus
1376 3106 1802 3158 consummabant
1837 3120 1952 3158 eam
1974 3144 1989 3169 ,
2021 3112 2071 3156 et

2171 1889 2328 1943 Jovis
2357 1903 2518 1957 quem
2558 1887 2869 1958 Olympium
2917 1896 3155 1952 vocant,
3199 1887 3310 1941 illic
3352 1886 3638 1941 collocata.
3674 1886 3790 1944 Iste

2170 1982 2335 2037 etiam
2367 1981 2673 2035 Antiochus
2713 1993 2896 2035 mente
2935 1996 3195 2050 perversa
3222 1979 3546 2036 Antichristi
3588 1981 3794 2051 imagi-

2172 2091 2295 2130 nem
2344 2087 2590 2140 portans,
2641 2090 2801 2127 unam
2856 2073 3068 2143 ple-hem
3128 2089 3405 2141 unumque
3449 2073 3783 2144 sacrilegum

2172 2167 2434 2236 populum
2480 2166 2581 2220 sub
2612 2181 2781 2236 regno
2808 2180 2911 2220 suo
2952 2166 3173 2221 efficere
3202 2166 3523 2221 conabatur.
3554 2165 3692 2221 Nam
3724 2176 3787 2222 et

2170 2260 2485 2330 apostaticis
2515 2259 2826 2315 hominibus
2852 2259 3124 2316 aediﬁcare
3156 2259 3211 2315 in
3247 2260 3586 2316 Hierusalem
3617 2276 3783 2332 gym-

2170 2352 2405 2413 nasium.
2434 2351 2487 2405 id
2520 2360 2625 2417 est,
2656 2351 2920 2417 studium,
2950 2354 3223 2409 concessit
3250 2371 3265 2408 :
3293 2363 3350 2409 et
3393 2354 3483 2408 ubi
3518 2369 3623 2407 non
3668 2354 3779 2411 nisi

2170 2444 2238 2498 ad
2267 2444 2602 2499 exorandum
2642 2461 2703 2500 se
2731 2459 3032 2514 sanetaque
3061 2445 3325 2501 sacriﬁcia
3361 2447 3466 2501 sibi
3492 2445 3778 2504 offerenda

2173 2538 2315 2593 Deus
2339 2538 2688 2607 otnnipotens
2725 2539 2986 2609 templum
3018 2538 3122 2593 sibi
3150 2538 3426 2594 collocare
3470 2543 3777 2610 prrecepit;

2169 2632 2263 2688 ille
2283 2648 2346 2686 ex
2375 2632 2706 2701 spectaculis
2737 2632 3011 2687 idolorutn
3046 2632 3292 2700 polluere
3328 2633 3664 2700 concupivit.

2244 2723 2360 2779 XV.
2404 2723 2541 2779 Cum
2588 2725 2751 2791 igitur
2795 2726 2824 2779 7
2868 2720 2926 2779 ét
2976 2723 3048 2779 62
3087 2724 3444 2780 hebdomada:
3488 2725 3776 2794 completa:

2169 2818 2422 2879 fuissent.
2457 2820 2512 2873 in
2545 2820 2723 2887 prima
2750 2819 2857 2873 ista
2883 2819 3223 2874 hebdomada
3260 2818 3343 2889 (ut
3381 2821 3637 2889 superius
3660 2820 3778 2877 dico

2170 2921 2283 2966 tum
2314 2910 2420 2980 est)
2453 2912 2620 2965 libros
2646 2912 2783 2981 legis
2818 2910 3087 2978 comburi,
3119 2911 3413 2967 sacriﬁcari
3441 2912 3779 2977 simulacris.

2170 3018 2223 3064 et
2250 3006 2529 3061 immunda
2560 3006 2915 3073 manducare,
2948 3007 3095 3075 genti
3126 3005 3438 3061 Judazorum
3468 3007 3694 3073 indixit;
3724 3017 3783 3063 et

2171 3100 2275 3156 fuit
2320 3116 2497 3170 usque
2538 3102 2591 3155 in
2624 3102 2813 3172 quinta
2840 3112 2895 3156 et
2919 3101 3183 3170 vigesima
3219 3101 3311 3157 die
3343 3102 3549 3157 mensis
3576 3103 3612 3159 9
3639 3119 3777 3159 ann.

458 3215 735 3271 cognosces
780 3198 921 3272 quod
955 3197 1210 3252 Dominus
1237 3198 1564 3266 omnipotens
1604 3197 1743 3251 misit
1769 3213 1849 3250 me
1890 3198 1959 3250 ad
1984 3208 2069 3261 te;
2096 3178 2141 3241 (ἶ
2178 3193 2281 3249 MS
2310 3195 2459 3265 regni
2487 3192 2801 3249 Graecorum
2829 3213 2842 3247 :
2868 3192 2920 3248 in
2950 3210 3060 3263 quo
3080 3209 3249 3261 anno,
3268 3195 3613 3263 complentur
3642 3196 3784 3251 heb-

453 3293 579 3362 qut'a
614 3294 729 3361 quis
753 3293 949 3353 sprevit
978 3302 1028 3345 te
1054 3293 1107 3345 in
1133 3290 1315 3345 diebus
1341 3290 1592 3358 pusillis?
1621 3301 1666 3344 et
1696 3289 1994 3360 gaudebunt
2017 3291 2070 3344 in

456 3394 527 3450 te,
556 3395 605 3439 et
647 3384 889 3439 videbunt
918 3384 974 3437 in
1010 3399 1170 3437 manu
1210 3381 1498 3436 Zorobobct
1538 3381 1771 3454 lapidem
1798 3393 2071 3437 stanneum

459 3476 648 3547 (Zach.
698 3490 773 3540 IV,
806 3477 860 3541 9,
906 3472 996 3543 10)
1034 3491 1047 3526 :
1079 3474 1223 3543 quod
1256 3473 1423 3527 hodie
1454 3472 1849 3543 imperatores,
1874 3474 1928 3528 in
1957 3488 2072 3528 ma-

456 3585 532 3624 nu
559 3569 825 3633 dextera,
855 3566 1021 3619 veluti
1066 3567 1324 3635 populum
1370 3564 1514 3619 ferre
1548 3566 1824 3620 videntur.
1856 3565 2074 3635 Repetit

455 3661 725 3729 angelus,
750 3666 805 3713 et
831 3658 909 3710 ait
943 3656 1149 3711 Danieli
1184 3664 1209 3692 ⁸
1237 3656 1307 3709 ti?
1338 3656 1712 3712 hebdomadas
1751 3657 2068 3725 Dominum,

456 3752 565 3809 hoc
590 3759 697 3815 est,
730 3752 784 3806 in
818 3751 1019 3822 quibus
1055 3750 1312 3805 restituto
1359 3751 1567 3819 templo
1612 3760 1669 3805 et
1695 3751 1916 3806 civitate
1942 3752 2071 3808 llie-

456 3845 697 3901 rusalem
723 3884 740 3910 ,
775 3842 830 3899 iu
873 3842 1245 3897 oblationibus
1297 3844 1412 3896 suis
1463 3842 1695 3897 Domino
1739 3845 2067 3899 servierunt.

460 3940 595 4006 QII'JB
625 3936 983 3994 hebdomada:
1012 3936 1085 3990 62
1123 3945 1254 3991 sunt
1292 3936 1421 3989 anni
1445 3935 1573 3998 434,
1611 3937 1704 4006 qui
1750 3937 1877 3990 anni
1915 3951 2069 3989 com-

460 4030 596 4099 pleti
624 4036 752 4083 sunt
780 4025 1119 4095 temporibus
1150 4026 1588 4081 Machalneorum
1618 4043 1761 4079 anno
1793 4026 1889 4081 Mi
1919 4027 2070 4094 regni

461 4124 802 4177 Grai-eorum.
833 4119 942 4173 lsto
971 4134 1204 4188 namque
1230 4130 1499 4187 tempore,
1531 4116 1840 4173 Antiochus
1865 4117 2070 4175 Graecis

461 4213 700 4282 superba
735 4220 918 4266 mente
947 4214 1235 4280 regnabat.

533 4302 671 4359 XIII.
705 4302 777 4359 Et
805 4304 1055 4375 quamvis
1084 4301 1224 4356 ordo
1257 4301 1360 4355 iste
1386 4314 1653 4356 annorum
1684 4300 1884 4357 divinae
1912 4301 2065 4375 legis,

461 4413 492 4453 a
515 4397 906 4454 conatitutione
929 4396 1117 4452 mundi
1146 4396 1382 4450 sufficiat
1406 4394 1544 4457 sibi;
1569 4404 1750 4451 tamen
1771 4409 1827 4451 ut
1853 4396 2071 4453 lectoris

458 4494 641 4547 animo
670 4492 994 4547 satisfacere
1023 4490 1332 4555 videamur,
1353 4491 1520 4544 etiam
1564 4505 1660 4558 per
1689 4505 1844 4562 reges
1870 4491 2069 4546 Persa-

2171 3288 2418 3343 domada:
2448 3304 2639 3344 omnes
2672 3288 2763 3354 70,
2794 3303 2931 3357 quas
2956 3288 3257 3343 decurrens
3281 3288 3575 3358 designarit
3604 3304 3784 3360 ange-

2172 3380 2256 3436 lus
2300 3381 2542 3448 Danieli,
2575 3381 2645 3435 de
2686 3380 3001 3435 turbatione
3052 3381 3295 3436 civitatis
3334 3381 3668 3436 Hierusalem
3714 3390 3779 3437 et

2171 3474 2357 3543 populi
2389 3474 2711 3537 eversione;
2744 3474 2814 3528 de
2852 3488 2957 3543 qua
2998 3488 3062 3527 re
3104 3474 3269 3529 etiam
3315 3474 3426 3544 ipse
3456 3472 3667 3540 Daniel,
3702 3476 3775 3529 ad

2173 3565 2467 3621 Dominum
2497 3567 2900 3635 concupiscens
2928 3565 3264 3636 requirebat.

2246 3656 2386 3714 XVI.
2429 3658 2508 3713 Ex
2538 3658 2664 3713 hinc
2690 3674 2863 3729 usque
2894 3658 2947 3713 in
2981 3660 3082 3714 i7i
3128 3675 3333 3714 annum
3369 3658 3517 3730 regni
3545 3658 3776 3715 Graeco-

2172 3767 2323 3817 rum;
2346 3768 2453 3822 quo
2477 3762 2727 3822 tempore
2757 3751 2956 3807 Lucius
2987 3750 3231 3806 Licinius
3252 3751 3644 3822 Lucullus-ﬁni
3674 3751 3782 3807 fuit

2172 3846 2363 3900 consul
2404 3844 2771 3900 Romanorum
2797 3884 2813 3908 ,
2841 3844 2910 3901 de
2939 3845 3202 3901 societate
3226 3854 3283 3900 et
3305 3845 3569 3901 amicitiis
3592 3846 3658 3900 ad
3688 3846 3779 3901 Si-

2172 3953 2391 3994 monem
2426 3939 2646 3996 fratrem
2675 3938 2831 3994 Judre
2858 3940 3152 3995 Machahaei
3188 3939 3395 3996 litteras
3427 3942 3611 4007 dedit;
3641 3941 3773 3997 anni

2171 4040 2302 4084 sunt
2336 4031 2429 4085 26.
2461 4031 2543 4086 Ex
2580 4032 2741 4087 istius
2779 4048 3011 4104 namque
3054 4035 3343 4088 consulatu
3398 4050 3613 4091 annuos
3661 4037 3777 4105 jam

2171 4126 2446 4193 consules,
2475 4128 2854 4198 requirentes;
2886 4128 3196 4185 invenimus
3223 4144 3397 4198 usque
3443 4129 3509 4185 ad
3564 4132 3780 4201 passio-

2173 4233 2296 4274 nem
2343 4218 2563 4274 Domini
2595 4221 2767 4275 nostri
2798 4218 2929 4275 Jesu
2972 4219 3214 4287 Christi,
3252 4237 3426 4291 usque
3458 4222 3527 4276 ad
3574 4238 3781 4278 annum

2172 4311 2443 4366 decimum
2471 4321 2688 4367 sextum
2717 4312 2929 4381 imperii
2952 4311 3159 4367 Tiberii
3189 4313 3452 4379 Caesaris,
3478 4313 3581 4369 179
3600 4329 3782 4371 annos

2172 4418 2300 4459 esse
2343 4405 2683 4474 completos:
2708 4419 2771 4459 ac
2809 4419 2910 4475 per
2950 4403 3054 4459 hoc
3079 4419 3108 4458 a
3138 4403 3346 4460 fabrica
3376 4405 3562 4460 mundi
3602 4421 3781 4476 usque

2172 4496 2238 4551 ad
2272 4497 2583 4564 passionem
2626 4494 2829 4551 Christi
2875 4495 3176 4552 Salvatoris
3220 4498 3431 4561 nostri,
3477 4498 3604 4551 anni
3654 4508 3783 4554 sunt

453 4600 579 4640 rum
616 4592 936 4649 currentes,
967 4583 1036 4639 de
1078 4582 1323 4637 historiis
1373 4582 1713 4652 publicarum
1764 4585 2067 4639 litterarum
2093 4560 2147 4621 Β
2177 4590 2340 4646 5530.
2374 4590 2610 4645 Proinde
2638 4590 2705 4643 ad
2736 4590 3150 4645 conclusionem
3195 4605 3292 4645 sex
3324 4589 3556 4645 millium
3605 4604 3780 4647 anno-

459 4680 804 4734 ostendimus
848 4694 880 4733 a
930 4677 1073 4749 Cyro
1121 4678 1193 4733 62
1248 4678 1619 4733 hebdomadas
1666 4681 1770 4735 isto
1825 4690 2070 4751 tempore

462 4773 895 4829 Machabieorum
929 4772 1099 4827 fuisse
1131 4772 1401 4840 impletas.
1438 4774 1610 4843 Cyrus
1634 4789 1867 4843 namque
1889 4775 2068 4832 Persis

456 4862 717 4935 regnavit
745 4864 903 4918 annis
935 4863 1026 4929 50,
1054 4862 1393 4917 Artaxerxes
1417 4866 1665 4936 regnavit
1695 4867 1855 4921 annis
1881 4869 1936 4934 9,
1967 4872 2069 4923 Ar-

455 4974 560 5032 gus
597 4956 848 5028 regnavit
878 4957 1161 5011 mensibus
1199 4955 1250 5018 9,
1286 4956 1480 5010 Darius
1510 4963 1755 5028 regnavit
1784 4960 1944 5014 annis
1972 4961 2063 5027 36,

453 5052 797 5112 Artaxerxes
831 5048 1104 5105 secundus
1128 5050 1377 5119 regnavit
1399 5051 1558 5103 annis
1594 5050 1680 5119 19,
1705 5054 1985 5107 mensibus
2009 5054 2065 5117 2,

454 5146 762 5203 Socidanos
805 5144 1085 5201 mensibus
1116 5144 1170 5203 7.
1204 5143 1412 5200 Xerxes
1441 5144 1583 5200 ﬁlius
1626 5148 1799 5216 major
1827 5148 2072 5216 regnavit

453 5241 617 5296 annis
644 5240 739 5303 ‘20,
766 5240 1107 5295 Artaxerxes
1145 5241 1388 5307 regnavit
1423 5240 1512 5301 72,
1547 5241 1785 5295 Artabus
1827 5243 2072 5312 regnavit

457 5333 739 5389 mensibus
771 5334 823 5401 7,
873 5333 1064 5388 Darius
1096 5331 1303 5388 Nothus
1354 5334 1603 5402 regnavit
1647 5352 1775 5389 ann.
1807 5335 1899 5399 29,
1938 5337 2069 5393 Olus

453 5426 708 5495 regnavit
729 5442 856 5478 ann.
884 5424 976 5488 22,
1004 5427 1172 5480 Arser
1209 5426 1457 5495 regnavit
1485 5442 1611 5480 ann.
1641 5427 1726 5488 17.
1758 5427 1951 5484 Darius
1983 5447 2068 5485 re-

457 5517 649 5586 gnavit
694 5532 824 5571 ann.
861 5515 915 5570 6.
954 5515 1107 5569 Hunc
1157 5517 1437 5571 interfecit
1483 5518 1793 5575 Alexander
1845 5520 2069 5592 Magnus

458 5610 719 5677 Macedo;
762 5628 794 5665 a
844 5610 999 5679 cujus
1044 5620 1291 5681 tempore
1344 5612 1573 5669 historia
1609 5613 2061 5685 Machabmorum,

470 5725 723 5796 monisad
751 5729 1192 5796 respondendum.

2176 4699 2295 4740 rum
2330 4684 2599 4740 debentur
2630 4685 2757 4739 anui
2786 4682 2913 4738 470.
2944 4682 3181 4740 Necesse
3227 4696 3310 4740 est
3351 4685 3523 4747 enim.
3556 4694 3612 4740 ut
3643 4700 3783 4756 quo-

2175 4777 2340 4833 modo
2370 4777 2463 4831 ﬁlii
2494 4777 2687 4845 Israel,
2716 4793 2745 4831 a
2785 4776 3179 4846 pollicitatione
3224 4775 3440 4832 Domini
3488 4777 3586 4833 Dei
3637 4778 3779 4835 facta

2172 4869 2241 4924 ad
2274 4870 2573 4933 Abraham,
2608 4878 2730 4936 post
2763 4868 2872 4925 470
2924 4883 3100 4922 annos
3144 4868 3529 4938 promissionis
3574 4877 3779 4924 terram

2174 4978 2470 5034 accepere;
2510 4964 2589 5017 sic
2626 4965 2789 5017 etiam
2840 4978 2940 5018 nos
2982 4961 3325 5029 Christiani,
3377 4975 3499 5032 post
3550 4963 3777 5018 totidem

2175 5070 2371 5122 anuos,
2402 5056 2631 5124 primam
2662 5055 3128 5110 resurrectionem
3158 5054 3500 5112 habebimus.
3536 5054 3779 5126 Populus

2174 5148 2321 5204 enim
2352 5145 2631 5212 Jodaicus,
2663 5146 2719 5201 in
2748 5147 3003 5201 omnibus
3031 5146 3255 5218 ﬁguram
3284 5155 3528 5203 nostram
3553 5158 3777 5218 portat:

2175 5242 2242 5298 In
2270 5262 2372 5315 quo
2399 5246 2530 5314 ﬁnes
2554 5244 2859 5298 swcuforum
2892 5250 3266 5298 concurrerant
3309 5242 3370 5313 (l
3400 5241 3519 5297 Cor.
3555 5259 3607 5308 x,
3642 5244 3710 5300 15
3730 5242 3779 5316 ).

2176 5338 2319 5408 Ergo
2359 5354 2387 5392 a
2438 5339 2692 5408 passione
2735 5338 2951 5393 Domini
2995 5337 3202 5393 Christi
3233 5340 3337 5406 (ex
3370 5354 3477 5409 quo
3528 5347 3781 5409 tempore

2178 5431 2283 5486 ﬁde
2312 5432 2363 5487 in
2391 5448 2449 5487 se
2480 5431 2861 5497 credentibus,
2892 5431 3351 5488 resurreCtioucm
3396 5432 3668 5502 pollicitos
3695 5443 3780 5488 est

2174 5524 2269 5580 Dei
2304 5523 2512 5593 Filius)
2541 5526 2671 5581 anui
2718 5525 3096 5595 compleantur
3144 5539 3373 5581 necesse
3414 5533 3499 5580 est
3541 5526 3651 5581 470
3675 5567 3689 5589 .
3718 5535 3778 5580 ιιι

2174 5620 2530 5678 concludatur
2552 5635 2763 5678 summa
2791 5634 2888 5677 sex
2931 5618 3160 5676 millium
3193 5634 3485 5676 annorum.
3530 5617 3777 5690 Septimo

540 5800 563 5827 ο
604 5790 846 5863 διυιιωί
881 5808 993 5868 post
1034 5800 1105 5855 62
1162 5790 1507 5861 hebdomadas
1568 5806 1909 5865 occidendum
1962 5806 2264 5866 Dominum.
