4094 6190
335 254 476 314 “05

1232 254 1632 312 EXPOSITUM
1676 252 1766 310 DE
1805 252 1921 308 DIE
1961 242 2259 309 PASCII/E
2300 250 2388 308 ET
2428 249 2697 310 MENSIS.

3494 250 3636 308 1106

329 386 385 432 et
420 372 714 430 millesimo
762 389 907 430 anno
955 374 1281 444 incipiente,
1313 373 1420 429 lide
1466 387 1593 428 vera
1640 370 1928 428 credentes
1957 371 2007 433 Α
2034 367 2190 432 bunt.
2216 376 2275 423 et
2295 366 2349 422 hi
2378 382 2571 423 omnes
2592 367 2800 423 nubent
2822 376 2879 423 et
2898 368 3196 436 nubentur,
3216 378 3271 424 et
3296 369 3599 424 morientur
3625 386 3638 423 :

330 466 709 529 liberabuntur
751 482 783 522 e
831 469 1065 532 mundo;
1094 478 1218 521 tunc
1248 466 1395 521 enim
1445 466 1550 521 erit
1593 463 1927 521 resurrectio

333 561 505 634 prima
532 562 773 615 omnium
806 560 1160 616 Sanctorum.

404 651 568 709 XVII.
599 653 677 709 De
698 653 802 708 400
826 668 956 707 vero
981 661 1036 707 et
1065 652 1403 722 septuaginta
1425 651 1583 706 annis
1611 667 1643 706 a
1672 650 1927 718 passione

333 748 579 812 Domini,
616 748 670 801 in
717 746 1002 802 consulatu
1052 746 1273 801 Caesarii
1306 754 1378 805 ,et
1418 746 1617 811 Attici;
1652 745 1741 801 die
1782 760 1926 799 nono

332 842 594 898 kalendas
618 841 837 911 Aprilis.
872 841 999 894 anni
1031 843 1367 896 transierunt
1400 839 1523 895 569.
1557 838 1782 893 Restant
1817 838 1917 892 ita.
1953 860 1961 867 -

330 952 434 1008 que
460 935 586 990 anni
621 936 716 991 101
754 942 810 989 ut
848 947 1301 988 consummentur
1328 934 1456 989 anni
1482 933 1644 998 6000,
1673 933 1765 1003 qui
1795 932 1921 986 anni

329 1028 469 1085 6000
498 1044 604 1082 non
635 1038 759 1082 ante
784 1027 1144 1099 cou‘iplentnr,
1171 1027 1269 1081 nisi
1304 1028 1452 1097 prius
1482 1042 1651 1096 prope
1675 1026 1921 1080 ultimum

330 1136 485 1189 reges
512 1121 700 1177 decem
737 1120 970 1177 exierint
996 1118 1051 1174 in
1084 1122 1377 1183 mundum;
1409 1128 1459 1174 et
1487 1120 1649 1174 ﬁliam
1686 1118 1921 1190 Babylo-

328 1212 431 1268 nire
459 1228 580 1281 qum
612 1226 755 1266 nunc
780 1210 1013 1277 obtinet,
1043 1209 1110 1265 de
1141 1209 1319 1263 medio
1344 1210 1529 1264 mundi
1561 1209 1805 1264 tulerint.
1837 1208 1922 1263 Ad

325 1318 465 1376 quos
486 1303 666 1359 subito
690 1301 836 1357 exiet
868 1316 1008 1356 unus
1038 1309 1232 1371 potens
1274 1316 1441 1369 super
1480 1316 1604 1367 eos,
1635 1301 1724 1370 qui
1754 1309 1840 1356 est
1868 1301 1921 1355 in

326 1394 660 1468 Apocalypsi
702 1395 874 1450 Draco
904 1395 1236 1457 nominatus,
1262 1405 1315 1450 et
1346 1395 1609 1450 obtinebit
1639 1408 1793 1464 reges
1823 1393 1920 1448 de-

326 1500 477 1555 ccin;
502 1497 556 1542 et
581 1504 648 1543 ex
680 1487 761 1542 eis
791 1487 1002 1556 aliquos
1055 1486 1275 1555 perdet.
1304 1487 1395 1540 alii
1426 1487 1527 1540 sub
1568 1485 1685 1555 ejus
1716 1484 1922 1541 ditione

326 1580 687 1636 remanebunt
713 1597 725 1632 :
753 1578 904 1633 Tum:
926 1578 1240 1633 revelabitur
1266 1580 1355 1633 ille
1380 1580 1591 1649 impius,
1621 1578 1765 1647 ﬁlius
1805 1595 1921 1650 per-

325 1673 555 1737 ditionis,
572 1674 661 1744 qui
681 1674 845 1727 elatus
865 1682 940 1727 est
957 1673 1200 1727 adversus
1225 1690 1373 1727 autne
1391 1672 1530 1743 quod
1546 1673 1737 1725 dicitur
1757 1671 1914 1735 Deus,

2031 475 2196 530 super
2226 460 2345 526 hos,
2366 469 2423 516 et
2454 460 2620 531 plagae
2642 460 2747 515 illae
2772 460 3063 530 descriptae
3092 462 3143 515 in
3170 460 3502 532 Apocalypsi
3543 460 3641 517 ad-

2031 554 2285 619 venient,
2317 563 2371 608 et
2403 554 2649 623 partibus
2687 553 2921 607 subinde
2971 552 3202 607 caeditur
3251 552 3337 608 bic
3377 553 3633 608 mundus.

2028 646 2164 702 Nam
2188 647 2401 703 Sanctis
2430 648 2550 713 Dei,
2581 648 2636 701 in
2668 646 3073 702 resurrectione
3104 660 3243 700 unus
3272 647 3377 701 erit
3406 646 3558 712 dies;
3581 654 3636 702 et

2031 749 2237 795 tantum
2270 742 2379 796 erit
2410 740 2766 810 prolongatus
2796 740 2847 794 in
2898 740 3073 794 lucem
3106 739 3226 794 dies
3272 740 3372 795 iste
3407 739 3637 795 Sancto-

2029 849 2184 897 rum,
2237 845 2499 901 quantum
2544 833 2727 902 impiis
2780 834 2925 887 illius
2981 834 3034 887 in
3068 832 3269 887 mundo
3307 847 3431 888 cum
3476 847 3633 903 pmna

2028 926 2365 991 viventibus,
2397 927 2543 981 mille
2595 928 3035 982 numerabantur
3068 929 3221 981 anni.
3255 928 3361 983 Iste
3406 939 3489 983 est
3514 929 3633 985 dies

2027 1020 2294 1087 septimus
2315 1059 2327 1081 ,
2353 1026 2408 1071 et
2439 1018 2698 1072 sabbatus
2727 1028 2965 1073 :rtet‘nus
3012 1029 3065 1073 et
3096 1035 3283 1085 verus,
3310 1022 3471 1092 cujus
3499 1021 3636 1076 ima-

2026 1113 2206 1183 ginem
2239 1122 2294 1166 et
2337 1110 2563 1181 ﬁguram
2611 1121 2758 1167 tenet
2805 1112 3064 1166 sabbatus
3091 1112 3193 1167 iste
3229 1114 3547 1182 temporalis
3578 1115 3632 1169 in

2025 1206 2197 1278 Moysi
2231 1208 2346 1277 lege
2381 1208 2754 1276 coiiscriptus.
2799 1207 2952 1262 Sicut
2982 1210 3127 1263 enim
3158 1211 3360 1279 ροιιιιιο
3407 1210 3635 1267 Judaico

2025 1298 2229 1352 dictum
2257 1316 2269 1351 :
2295 1300 2402 1353 Sex
2431 1298 2549 1353 dies
2574 1314 2805 1368 operare
2832 1315 2999 1369 opera
3034 1302 3218 1355 mundi
3245 1318 3259 1368 ;
3284 1304 3517 1372 septimo
3540 1320 3637 1358 au-

2025 1398 2133 1445 tem
2175 1390 2264 1444 die
2294 1390 2385 1459 qui
2427 1391 2733 1459 appellatus
2764 1401 2846 1445 est
2878 1392 3194 1460 sabbatum,
3235 1395 3517 1464 requiesce
3565 1395 3634 1451 ab

2024 1484 2284 1555 operibus
2340 1486 2445 1539 tuis
2475 1483 2672 1556 (Exod.
2722 1485 2817 1551 25,
2868 1487 3000 1553 1:2):
3034 1486 3079 1541 si
3125 1489 3330 1544 sanctis
3375 1488 3631 1543 omnibus

2022 1581 2112 1651 qui
2161 1590 2287 1635 sunt
2332 1582 2400 1634 ab
2432 1580 2590 1634 initio
2624 1581 2915 1645 mundi,et
2946 1596 3091 1637 nunc
3136 1583 3188 1635 in
3234 1581 3453 1635 (,bristn
3501 1597 3631 1636 vera

2024 1671 2129 1729 ﬁde‘
2148 1673 2529 1738 credentibus;
2558 1676 2851 1728 transactis
2877 1669 3087 1728 sciliCet
3110 1688 3205 1728 sex
3229 1674 3420 1729 diebus
3446 1673 3524 1745 (id
3546 1681 3635 1729 est

323 1773 412 1818 aut
438 1765 575 1836 quod
596 1763 781 1819 colitur
804 1806 817 1828 ,
840 1766 914 1818 ita
946 1774 1001 1817 ut
1028 1765 1081 1818 in
1106 1763 1293 1834 templo
1324 1763 1421 1819 Dei
1464 1766 1645 1817 sedens
1686 1763 1915 1817 ostendat
1948 1784 1997 1844 Β
2022 1780 2118 1820 sex
2147 1766 2377 1819 tnillium
2402 1765 2694 1835 annorum)
2718 1765 2773 1819 in
2797 1767 2997 1836 quibus
3029 1767 3110 1820 eis
3137 1766 3292 1821 labor
3335 1777 3387 1822 et
3418 1766 3632 1822 crucia-

321 1875 375 1912 re
398 1868 653 1929 tamquam
678 1860 791 1929 ipse
832 1859 967 1912 Deus
989 1860 1054 1928 (II
1076 1857 1254 1913 Thess.
1277 1874 1338 1924 tt,
1362 1860 1417 1923 8,
1442 1858 1517 1928 Δ).
1545 1858 1641 1913 Hic
1662 1859 1763 1912 erit
1792 1875 1915 1927 pro-

322 1952 472 2022 prius
520 1952 912 2008 AttltCIll‘IsttIS.
960 1951 1097 2007 Iluic
1152 1952 1560 2022 potentissimus
1605 1952 1697 2006 ille
1747 1951 1918 2006 Draco

324 2047 412 2102 cui
443 2047 631 2103 decem
657 2054 945 2102 cesserunt
971 2062 1150 2117 reges,
1172 2046 1352 2101 tradet
1374 2048 1483 2100 vim
1513 2056 1567 2101 et
1593 2055 1917 2116 potestatem

320 2154 509 2206 suam,
542 2151 597 2195 et
644 2140 985 2195 mirabuntur
1039 2140 1276 2194 universi
1324 2140 1604 2193 mortales.
1653 2138 1720 2192 Et
1758 2145 1921 2191 erunt

322 2231 645 2288 Antichristi
690 2241 935 2303 tempora
987 2232 1132 2302 (quae
1185 2240 1452 2301 tempora,
1507 2230 1755 2284 mortalia
1811 2231 1919 2285 sint

323 2338 556 2380 necesse
596 2322 705 2395 est)
753 2325 932 2394 qualia
987 2338 1108 2378 cum
1141 2323 1441 2378 Antiochus
1471 2322 1574 2377 sub
1606 2338 1776 2393 regno
1818 2338 1918 2378 suo

321 2431 489 2471 unum
535 2417 790 2486 populum
820 2416 872 2471 in
917 2415 1187 2485 apostasia
1238 2415 1418 2471 facere
1469 2416 1916 2482 conabatur;cui

322 2508 487 2581 (quia
521 2520 734 2580 tempus
763 2526 870 2565 non
901 2509 1042 2579 fuit)
1076 2526 1181 2565 non
1212 2511 1339 2565 talia
1389 2523 1709 2575 evenerunt,
1737 2513 1917 2582 qualia

325 2603 556 2656 tentabit
590 2602 810 2657 efﬁcere
837 2602 1223 2657 Antichristus.
1257 2602 1393 2657 Dum
1422 2604 1665 2668 venerit,
1698 2604 1763 2657 ad
1800 2620 1919 2671 per-

322 2692 585 2749 ditionem
617 2694 909 2749 inﬁdelium
942 2696 1127 2750 veniet
1156 2713 1169 2749 :
1203 2695 1357 2765 Cujus
1382 2706 1627 2764 tempus.
1659 2711 1829 2766 grave
1856 2711 1919 2751 ac

322 2788 612 2842 nefandum
644 2787 780 2854 erit;
810 2806 959 2860 quem
985 2787 1124 2843 solus
1160 2786 1411 2842 Dominus
1439 2788 1674 2842 Chrisqu
1718 2790 1920 2859 interﬁ—

321 2878 417 2931 ciet
469 2881 655 2947 spiritu
684 2881 788 2935 oris
838 2881 937 2948 sui,
961 2891 1010 2933 et
1054 2882 1316 2934 evacuabit
1359 2882 1633 2952 prtvsentia
1671 2883 1921 2938 adventus

321 2970 401 3023 sui
427 2968 618 3041 (lbid.,
654 2970 733 3042 4).

393 3063 580 3119 XVIII.
624 3067 895 3133 Superato
937 3064 1098 3136 igitur
1138 3075 1191 3121 ct
1236 3066 1525 3122 interiecto
1557 3066 1912 3134 Anticbristo,

2023 1864 2111 1912 tus
2141 1859 2267 1923 fuit;
2299 1860 2445 1913 venit
2471 1858 2588 1913 dies
2609 1860 2876 1927 septimus
2896 1868 2953 1913 et
2972 1858 3233 1914 sabbatus
3259 1874 3445 1915 verus.

2094 1950 2236 2006 XIX.
2271 1953 2613 2021 Quapropter
2641 1967 2856 2006 omnem
2890 1953 3123 2006 animam
3165 1950 3489 2021 ιιττειιιοιιιιίῑ
3520 1950 3629 2006 Do-

2023 2045 2202 2099 minus
2230 2045 2485 2099 Christus
2528 2045 2581 2099 in
2626 2046 2924 2115 Evangelio
2963 2045 3029 2098 ad
3082 2046 3414 2100 credendum
3470 2046 3523 2100 in
3570 2058 3631 2100 so

2020 2147 2148 2191 ante
2185 2152 2306 2192 esse
2351 2139 2704 2201 currendum.
2741 2156 2845 2191 non
2878 2152 2944 2193 eo
2975 2149 3224 2207 tempore
3253 2153 3361 2209 quo
3389 2146 3445 2193 et
3470 2152 3630 2207 paena

2022 2242 2223 2289 mterna
2255 2233 2454 2303 i‘tttpiis,
2481 2245 2535 2287 et
2564 2248 2775 2288 merces
2807 2233 2945 2286 booa
2992 2234 3198 2287 sanctis
3249 2232 3508 2287 reddatur
3536 2248 3633 2286 ue-

2021 2339 2175 2379 cesse
2197 2338 2279 2378 est
2306 2339 2401 2393 pro
2428 2326 2640 2379 meritis
2664 2325 3001 2397 singulorum
3036 2343 3047 2376 :
3080 2323 3309 2395 Rogata,
3341 2324 3535 2392 inquit,
3564 2340 3628 2378 ne

2021 2418 2111 2486 ﬁat
2138 2417 2264 2487 fuga
2292 2427 2457 2470 vestra
2484 2416 2651 2471 hieme
2676 2427 2767 2470 aut
2790 2416 3003 2471 sabbato
3044 2415 3266 2483 (Matth.
3320 2430 3467 2475 χχιιι.
3506 2413 3624 2485 20).

2022 2510 2147 2565 Post
2170 2511 2461 2580 septimum
2502 2523 2555 2565 et
2590 2510 2942 2566 millesimum
2972 2524 3170 2564 artuum
3203 2510 3446 2565 solvetur
3470 2508 3631 2564 Sata-

2022 2618 2119 2658 nas
2146 2604 2215 2658 de
2245 2618 2470 2658 carcere
2496 2619 2620 2667 suo,
2646 2613 2699 2658 et
2726 2604 2871 2657 exiet
2904 2604 3169 2657 sedul-ere
3199 2609 3389 2671 gentes
3430 2598 3546 2670 Gog
3570 2609 3630 2654 et

2021 2696 2244 2766 Magog;
2270 2706 2320 2749 et
2348 2711 2684 2764 congregans
2706 2710 2799 2748 eas
2821 2693 2886 2747 ad
2918 2704 3094 2747 castra
3118 2692 3444 2747 Sanctorum
3470 2692 3627 2760 quasi

2022 2798 2356 2859 pugnaturas
2386 2803 2400 2840 :
2426 2799 2480 2840 et
2507 2787 2801 2841 descendet
2828 2786 2968 2855 ignis
2996 2785 3064 2839 de
3095 2786 3251 2848 coelo,
3285 2793 3339 2837 ct
3364 2797 3625 2837 consum-

2019 2884 2311 2938 mabuntur
2340 2897 2529 2936 omnes
2564 2882 2846 2936 homines:
2881 2892 2927 2933 et
2966 2890 3095 2933 tunc
3121 2881 3226 2933 erit
3267 2878 3507 2933 secunda
3537 2892 3627 2933 re-

2019 2977 2287 3031 surrectio
2321 2978 2466 3031 omni
2490 2976 2671 3041 carni;
2702 2974 3161 3044 etjudicabuntur
3188 2986 3383 3027 omnes
3417 2972 3626 3040 judicio

2020 3069 2116 3124 Dei
2145 3073 2289 3140 justo
2313 3086 2410 3140 pro
2431 3084 2498 3124 ρο
2529 3070 2671 3138 quod
2700 3085 2807 3123 non
2841 3067 3220 3129 crediderunt,
3252 3065 3347 3118 sed
3377 3064 3479 3118 sibi
3513 3063 3629 3132 pla-

319 3170 531 3211 summa
555 3160 828 3227 completa
860 3173 1127 3214 annorum
1159 3176 1252 3214 sex
1280 3162 1504 3215 miltium
1530 3162 1620 3215 lict
1642 3178 1918 3218 resurrec-
1947 3162 2253 3227 C'cueruut
2279 3165 2329 3217 in
2373 3163 2619 3233 justitiis.
2664 3162 2728 3216 Et
2761 3171 2881 3229 post
2925 3163 3025 3214 hoc
3049 3200 3063 3222 ,
3094 3160 3375 3212 auferetur
3421 3156 3623 3211 ctelum

268 3292 279 3301 ρ
319 3248 395 3303 tio
416 3248 660 3304 ninnium
682 3262 995 3306 sanctorum
1028 3252 1202 3308 adhuc
1225 3254 1524 3323 superstite
1551 3254 1783 3319 inuudo;
1817 3255 1912 3309 de-

316 3342 664 3397 currentibus
701 3344 867 3398 etiam
898 3345 1058 3399 annis
1093 3347 1266 3412 inille,
1304 3348 1354 3401 in
1385 3348 1579 3417 quibus
1614 3348 1780 3403 draco
1823 3346 1913 3401 ille

316 3435 571 3504 antiquus
618 3436 803 3507 (Apoc.
834 3452 925 3504 xx,
954 3438 1034 3507 5),
1065 3437 1314 3493 diabolus
1348 3448 1405 3493 et
1448 3451 1689 3506 satanas,
1719 3439 1914 3507 ligatus

315 3526 370 3582 in
403 3527 626 3598 abysso.
660 3540 1038 3599 sequestratus
1066 3532 1172 3586 erit
1199 3547 1267 3586 ne
1299 3531 1520 3586 scducat
1545 3547 1868 3602 quemquam
1898 3573 1913 3597 ,

315 3619 491 3675 donec
520 3637 969 3699 consummentur
1005 3625 1135 3679 anni
1186 3636 1325 3690 tres;
1357 3626 1446 3695 qui
1488 3628 1615 3679 anui
1672 3636 1786 3681 tres
1831 3624 1914 3679 his

314 3719 821 3775 annumerabuutur
851 3719 942 3790 qui
973 3719 1074 3774 sub
1113 3723 1273 3790 signo
1301 3720 1621 3776 Antichristi
1670 3734 1919 3776 remane-

2023 3254 2125 3310 hoc
2162 3265 2217 3310 et
2263 3268 2407 3309 terra
2441 3256 2651 3319 ista;et
2689 3252 2883 3307 civitas
2922 3253 3010 3305 illa
3039 3266 3158 3320 qua:
3199 3250 3252 3304 in
3298 3248 3627 3317 Apocalypsi

2016 3346 2281 3417 descripta
2313 3356 2418 3414 est,
2451 3356 2639 3416 parata
2669 3347 2737 3400 de
2778 3347 2918 3401 cmln
2944 3344 3242 3398 descendet
3263 3357 3388 3396 cum
3417 3341 3626 3395 divitiis

2020 3439 2111 3493 Dei
2137 3481 2151 3503 ,
2179 3444 2229 3493 in
2263 3455 2363 3509 qua
2403 3439 2532 3507 justi
2581 3440 2901 3492 habitabunt
2927 3453 2939 3489 :
2976 3448 3029 3491 et
3058 3437 3161 3490 erit
3191 3436 3390 3490 caelum
3423 3446 3623 3486 novum

2015 3540 2071 3587 et
2098 3543 2237 3588 terra
2274 3549 2433 3599 nova,
2460 3541 2516 3588 et
2547 3544 2780 3602 utraque
2808 3534 2860 3585 in
2896 3528 3258 3601 perpetuitate
3286 3526 3581 3581 manebunt
3609 3542 3623 3577 :

2018 3627 2167 3697 impii
2192 3628 2245 3680 in
2268 3626 2613 3682 ainbustione
2644 3625 3030 3695 mterna;justi
3063 3631 3244 3677 autem
3271 3634 3394 3676 cum
3429 3618 3540 3674 Deo
3567 3618 3621 3673 in

2017 3721 2127 3775 vita
2153 3734 2378 3775 aeterna.
2400 3719 2594 3775 Amen.

309 3847 3617 3872 W

755 3940 1500 4100 ‘QUINTI
1575 3948 2068 4065 sum
2145 3951 3174 4064 EILABIANI

568 4151 1298 4307 EXPOSITUM
1405 4155 1562 4303 DE
1671 4158 1897 4309 DIE
2008 4156 2513 4311 PASGIItIl
2622 4157 2774 4309 ΕΤ
2882 4152 3491 4337 MENSIS.

382 4464 424 4519 I.
453 4463 510 4519 In
568 4480 753 4528 unum,
780 4464 1000 4530 fratres.
1028 4469 1279 4525 nonnulli
1305 4485 1369 4526 nc
1398 4471 1545 4526 servi
1578 4472 1700 4537 Dei,
1732 4470 1802 4525 de
1824 4469 1908 4524 di-
1934 4476 1986 4535 Ῑ)
2012 4466 2109 4520 erit
2136 4465 2278 4519 vobis
2302 4466 2356 4519 in
2378 4467 2635 4519 mensibus
2657 4467 2802 4519 anni.
2822 4464 2961 4519 Fare
2979 4466 3150 4535 itaque
3173 4467 3241 4519 at!
3260 4482 3462 4520 omnem
3486 4468 3627 4541 Syn-

312 4556 452 4611 vinis
479 4556 776 4627 Scripturis
804 4567 860 4611 ut
903 4561 1081 4629 aliqua
1114 4570 1493 4628 tractaremus,
1532 4578 1676 4632 suape
1707 4577 1912 4616 conve-

315 4649 725 4719 nimus,ibique
772 4650 1217 4707 desiderantibus
1257 4656 1361 4720 eis,
1393 4654 1461 4709 de
1501 4654 1913 4709 PasCHALtCm-

312 4754 445 4796 ουιο
476 4757 646 4811 pauca
676 4742 897 4797 interim
930 4744 1099 4797 locuti
1122 4786 1135 4811 ,
1169 4746 1383 4815 plenam
1428 4764 1515 4802 me
1542 4748 1912 4803 exbibiturum

311 4833 576 4887 rationem
603 4835 855 4903 promisi.
896 4835 1066 4906 Igitur
1088 4837 1259 4904 jussio
1293 4837 1525 4894 fratrum
1578 4856 1757 4895 meum
1788 4856 1914 4910 pro-

311 4923 540 4980 missum
591 4927 787 4981 iterum
834 4936 891 4981 et
941 4944 1089 4995 saepe
1127 4929 1428 4995 admonuit,
1466 4944 1519 4984 ut
1550 4930 1714 4999 illud,
1766 4932 1913 5003 quod

309 5013 512 5070 dudum
535 5016 602 5071 de
636 5019 848 5072 ratione
882 5017 1112 5073 Pascha:
1129 5021 1334 5075 sensim
1368 5023 1744 5093 patienterque
1772 5031 1914 5079 trac-

311 5109 567 5174 tavimus,
602 5109 654 5163 id
684 5109 796 5178 jam
820 5110 1026 5180 scriptu
1052 5126 1177 5167 meo
1206 5112 1554 5181 deliniretur,
1586 5115 1691 5169 hoc
1722 5124 1826 5181 est,
1855 5125 1915 5171 ut

307 5217 431 5257 cum
466 5218 575 5257 non
606 5202 751 5258 aliud
794 5205 1059 5261 Dominus
1084 5205 1229 5261 Deus
1277 5208 1449 5280 Moysi
1477 5226 1639 5280 quam
1675 5211 1912 5279 primum

310 5310 557 5351 mensem
591 5295 905 5359 nominarit,
940 5306 998 5352 et
1022 5300 1073 5352 in
1104 5312 1172 5353 eo
1199 5298 1406 5356 Pascha
1452 5303 1724 5357 celebrari
1777 5319 1916 5373 prte-

309 5389 480 5460 cepit,
521 5389 714 5446 dicens
740 5408 754 5446 :
779 5389 978 5445 Mensis
1022 5391 1105 5445 hic
1145 5394 1352 5447 initium
1398 5397 1685 5464 mensium,
1717 5399 1915 5465 primus

384 5544 413 5608 ft
450 5534 575 5608 Yid.
612 5548 778 5604 supra
801 5533 1103 5607 Prolegom.
1131 5552 1247 5608 cap.
1277 5536 1332 5603 9,
1359 5534 1423 5607 ἓξ
1454 5535 1480 5590 1
1510 5546 1555 5590 et
1578 5536 1634 5589 2.

384 5604 414 5645 δ
454 5605 553 5661 Ms.
584 5610 755 5660 tertiu.

384 5684 410 5717 α
450 5676 551 5732 Ms.
584 5676 807 5743 Quarta.

2013 4574 2231 4631 agogam
2262 4557 2493 4625 ﬁliorum
2529 4556 2728 4623 Israel,
2772 4568 2827 4610 ut
2866 4558 3060 4627 faciant
3102 4556 3342 4626 Pascha,
3373 4560 3625 4630 incipim-

2014 4659 2087 4705 tes
2112 4668 2142 4703 ιι
2192 4662 2376 4720 quarta
2408 4651 2605 4705 decima
2644 4654 2833 4704 mensis
2880 4652 3037 4724 hujus
3076 4653 3145 4706 ad
3173 4670 3437 4726 vesperam
3464 4673 3627 4726 usque

2015 4749 2069 4802 in
2096 4746 2387 4799 vicesimum
2420 4747 2639 4815 primam
2676 4744 2873 4817 (Exod.
2904 4761 3002 4809 xu,
3027 4746 3083 4813 2,
3123 4748 3177 4810 5,
3213 4749 3300 4813 l8,
3330 4765 3432 4803 sec.
3468 4750 3622 4824 Lxx).

2016 4837 2175 4894 Unde
2201 4854 2333 4891 vero
2364 4840 2572 4907 primus
2599 4837 2705 4893 iste
2746 4839 2954 4893 mensis
2986 4839 3232 4908 incipiat,
3265 4843 3346 4895 vel
3381 4841 3472 4896 ubi
3506 4852 3620 4897 ter-

2018 4933 2226 4986 minum
2254 4930 2471 4994 habeat,
2503 4933 2776 5002 scriptura
2811 4933 2994 4988 divina
3024 4934 3167 4989 haud
3202 4934 3360 4988 nobis
3388 4934 3623 4990 eviden-

2018 5026 2223 5079 tissima
2252 5026 2620 5094 responsione
2660 5025 2983 5081 declaravit.
3024 5027 3133 5081 Cur
3163 5041 3295 5096 ergo
3334 5026 3497 5081 hodie
3523 5026 3623 5083 abs

2014 5116 2042 5156 ι’
2075 5119 2239 5173 tertio
2292 5133 2559 5173 nonarum
2611 5118 2923 5174 Martiarum
2974 5135 3146 5188 usijue
3201 5119 3256 5174 in
3303 5130 3325 5158 ε
3365 5129 3621 5189 quartum

2018 5228 2285 5269 nonarum
2314 5213 2584 5283 Aprilium
2617 5210 2645 5250 δ
2676 5213 2819 5268 diem
2846 5214 2973 5268 luna
3008 5214 3182 5283 prima
3222 5228 3251 5266 a
3282 5212 3443 5267 nobis
3471 5228 3625 5282 qutie-

2020 5308 2177 5371 ritur,
2208 5323 2304 5363 seu
2333 5323 2395 5363 ex
2429 5317 2452 5345 θ
2475 5308 2669 5378 quinto
2715 5307 2933 5362 decimo
2970 5305 3327 5363 kalendarum
3350 5304 3626 5376 Aprilium

2021 5399 2074 5453 in
2107 5400 2343 5470 septimo
2373 5400 2590 5474 decimo
2628 5397 2984 5454 kalendarum
3024 5398 3286 5455 Maiarum
3313 5400 3423 5468 die,
3456 5409 3516 5455 ut
3550 5401 3624 5456 sit

2095 5536 2240 5574 duc
2292 5540 2346 5574 Αἱ

2102 5538 2121 5574 α
2335 5541 2346 5552 .

2102 5619 2124 5647 ⁸
2291 5540 2477 5680 fufium
2493 5608 2717 5682 decimu.
2744 5606 2821 5662 Ita
2843 5606 3049 5678 saepius
3072 5623 3289 5681 quoque
3313 5610 3367 5666 in
3389 5623 3623 5682 sequen-

2026 5680 2173 5737 tibus
2204 5679 2588 5752 istaexprimit
2618 5679 2791 5735 codex
2813 5693 2921 5735 ms.

385 5792 405 5817 θ
441 5791 555 5850 Hoc
581 5791 898 5863 Expositum
930 5792 1126 5865 legitur
1152 5795 1295 5866 apud
1323 5794 1666 5885 Gallandium
1697 5796 1747 5851 in
1782 5795 2083 5866 appendice
2103 5798 2234 5852 tomi
2258 5812 2322 5852 ex
2355 5812 2464 5869 quo
2495 5796 2756 5852 l-lilariaui
2779 5811 2943 5868 opera
2967 5798 3356 5871 excerpsimus.
3391 5802 3547 5858 Eutr.
