4120 6186
460 234 603 294 110⁸1

1770 230 1835 301 0.
1878 229 2055 289 mur
2087 228 2443 288 HLMIMNI

451 356 647 413 quarta
677 344 912 409 decima,
943 343 1327 398 conﬁrmatur.
1350 341 1563 398 Exinde
1591 342 1926 414 ubicutrtqne
1971 356 2071 398 θοο-
2090 341 2142 402 A
2167 344 2263 413 qui
2289 343 2466 412 primo
2496 343 2651 398 [lctus
2700 350 2809 407 est,
2836 356 2901 397 ex
2951 356 3055 413 qua
3086 343 3486 399 consuetudine
3531 342 3616 399 vel
3658 354 3778 399 tra-

454 438 689 493 cnrrerlt
739 436 865 489 dies
892 434 1145 496 Paschal,
1171 434 1409 503 legitime
1438 433 1809 499 celebramus,
1842 435 2005 490 sicuti
2035 449 2071 488 ts

454 532 709 586 Panibus
730 530 933 583 nostris
956 528 1298 584 celebratum
1327 527 1701 598 traditumque
1719 544 1840 583 esse
1862 540 2073 598 cogno-

454 622 659 674 vimus.
690 619 845 673 Nunc
876 627 1091 687 tempus
1122 618 1374 683 advenit,
1395 634 1506 688 quo
1536 621 1751 674 ratione
1775 619 1917 690 legis
1945 636 2069 674 ora-

454 719 607 768 tione
631 727 749 767 mea
767 721 791 747 κ
807 710 983 765 aliare
1008 719 1209 765 cuncta
1227 710 1657 780 ordinanterque
1670 712 2065 778 discurramus,

455 806 714 861 videlicet
746 804 1049 858 retinentes
1078 838 1097 869 ν
1141 802 1289 872 quod
1317 802 1523 857 Pascha
1580 818 1694 856 non
1736 818 1763 856 a
1796 804 2067 873 principio

454 898 670 961 mundi,
701 898 798 950 sed
824 910 851 948 a
882 893 910 931 δ
940 894 1129 965 Moyse
1152 910 1309 949 sacra
1341 908 1472 949 voce
1512 896 1785 949 celebrari
1822 910 2065 964 prmccp-

454 999 568 1044 tum
594 996 699 1054 est,
733 996 792 1041 et
832 986 977 1056 quod
1034 996 1056 1024 ο
1090 1002 1279 1041 mense
1303 987 1539 1056 primum
1589 1002 1694 1041 non
1727 997 1784 1040 ut
1822 985 2067 1058 Egyptii

455 1098 523 1138 ex
572 1090 769 1150 quarto
824 1078 1181 1135 kalendarum
1239 1078 1653 1149 Septembrium
1699 1079 1817 1145 die,
1872 1090 1966 1133 aut
2006 1089 2067 1133 ut

454 1173 689 1229 Romani
730 1189 761 1228 e
798 1171 1054 1226 kalendis
1078 1170 1104 1207 ά
1143 1171 1421 1225 Ianuariis
1461 1172 1696 1240 primum
1737 1186 1895 1225 suum
1931 1173 2069 1226 inci-

456 1270 617 1337 piunt
642 1280 915 1330 mensem,
950 1264 1043 1319 sed
1075 1279 1143 1318 ex
1168 1263 1366 1317 divinae
1397 1264 1531 1333 legis
1562 1264 1891 1318 auctoritate
1921 1277 2067 1317 sem-

453 1375 575 1430 per,
602 1358 865 1427 omnique
910 1372 1058 1410 anno
1102 1356 1231 1410 luna
1263 1371 1367 1409 suo
1414 1371 1579 1411 cursu
1622 1356 1860 1426 primum
1905 1356 2066 1412 nobis

456 1458 688 1521 generat
713 1463 982 1503 mensem.
1009 1446 1119 1502 Sed
1148 1462 1394 1502 mensem
1426 1448 1591 1502 istum
1618 1448 1854 1517 primum
1902 1465 2067 1519 prop-

458 1554 542 1598 ter
572 1541 778 1596 Pascha
836 1549 1084 1594 nostrum
1130 1549 1189 1593 ut
1230 1540 1472 1611 legitime
1518 1555 1913 1609 cognoscamus
1940 1584 1953 1605 ,
1995 1542 2063 1598 ad

459 1637 729 1706 originem
756 1635 945 1689 mundi
992 1646 1143 1688 certa
1172 1636 1387 1690 ratione
1430 1635 1510 1689 ire
1564 1632 1972 1705 compellimur;
2005 1644 2065 1690 ut

2170 434 2378 490 ditione
2427 435 2510 490 sic
2537 435 2678 505 apud
2720 437 2935 505 aliquas
2960 445 3154 506 gentes
3182 438 3516 492 remansisse
3542 452 3781 507 cognm-

2169 529 2331 593 citur,
2362 540 2415 583 ut
2460 528 2604 593 apud
2651 528 2960 600 Egyptios,
2988 527 3080 597 qui
3112 530 3212 583 hos
3243 530 3485 599 quinque
3531 529 3651 584 dies
3678 544 3777 584 va-

2168 622 2323 676 civos
2370 621 2594 686 habent,
2628 637 2764 690 quos
2796 620 2831 641 ’³
2862 623 3209 695 inmusicos);
3250 623 3548 693 appellant.
3594 622 3659 676 Et
3704 621 3777 675 ab

2168 712 2439 782 aliquibus
2467 712 2903 783 descriptoribus
2931 712 3327 782 Romanis,qui
3358 714 3635 767 rationem
3658 712 3786 767 die-

2169 821 2289 859 rum
2339 805 2584 860 scribere
2635 806 2887 870 voluere,
2920 814 3075 859 atros
3114 805 3576 873 intercalaresque
3605 805 3788 862 fuisse

2169 898 2431 950 nominati
2466 906 2612 951 sunt.
2637 897 2809 951 Nemo
2837 897 2996 966 igitur
3028 897 3223 967 priscis
3248 896 3615 966 temporibus,
3645 898 3783 966 quia

2170 990 2398 1045 necdum
2431 991 2753 1045 ostenderat
2781 990 2921 1043 Deus
2946 1005 3165 1044 cursum
3188 988 3322 1044 solis
3338 1003 3401 1044 ac
3421 990 3588 1053 lunze,
3610 1004 3783 1044 nemo

2170 1082 2447 1136 hominum
2472 1081 2920 1151 apprehendebat
2941 1090 2967 1117 υ
2993 1082 3147 1135 verni
3168 1080 3477 1150 aestatisque
3494 1090 3779 1149 tempora,

2169 1178 2413 1231 autumni
2435 1186 2489 1230 et
2513 1175 2712 1231 hiemis
2741 1187 2933 1238 metas,
2964 1185 3247 1229 crementa
3266 1184 3291 1211 ο
3314 1174 3781 1244 decrementaque

2167 1268 2376 1321 dierum
2423 1282 2485 1321 ac
2541 1268 2787 1322 noctium
2833 1266 3344 1337 colligebat,quem
3396 1266 3510 1320 suis
3556 1279 3782 1336 quoque

2170 1362 2512 1432 temporibus
2531 1362 2647 1416 haec
2668 1361 2959 1416 luminaria
2984 1361 3215 1431 imperio
3247 1359 3345 1415 Dei
3372 1360 3649 1431 explicare
3678 1374 3779 1415 us-

2167 1470 2273 1526 que
2296 1454 2361 1508 ad
2392 1455 2553 1508 linem
2606 1453 2871 1523 temporis
2911 1455 3062 1523 iussa
3106 1461 3257 1508 sunt.
3290 1453 3444 1510 Unde
3495 1469 3593 1523 pro
3637 1465 3784 1510 tem-

2169 1562 2302 1617 pore
2326 1545 2435 1601 Job
2460 1546 2614 1601 illum
2667 1546 3075 1601 sanctissimum
3104 1546 3591 1616 beatissimumque
3632 1547 3785 1602 Deus

2167 1641 2520 1709 omnipotens
2548 1642 2691 1695 inter
2722 1641 2893 1695 multa
2929 1640 3292 1709 correptionis
3320 1641 3486 1695 verba
3517 1641 3685 1695 etiam
3710 1639 3785 1696 de

455 1730 603 1783 diem
635 1768 652 1795 ,
684 1730 737 1782 in
796 1742 909 1798 quo
968 1726 1261 1781 luminaria
1308 1728 1446 1783 facta
1497 1739 1623 1783 sunt
1650 1770 1665 1793 ,
1718 1729 1799 1782 vel
1847 1729 2067 1798 qualem
2097 1733 2146 1793 B
2173 1734 2275 1788 hoc
2297 1733 2606 1799 admonuit,
2634 1734 2824 1791 dicens
2854 1752 2867 1787 :
2902 1733 2970 1786 Et
3002 1734 3096 1787 hac
3117 1734 3242 1786 mihi
3268 1734 3372 1800 dic,
3401 1751 3471 1787 an
3498 1734 3633 1788 scias
3660 1750 3785 1787 cur-

456 1823 665 1877 mundo
719 1823 867 1876 Deus
919 1821 1107 1876 fecerit
1144 1822 1354 1889 lunam,
1389 1838 1720 1900 cognpseere
1757 1822 2063 1893 pessimus,

454 1917 588 1970 licet
623 1916 673 1969 in
721 1915 1136 1969 constructione
1166 1916 1353 1970 mundi
1383 1934 1487 1970 non
1541 1917 1687 1971 aliud
1730 1916 2064 1972 credendum

456 2020 557 2075 est,
597 2010 701 2063 nisi
720 2009 846 2079 quia
870 2009 1015 2062 Deus
1039 2009 1393 2078 omnipotens
1414 2010 1598 2064 omnia
1622 2009 1876 2080 aequalia,
1907 2010 2064 2080 plena

457 2103 812 2173 perfectaque
834 2100 1145 2156 constituit.

531 2196 595 2249 ll.
631 2194 1130 2250 Demonstrandum
1185 2204 1267 2250 est
1302 2195 1468 2265 igitur
1512 2197 1679 2264 primo
1717 2211 1839 2252 cum
1882 2196 2066 2251 mundi

461 2290 667 2345 fabrica
701 2287 1072 2352 inchoaretur,
1107 2288 1235 2356 quia
1260 2289 1331 2341 sit
1352 2288 1494 2354 dies,
1524 2304 1687 2358 quem
1722 2288 1871 2344 Deus
1894 2290 2070 2343 omni-

460 2394 657 2454 patens
689 2381 931 2438 creando
963 2382 1145 2435 lucem
1174 2382 1465 2436 Constituit
1492 2400 1506 2434 :
1538 2383 1593 2435 in
1620 2383 1856 2437 secundis
1884 2393 2072 2439 osten-

462 2474 679 2536 demus,
724 2474 907 2527 lnnam
941 2490 968 2526 a
1008 2474 1119 2525 Deo
1142 2474 1209 2527 ad
1247 2488 1536 2542 vesperum
1561 2486 1584 2510 υ
1617 2474 1792 2544 qualis
1823 2474 2073 2543 profecto

462 2570 533 2624 sit
578 2568 758 2633 lac-ta,
812 2568 899 2621 vel
952 2566 1175 2620 ubinam
1217 2566 1341 2635 ejus
1373 2582 1552 2622 annus
1609 2568 1770 2623 linem
1804 2569 2066 2639 accipiat:

462 2662 543 2716 sic
598 2660 787 2714 deinde
834 2658 1293 2722 fenarrabimus,
1342 2674 1509 2727 quare
1548 2660 1648 2713 abs
1691 2675 1751 2714 ιιι
1799 2676 2071 2715 nonarum

463 2752 782 2805 Martiarum
826 2736 997 2821 usque
1046 2749 1101 2804 in
1154 2766 1203 2803 tv
1236 2764 1504 2804 nonarum
1561 2751 1834 2820 Aprilium
1867 2762 1891 2799 κ
1924 2752 2076 2807 diem

465 2846 637 2913 prima
670 2845 796 2897 luna
821 2860 846 2894 a
877 2845 1036 2897 nobis
1062 2844 1347 2909 qumritur,
1382 2846 1462 2898 vel
1494 2860 1558 2899 ex
1602 2862 1669 2900 xv
1716 2846 2071 2903 kalendarum

468 2937 741 3003 Aprilium
766 2950 935 3004 usque
967 2935 1019 2988 in
1052 2934 1534 2991 xvnkalendarum
1563 2937 1827 2993 Maiarum
1870 2937 1897 2975 ¹ι
1927 2940 2071 2995 diem

466 3029 533 3083 ad
577 3028 965 3083 celebrandum
1012 3030 1220 3097 integre
1251 3029 1455 3084 Pascha
1510 3046 1598 3085 χιν
1654 3032 1969 3101 requiratur
2015 3043 2075 3088 ut

2170 1842 2289 1879 sum
2318 1826 2441 1879 solis
2472 1836 2518 1879 et
2545 1827 2684 1881 luna:
2706 1825 2848 1893 (Job.
2878 1840 3066 1891 xxvttt,
3096 1824 3229 1893 l9)?
3259 1824 3339 1879 Eu
3385 1828 3587 1896 quippe
3638 1835 3779 1881 tem-

2172 1936 2329 1991 pore,
2350 1934 2460 1990 quo
2486 1934 2515 1973 a
2550 1920 2783 1975 Domino
2824 1922 2934 1974 Deo
2963 1927 3154 1973 nostro
3188 1920 3360 1989 legem
3392 1919 3567 1991 Moysi
3596 1920 3788 1975 datam

2170 2029 2295 2069 esse
2338 2014 2727 2089 cognoscimus
2779 2022 3005 2082 propter
3070 2012 3281 2066 Pascha
3341 2011 3734 2085 celebrandum
3768 2053 3787 2079 ,

2173 2116 2199 2153 r
2231 2106 2497 2160 mensium
2531 2118 2909 2173 annorumque
2943 2103 3210 2158 rationem
3260 2119 3354 2173 per
3387 2105 3526 2157 luntc
3556 2119 3789 2161 cursum

2172 2199 2220 2253 ei
2246 2198 2489 2261 tradidit,
2520 2206 2581 2252 ut
2610 2214 2677 2250 ex
2708 2207 2735 2247 τι
2766 2196 3055 2251 neomenia
3102 2211 3351 2250 mensem
3402 2197 3637 2265 primum
3681 2212 3784 2252 seu

2172 2291 2314 2344 alios
2343 2288 2545 2345 habere
2576 2288 2868 2359 potuisset,
2896 2288 2986 2359 qui
3022 2304 3166 2343 nunc
3211 2305 3277 2343 ex
3311 2290 3446 2359 legis
3490 2290 3784 2346 traditione

2172 2381 2467 2447 colligitur,
2498 2382 2541 2434 si
2572 2380 2735 2435 modo
2773 2380 2840 2446 is,
2866 2381 2959 2448 qui
2987 2380 3247 2450 colligere
3288 2382 3436 2445 velit,
3472 2380 3786 2451 diligentis-

2174 2473 2311 2527 sime
2338 2481 2735 2540 perscrutctur,
2769 2470 2857 2526 cui
2883 2471 2958 2526 rei
2978 2486 3077 2525 nos
3097 2486 3319 2541 operam
3348 2471 3544 2527 dantes
3568 2473 3787 2541 singula

2173 2566 2521 2635 exponimus,
2572 2564 2934 2633 incipientes,
2983 2574 3041 2617 ut
3092 2564 3331 2619 diximus
3359 2606 3373 2629 ,
3406 2579 3437 2618 a
3482 2563 3573 2620 die
3606 2565 3787 2634 primo

2177 2656 2383 2712 mundi.

2248 2749 2334 2805 IV.
2378 2747 2444 2802 In
2474 2749 2726 2823 principio
2750 2792 2762 2812 ,
2788 2749 2965 2819 inquit
3000 2749 3236 2819 Moyses,
3278 2748 3397 2818 fecit
3434 2747 3572 2801 Deus
3600 2748 3783 2801 uelum

2175 2849 2221 2893 et
2243 2849 2453 2905 terram,
2480 2850 2615 2893 terra
2637 2851 2811 2894 autem
2836 2850 2943 2893 erat
2966 2839 3238 2893 invisibilis
3260 2850 3305 2893 et
3340 2840 3710 2907 incomposita,
3735 2849 3783 2894 et

2173 2933 2391 2987 tenebrat:
2408 2942 2551 2986 erant
2583 2949 2738 2998 super
2759 2935 3003 3003 abyssum
3031 2944 3074 2985 et
3104 2932 3318 2998 spiritus
3353 2930 3451 2984 Dei
3489 2916 3786 3002 superfere-é

2175 3024 2322 3078 batur
2349 3040 2503 3092 super
2540 3041 2721 3092 aquas.
2751 3023 2818 3077 Et
2847 3025 2977 3078 dixit
3011 3024 3176 3088 Deus,
3208 3024 3297 3093 ﬁat
3326 3024 3439 3088 lux,
3467 3035 3512 3076 et
3543 3025 3681 3093 [arta
3710 3034 3785 3077 est

467 3123 617 3176 omni
641 3139 701 3175 ex
737 3132 890 3189 parte
919 3121 1283 3190 prter-ludatur
1324 3121 1504 3175 aditus
1538 3120 1549 3158 ί
1584 3123 1699 3187 his,
1730 3124 1823 3191 qui
1854 3135 2068 3179 contra-

2180 3118 2289 3170 lux.
2320 3115 2386 3169 Et
2414 3118 2538 3169 vidit
2569 3115 2708 3171 Deus
2731 3118 2917 3183 lucem,
2945 3118 3063 3186 quia
3091 3116 3225 3171 bona
3256 3127 3356 3184 est,
3380 3129 3426 3170 et
3451 3119 3625 3171 divisit
3646 3119 3784 3173 inter

468 3215 799 3269 dictionibus
822 3215 1067 3280 student,
1094 3230 1162 3267 ne
1192 3216 1243 3269 in
1268 3215 1453 3285 aliquo
1476 3230 1577 3269 nos
1600 3216 1778 3270 minus
1804 3217 2074 3273 rationem

474 3310 487 3359 i
528 3309 845 3363 delinivisse
874 3308 1231 3361 arbitrentur.

542 3400 627 3455 Ill.
664 3399 798 3453 Cum
831 3403 1064 3453 necdum
1116 3412 1263 3454 05set
1300 3399 1384 3453 lex
1426 3400 1496 3453 ab
1552 3399 1928 3468 otnttipotente
1969 3401 2075 3454 Do-

473 3493 623 3546 mino
656 3493 875 3555 tradita,
906 3491 1156 3544 homines
1217 3491 1270 3543 itt
1300 3505 1463 3544 cursu
1497 3490 1638 3543 lunre
1679 3493 1875 3561 smpius
1907 3492 2072 3546 bursi-

470 3586 677 3639 tahant.
710 3584 811 3639 Alii
833 3583 887 3637 in
912 3585 1099 3636 orbem
1118 3582 1359 3651 plenam,
1379 3583 1553 3651 qualis
1578 3582 1675 3636 Dei
1694 3583 1847 3652 jussu
1871 3584 2075 3639 mundo

470 3685 586 3729 orta
613 3676 806 3738 fuerat,
843 3675 1068 3744 primam
1124 3674 1507 3743 appellabant,
1540 3676 1629 3728 alii
1672 3676 1819 3728 aliud
1862 3678 2070 3732 sentie-

469 3769 619 3822 bant.
664 3768 878 3821 “(30385
926 3767 1089 3837 igitur
1140 3767 1515 3821 tantummodo
1562 3783 1659 3836 per
1718 3769 2069 3823 tricenarinm

472 3877 757 3915 numerum
807 3869 1210 3928 computantes,
1247 3860 1297 3913 in
1334 3861 1594 3914 trecentis
1644 3862 1924 3929 sexaginta
1957 3861 2074 3915 die-

470 3953 571 4005 bus
596 3967 815 4005 cursum
843 3950 1129 4005 duodecim
1154 3948 1180 3987 k
1210 3951 1477 4005 mensium
1525 3949 1903 4021 explicabat“,
1933 3954 2074 4008 sicut

469 4051 686 4110 tempus
713 4044 842 4096 illud
862 4042 1051 4096 diluvii
1078 4042 1358 4097 Gencseos
1385 4043 1668 4111 Scriptura
1702 4042 1938 4098 tricenos
1957 4044 2071 4100 dies

468 4134 523 4186 in
575 4144 758 4186 mense
806 4132 1117 4185 cucurrisse
1168 4142 1526 4186 monstratur.
1556 4133 1811 4201 Quinque
1863 4135 2073 4191 scilicet

466 4225 608 4287 dies,
636 4224 724 4291 qui
749 4232 1042 4290 supersunt
1069 4221 1137 4275 ad
1177 4236 1380 4276 anmnn
1408 4220 1726 4287 ﬁniendum,
1758 4223 1815 4278 in
1865 4236 2073 4281 [nemos

466 4315 603 4369 riam
630 4314 848 4369 fabrica:
876 4314 966 4367 Dei
992 4314 1149 4367 vacui
1181 4315 1625 4370 nominabantur.
1650 4316 1900 4388 Quinque
1921 4322 2067 4376 enim

468 4407 661 4461 diebus
690 4406 995 4459 fabricatus
1024 4414 1109 4459 est
1153 4406 1406 4471 mundus,
1446 4407 1611 4461 homo
1640 4424 1770 4462 vero
1800 4420 1953 4465 sexto
1981 4412 2069 4469 die

2177 3210 2340 3261 lucem
2366 3216 2411 3261 et
2443 3209 2695 3262 tenebras.
2733 3208 2799 3261 Et
2832 3210 3029 3261 vocavit
3064 3208 3200 3263 Deus
3231 3210 3395 3264 lucem
3435 3210 3593 3277 diem,
3628 3221 3675 3264 et
3704 3222 3782 3265 te-

2178 3300 2359 3354 nebras
2380 3301 2571 3353 vocavit
2598 3310 2814 3354 noctem.
2844 3298 2912 3354 Et
2934 3301 3130 3368 factum
3156 3310 3230 3356 est
3253 3318 3478 3370 vespere,
3508 3314 3551 3355 et
3572 3302 3781 3369 factum

2176 3403 2247 3446 est
2270 3408 2419 3446 mane
2446 3393 2555 3447 dies
2588 3409 2738 3446 unus.
2772 3392 2836 3445 Et
2864 3394 3036 3446 divisit
3066 3392 3202 3447 Deus
3228 3395 3361 3447 inter
3382 3395 3541 3448 lucem
3570 3405 3617 3445 et
3641 3402 3781 3449 tene-

2176 3483 2315 3548 bras,
2349 3483 2450 3537 hoc
2497 3491 2600 3547 est,
2631 3484 2843 3537 libravit
2872 3483 3017 3538 diem
3052 3494 3104 3538 et
3136 3492 3352 3539 noctem
3385 3482 3539 3555 (Gen.
3579 3484 3634 3549 l,
3664 3485 3777 3551 1-5,

2154 3591 2277 3627 sec.
2313 3568 2502 3641 LXX).
2529 3573 2609 3629 Ad
2638 3575 2937 3644 jussionem
2965 3575 3108 3630 enim
3138 3577 3228 3629 Dei
3278 3576 3367 3629 lux
3410 3574 3545 3629 facta
3592 3580 3658 3629 ita
3691 3584 3774 3629 te-

2178 3668 2371 3723 nebras
2425 3666 2742 3733 intercidit,
2775 3678 2829 3721 ut
2861 3682 3055 3721 cursus
3101 3668 3243 3722 inter
3274 3678 3504 3739 utraque
3550 3667 3777 3738 :rqualis

2175 3768 2485 3828 appareret,
2510 3769 2562 3813 et
2579 3757 2901 3828 exindejam
2926 3760 3045 3815 dies
3066 3775 3131 3815 ac
3153 3776 3258 3814 nox
3276 3770 3549 3815 crementa
3573 3771 3663 3815 etr
3680 3760 3776 3815 de-

2175 3860 2453 3906 crementa
2501 3851 2710 3905 alterna
2739 3851 2855 3905 vice
2902 3850 3262 3921 susciperent,
3295 3863 3348 3906 et
3409 3862 3651 3923 tempora
3681 3852 3773 3907 de-

2177 3946 2561 3998 monstrarent.
2592 3943 2747 3998 Sicut
2790 3946 2933 3998 enim
2968 3951 3110 3998 terra
3138 3950 3193 3998 et
3218 3945 3387 3997 maria
3417 3960 3632 3999 omnem
3658 3946 3777 3997 ani—

2175 4050 2315 4089 mam
2360 4034 2535 4088 vivam
2579 4035 2723 4090 Deus
2762 4036 3138 4106 omnipotens,
3171 4038 3349 4107 primo
3382 4040 3434 4092 in
3484 4048 3643 4093 aetate
3690 4040 3776 4093 in-

2178 4139 2323 4198 tcgra
2354 4127 2421 4181 ad
2471 4144 2806 4197 genus,nec
2856 4145 2960 4182 non
3016 4140 3072 4183 et
3119 4144 3312 4184 omnes
3351 4129 3561 4185 fructus
3613 4139 3775 4185 terra:

2176 4224 2445 4291 perfectos
2475 4237 2598 4276 cum
2631 4224 2743 4277 suis
2771 4222 3069 4278 seminibus
3101 4236 3226 4277 mox
3271 4224 3435 4291 jussit
3484 4225 3660 4286 educi,
3697 4224 3775 4279 sic

2173 4312 2372 4368 deinde
2398 4315 2664 4385 imprimis
2692 4314 2828 4369 lucis
2846 4330 2907 4367 ac
2937 4316 3282 4369 tenebrarum
3312 4317 3547 4386 spatium
3579 4317 3775 4386 aequali

2172 4419 2332 4458 cursu
2356 4406 2656 4459 constituit.
2710 4406 2811 4459 Iste
2845 4407 3004 4474 igitur
3030 4407 3149 4460 dies
3183 4407 3390 4476 primus
3421 4409 3775 4478 cognoscitur

471 4511 592 4569 post
631 4499 811 4554 omnia
856 4495 1033 4552 factus
1062 4508 1168 4566 est,
1203 4514 1269 4553 ex
1294 4515 1401 4570 quo
1422 4500 1586 4553 etiam
1613 4500 1703 4556 die
1755 4503 1820 4557 ad
1863 4498 2060 4561 duode-
2091 4508 2143 4569 1]
2172 4512 2314 4563 esse,
2348 4496 2438 4568 qui
2468 4499 2519 4552 in
2548 4498 2755 4569 origine
2785 4497 2955 4553 factus
2978 4507 3083 4564 est,
3111 4499 3163 4553 in
3192 4515 3298 4569 quo
3329 4501 3502 4555 lucem
3530 4512 3768 4556 noctem-

464 4593 570 4647 cim
624 4591 1020 4661 percurrendos
1050 4606 1270 4646 menses
1324 4602 1611 4661 computus
1654 4593 1705 4648 ei
1733 4595 1941 4650 dierum
1967 4598 2067 4653 fuit

462 4689 837 4738 trecentorum
889 4683 1174 4751 sexaginta
1220 4684 1269 4735 in
1322 4683 1493 4751 pridie
1531 4684 1637 4739 diei
1681 4684 1824 4739 illius
1852 4727 1868 4754 ,
1898 4703 2062 4758 quem

466 4775 642 4847 primo
680 4775 965 4829 consuluit
990 4773 1148 4828 Deus.
1182 4774 1434 4845 Quinque
1463 4775 1664 4832 deinde
1701 4775 1713 4814 ι
1748 4778 1922 4834 vacivi
1946 4780 2064 4836 dies

412 4946 415 4947 ν
464 4872 688 4926 fuerunt
719 4880 891 4937 usque
918 4866 969 4919 in
1001 4866 1175 4936 pridie
1204 4867 1504 4924 nativitatis
1525 4869 1768 4940 ejusdem
1802 4870 2059 4943 hominis,

540 5030 567 5063 ⁸
608 5022 917 5094 Legendum
958 5020 1174 5089 dﬂ'abre.

540 5097 567 5135 δ
608 5097 705 5151 Ms.
740 5094 977 5165 Moysen.

543 5179 565 5205 «τ
607 5164 864 5232 Scilicet,
885 5164 1023 5235 quod
1048 5167 1238 5222 mensis
1264 5169 1462 5239 primus
1516 5173 1661 5230 nobis
1710 5180 1774 5236 sit
1820 5182 2067 5236 determi-

467 5239 692 5294 nandus.

538 5308 564 5346 ιι
605 5307 703 5362 Ms.
729 5305 995 5361 Januarii.

540 5390 563 5417 °
603 5379 735 5434 Scil.
761 5382 951 5448 factum
979 5384 1028 5432 et
1051 5378 1159 5433 ubi.

542 5449 561 5487 ἲ
605 5450 704 5502 Ms.
734 5448 1106 5502 enarrarimus.

537 5531 562 5568 8
602 5519 700 5573 Ms.
730 5516 851 5572 Die.

536 5588 565 5625 ιι
596 5591 692 5643 Ms.
724 5587 846 5642 Dis.

542 5656 560 5694 ί
604 5657 701 5733 his.
736 5659 777 5733 is
811 5664 1070 5733 pt_stepe.

543 5734 554 5773 t
605 5723 701 5777 Ms.
731 5723 988 5795 deﬁnisse.

2172 4610 2276 4664 que
2328 4592 2585 4648 Dominus
2636 4592 2779 4647 Deus
2830 4592 2951 4647 fecit
2983 4594 3268 4663 athalem,
3306 4601 3326 4627 ³
3380 4596 3531 4648 verni
3560 4594 3773 4648 scilicet

2172 4698 2437 4761 tempore,
2489 4704 2597 4760 quo
2634 4697 2797 4757 caput
2850 4687 2975 4742 anni
3027 4703 3151 4743 esse
3200 4686 3375 4742 voluit
3421 4690 3769 4759 omnipotens

2171 4780 2336 4837 Deus.

2247 4876 2307 4931 V.
2350 4874 2458 4931 Isto
2514 4873 2675 4946 igitur
2734 4883 2977 4945 tempore
3027 4870 3314 4929 fabricavit
3367 4884 3422 4929 et
3480 4870 3767 4928 mundum.

2243 5038 2268 5077 ¹τ
2310 5038 2410 5095 Ms.
2443 5052 2803 5106 epagomenos.

2246 5110 2263 5149 1
2320 5110 2511 5164 Vacivi.
2544 5108 2672 5178 Leg.
2700 5108 2841 5166 forte
2871 5112 3040 5177 vacui,
3085 5121 3143 5166 ut
3171 5114 3333 5182 paulo
3385 5123 3530 5170 ante.
3582 5113 3672 5169 Sic
3715 5123 3767 5169 et

2168 5182 2333 5255 paulo
2347 5189 2505 5255 post.

2236 5264 2273 5289 ω
2314 5252 2414 5305 Ms.
2443 5265 2800 5320 epagomenos.

2238 5330 2266 5358 ιι
2318 5319 2724 5389 νεήκεοὴιὶςθῑ.

2246 5403 2270 5429 ο
2445 5392 2869 5465 detrimentaque.

2241 5473 2268 5513 P
2306 5462 2403 5516 Ms.
2434 5478 2685 5517 mensum.

2240 5543 2267 5583 ς
2307 5533 2404 5587 Ms.
2438 5534 2654 5588 eomeia.

2239 5613 2261 5641 τ
2304 5604 2404 5659 Ms.
2429 5604 2751 5660 detrimenta.

2239 5681 2260 5709 ⁶
2302 5671 2444 5745 Lege
2473 5674 2625 5730 reris.
