4120 6186
353 246 495 308 1103

1279 241 1677 303 EXPOSITUM
1715 243 1807 303 DE
1846 242 1965 303 DIE
2001 242 2297 303 PASCHE
2339 242 2427 301 ΕΤ
2466 243 2731 303 MENSIS.

3508 244 3652 303 1110

351 365 490 419 Ante
534 363 714 418 omnia
742 362 887 418 enim
930 369 1173 432 tempora
1221 360 1385 417 etiam
1417 368 1629 430 tempus
1655 359 1801 417 istud
1832 360 1942 429 pri-
1969 364 2022 422 Α
2047 373 2077 413 a
2107 360 2240 425 Deo,
2272 360 2577 417 retinentes
2605 358 2819 431 vigilias
2849 358 3075 418 Pascha}
3122 361 3372 421 initiante
3419 376 3649 434 vespera

350 472 441 512 mo
482 455 823 513 constituere
868 454 1119 526 dignatus
1165 464 1251 513 est
1299 452 1600 517 Dominus,
1629 451 1774 520 quod
1830 466 1943 521 prae

348 547 563 605 exteris
616 547 688 601 sit
736 545 1013 611 blandus,
1060 546 1205 602 aeris
1245 544 1506 613 qualitate
1551 542 1803 609 libratus,
1835 556 1945 612 quo

351 650 545 697 cuneta
570 648 729 695 terrae
772 638 1047 694 nascentia
1078 636 1320 707 glacialis
1350 636 1545 692 hiemis
1593 642 1811 703 torpore
1840 634 1939 691 de-

353 732 560 796 functo,
589 740 644 785 et
672 732 796 786 laeto
825 732 927 785 hoe
975 732 1124 785 verni
1159 728 1417 799 temporis
1471 742 1600 783 aere
1647 734 1937 796 suscepto,

354 825 408 880 in
434 824 612 879 varios
642 824 842 878 diversi
873 824 1092 893 generis
1118 821 1282 878 ﬂores
1341 822 1655 891 seminaque
1688 834 1943 892 prorum-

351 927 523 990 punt;
564 928 620 973 ut
662 918 852 973 laudes
895 917 1292 986 quodammodo
1336 917 1499 971 etiam
1540 916 1655 986 ipsa
1712 914 1944 970 Domino

350 1013 592 1070 Creatori
616 1013 865 1069 fecundis
904 1012 1266 1083 primitiarum
1308 1013 1571 1068 fructibus
1598 1026 1721 1069 eum
1762 1011 1941 1067 homi-

350 1125 476 1165 num
519 1108 673 1163 festis
699 1108 1005 1178 gratissima
1038 1106 1321 1162 suavitatis
1366 1106 1647 1162 fertilitate
1689 1104 1942 1161 concele-

348 1201 525 1267 brent,
558 1200 614 1255 in
640 1215 749 1269 quo
778 1199 943 1256 etiam
993 1214 1135 1254 nunc
1177 1199 1453 1255 institutus
1480 1214 1509 1252 a
1564 1197 1795 1253 Domino
1833 1196 1946 1267 prio

347 1309 467 1349 mus
513 1295 751 1349 occurrit
792 1293 1178 1361 miiuinoetius,
1210 1291 1304 1362 qui
1338 1291 1641 1349 secundum
1667 1290 1947 1360 cognomi~

328 1386 620 1441 nationem
654 1394 683 1423 ει
710 1384 978 1439 mensium
1030 1384 1400 1439 Romanorum
1447 1398 1544 1438 vm
1588 1380 1944 1437 kalendarum

347 1477 614 1547 Aprilium
665 1476 958 1533 invenitur.
1003 1476 1141 1531 Hine
1182 1491 1316 1546 ergo
1365 1475 1577 1531 initium
1631 1484 1938 1540 sumentes,

348 1572 599 1626 universa
624 1585 743 1639 qua:
771 1569 1175 1640 proposuimus,
1211 1568 1583 1624 decurremus.

418 1664 510 1720 VI.
544 1664 619 1719 De
658 1662 749 1718 die
783 1664 959 1732 primo
984 1662 1173 1718 mundi
1212 1664 1376 1717 locuti
1410 1662 1651 1718 breviter
1680 1661 1945 1731 explicui-

2044 451 2403 509 celebramus.

2119 543 2225 598 \’lI.
2252 543 2639 610 Exposuimus,
2670 546 2797 601 luna
2822 563 2850 601 a
2897 544 3125 601 Domino
3157 546 3336 615 qualis
3363 548 3436 603 sit
3464 564 3493 601 v
3542 547 3640 603 ka-

2043 637 2460 707 lendasApriles
2486 639 2553 694 ad
2587 654 2871 708 vesia-rain
2916 641 3075 694 tacta.
3106 639 3265 695 Nune
3312 650 3365 695 et
3416 641 3505 696 ubi
3551 656 3652 696 an-

2043 744 2173 782 num
2220 744 2379 785 suum
2435 733 2787 800 explicuerit,
2829 732 3291 789 demonstremus.
3341 733 3448 788 Iste
3499 734 3646 790 enim

2042 833 2219 875 anuus
2241 823 2453 877 caeteris
2474 825 2632 878 anuis
2659 824 2950 879 terminum
2976 826 3176 895 posuit.
3202 825 3311 881 Sed
3330 826 3472 895 quod
3497 842 3651 881 men-

2043 928 2133 968 ses
2179 924 2235 968 et
2287 929 2481 981 annos,
2512 927 2570 969 ut
2620 932 2787 986 supra
2841 920 3436 985 memoravimus,suo
3486 934 3649 975 cursu

2044 1005 2170 1061 luna
2199 1006 2601 1062 demonstraret
2648 1024 2743 1077 per
2789 1012 3129 1076 neomenias,
3165 1011 3215 1064 id
3249 1020 3351 1074 est,
3382 1027 3555 1066 novos
3588 1026 3653 1066 ac

2044 1099 2222 1169 primo
2247 1098 2364 1155 dies
2392 1095 2419 1134 λ
2446 1114 2721 1165 mensum,
2749 1115 2886 1170 quos
2921 1112 3150 1171 generat
3194 1101 3347 1166 luna,
3382 1101 3650 1159 Dominus

2047 1193 2189 1248 Deus
2220 1208 2315 1246 sua
2340 1193 2632 1249 testatione
2670 1192 2935 1247 declarat.
2966 1193 3057 1249 Sic
3100 1194 3247 1248 enim
3293 1204 3348 1250 et
3388 1194 3652 1263 scriptum

2046 1293 2129 1339 est
2160 1302 2173 1337 :
2206 1284 2273 1338 Et
2292 1286 2495 1338 locutus
2518 1296 2591 1338 est
2622 1284 2877 1341 Dominus
2909 1284 3055 1340 Deus
3075 1289 3142 1340 ad
3164 1285 3404 1358 Moysen,
3435 1289 3654 1344 dicens:

2047 1377 2115 1433 In
2145 1380 2227 1433 die
2274 1381 2442 1449 primo
2469 1381 2749 1435 neomeniw
2778 1382 2969 1436 mensis
3016 1384 3172 1453 primi
3224 1383 3238 1420 ί
3286 1384 3547 1438 dedicabis
3575 1393 3654 1438 ta-

2046 1474 2383 1529 bernaculum
2432 1475 2713 1529 testimonii
2744 1474 2943 1546 (Exod.
2994 1492 3089 1542 XL,
3123 1478 3177 1540 1,
3221 1477 3277 1541 2,
3306 1494 3407 1534 sec.
3460 1478 3654 1550 LXX).

2047 1565 2114 1620 Et
2142 1566 2247 1620 alio
2273 1567 2413 1632 loco,
2443 1580 2565 1621 cum
2596 1567 2664 1621 de
2692 1566 2997 1628 sacriﬁciis.
3039 1569 3257 1638 quando
3286 1580 3340 1624 et
3379 1570 3654 1639 quomodo

2047 1658 2232 1716 oﬂ'erri
2262 1659 2547 1725 deberent,
2582 1659 2692 1714 ait:
2724 1660 2901 1715 Etiam
2938 1661 3165 1728 o/feretis
3204 1664 3489 1731 sacriﬁcia,
3522 1674 3570 1717 et
3599 1664 3655 1717 in

349 1773 487 1811 mus.
516 1755 635 1813 Jam
689 1756 757 1811 ad
801 1756 942 1810 luna:
988 1756 1252 1810 rationem
1298 1756 1599 1810 veniamus.
1633 1753 1944 1809 Transaetis
1972 1764 2019 1824 Β
2047 1756 2325 1813 neomeniis
2368 1755 2554 1808 mensis
2585 1770 2648 1809 ex
2696 1771 2867 1808 mense
2905 1755 2959 1809 in
2999 1757 3259 1811 mensibus
3304 1758 3429 1810 anni
3462 1756 3653 1829 (Num.

347 1849 491 1904 enim
520 1850 697 1904 tribus
716 1847 934 1913 diebus,
957 1856 1151 1918 quarto
1172 1847 1283 1913 die,
1310 1847 1361 1902 id
1387 1858 1492 1915 est,
1526 1862 1559 1900 v
1586 1846 1943 1902 kalendarum

348 1943 613 2011 Aprilium
640 1942 695 1997 in
724 1943 895 2012 signis
941 1942 1408 2011 temporibusque,
1439 1940 1654 2005 diebus,
1705 1950 1758 1995 et
1789 1940 1945 1995 annis

349 2037 491 2093 haud
523 2039 683 2093 simul
717 2038 1003 2092 luminaria
1036 2046 1163 2092 sunt
1215 2038 1532 2091 constituta.
1591 2035 1744 2091 Licet
1798 2035 1943 2090 enim

350 2147 456 2185 uno
484 2131 568 2185 die
588 2139 713 2185 sunt
740 2129 900 2193 facta,
932 2139 1111 2185 tamen
1140 2130 1279 2185 Deus
1330 2130 1678 2198 Omnipotens
1699 2168 1715 2194 ,
1746 2139 1806 2184 ut
1833 2130 1945 2185 cla-

348 2236 467 2279 rum
518 2224 675 2277 nobis
702 2223 940 2279 efﬁceret
990 2223 1166 2286 diem,
1221 2224 1391 2278 solem
1444 2238 1605 2277 mane
1634 2224 1937 2278 constituit.

348 2313 829 2384 Appropinquante
864 2314 1024 2383 igitur
1053 2324 1213 2370 nocte
1241 2316 1296 2369 in
1328 2330 1584 2369 numeros
1614 2324 1667 2369 et
1697 2323 1943 2383 tempora

346 2408 497 2460 vario
523 2419 682 2460 cursu
708 2405 1015 2461 volventem
1041 2408 1430 2463 menstrualem
1461 2407 1697 2462 instituit
1719 2408 1902 2463 lunam
1925 2426 1939 2464 :

349 2513 470 2568 qua:
497 2498 624 2553 luna
653 2488 718 2552 ad
751 2512 1038 2568 vesperum
1071 2511 1262 2569 quarta
1285 2500 1497 2555 decima
1520 2497 1546 2537 ι)
1570 2499 1777 2555 dodran
1804 2500 1941 2555 facta

350 2598 456 2655 est,
497 2604 559 2644 ea
588 2591 820 2655 ratione,
852 2599 982 2647 utet
1030 2607 1220 2647 omnes
1246 2592 1430 2662 prima:
1461 2594 1640 2647 noctis
1688 2592 1943 2647 tenebras

350 2682 670 2751 illustraret,
702 2692 982 2755 totamque
1010 2695 1361 2755 percurreret
1386 2696 1625 2751 noctem,
1656 2697 1712 2741 et
1757 2696 1816 2741 ut
1844 2686 1941 2741 ho-

352 2776 481 2830 mini
530 2792 693 2843 novo,
739 2777 825 2831 cui
857 2776 973 2833 haec
1020 2778 1281 2833 Dominus
1311 2778 1453 2833 Deus
1497 2777 1943 2844 iaciebat,sexto

348 2868 641 2936 die,sicnti
676 2871 789 2939 jam
826 2872 907 2927 sol
936 2871 1041 2925 diei
1075 2871 1246 2927 factus
1288 2872 1379 2938 sit,
1416 2872 1485 2925 ita
1517 2872 1565 2926 ei
1605 2871 1757 2926 aliud
1803 2885 1942 2940 opus

349 2962 474 3017 luna
527 2964 676 3017 nocti
722 2965 1013 3033 proﬁciens
1067 2964 1367 3035 procedere
1418 2966 1716 3030 videretur,
1748 2981 1815 3020 ne
1846 2965 1942 3021 de-

345 3063 524 3110 sertus
548 3069 579 3110 a
630 3056 767 3110 lucis
798 3066 820 3094 ο
854 3058 1033 3121 exitu,
1062 3056 1300 3126 solisque
1324 3057 1571 3112 claritate
1594 3097 1611 3123 ,
1636 3056 1943 3125 insperatos

2046 1864 2233 1913 xxvut,
2267 1849 2356 1912 11,
2389 1846 2605 1913 14,εεε.
2639 1847 2828 1919 LXX).
2855 1848 2912 1903 In
2946 1849 3086 1903 libro
3132 1852 3298 1905 etiam
3333 1850 3653 1919 Ilegnorum

2046 1940 2248 1995 dictum
2276 1948 2359 1994 est
2391 1956 2403 1991 :
2436 1937 2566 1994 Cum
2594 1956 2649 1993 se
2678 1940 3014 1995 absconderet
3038 1938 3233 2007 David,
3274 1942 3457 1996 timens
3481 1958 3652 2014 regem

2047 2035 2199 2101 Sani,
2226 2044 2274 2087 et
2302 2037 2441 2104 facta
2468 2043 2589 2087 sunt
2612 2036 2904 2099 neontenia,
2927 2045 2976 2087 et
3016 2036 3227 2087 intravit
3264 2033 3379 2089 Rea:
3405 2036 3473 2087 ad
3510 2051 3653 2089 mens-

2044 2142 2175 2191 sam,
2204 2136 2256 2179 ut
2302 2129 2667 2194 manducaret,
2693 2137 2739 2180 et
2769 2144 2885 2180 cum
2933 2144 2993 2181 eo
3036 2128 3178 2181 soliti
3231 2129 3455 2181 conviva:
3496 2142 3645 2181 rene-

2042 2230 2184 2273 runt.
2218 2217 2388 2274 David
2412 2230 2583 2274 autem
2628 2238 2731 2274 non
2774 2222 2983 2274 intravit
3033 2237 3151 2275 cum
3188 2238 3271 2283 eo,
3317 2231 3364 2274 et
3405 2224 3653 2291 apparuit

2046 2313 2189 2367 locus
2209 2316 2342 2385 ejus,
2372 2323 2420 2366 et
2464 2313 2595 2367 nihil
2623 2314 2825 2368 locutus
2856 2322 2930 2368 est
2958 2313 3090 2368 Saul
3112 2314 3201 2366 illo
3230 2313 3339 2380 die,
3361 2323 3410 2366 et
3446 2315 3644 2383 [aetum

2044 2418 2117 2461 est
2147 2409 2201 2462 in
2224 2409 2505 2462 crastinum
2532 2410 2586 2461 in
2609 2408 2838 2463 secundo
2865 2409 2948 2461 die
2985 2409 3173 2460 mensis
3198 2407 3387 2477 (υἷες.
3431 2423 3525 2472 xx,
3552 2407 3653 2461 Q4-

2043 2498 2135 2561 26,
2165 2515 2269 2553 sec.
2300 2498 2487 2568 LXX).
2519 2498 2574 2552 In
2607 2499 2835 2554 Psalmis
2867 2513 3083 2569 quoque
3126 2497 3337 2552 dictum
3368 2508 3452 2552 est
3503 2498 3650 2551 :Lu-

2044 2611 2164 2649 nam
2196 2597 2364 2662 posuit
2385 2592 2528 2647 Deus
2552 2596 2607 2647 in
2632 2603 2864 2663 tempora
2892 2592 3068 2667 (Psal.
3090 2608 3205 2657 cui,
3254 2592 3365 2663 19).
3400 2592 3565 2662 Igitur
3596 2592 3651 2645 iu

2044 2686 2233 2756 viginti
2282 2701 2478 2740 novem
2524 2686 2693 2740 semis
2734 2685 2851 2740 dies
2899 2685 3041 2739 luna:
3090 2685 3328 2753 explicat
3379 2700 3645 2740 mensem.

2044 2775 2424 2846 Quapropter?
2452 2776 2577 2845 quia
2606 2790 2719 2829 non
2760 2776 2972 2845 penitus
3003 2782 3222 2829 tenuata
3271 2774 3391 2829 luce
3439 2776 3644 2830 (initur.

2043 2870 2312 2934 Gteterum
2340 2868 2451 2939 jam
2497 2868 2642 2923 aliud
2675 2884 2813 2938 opus
2844 2878 3011 2934 esset,
3052 2883 3157 2922 non
3202 2867 3256 2923 id
3296 2868 3441 2937 quod
3472 2872 3650 2938 primo

2043 2964 2246 3019 fecerat
2266 2963 2613 3032 onmipotens
2643 2963 2807 3018 Deus.
2843 2962 3141 3019 Tricesima
3163 2978 3293 3033 ergo
3320 2962 3647 3019 lunalatens

2044 3058 2100 3113 in
2142 3058 2377 3113 semisse
2424 3065 2668 3112 cavatur.
2702 3056 3005 3113 Duodecies
3063 3057 3225 3127 igitur
3273 3058 3442 3114 vicies
3471 3071 3647 3113 nonus

344 3161 440 3202 seu
460 3147 605 3202 solas
646 3147 902 3204 tenebras
932 3156 1230 3218 pateretur.
1263 3149 1340 3203 Eo
1384 3149 1530 3204 enim
1573 3158 1820 3220 tempore
1854 3150 1941 3205 lu-
1967 3145 2012 3207 C
2046 3153 2210 3209 semis
2234 3152 2545 3207 efﬁciuntur
2564 3151 2682 3208 dies
2706 3152 2932 3207 trecenti
2966 3151 3351 3221 quinquaginta
3386 3158 3641 3220 quatuor.

345 3254 467 3295 nam
512 3240 674 3295 talem
699 3256 859 3297 mane
896 3242 1039 3312 quod
1068 3244 1271 3309 oritur,
1302 3244 1382 3297 sol
1418 3240 1647 3312 respicit
1687 3244 1738 3298 in
1783 3245 1941 3299 Occi—

341 3329 583 3397 dentem,
611 3332 662 3386 in
685 3332 1030 3387 inchoatione
1060 3350 1190 3389 vero
1218 3335 1392 3388 noctis
1422 3346 1542 3404 post
1562 3332 1587 3371 ἀ
1619 3335 1936 3392 abscessum

340 3422 499 3488 lucis,
539 3434 1048 3494 eonsummatosque
1073 3440 1266 3481 cursus
1298 3426 1451 3492 solis,
1484 3443 1606 3498 quae
1652 3443 1775 3482 eum
1823 3430 1935 3483 vir-

340 3525 454 3571 tute
480 3518 618 3572 Iucis
646 3534 756 3572 sua:
786 3520 1030 3590 clypeata
1074 3520 1197 3574 luna
1225 3521 1486 3590 procedit.
1519 3521 1637 3577 Non
1662 3522 1938 3579 immerito

338 3610 501 3665 etiam
534 3625 630 3679 per
661 3610 879 3683 Moysen
932 3614 983 3667 in
1009 3613 1195 3669 Exodo
1226 3613 1485 3670 Dominus
1535 3611 1684 3670 Deus
1733 3618 1934 3686 populo

339 3705 616 3773 suojussit
645 3720 710 3759 ex
738 3715 929 3776 quarta
964 3707 1175 3761 decima
1206 3709 1330 3763 luna
1357 3710 1514 3778 primi
1548 3712 1748 3764 mensis
1775 3712 1929 3780 plena

337 3796 402 3850 ad
436 3812 727 3866 vesperum
782 3813 956 3868 usque
1006 3798 1074 3851 ad
1106 3800 1423 3854 vicesimam
1468 3801 1695 3870 primam
1724 3802 1928 3857 Pascha

335 3886 536 3943 debere
556 3889 847 3943 celebrari.
880 3888 1057 3943 \‘oluit
1087 3891 1236 3944 enim
1283 3890 1547 3946 Dominus
1578 3902 1599 3928 θ
1634 3892 1932 3948 hebdoma-

334 3978 458 4033 dam
486 3980 709 4035 Pascha:
736 3996 766 4036 a
793 3997 914 4051 qua:
932 3990 980 4035 tu
1007 3981 1214 4036 decima
1246 3983 1405 4052 plena
1431 3983 1497 4038 ad
1526 3999 1809 4053 vesperum
1834 3984 1928 4039 ha-

335 4071 465 4125 bere
490 4073 725 4140 initium,
754 4084 812 4129 ut
838 4075 1189 4131 illucescente
1211 4076 1301 4132 die
1330 4077 1572 4142 Pascha),
1603 4080 1693 4147 qui
1721 4078 1927 4147 primus

332 4176 413 4219 est
448 4166 801 4221 hebdomadis
846 4168 1085 4237 ejusdem
1115 4170 1302 4239 quinta
1336 4169 1546 4225 decima
1577 4171 1697 4224 luna
1753 4171 1925 4239 prima

330 4256 411 4310 eis
459 4256 651 4311 luisset
695 4257 811 4312 dies
860 4273 1193 4328 azymorum.
1238 4260 1496 4314 Dominus
1537 4262 1680 4314 enim
1724 4262 1775 4313 in
1824 4260 1925 4315 Le-

331 4350 493 4403 vitico
509 4350 768 4418 declarat,
800 4350 901 4407 hoc
922 4351 1108 4408 dicens
1136 4352 1233 4407 :ln
1261 4354 1427 4424 primo
1448 4369 1639 4417 mense,
1670 4355 1723 4406 in
1742 4363 1926 4423 quarta

329 4445 528 4498 decima
559 4447 643 4501 die
687 4448 898 4511 mensis,
945 4448 998 4501 in
1050 4448 1220 4502 medio
1260 4448 1666 4518 vespertinorum
1715 4446 1926 4501 Pascha

2116 3242 2254 3299 VIII.
2292 3243 2477 3313 Itaque
2522 3244 2574 3297 in
2607 3259 2637 3297 v
2665 3257 2838 3297 nonas
2869 3241 3086 3296 Martias
3119 3240 3310 3296 eadem
3365 3242 3491 3295 luna
3538 3256 3640 3295 an-

2042 3354 2168 3392 num
2214 3353 2369 3392 suum
2411 3336 2684 3392 currendo
2733 3336 3045 3405 complevit.
3106 3334 3220 3391 Hoc
3265 3350 3363 3405 per
3400 3334 3641 3404 singulos

2038 3446 2257 3485 menses
2308 3431 2435 3485 anni
2490 3431 2661 3500 ipsius
2694 3430 2835 3484 lunae
2890 3429 3120 3498 probare
3152 3443 3462 3498 possumus.
3506 3427 3640 3483 Nam

2038 3523 2270 3593 primum
2326 3537 2483 3577 suum
2544 3538 2789 3577 mensem
2843 3522 2960 3576 haec
3008 3522 3134 3576 luna
3189 3537 3222 3575 ιι
3271 3521 3392 3576 idus
3428 3520 3642 3589 Apriles

2036 3614 2453 3680 consummavit,
2478 3629 2545 3668 eo
2569 3613 2714 3684 quod
2737 3614 2885 3668 eami
2926 3616 3136 3684 plenam
3165 3613 3311 3670 Deus
3340 3613 3543 3668 mundo
3563 3612 3640 3668 fe-

2035 3710 2127 3771 cit.
2156 3724 2219 3763 ac
2245 3708 2545 3779 procedere
2568 3709 2750 3777 jussit.
3276 3754 3277 3757 η

2108 3801 2417 3857 Secundum
2449 3818 2689 3857 mensem
2719 3818 2771 3857 tv
2807 3802 2928 3858 idus
2955 3802 3123 3857 Maias
3148 3802 3428 3872 explicuit.

2104 3893 2346 3947 Tertium
2402 3908 2530 3947 vero
2588 3908 2829 3948 mensem
2880 3908 2935 3947 ut
2990 3893 3112 3949 idus
3135 3893 3323 3950 Junias
3377 3907 3633 3949 consum-

2032 3987 2220 4042 mavit.

2101 4079 2360 4147 Quartum
2395 4092 2636 4133 mensem
2663 4086 2820 4133 sexto
2844 4077 2960 4132 idus
2990 4076 3182 4133 Julias.

2099 4171 2355 4239 Quintum
2390 4186 2633 4225 mensem
2658 4187 2690 4231 v
2722 4171 2843 4225 idus
2871 4173 3158 4238 Augustas.

2100 4262 2325 4317 Sextum
2356 4278 2598 4317 mensem
2626 4279 2699 4317 vu
2723 4262 2846 4318 idus
2877 4262 3253 4333 Septembres.

2098 4354 2398 4424 Septimum
2416 4370 2658 4409 mensem
2697 4370 2869 4409 nonas
2911 4355 3195 4409 Octobres.

2096 4447 2352 4501 Octavum
2380 4460 2619 4499 mensem
2653 4461 2821 4499 nonas
2853 4446 3205 4500 Novembres.

330 4535 573 4601 Domino,
608 4548 654 4591 et
694 4539 747 4591 in
775 4541 952 4607 quinta
994 4540 1193 4593 decima
1238 4539 1423 4593 mensis
1468 4539 1621 4611 hujus
1668 4538 1773 4591 dies
1801 4539 1918 4605 festi
1946 4532 1997 4590 D
2091 4535 2302 4591 Nonum
2335 4550 2576 4590 mensem
2606 4550 2778 4591 nonas
2808 4536 3157 4590 Decembres.

326 4644 627 4698 azymorum
674 4626 899 4683 Domino
925 4628 1115 4701 (Leuit.
1167 4644 1318 4695 χχιιι,
1370 4627 1434 4695 5,
1479 4632 1534 4694 ti,
1571 4644 1674 4682 sec.
1728 4626 1916 4697 LXX).

327 4720 455 4776 Dies
479 4722 621 4775 enim
652 4721 873 4776 lunares
907 4719 924 4756 τ
964 4736 1190 4790 vespere
1217 4720 1502 4787 incipiunt,
1528 4728 1583 4773 et
1614 4719 1664 4773 in
1696 4735 1923 4789 vespere

330 4813 619 4877 ﬁniuntur;
644 4814 902 4883 quoniam
938 4812 1062 4866 luna
1107 4828 1136 4865 a
1168 4812 1282 4865 Deo
1316 4824 1369 4864 ut
1406 4827 1502 4866 sua
1529 4812 1649 4866 luce
1699 4823 1923 4881 promer

329 4905 515 4961 rudem
548 4906 723 4960 adhuc
774 4907 1055 4960 hominem
1084 4906 1258 4960 nectis
1290 4907 1541 4961 tenebras
1570 4913 1921 4975 temperaret,

326 5012 357 5051 a
384 5013 609 5068 vespere
639 5000 830 5068 quinto
858 4998 1211 5053 kalendarum
1261 4998 1524 5068 Aprilium
1551 4999 1637 5054 die
1669 4999 1913 5053 naliv:ta-

328 5092 395 5145 tis
419 5093 631 5160 accepit
661 5101 867 5155 ortum,
898 5101 946 5146 ct
982 5106 1150 5160 usque
1193 5092 1242 5145 in
1276 5100 1298 5136 8
1324 5091 1481 5144 aliam
1524 5106 1831 5160 vesperam,
1866 5092 1917 5147 id

324 5193 409 5238 est
436 5200 488 5238 ιν
518 5183 779 5240 kalendas
810 5184 1027 5255 Apriles
1057 5184 1217 5254 primi
1250 5182 1356 5238 diei
1406 5184 1486 5237 sui
1520 5185 1767 5239 exhibuit
1795 5201 1919 5239 cur-

323 5290 464 5341 sum,
505 5286 838 5346 quapwpter
864 5275 1025 5329 hodie
1058 5290 1155 5331 nos
1188 5276 1433 5331 lunarem
1482 5290 1699 5332 cursum
1742 5276 1919 5332 edocti

395 5426 419 5452 η
452 5416 550 5469 Ms.
580 5431 868 5468 mensuum.

391 5486 417 5523 δ
459 5485 535 5538 Ita
577 5500 707 5538 sane
736 5487 786 5538 in
819 5500 922 5539 ms.
948 5494 1173 5554 apparet
1197 5484 1487 5553 legendum
1520 5498 1641 5541 esse
1680 5487 1912 5540 dodran-

322 5567 444 5609 tem.
477 5557 530 5608 In
554 5559 904 5624 sequentibus
926 5559 1116 5611 eadem
1154 5557 1364 5610 ratione
1390 5558 1649 5625 scriptum
1672 5556 1916 5613 invenie-

320 5642 461 5683 mus.

400 5708 423 5736 ο
466 5696 562 5750 Ms.
598 5696 808 5752 exitum.

400 5764 422 5807 δ
466 5768 564 5827 Ms.
589 5767 846 5825 abscessu.

2100 4628 2373 4682 Decimum
2405 4642 2644 4681 mensem
2674 4642 2731 4681 ιιι
2764 4642 2933 4682 nonas
2954 4626 3260 4683 Januarias.

2099 4720 2448 4776 Undecimum
2480 4735 2718 4775 mensem
2753 4737 2802 4775 tv
2848 4736 3021 4774 nouas
3047 4719 3399 4779 Februarias.

2099 4813 2484 4868 Duodecimum
2508 4814 2709 4883 quippe
2741 4829 2898 4868 suum
2928 4828 3173 4868 mensem
3211 4831 3241 4868 ν
3265 4814 3450 4872 Nonas
3474 4815 3621 4873 Mar-

2026 4913 2127 4962 tias
2158 4906 2473 4975 assignavit,
2496 4905 2583 4960 die
2616 4922 2749 4961 vero
2776 4923 2827 4960 IV
2859 4922 3126 4961 nonarum
3157 4907 3466 4963 Martiarum
3501 4918 3622 4977 post

2024 5002 2111 5056 die
2137 5017 2167 5053 v
2196 5015 2457 5055 nouarum
2480 5001 2795 5055 earumdem
2826 5006 3113 5057 transacus
3140 5002 3425 5057 duodecim
3455 5003 3617 5070 Iunis,

2026 5093 2076 5147 id
2110 5103 2215 5156 est,
2244 5092 2527 5146 duodecim
2571 5094 2846 5149 mensibus
2888 5094 3145 5165 apparuit
3191 5094 3441 5148 nativitas
3470 5094 3617 5163 ejus-

2026 5186 2147 5240 dem
2179 5184 2340 5237 lunze.

2100 5279 2191 5335 IX.
2220 5277 2454 5333 Proinde
2477 5276 2529 5331 in
2558 5279 2815 5333 trecentis
2842 5278 3227 5349 quinquaginta
3252 5288 3482 5349 quatuor
3508 5270 3624 5334 die-

2098 5424 2120 5451 °
2162 5414 2260 5469 Ms.
2286 5414 2647 5466 ebdomndnm.
2671 5413 2745 5466 lla
2772 5421 2825 5468 et
2848 5414 2900 5465 in
2934 5426 3048 5481 seq.

2103 5483 2120 5521 τ
2165 5487 2260 5539 Ms.
2292 5500 2535 5551 vesperae.
2563 5484 2638 5536 Ita
2663 5493 2719 5537 et
2750 5485 2800 5537 in
2832 5498 2948 5554 seq.

2098 5565 2122 5602 Β
2164 5558 2261 5610 Ms.
2286 5554 2389 5606 alia
2419 5570 2645 5620 vespera.

2100 5624 2127 5661 ιι
2169 5628 2310 5694 Lege
2342 5628 2607 5677 mensium.

2106 5695 2121 5732 ί
2166 5698 2265 5752 Ms.
2292 5694 2566 5748 dedicavis.

2108 5767 2120 5817 i
2171 5768 2270 5826 Ms.
2302 5762 2474 5838 plena.
