4120 6186
540 233 675 287 1111

1837 231 1903 298 ρ.
1945 228 2115 285 ιιιιιι
2156 228 2508 319 HILARIANI

3684 236 3819 291 1113

532 345 635 401 bus
666 343 792 401 luna
845 346 1186 415 perexplicat
1211 358 1443 410 annum,
1480 344 1560 399 sol
1602 357 1739 399 vero
1778 345 1830 397 in
1878 343 2141 399 trecentis
2169 353 2221 411 Α
2246 347 2364 401 sine
2396 346 2502 400 ulla
2542 345 2949 403 intermissione
2994 346 3201 402 Pascha
3242 348 3423 404 tacere
3469 357 3694 417 oportet.
3729 350 3818 407 Sic

534 444 810 509 sexaginta
843 441 1088 509 quinque
1116 446 1171 491 et
1201 438 1468 508 quadran,
1501 437 1754 493 undecim
1780 437 1989 492 scilicet
2016 436 2135 493 dies

534 546 663 590 sunt
704 544 759 587 et
788 533 1031 603 quadrau
1056 574 1069 597 ,
1112 546 1247 602 quos
1278 534 1428 601 quasi
1475 532 1656 585 minus
1689 532 1891 585 habere
1922 530 2135 585 videtur

534 630 678 683 ratio
722 628 863 680 ltltl:B
911 643 941 681 a
981 628 1195 681 ratione
1237 627 1387 681 solis.
1430 628 1535 680 Sex
1581 627 1701 680 dies
1748 634 2132 681 cavaturarum

533 722 678 776 luna:
703 721 990 775 duodecim
1020 718 1297 784 semisses,
1332 730 1385 773 et
1416 720 1653 789 quinque
1678 721 1778 785 illi,
1808 721 1897 790 qui
1932 720 1982 773 in
2016 736 2133 776 me-

533 819 762 870 moriam
790 815 1009 869 fabrica:
1034 815 1145 880 Dei,
1168 815 1342 869 vacivi
1368 817 1808 879 nominabantur,
1833 830 1971 885 quos
1994 831 2135 870 nttuc

534 908 854 977 compositio
888 908 1130 962 Romana
1173 922 1338 977 super
1386 908 1597 977 aliquos
1648 923 1861 961 menses
1913 908 2132 974 divisit,

538 1019 675 1074 quos
704 1004 1061 1057 intercalares
1092 1001 1413 1065 nominavit,
1441 1011 1467 1038 α
1489 1012 1541 1055 et
1566 1001 1925 1071 quadrantem
1959 1003 2131 1069 illum,

534 1115 695 1169 quem
732 1101 908 1167 potius
940 1100 1077 1153 ratio
1104 1099 1342 1153 continet
1370 1098 1522 1159 solis,
1552 1098 1639 1167 qui
1669 1098 1910 1167 quadran
1942 1113 2135 1169 super-

536 1207 778 1267 putatus,
812 1207 1004 1264 quater
1033 1210 1127 1263 per
1157 1188 1410 1248 accisssus
1447 1200 1678 1262 quatuor
1723 1208 1987 1246 annorum
2016 1193 2132 1248 elli-

534 1288 687 1342 ciens
718 1303 894 1341 assem
925 1287 989 1339 ad
1019 1302 1235 1339 cursum
1267 1284 1399 1339 solis
1426 1285 1637 1339 accedit
1666 1285 1747 1337 bis
1777 1286 1919 1338 sexti
1948 1284 2135 1339 kalen-

535 1380 730 1434 darum
763 1379 1095 1433 Martiarum.
1132 1378 1237 1433 Sed
1271 1381 1525 1445 quOuiattt
1560 1378 1643 1431 Sol
1675 1388 1729 1432 et
1759 1380 1905 1442 ltitia,
1940 1379 2055 1432 ilics
2083 1388 2136 1433 et

538 1488 643 1527 uox
676 1473 814 1525 alter
846 1472 897 1525 in
928 1472 1155 1525 alterius
1180 1484 1484 1524 conticxam
1517 1472 1681 1524 habet
1708 1470 2131 1540 disputationem

537 1580 704 1633 super
726 1579 916 1619 cccuu
939 1564 1053 1617 dies
1076 1581 1275 1617 annum
1308 1564 1573 1628 lunarem,
1604 1563 1868 1617 accedunt
1894 1564 1945 1617 bi
1976 1564 2137 1619 unde-

468 1668 473 1675 '
536 1659 639 1711 citn
670 1658 786 1710 dies
815 1668 867 1709 et
908 1655 1152 1725 qttadran
1198 1654 1532 1718 bissexttlis,
1566 1666 1621 1709 et
1664 1654 1742 1708 sic
1784 1671 1957 1708 annus
2002 1656 2151 1709 solis

2238 440 2384 493 enim
2412 439 2479 492 dc
2505 453 2566 493 ca
2598 454 2660 493 re
2691 440 2951 494 Dominus
2987 442 3041 494 in
3084 440 3280 495 Exodo
3309 449 3546 495 testatur
3572 452 3625 496 et
3650 442 3775 495 dicit
3805 460 3818 496 ε

2241 529 2390 583 Diem
2412 534 2597 597 festum
2628 531 2851 586 Pascha:
2872 534 3224 598 observabitis,
3253 544 3450 601 septem
3476 535 3649 588 diebus
3672 535 3825 590 edetis

2239 641 2441 695 azyma,
2470 627 2600 678 sicut
2628 627 2851 696 prtecepi
2883 627 2972 679 tibi
3001 643 3091 699 per
3121 639 3321 695 tempus
3351 629 3538 681 mensis
3568 644 3824 682 novorum.

2240 718 2307 771 1η
2332 735 2392 771 eo
2420 721 2553 771 enim
2593 720 2762 772 extisti
2802 720 2867 773 de
2898 730 3036 773 terra
3080 719 3303 791 ngypti
3334 720 3529 791 (Exod.
3564 737 3711 785 xxttt,
3748 721 3826 786 15,

2238 828 2340 866 sec.
2376 814 2527 883 us).
2561 812 2691 867 ltem
2725 815 2777 867 iu
2823 813 3063 868 Levitiro
3094 815 3353 882 pra-cepit
3385 815 3643 868 Dominus
3674 825 3727 868 et
3751 816 3829 869 di-

2238 905 2311 957 cit
2337 921 2348 956 :
2384 904 2448 957 In
2493 905 2656 972 primo
2687 921 2856 958 mense
2883 906 2934 958 in
2967 922 3054 960 Juv
3086 907 3274 961 mensis
3304 908 3357 959 in
3401 908 3565 960 medio
3594 908 3835 977 vesperti-

2238 1013 2423 1049 norum
2470 996 2676 1050 Pascha
2730 995 2975 1061 Domini,
3011 1008 3058 1051 et
3100 1000 3153 1051 in
3202 1014 3272 1052 xv
3308 1001 3496 1052 mensis
3537 1001 3696 1070 hujus
3735 998 3836 1053 dies

2241 1094 2355 1161 festi
2395 1109 2691 1162 azymorum
2723 1092 2946 1146 Domino
2978 1092 3166 1161 tLeuit.
3203 1108 3353 1153 unt.
3387 1092 3440 1156 5,
3471 1093 3526 1156 6,
3556 1107 3663 1146 sec.
3693 1091 3831 1163 us).

2239 1183 2369 1238 Item
2406 1188 2457 1238 in
2492 1186 2738 1239 Numeris
2768 1203 2779 1236 :
2813 1183 3044 1239 Locutus
3074 1196 3151 1239 est
3177 1183 3426 1238 Dominus
3455 1186 3521 1237 ad
3552 1184 3764 1254 Moysen
3787 1185 3834 1238 in

2240 1278 2436 1331 deserto
2495 1278 2640 1348 Syna
2688 1294 2825 1331 anno
2875 1278 3099 1332 secundo
3155 1278 3494 1348 profectionis
3547 1293 3725 1331 eorum
3780 1293 3837 1331 ex

2240 1370 2473 1442 zEgypto
2515 1373 2566 1424 in
2598 1388 2767 1425 mense
2794 1373 2983 1443 primo,
3026 1372 3242 1425 dicens:
3273 1369 3372 1424 Dic
3412 1381 3459 1424 et
3501 1372 3702 1441 faciant
3747 1370 3835 1439 ﬁlii

2245 1462 2454 1518 fIsrael
2478 1463 2682 1518 Pascha
2701 1466 2755 1517 in
2782 1474 3007 1536 tempore
3032 1481 3148 1527 suo,
3171 1474 3357 1532 quarta
3384 1463 3582 1516 decima
3602 1464 3691 1516 die
3706 1479 3839 1516 men-

2238 1562 2311 1614 sis
2346 1562 2498 1626 primi
2527 1561 2596 1614 ad
2625 1570 2651 1605 κ
2682 1577 2890 1631 vespera
2922 1562 3082 1629 facies
3113 1560 3247 1612 illud
3279 1558 3560 1613 secundum
3591 1568 3835 1623 tempora,

2239 1655 2519 1708 secundum
2566 1655 2729 1724 legem
2777 1670 2959 1717 suam,
3008 1662 3054 1705 et
3107 1654 3387 1705 secundant
3438 1650 3836 1721 corporationem

534 1750 739 1803 habere
786 1748 1135 1815 cogno~citur
1176 1746 1293 1801 dics
1324 1762 1527 1801 cccuv
1556 1757 1611 1801 et
1640 1753 1903 1815 quadrau.
1936 1747 2139 1817 Igitur,
2160 1752 2207 1812 Β
2233 1763 2376 1800 suam
2410 1746 2567 1815 facies
2594 1746 2747 1798 illud.
2780 1744 2843 1797 Et
2866 1746 3065 1799 locutus
3094 1752 3163 1797 est
3188 1743 3395 1813 Moyses
3418 1742 3542 1811 ﬁliis
3568 1740 3737 1794 Israel
3766 1742 3837 1809 {a-

535 1843 658 1910 quia
694 1842 813 1893 luna
850 1842 1085 1909 primum
1128 1854 1283 1893 suum
1332 1841 1595 1909 eXplicuit
1644 1855 1877 1904 annum,
1923 1842 1974 1895 id
2021 1850 2136 1906 est,

534 1934 588 1986 in
633 1949 664 1985 v
710 1948 975 1985 nonarum
1027 1930 1367 1995 Martiarum,
1400 1946 1454 1984 ιιι
1508 1947 1776 1984 nonarum
1823 1932 2138 1987 Martiarum

536 2025 655 2078 dies
681 2024 747 2076 ad
782 2025 1013 2092 primum
1048 2039 1295 2079 mensem
1320 2018 1616 2093 ‘pertinere
1645 2026 1881 2079 videtur.

605 2116 676 2172 Χ.
707 2118 811 2172 Sed
835 2117 1089 2186 quoniam
1114 2117 1293 2171 divina
1321 2117 1579 2186 pietasita
1605 2119 1807 2184 sanxit,
1836 2128 1893 2173 ut
1920 2118 2140 2174 Paschce

538 2212 854 2267 solemuitas
904 2230 1007 2265 non
1042 2214 1201 2267 aliter
1228 2230 1389 2283 quam
1434 2214 1485 2267 itt
1535 2214 1706 2283 primo
1738 2229 1925 2269 mense
1952 2214 2140 2283 procul

536 2304 705 2359 dubio
731 2307 1062 2370 celebretur,
1097 2321 1157 2358 ea
1188 2308 1402 2359 ratiOne
1433 2323 1539 2360 non
1570 2324 1597 2357 ιι
1630 2322 1685 2360 tv
1715 2322 1977 2361 nonarum
2002 2307 2142 2360 Mar-

538 2398 734 2452 tiarum
767 2397 858 2451 die
888 2407 1109 2467 propter
1141 2396 1167 2434 δ
1199 2399 1467 2453 rationem
1502 2399 1722 2453 Pascltm
1755 2399 1922 2468 prima
1954 2401 2079 2453 luna
2112 2414 2142 2451 a

537 2492 698 2546 nobis
730 2493 1029 2561 quwritur;
1063 2492 1317 2560 quoniam
1348 2493 1400 2544 in
1434 2492 1537 2545 islo
1566 2491 1658 2545 die
1698 2507 1842 2549 anno
1883 2493 1999 2559 ipsi)
2025 2494 2139 2557 pri-

538 2603 629 2642 mo
662 2600 908 2641 vertente
956 2601 1064 2639 non
1114 2585 1251 2639 assis
1284 2587 1507 2654 plenus,
1544 2586 1639 2639 sed
1684 2587 1848 2638 semis
1893 2587 2142 2654 apparuit

537 2681 697 2747 luna,
730 2681 835 2735 alia
865 2697 992 2734 vero
1023 2679 1145 2743 die,
1181 2679 1233 2733 id
1266 2690 1348 2733 est
1371 2720 1385 2743 ,
1418 2694 1475 2732 ιιι
1522 2696 1791 2733 nonarum
1822 2680 2138 2735 Martiarum

536 2774 592 2827 in
624 2787 748 2827 asse
780 2774 941 2841 pleno
979 2775 1151 2841 prima
1199 2772 1371 2827 fuisse
1400 2770 1773 2842 cognoscitur.
1808 2773 1965 2829 Unde
1999 2784 2021 2811 ο
2058 2775 2138 2827 iti-

540 2866 857 2927 telligituus,
878 2881 998 2918 eam
1026 2858 1240 2919 nonnisi
1266 2882 1293 2918 a
1318 2882 1368 2920 tv
1399 2884 1661 2921 nouarum
1689 2868 2000 2922 Martiarum
2028 2869 2137 2936 die,

540 2967 598 3011 ut
626 2959 825 3012 rectius
848 2958 1004 3011 nobis
1028 2974 1081 3011 ιιι
1106 2974 1281 3011 nonas
1307 2959 1523 3013 Martias
1555 2962 1724 3030 prima
1755 2963 1925 3031 possit
1947 2977 2142 3017 occur-

536 3064 695 3116 rere,
732 3052 1063 3106 incrementa
1098 3054 1238 3105 assis
1279 3053 1525 3119 ejusdem
1560 3056 1701 3108 luuzr.
1730 3068 1907 3111 ortum
1940 3057 2005 3110 ad
2043 3072 2139 3110 ua-

2243 1855 2353 1892 cvre
2367 1839 2572 1892 Pascha
2594 1840 2644 1891 in
2672 1839 2869 1891 deserto
2889 1838 3057 1907 Syna,
3076 1846 3123 1889 et
3141 1834 3423 1889 secundum
3447 1832 3582 1898 quod
3603 1834 3835 1901 prrecepit

2241 1930 2500 1985 Dominus
2530 1932 2720 2003 Moysi,
2744 1935 2817 1985 sic
2831 1935 3063 2001 fecerunt
3084 1930 3182 1999 ﬁlii
3210 1927 3379 1983 Israel
3404 1927 3479 1997 (Ν
3488 1946 3591 1981 nm.
3624 1943 3705 1989 Ix,
3726 1926 3833 1991 1-5,

2241 2042 2342 2081 sec.
2366 2026 2513 2097 ιιι).
2547 2026 2612 2079 Et
2645 2026 2804 2095 paulo
2835 2036 2956 2095 post
2978 2040 3105 2079 cum
3137 2024 3563 2077 comminatione
3591 2022 3839 2092 praecepit

2246 2120 2502 2174 Dominus
2524 2132 2574 2173 et
2613 2120 2745 2173 dicit
2779 2136 2791 2171 :
2823 2117 2990 2172 llomo
3024 2121 3113 2189 qui
3136 2119 3293 2185 fuerit
3319 2117 3544 2170 mundus
3565 2158 3578 2178 ,
3615 2126 3665 2168 et
3695 2117 3744 2169 in
3768 2116 3837 2168 via

2243 2211 2399 2283 lonya
2429 2228 2528 2264 non
2558 2212 2733 2282 fuerit,
2763 2222 2810 2263 et
2839 2210 3112 2265 cessaverit
3144 2213 3314 2282 facere
3349 2208 3575 2271 Pascha,
3609 2210 3838 2263 extermi-

2242 2309 2447 2361 nabitur
2474 2308 2646 2360 anima
2674 2308 2769 2361 illa
2798 2308 2861 2360 de
2894 2308 3087 2378 populo
3116 2323 3227 2369 suo,
3259 2307 3382 2377 quia
3408 2321 3595 2357 manus
3628 2302 3834 2357 Domino

2243 2409 2418 2453 nostro
2446 2416 2543 2452 non
2567 2399 2748 2452 obtulit
2779 2409 3005 2467 teniporc
3032 2414 3147 2459 suo,
3177 2407 3224 2450 et
3249 2405 3511 2468 peccatum
3540 2411 3692 2447 suum
3714 2394 3836 2446 acci-

2242 2493 2343 2561 piet
2388 2491 2537 2543 homo
2577 2490 2666 2542 ille
2708 2488 2899 2558 (lbid.,
2935 2489 3045 2557 15).
3094 2487 3229 2543 ltetn
3298 2489 3351 2541 in
3424 2484 3836 2541 Dcuterouomio

2243 2584 2454 2654 Moyses
2486 2584 2550 2637 ad
2583 2583 2838 2653 pupulum
2870 2580 3130 2651 loquitur,
3164 2581 3351 2635 dicens
3387 2599 3399 2633 :
3438 2581 3679 2633 Observa
3708 2595 3836 2631 men-

2240 2692 2347 2729 sem
2378 2691 2624 2728 novorum
2644 2717 2657 2738 ,
2686 2685 2732 2727 et
2763 2678 2923 2746 facies
2954 2674 3161 2728 Pascha
3192 2673 3415 2727 Domino
3446 2673 3555 2726 Deo
3583 2683 3699 2734 tuo,
3727 2674 3835 2740 quia

2241 2770 2295 2824 in
2321 2788 2489 2824 mense
2521 2786 2768 2823 novorum
2799 2770 2950 2823 existi
2977 2770 3039 2822 de
3070 2779 3205 2822 terra
3230 2767 3456 2841 rEyypti
3488 2776 3661 2830 nocte,
3684 2780 3727 2819 et
3751 2768 3836 2818 im-

2243 2863 2460 2917 molabis
2508 2862 2713 2916 Pascha
2762 2861 2973 2916 Domini
3016 2861 3132 2915 Deo
3177 2872 3263 2915 tuo
3305 2859 3499 2931 (Deut.
3547 2876 3675 2921 n1,
3711 2859 3832 2924 με,

2242 2974 2341 3011 sec.
2389 2955 2538 3027 ιλιι).
2576 2957 2748 3010 Etiam
2803 2956 2855 3009 in
2915 2956 3061 3009 libro
3117 2955 3292 3023 prituo
3345 2953 3532 3007 Esdra:
3604 2953 3836 3020 apertius

2242 3050 2504 3117 scriptum
2539 3060 2624 3105 cst
2658 3066 2678 3104 :
2717 3048 2782 3102 Et
2814 3050 2914 3119 egit
2939 3048 3116 3102 Josias
3148 3046 3353 3101 Pascha
3380 3048 3433 3100 in
3472 3046 3837 3116 Hierosolymis

536 3145 802 3197 tivitatem
828 3144 1029 3198 debere
1052 3156 1257 3198 tenere.
1277 3144 1428 3199 Nunc
1458 3148 1619 3214 igitur
1642 3162 1694 3200 tv
1724 3163 1895 3200 nonas
1920 3148 2137 3201 Martias
2167 3134 2212 3197 C
2245 3139 2490 3201 Domino,
2515 3152 2564 3194 ct
2590 3142 2872 3193 immolavit
2896 3138 3065 3193 Fusec
3096 3148 3279 3209 quarta
3315 3139 3513 3192 decima
3540 3141 3666 3192 luna
3695 3139 3837 3207 primi

538 3249 660 3290 cum
684 3238 989 3290 occurrerit
1020 3235 1143 3289 luna
1174 3236 1367 3303 prima,
1394 3238 1599 3291 idcirco
1626 3238 1989 3302 declinamus,
2014 3239 2138 3307 quia

537 3327 591 3380 in
623 3341 745 3380 χειν
778 3329 941 3381 boras
982 3329 1154 3382 noctis
1193 3338 1249 3382 et
1290 3328 1395 3383 diei
1430 3334 1565 3382 assis
1598 3330 1714 3397 ipse
1745 3331 2051 3394 coniicitur,
2086 3342 2141 3385 et

537 3418 607 3473 de
634 3419 721 3472 die
762 3419 934 3472 ultimi
983 3420 1186 3473 tneusis
1227 3421 1350 3473 anui
1385 3424 1643 3473 transacti
1688 3422 1836 3490 ejus,
1882 3426 1971 3491 qui
2001 3434 2081 3477 est
2108 3439 2139 3477 v

538 3526 715 3566 nooas
747 3513 961 3566 Martias
992 3514 1056 3565 ad
1089 3528 1266 3566 assem
1297 3528 1453 3567 suum
1488 3514 1671 3583 incipit
1705 3515 2136 3579 incrementum,

540 3615 597 3661 et
628 3621 694 3659 ne
723 3608 911 3658 ultimo
957 3621 1143 3661 mense
1174 3606 1381 3660 initium
1415 3616 1759 3662 accrctneuta
1802 3611 1927 3662 luna
1967 3610 2139 3676 prima

539 3698 742 3751 mensis
772 3698 929 3764 primi
963 3698 1166 3753 habere
1199 3699 1467 3753 videatur.
1500 3698 1609 3755 [ste
1640 3701 1755 3755 dies
1787 3717 1838 3755 tv
1872 3716 2137 3756 nouarum

504 3796 507 3797 ⁷
538 3789 851 3845 Martiarum
881 3792 1089 3845 medius
1116 3810 1141 3843 ιι
1173 3794 1329 3845 nobis
1360 3795 1649 3859 retinetur,
1672 3803 1729 3848 ut
1755 3795 1826 3849 sit
1850 3795 1990 3849 inter
2011 3794 2036 3831 (ι
2056 3798 2141 3852 die

534 3883 714 3937 ultimi
746 3887 949 3940 mensis
982 3888 1268 3949 trausacti,
1287 3898 1339 3941 et
1367 3886 1511 3941 inter
1538 3903 1595 3941 ιιι
1631 3905 1758 3943 ιιιιιι.
1783 3889 1912 3943 Mar.
1937 3902 1991 3943 ut
2017 3892 2141 3945 luna

536 3979 735 4049 prima,
754 3998 875 4049 quae
898 3980 1057 4035 fuerit
1087 3998 1144 4035 tit
1172 3999 1298 4035 nou.
1325 3981 1455 4034 Mar.
1481 3998 1543 4037 ex
1570 3982 1658 4038 die
1686 3999 1738 4036 ιν
1768 4000 1899 4037 ιιυιι.
1923 4000 2137 4039 earum-

536 4070 661 4125 dem
690 4073 898 4126 initiutn
932 4074 1132 4126 habeat
1173 4084 1600 4128 accretneutum.
1649 4076 1703 4128 ltt
1738 4092 1801 4129 eo
1833 4078 1977 4129 enim
2014 4077 2101 4129 die
2124 4118 2138 4143 ,

536 4162 591 4217 id
622 4172 727 4228 est,
749 4164 801 4215 in
827 4180 882 4217 ιιι
914 4179 1041 4217 non.
1071 4164 1202 4216 Mar.
1233 4166 1279 4217 si
1308 4166 1465 4218 fuerit
1497 4169 1618 4219 luna
1649 4168 1817 4234 prima
1845 4168 1963 4221 sine
1990 4184 2143 4222 scru-

537 4255 666 4324 pulo
694 4256 847 4321 anui,
874 4266 928 4309 ct
955 4254 1005 4309 in
1032 4256 1116 4309 die
1140 4256 1299 4324 primi
1331 4259 1535 4310 mensis
1566 4258 1735 4324 prima
1775 4274 1900 4313 esse
1931 4259 2141 4315 iuveni-

540 4356 645 4409 tur,
678 4355 735 4402 et
782 4349 849 4403 de
894 4347 983 4403 die
1038 4349 1194 4419 pritni
1230 4349 1432 4403 mensis
1485 4348 1552 4403 ad
1593 4351 1933 4407 nativitatem
1983 4370 2137 4409 suam

541 4443 739 4513 accipit
786 4444 1201 4499 incrementum.
1580 4428 1585 4431 Δ

607 4533 700 4588 XI.
734 4533 898 4601 igitur
927 4550 991 4589 es
1021 4534 1110 4589 die
1132 4536 1239 4589 isto
1263 4550 1321 4590 ιιι
1349 4551 1474 4590 non.
1510 4537 1645 4592 Mar.
1678 4552 1850 4606 usque
1884 4540 1935 4593 in
1969 4539 2056 4595 die
2086 4556 2137 4595 tv
2166 4514 2217 4573 D

537 4639 669 4679 non.
698 4624 874 4694 April.
908 4628 1076 4694 quteri
1108 4644 1135 4677 a
1168 4628 1324 4681 nobis
1352 4628 1549 4691 debet,
1581 4638 1637 4681 ut
1667 4630 1741 4682 sit
1773 4628 1895 4682 luna
1928 4630 2131 4699 prima,

536 4717 663 4785 quia
692 4718 743 4769 in
772 4732 1116 4787 quocumque
1148 4719 1237 4773 die
1268 4735 1332 4773 cx
1366 4718 1448 4773 his
1482 4736 1617 4775 χχιχ
1650 4722 1843 4776 diebus
1872 4725 1995 4777 luna
2028 4726 2137 4793 pri-

538 4823 625 4862 ma
654 4823 776 4861 cum
818 4807 1014 4873 fuerit,
1053 4810 1178 4865 inde
1210 4810 1397 4880 incipit
1437 4816 1641 4881 primus
1674 4816 1876 4869 mensis
1906 4820 2133 4872 lunaris.

538 4899 619 4954 Ex
641 4900 729 4955 die
757 4916 886 4954 vero
912 4916 980 4953 xv
1005 4899 1111 4954 kal.
1135 4902 1401 4970 Aprilium
1428 4918 1598 4973 usque
1627 4906 1678 4959 in
1709 4922 1815 4960 xvu
1838 4906 1944 4961 kal.
1973 4909 2134 4963 Maia-

538 5009 658 5048 rum
694 5002 718 5030 ο
746 4994 888 5049 diem
923 4995 1173 5065 legaliter
1204 4996 1327 5050 luna
1357 5006 1412 5051 ut
1433 4998 1500 5051 sit
1529 5010 1719 5067 quarta
1749 5001 1979 5068 decima,
2011 5020 2136 5058 vera

539 5090 750 5143 ratione
780 5091 1043 5143 tirmatur.
1077 5088 1214 5144 Hinc
1241 5104 1473 5162 namque
1511 5092 1893 5161 decurrentes,
1925 5095 2014 5151 ubi
2046 5113 2137 5152 oc-

536 5191 771 5237 currerit
802 5182 920 5238 dies
960 5192 1341 5238 sacrosanctus
1386 5184 1637 5249 Pascbte,
1665 5203 1797 5242 sane
1836 5174 1894 5241 in
1939 5190 2132 5243 eodem

530 5274 745 5344 pridem
776 5276 952 5345 primo
980 5291 1189 5344 mense,
1222 5292 1381 5348 quem
1428 5279 1555 5332 luna
1584 5281 1866 5348 genuerit,
1896 5283 2043 5349 juste
2070 5297 2134 5339 ac

607 5467 634 5495 ι
673 5457 772 5512 Ms.
814 5459 881 5511 ei.

608 5530 634 5567 δ
676 5528 773 5583 Ms.
816 5530 1034 5583 ratione.

615 5610 635 5671 ξ
677 5601 778 5671 Ms.
819 5600 1176 5671 intelligimus.

610 5667 637 5701 ’ί
678 5668 805 5735 Leg.
848 5667 1001 5723 diem:

616 5745 640 5767 ε
679 5736 774 5787 Ms.
817 5738 917 5790 die.

2243 3237 2428 3289 mensis
2456 3236 2522 3286 ad
2554 3233 2578 3270 ιι
2604 3250 2860 3299 vesperam
2886 3234 2927 3303 (Ι
2956 3233 3113 3287 Esdr.
3147 3249 3184 3299 ι,
3214 3233 3267 3294 1,
3299 3249 3400 3286 sec.
3433 3247 3572 3298 Lxx;
3612 3231 3765 3305 Vulg.
3795 3231 3835 3286 ll

2244 3326 2426 3381 Par-al.
2461 3342 2627 3387 xxxv.
2663 3327 2737 3396 1).

2316 3424 2426 3477 XII.
2464 3424 2569 3478 Sed
2616 3423 2742 3494 quid
2788 3424 2954 3478 multa
3004 3422 3399 3491 discurrimus,
3433 3438 3556 3478 cum
3601 3423 3743 3477 idem
3786 3424 3831 3477 in

2243 3517 2495 3569 Olllllllllls
2524 3518 2807 3585 St'riplttt‘is
2838 3516 3009 3569 sacris
3040 3526 3400 3571 memoratum
3428 3516 3534 3581 sit,
3582 3518 3632 3571 in
3665 3517 3832 3586 primo

2245 3622 2432 3663 mense
2466 3609 2670 3663 Pascha
2703 3608 2903 3664 debere
2941 3607 2956 3646 ί
2992 3610 3295 3665 celebrare.
3334 3610 3443 3666 Sed
3488 3625 3718 3666 mensem
3759 3609 3829 3663 is-

2247 3712 2356 3755 tum
2389 3704 2618 3769 primum
2654 3702 2777 3756 luna
2808 3704 2908 3757 ista
2931 3713 3102 3757 tutum
3130 3704 3587 3774 terminatumque
3612 3719 3715 3757 non
3740 3706 3835 3755 ha-

2245 3795 2353 3854 bet.
2386 3808 2442 3849 ttt
2473 3796 2612 3850 idem
2637 3807 2689 3851 et
2722 3797 2837 3865 ipse
2869 3812 3084 3866 semper
3113 3808 3388 3861 occurrat,
3414 3798 3509 3851 sed
3539 3796 3675 3859 dies,
3700 3812 3837 3866 quos

2243 3902 2407 3956 supra
2435 3889 2874 3952 memoravimus,
2899 3904 3027 3943 xxnx
3059 3905 3122 3943 ex
3153 3904 3208 3943 ιιι
3232 3904 3492 3943 uooarum
3522 3888 3835 3941 Martiarum

2244 3978 2295 4031 in
2329 3994 2383 4031 tv
2410 3994 2668 4034 nonarum
2702 3981 2967 4048 Aprilium
3000 3979 3013 4030 i
3052 3981 3159 4041 die.
3189 3982 3241 4034 in
3268 3981 3467 4051 quibus
3492 3995 3629 4033 anno
3660 3994 3840 4048 primo

2246 4081 2519 4124 transacto
2550 4088 2577 4123 a
2612 4072 2811 4125 lubrica
2857 4072 3083 4135 mundi,
3131 4075 3365 4142 primum
3410 4088 3567 4128 suum
3595 4074 3839 4128 exhibuit

2244 4180 2523 4230 mensem,
2550 4175 2606 4220 ut
2647 4181 2771 4221 cum
2816 4168 2867 4221 in
2910 4185 3016 4221 uno
3060 4168 3148 4222 die
3191 4150 3257 4223 ex
3292 4170 3377 4223 bis
3424 4169 3586 4225 fuerit
3635 4172 3839 4236 prima,

2242 4258 2438 4313 exinde
2464 4259 2577 4327 ipsa
2609 4260 2837 4329 primum
2869 4261 3025 4314 nobis
3049 4271 3272 4329 generat
3295 4277 3563 4316 mensem.
3585 4263 3712 4316 lla-c
3733 4273 3844 4317 ete-

2244 4352 2353 4406 nim
2387 4353 2524 4406 ratio
2553 4355 2920 4424 embolysmos
2948 4362 3003 4407 ct
3030 4369 3351 4409 communes
3390 4370 3568 4410 annos
3599 4354 3750 4429 facit.
3784 4355 3839 4411 Si

2243 4439 2458 4516 quando
2488 4448 2632 4502 enim
2662 4450 2715 4501 in
2746 4448 3077 4502 duodecimo
3106 4460 3437 4505 mensteaute
3459 4464 3515 4504 ιιι
3550 4467 3681 4503 non.
3710 4450 3840 4505 Mar.

2244 4541 2332 4595 die
2363 4558 2487 4594 non.
2521 4540 2786 4607 esplicitis
2826 4540 3018 4594 diebus
3062 4542 3187 4595 anni
3229 4543 3346 4607 sui,
3380 4558 3542 4614 quem
3592 4546 3845 4615 superius

2243 4636 2886 4699 memoravimus,eadem
2916 4633 3040 4687 luna
3060 4640 3375 4705 apparuerit
3402 4636 3599 4704 prima,
3626 4639 3844 4690 tertium

2241 4729 2511 4783 decimum
2557 4745 2794 4784 mensem
2827 4745 3049 4785 necesse
3077 4740 3159 4784 est
3200 4731 3424 4798 impleat
3464 4742 3521 4785 et
3552 4730 3719 4784 faciat
3747 4747 3845 4784 an-

2244 4836 2368 4873 num
2415 4820 2837 4892 emboly~mum.
2876 4820 2933 4875 Si
2976 4836 3123 4875 anno
3152 4821 3427 4890 completo
3458 4836 3557 4875 suo
3600 4831 3849 4889 tempore

2241 4911 2593 4981 Compeleuli,
2624 4912 2675 4965 id
2718 4924 2821 4975 est,
2855 4912 2906 4964 in
2936 4911 3147 4975 diebus,
3182 4913 3272 4980 qui
3316 4913 3381 4966 ad
3415 4916 3656 4983 primqu
3692 4929 3849 4968 luctt-

2246 5018 2360 5059 sem
2392 5006 2663 5072 pertinere
2694 5005 2969 5066 videntur.
3001 5003 3289 5058 transactis
3314 5006 3527 5059 scilicet
3550 5006 3846 5060 duodecim

2247 5101 2525 5154 mensibus
2569 5100 2680 5153 suis
2725 5100 2884 5155 luerit
2914 5100 3085 5170 prima
3128 5100 3292 5167 luna,
3319 5100 3625 5156 communis
3664 5116 3848 5157 annus

2245 5191 2472 5248 cllecms
2501 5199 2603 5247 est.
2640 5192 2703 5245 Hi
2747 5208 2976 5262 namque
3020 5208 3183 5246 xxvttt
3227 5192 3348 5248 dies
3392 5195 3767 5265 embulysmos
3796 5203 3849 5249 et

2241 5300 2564 5341 communes
2587 5302 2762 5343 annos
2786 5286 2865 5341 sic
2888 5286 3256 5342 manifestam.
3283 5287 3546 5345 Undecitn
3574 5288 3694 5346 dies
3717 5298 3849 5345 sunt

2313 5463 2332 5502 ί
2375 5466 2477 5519 Ms.
2520 5464 2729 5520 Isti-aet.
2770 5466 2861 5523 Sic
2898 5474 2958 5523 et
2992 5480 3141 5537 saepe
3177 5465 3329 5525 alibi.

2308 5546 2333 5607 β
2376 5537 2504 5607 Leg.
2545 5553 2825 5607 vesperam.

2306 5603 2334 5641 h
2374 5603 2475 5661 Μςῖ
2516 5603 2740 5672 vespera.

2314 5677 2329 5713 ι
2374 5680 2501 5745 Leg.
2542 5680 2806 5734 celebrari.

2308 5749 2327 5804 ι
2372 5751 2501 5809 Scil.
2545 5766 2653 5804 esse
2690 5763 2750 5807 ut
2786 5754 3007 5823 passim.
