4120 6186
329 254 468 311 “t5

1277 251 1672 310 EXPOSITUM
1712 254 1805 311 DE
1847 255 1963 312 DIE
2002 257 2299 316 PASCH£
2341 257 2430 315 ET
2469 257 2740 318 MENSIS.

3468 262 3627 319 ἨΜ

324 383 392 425 ex
435 381 494 422 ιιι
525 379 654 423 ιιοιι.
689 365 997 422 Martiarum
1043 367 1096 422 in
1141 367 1231 422 die
1258 366 1440 423 iduum
1482 368 1800 426 earumdem
1821 411 1837 436 ,
1868 370 1920 426 in
1948 381 2004 441 Α
2025 381 2110 429 est
2135 372 2202 428 ab
2231 372 2366 443 ipsis
2394 382 2638 430 nostrum
2661 373 2894 446 denique
2917 383 3339 445 sacramentum,
3358 390 3460 433 nec
3488 377 3631 434 sicut

322 462 519 533 quibus
544 463 715 530 prima
739 461 782 515 si
816 459 980 514 fuerit
1002 460 1149 524 luna,
1169 459 1291 531 quia
1320 471 1442 522 p05t
1461 460 1752 521 duodecim
1774 479 1928 518 men-

322 569 414 611 ses
471 564 593 608 nata
644 555 962 622 videbitur,
1019 556 1329 625 praeteritos
1382 571 1556 612 annos
1608 572 1926 615 communes

325 647 493 704 fuisse
522 648 781 714 ostendit,
813 661 1107 716 prtcsentes
1137 663 1285 709 vero.
1313 649 1363 703 in
1395 650 1594 720 quibus
1621 662 1743 706 nata
1777 668 1926 706 men-

325 753 439 795 sem
485 742 717 809 primum
753 742 911 802 facit,
947 740 1317 812 embolysmos
1345 741 1613 811 designat.
1641 743 1776 797 Octo
1807 744 1924 798 dies

325 843 452 888 sunt
477 849 541 889 ex
571 833 658 888 die
691 850 795 888 xvu
825 833 932 887 kal.
960 834 1250 901 Aprilium,
1277 836 1330 890 in
1357 836 1445 890 die
1476 853 1502 890 κ
1530 835 1640 891 ktl.
1667 839 1842 908 April.
1870 839 1920 894 itt

325 925 517 996 quibus
541 925 664 980 luna
689 926 733 980 si
757 926 1074 996 apparuerit
1093 928 1287 997 prima.
1305 939 1360 983 et
1383 929 1689 998 prteteritos
1711 939 1767 986 et
1793 947 1923 1002 pra:-

323 1027 507 1072 sentes
547 1032 722 1070 annos
761 1031 1079 1073 cotttmttnes
1127 1019 1418 1089 signiﬁcat.
1455 1021 1648 1077 Decem
1695 1024 1922 1092 proinde

321 1111 440 1166 dies
468 1121 681 1167 suntex
712 1129 805 1168 vttt
832 1115 1049 1168 kalend.
1082 1115 1252 1184 April.
1287 1115 1340 1170 in
1371 1133 1426 1171 ιιι
1452 1132 1580 1171 ιιοιι.
1607 1117 1919 1173 earumdem

321 1203 488 1270 diem,
521 1206 574 1258 in
599 1207 798 1276 quibus
831 1207 875 1260 si
910 1205 1066 1261 fuerit
1099 1209 1269 1277 prima
1302 1209 1462 1274 luna,
1495 1210 1805 1280 prmteritos
1827 1226 1924 1266 an-

321 1310 420 1351 nos
449 1297 819 1369 embolysmos
848 1297 1013 1362 facit,
1050 1313 1351 1369 pi'aasentes
1381 1318 1700 1360 communes
1740 1313 1922 1362 osten-

320 1390 432 1458 dit,
463 1393 552 1462 qui
603 1394 730 1446 antti
781 1409 1102 1448 communes
1149 1394 1352 1450 habent
1406 1396 1524 1452 dies
1573 1408 1921 1454 trecentenos

320 1488 732 1556 quinquagenos
780 1502 1113 1556 quaternos,
1144 1501 1235 1542 aut
1275 1491 1418 1545 cnim
1470 1491 1722 1547 undecim
1764 1492 1917 1560 dies,

322 1578 500 1634 minus
529 1578 692 1634 habet
738 1581 876 1634 ratio
918 1580 1063 1635 Iuntl:
1110 1598 1137 1635 a
1169 1582 1381 1638 ratione
1409 1584 1543 1639 solis
1572 1594 1625 1638 et
1667 1585 1796 1641 facit
1825 1602 1922 1640 an-

322 1687 448 1727 num
478 1689 854 1741 communem,
886 1685 980 1730 aut
1023 1673 1062 1731 x'
1098 1686 1152 1732 et
1195 1693 1245 1732 ιι
1293 1679 1666 1746 transcendit,
1694 1689 1748 1735 et
1795 1679 1920 1736 facit

320 1768 743 1840 cmbolysmum.

387 1857 526 1915 Xltl.
562 1862 688 1916 lude
719 1877 812 1930 per
840 1878 1012 1918 annos
1055 1864 1299 1936 singulos
1331 1866 1431 1922 hac
1466 1867 1783 1924 diversitate
1812 1869 1930 1925 dies

318 1968 586 2008 annorum
635 1955 780 2008 lunae
826 1970 949 2010 cum
995 1956 1188 2013 diebus
1231 1959 1386 2024 solis,
1425 1961 1516 2030 qui
1563 1961 1614 2015 in
1664 1961 1928 2016 trecentis

315 2047 602 2117 sexaginta
634 2049 875 2117 quinque
913 2058 967 2103 et
1007 2051 1250 2119 quadrati
1283 2052 1503 2107 conﬁcit
1533 2068 1737 2108 annum
1760 2094 1775 2119 ,
1813 2071 1920 2108 non

315 2139 417 2193 sibi
440 2139 774 2194 concordare
797 2137 1086 2194 videntur.‘
1101 2141 1336 2197 Proinde
1359 2145 1521 2196 etiam
1548 2144 1650 2198 hoc
1683 2145 1928 2200 ostendi-

315 2245 456 2298 mus,
490 2245 548 2286 ttt
579 2243 844 2303 appareat
872 2235 1126 2289 omnibus
1157 2237 1390 2304 aequales
1417 2251 1512 2290 eos
1543 2237 1777 2290 invicem
1808 2237 1925 2292 dies

317 2323 541 2392 habere,
573 2337 626 2379 et
653 2325 721 2379 ab
752 2327 904 2381 initio
934 2343 1128 2381 cursus
1156 2344 1344 2382 eorum
1375 2330 1482 2383 isto
1513 2329 1704 2384 ordine
1730 2346 1926 2385 cucur-

316 2419 473 2483 risse,
505 2430 558 2473 et
587 2419 784 2473 dauma
808 2420 1182 2475 communium
1206 2435 1472 2475 annormn
1501 2422 1691 2476 eadem
1719 2423 1840 2478 luna
1869 2424 1922 2480 in

316 2513 476 2567 annis
503 2513 852 2584 embolysmis
875 2528 1285 2583 compensasse.
1303 2513 1439 2569 Octo
1464 2530 1730 2570 annorum
1755 2517 1920 2572 ratio-

317 2622 466 2672 nem,
500 2623 618 2678 quae
649 2607 883 2677 perfecta
918 2608 1031 2663 fore
1060 2607 1300 2673 videtur,
1326 2611 1378 2663 in
1414 2609 1649 2664 medium
1681 2612 1920 2680 profera-

321 2717 458 2756 mus.
509 2700 565 2755 ltt
617 2711 740 2756 octo
788 2702 997 2756 ειοὶΙίιιει
1047 2718 1221 2757 annos
1278 2702 1402 2757 luna
1456 2705 1695 2774 quinque
1743 2720 1920 2760 annos

319 2792 482 2847 habet
507 2808 825 2848 communes
850 2803 904 2849 et
926 2807 1036 2849 tres
1049 2795 1439 2867 embolysmos.
1464 2795 1610 2866 Ergo
1633 2795 1920 2867 quinquies

320 2900 502 2942 cccuv
548 2895 574 2922 τι
625 2887 825 2941 faciunt
880 2902 1124 2954 nccux,
1177 2897 1231 2942 et
1291 2900 1369 2942 ter
1421 2904 1713 2943 cccmxxw
1757 2886 1784 2926 δ
1837 2888 1913 2944 fa-

321 2980 471 3034 ciunt
493 2995 657 3045 neut;
686 2981 820 3032 tittnt
840 2979 1001 3034 simul
1032 2981 1148 3034 dies
1171 2980 1281 3034 duo
1310 2981 1476 3035 millia
1507 2997 1806 3038 occccxxtt.
1826 2981 1917 3037 Sic

322 3069 517 3127 deinde
538 3084 591 3126 et.
612 3072 743 3126 solis
763 3083 889 3126 octo
917 3087 1180 3127 annorum
1202 3089 1470 3128 summam
1502 3075 1552 3128 in
1581 3091 1744 3130 unum
1768 3077 1918 3130 colli-

2027 464 2105 519 illi
2134 464 2337 520 Pascha
2369 465 2602 522 Domino
2628 465 2996 532 celebramus,
3019 467 3164 538 quod
3195 468 3246 523 in
3278 467 3514 527 lectione
3539 484 3628 527 se-

2026 557 2212 628 quenti
2241 559 2388 613 clara
2418 559 2624 615 ratione
2657 569 3012 615 monstratur.
3553 553 3624 563 ’Μ

2097 650 2215 705 XV.
2247 651 2448 719 Quinto
2485 652 2698 708 decimo
2726 669 2960 726 namque
2992 670 3136 712 anno
3163 655 3376 726 imperii
3417 655 3624 713 Tiberii

2025 741 2259 797 Caesaris
2293 746 2548 800 Dominus
2575 745 2857 813 Christus,
2885 763 3006 802 cum
3038 759 3186 804 esset
3214 749 3371 820 quasi
3404 750 3623 819 triginta

2025 850 2316 902 annorum,
2338 839 2608 907 incipiens
2633 855 2663 893 a
2684 840 2958 905 baptismo
2978 841 3209 896 Joannis
3232 843 3484 898 accessit.
3509 842 3635 898 Haec

2027 929 2372 1000 Evangelista
2430 941 2681 987 testatur.
2732 932 2855 990 Uno
2910 936 3138 1005 proinde
3189 950 3332 991 anno
3387 935 3629 994 Judaicte

2022 1025 2198 1094 genti,
2217 1023 2282 1078 ad
2310 1041 2468 1096 quam
2493 1036 2742 1090 venerat,
2777 1028 3110 1095 przedicavit,
3136 1027 3190 1083 in
3221 1045 3329 1099 quo
3354 1045 3498 1084 anno
3522 1046 3627 1085 non

2023 1115 2199 1168 solum
2226 1131 2450 1186 regnum
2478 1116 2744 1170 caelorum
2774 1115 3034 1173 advenire
3060 1117 3332 1187 praedixit,
3358 1118 3454 1174 sed
3480 1130 3557 1185 et,
3579 1129 3636 1176 ut

2023 1208 2333 1271 crederent,
2360 1209 2414 1262 in
2444 1210 2737 1264 virtutibus
2764 1209 3110 1264 manifestum
3137 1226 3195 1266 se
3222 1210 3518 1267 Dominum
3547 1228 3637 1268 os-

2025 1302 2216 1366 tendit,
2236 1302 2339 1358 hoc
2365 1317 2534 1372 usque
2563 1302 2618 1357 in
2646 1318 2848 1357 annum
2872 1311 3085 1357 sextum
3109 1302 3381 1359 decimum
3410 1305 3627 1375 imperii

2023 1392 2228 1448 Tiberii
2262 1405 2282 1431 ε
2317 1391 2574 1459 (Σιυειιι-ἰε,
2611 1395 2665 1448 in
2708 1410 2816 1463 quo
2858 1397 2968 1464 jam
3021 1410 3129 1450 non
3153 1437 3168 1460 ,
3197 1407 3257 1450 ut
3304 1397 3509 1452 assolet
3546 1396 3639 1452 Ju-

2022 1489 2194 1544 daicie
2227 1487 2565 1544 solemnitati
2596 1503 2768 1560 agnus
2793 1504 2858 1545 ex
2887 1489 3103 1556 ovibus,
3133 1489 3229 1546 sed
3257 1491 3374 1561 ipse
3405 1507 3502 1561 pro
3532 1507 3636 1546 no-

2021 1581 2104 1638 bis
2153 1584 2409 1638 Dominus
2452 1583 2762 1638 immolatus
2814 1593 2898 1638 est
2949 1583 3240 1652 Christus;
3297 1592 3358 1639 ut
3408 1600 3515 1641 non
3562 1601 3630 1641 ex

2023 1674 2281 1748 IEgypm,
2313 1675 2409 1730 sed
2441 1691 2509 1731 ex
2537 1676 2741 1730 mundo
2771 1685 2826 1731 et
2855 1675 3004 1730 vitiis
3028 1675 3150 1746 ejus
3179 1676 3468 1734 credentes
3493 1675 3631 1734 libe—

1955 1776 2003 1836 Β
2031 1771 2141 1824 rari
2193 1770 2483 1840 possimus.
2533 1770 2613 1824 Eo
2657 1771 2854 1840 quippe
2899 1783 3076 1837 anno,
3125 1779 3184 1824 ut
3228 1770 3632 1842 supputationis

2035 1862 2170 1917 fides
2218 1862 2480 1928 ostendit,
2515 1869 2569 1917 et
2611 1863 2750 1917 ratio
2799 1863 2913 1933 ipsa
2960 1861 3281 1934 persuadet,
3317 1878 3512 1934 passus
3551 1872 3638 1919 est

2031 1955 2171 2010 idem
2201 1955 2460 2009 Dominus
2483 1953 2732 2009 Christus
2760 1956 2884 2009 luna
2915 1971 3131 2021 XIV,Vlll
3153 1954 3264 2011 kal.
3290 1955 3466 2026 April.
3499 1955 3634 2013 feria

2030 2057 2203 2104 sexta.
2263 2047 2449 2102 Tertio
2477 2063 2606 2102 vero
2633 2047 2720 2104 die
2743 2047 3093 2104 illucescente
3122 2047 3252 2102 feria
3284 2048 3480 2116 prima,
3511 2063 3632 2118 quae

2030 2151 2114 2199 est
2143 2152 2265 2214 post
2285 2141 2577 2198 Sabbatum
2605 2142 2946 2209 Iudaeorum,
2974 2141 3092 2197 dies
3117 2141 3412 2206 dominica,
3435 2141 3632 2198 sabba-

2031 2245 2139 2290 tum
2167 2237 2373 2291 scilicet
2402 2244 2648 2291 nostrum
2679 2247 2733 2292 et
2758 2251 2946 2292 verum
2975 2235 3202 2302 Pascha,
3238 2236 3290 2290 in
3334 2249 3444 2306 quo
3485 2233 3628 2290 idem

2030 2328 2290 2382 Dominus
2315 2327 2567 2382 Chrisms
2606 2337 2778 2382 morte
2807 2327 3024 2382 devicta
3055 2324 3390 2397 resurgendo
3423 2323 3630 2380 Pascha

2027 2431 2267 2475 nostrum
2301 2421 2681 2488 sanctificavit,
2717 2420 2769 2474 id
2799 2429 2902 2487 est,
2930 2420 3176 2474 vivorum
3205 2429 3258 2475 et
3286 2429 3622 2474 mortuorum

2024 2526 2053 2566 a
2084 2511 2297 2567 ~veteris
2349 2512 2585 2568 hominis
2632 2514 2902 2567 sententia
2951 2511 3290 2566 liberatiottis
3335 2510 3624 2566 transitum

2025 2603 2170 2667 fecit,
2201 2615 2460 2675 ortusque
2501 2613 2583 2659 est
2626 2605 2938 2659 timentibus
2972 2604 3283 2672 Dominum,
3316 2615 3372 2659 et
3397 2602 3628 2658 creden-

2025 2695 2170 2752 tibus
2198 2694 2443 2760 Christo,
2467 2696 2546 2750 sol
2578 2711 2741 2751 verus
2768 2695 3020 2765 iustitia»,
3047 2705 3103 2749 et
3123 2696 3326 2750 sanitas
3358 2695 3410 2749 in
3445 2695 3624 2765 pinnis

2022 2789 2160 2858 ejus.
2196 2787 2350 2843 Unde
2384 2804 2480 2843 nos
2508 2787 2669 2843 hodie
2698 2787 2995 2842 Christiani
3028 2787 3080 2861 in
3122 2789 3449 2842 memoriam
3480 2787 3618 2843 libe-

2023 2881 2250 2936 rationis
2278 2891 2478 2937 nostra;
2500 2881 2612 2952 jam
2648 2898 2755 2936 non
2789 2893 2844 2936 ttt
2871 2881 3040 2937 Jtnlmi
3072 2882 3124 2936 itt
3156 2897 3297 2953 agno
3329 2882 3534 2946 occiso,
3568 2889 3625 2936 et

2020 2972 2228 3043 azymis
2261 2971 2476 3039 similze,
2504 2980 2560 3027 et
2590 2973 2642 3028 in
2667 2975 2916 3044 quolibet
2942 2973 3051 3038 die,
3098 2973 3195 3026 sed
3228 2973 3294 3026 ad
3331 2973 3507 3027 instar
3538 2989 3624 3029 re-

2021 3065 2381 3120 sttrrcctionis
2401 3063 2648 3134 ejusdem
2677 3065 2895 3119 Domini
2924 3065 3093 3119 nostri
3125 3064 3256 3120 fet-ia
3290 3066 3487 3135 prima,
3523 3064 3626 3120 hoc

322 3179 511 3234 gamus
537 3165 707 3219 octies
735 3180 942 3221 cccuv
970 3166 1236 3232 quadrati.
1270 3167 1376 3220 duo
1409 3167 1576 3222 millia
1606 3183 1904 3224 occccxxtt.
1940 3166 1987 3229 C
2018 3174 2122 3232 est,
2153 3165 2242 3220 die
2270 3165 2543 3220 dominica
2575 3167 2808 3234 primum
2853 3163 3230 3218 tantummodo
3262 3177 3505 3218 mensem
3552 3175 3622 3216 ex

322 3257 400 3312 lta
428 3257 590 3326 igitur
615 3259 966 3329 congregavit
993 3259 1130 3315 solis
1161 3275 1224 3314 ac
1255 3261 1400 3315 luna:
1427 3274 1620 3316 cursus
1651 3275 1772 3316 cum
1805 3261 1918 3318 die-

323 3349 426 3404 bus
456 3353 861 3420 suprascriptis.

394 3441 536 3496 XIV.
573 3443 957 3500 Euan-ravimus
987 3446 1077 3514 qui
1108 3445 1179 3501 sit
1209 3445 1326 3503 dies
1354 3448 1560 3512 mundi,
1592 3462 1750 3518 quem
1776 3449 1918 3504 Deus

322 3539 667 3602 omnipatens
714 3537 945 3592 creando
992 3541 1166 3593 lucem
1208 3539 1519 3608 constituit,
1562 3550 1617 3596 et
1649 3541 1831 3596 lunam
1863 3542 1918 3597 in

323 3626 667 3683 inchoatione
698 3631 872 3683 noctis
913 3631 1088 3701 qualis
1117 3633 1185 3686 sit
1215 3632 1387 3697 facta,
1425 3634 1506 3688 vel
1550 3633 1638 3689 ubi
1683 3635 1916 3704 primum

323 3734 519 3774 annum
557 3737 714 3776 suum
766 3724 1125 3792 explicuerit,
1160 3734 1214 3778 et
1257 3739 1426 3794 quare
1469 3725 1566 3780 abs
1616 3742 1675 3781 ιιι
1723 3742 1914 3782 nonar.

322 3811 559 3868 Martiar.
590 3817 677 3870 die
707 3816 878 3885 prima
911 3817 1032 3869 luna
1062 3830 1092 3869 a
1125 3816 1282 3871 nobis
1309 3818 1592 3887 quaeritur,
1623 3829 1677 3873 et
1708 3836 1774 3876 ex
1798 3822 1919 3892 qui-

320 3905 420 3960 bus
444 3906 634 3961 diebus
655 3907 1061 3978 quartadecima
1085 3909 1595 3978 comprehendatur,
1619 3912 1781 3967 etiam
1805 3929 1918 3969 em-

318 3996 684 4066 bolysmorum
732 4009 787 4053 et
830 4001 1198 4054 communium
1233 4016 1502 4056 annorum
1549 4005 1814 4060 rationem
1849 4006 1916 4062 ad

320 4088 534 4158 plenam
569 4090 1002 4156 instructionem,
1035 4103 1088 4146 ιιι
1131 4092 1296 4147 etiam
1331 4095 1490 4148 istum
1521 4109 1740 4150 cursum
1775 4098 1917 4153 lunte

319 4195 442 4234 cum
472 4180 896 4236 diebusPaschre
912 4185 1110 4253 posteri
1147 4187 1317 4240 nostri
1350 4202 1445 4256 per
1475 4188 1716 4244 intinitos
1746 4206 1918 4246 annos

319 4283 623 4335 currentes,
655 4282 712 4328 et
740 4273 917 4328 futura
949 4285 1189 4345 tempora
1225 4276 1442 4332 facilius
1465 4292 1527 4331 ac
1558 4280 1798 4334 veridice
1833 4284 1908 4334 itt-

318 4371 586 4438 vestigare
611 4381 947 4435 percurram.
979 4379 1039 4424 ut
1065 4384 1234 4440 quoto
1279 4370 1388 4427 kal.
1436 4372 1631 4428 idusve
1662 4373 1830 4441 foret;
1861 4386 1920 4430 ut

319 4463 409 4531 qui
439 4462 556 4517 dies
584 4463 668 4518 vel
700 4475 860 4532 quota
893 4463 1017 4517 luna
1053 4464 1228 4533 primo
1261 4479 1447 4520 mense
1475 4479 1763 4522 occurrere
1792 4483 1919 4537 pos-

2019 3262 2140 3330 lege
2171 3261 2704 3329 retinentest‘qnetn
2742 3259 2870 3312 luna
2911 3257 3182 3313 currendo
3223 3256 3336 3310 suis
3379 3253 3624 3309 numeris

2019 3353 2212 3424 gignit,
2243 3351 2386 3407 sicut
2424 3353 2688 3421 scriptum
2722 3359 2806 3405 est
2853 3367 2865 3403 :
2915 3350 2955 3403 Α
2986 3358 3178 3417 quarta
3218 3347 3428 3402 decima
3460 3346 3617 3416 plena

2020 3445 2086 3499 ad
2121 3460 2406 3511 vesperum
2432 3459 2604 3514 usque
2632 3442 2700 3498 ad
2734 3443 3048 3497 vicesimam
3077 3443 3305 3511 primam
3337 3443 3388 3494 in
3415 3439 3620 3510 azymis

2020 3537 2354 3612 sinceritatis
2381 3548 2437 3592 et
2468 3535 2752 3600 veritatis,
2787 3533 2989 3590 mentis
3031 3534 3246 3590 scilicet
3281 3528 3307 3568 δ
3342 3533 3619 3606 puritate,

2022 3627 2229 3684 Pascha
2259 3629 2490 3684 Domino
2515 3628 2879 3684 celebramus.

2639 3719 3004 3777 EPILUGUS.

2096 3815 2388 3882 Universa,
2420 3815 2533 3870 Deo
2564 3814 2802 3879 favente,
2847 3815 3204 3869 decurrentes
3232 3813 3617 3884 esplicuimus,

2021 3910 2282 3982 quidquid
2309 3911 2375 3964 ad
2405 3910 2672 3967 rationem
2700 3909 2920 3965 Pascite:
2950 3908 3132 3964 fuerat
3159 3908 3475 3964 dicendum.
3497 3907 3618 3963 Jam

2022 4003 2180 4058 fmem
2226 4003 2313 4058 hic
2355 4003 2629 4058 faciamus
2685 4013 2873 4059 nostro
2915 4003 3182 4068 sermoni,
3223 4003 3622 4058 consummavi-

2023 4110 2250 4163 musque
2278 4096 2380 4150 hoc
2407 4095 2733 4151 laboriosum
2763 4095 2914 4165 Opus
2939 4095 2992 4149 in
3017 4089 3107 4150 die
3131 4099 3236 4149 isto
3263 4110 3322 4149 ιιι
3349 4111 3615 4151 nouarum

2023 4188 2335 4242 Martiarum
2383 4200 2502 4258 poSt
2537 4198 2558 4223 θ
2601 4189 2943 4244 consulatum
2989 4187 3208 4243 Arcadii
3248 4203 3298 4241 tv
3339 4196 3395 4242 et
3437 4189 3618 4242 lieno-

2022 4278 2086 4333 rii
2119 4295 2196 4333 ιιι.
2225 4281 2572 4350 Quapropter
2600 4281 2955 4336 admonemus
2983 4295 3097 4343 eos,
3128 4280 3219 4349 qui
3246 4289 3375 4334 ante
3401 4296 3430 4332 a
3462 4279 3624 4333 nobis

2023 4387 2128 4427 non
2163 4375 2447 4427 emendata
2475 4373 2592 4450 haec
2615 4376 2816 4442 scripta
2845 4373 3097 4440 accipere
3119 4371 3536 4435 festinaverunt,
3566 4379 3624 4425 ιιι

2022 4463 2323 4519 secundum
2361 4465 2522 4519 istum
2567 4465 2810 4518 ordinem
2855 4463 3205 4520 emendatum
3235 4461 3382 4532 Opus
3414 4462 3618 4517 habere

319 4554 408 4618 sit,
443 4566 498 4608 ut
525 4553 628 4609 huc
656 4557 985 4625 Opusculutn
1019 4569 1264 4612 noSIrum
1296 4559 1548 4613 omnilms
1578 4559 1697 4613 sine
1730 4559 1914 4614 labore
1942 4561 1994 4620 D
2019 4570 2316 4623 conentur,
2359 4557 2593 4627 ideoque
2623 4566 2678 4612 et
2721 4556 2864 4611 diem
2913 4565 2968 4608 et
3009 4554 3287 4618 consules,
3318 4552 3463 4622 quod
3507 4568 3616 4608 non

319 4647 390 4700 sit
411 4647 783 4713 consumtum,
813 4663 933 4703 cum
965 4661 1017 4703 et
1043 4651 1182 4702 ratio
1208 4665 1338 4704 vera
1365 4651 1616 4719 superius
1643 4653 1919 4719 praemissa

314 4719 408 4803 sit,
439 4747 494 4792 et
515 4740 632 4793 sine
662 4741 845 4796 labore
871 4742 958 4796 vel
983 4747 1100 4795 Sine
1128 4742 1458 4798 offendiculo
1491 4743 1743 4799 falsitatis
1768 4762 1794 4796 a
1819 4745 1918 4800 du-

322 4828 796 4900 bitantibusatqne
825 4833 1196 4902 ignorantibus
1220 4835 1405 4888 multis
1430 4834 1547 4890 dies
1572 4836 1670 4906 ipsi
1698 4835 1921 4892 Pascha:

323 4937 424 4978 suo
463 4941 677 4995 quoque
716 4936 960 4995 tempore
1002 4939 1419 4996 cognoscantur.
1452 4928 1614 4982 Aliud
1655 4940 1742 4984 est
1771 4930 1918 4985 enim

323 5014 525 5071 Pascha
549 5030 817 5084 nostrutn,
842 5018 986 5072 aliud
1007 5017 1345 5075 Judaaorum.
1369 5019 1554 5092 Longe
1583 5021 1748 5077 etiam
1775 5021 1918 5076 aliud

396 5185 422 5213 ει
461 5177 560 5232 Ms.
583 5193 683 5249 pro
698 5181 867 5234 verbo
888 5179 1085 5250 faciunt
1105 5179 1267 5234 habet
1293 5179 1503 5248 signum
1534 5180 1640 5235 Ml
1673 5180 1722 5234 id
1749 5181 1913 5252 signi-

323 5248 509 5324 ﬁcans,
543 5248 601 5303 ut
623 5248 1108 5324 ΔτινριιιᾞιξΡιηιιΊν.
1137 5280 1208 5292 --
1239 5252 1502 5306 Numerus
1543 5267 1730 5308 cccuv
1753 5248 1913 5324 quin-

322 5319 477 5399 quies
527 5321 1150 5399 undtiplieatus_rcddit
1196 5338 1520 5386 CIDDCCLXX,
1574 5335 1631 5399 ut
1679 5319 1913 5399 proinde

324 5391 498 5465 littera
531 5393 643 5465 l_><_l
674 5409 839 5462 quam
873 5392 1038 5448 refert
1085 5410 1186 5448 ms.
1229 5410 1324 5462 pro
1367 5409 1452 5450 cn
1480 5391 1793 5461 accipienda
1827 5399 1912 5465 vi-_

323 5459 503 5537 detur.
535 5459 742 5518 Edito'ri
772 5477 954 5537 autem
977 5479 1073 5519 seu
1101 5459 1395 5537 typotiteta;
1418 5459 1692 5537 exciderit
1723 5462 1911 5537 hujnsé

325 5534 471 5590 modi
505 5544 630 5588 nota
660 5549 745 5590 eto
772 5534 1080 5593 millenarii.
1115 5534 1271 5605 Quod
1299 5535 1520 5607 quidem
1559 5552 1712 5594 meus
1740 5534 1913 5594 Galli-

2024 4649 2304 4720 posuimus
2336 4652 2531 4720 primo,
2560 4665 2702 4704 nunc
2731 4649 2857 4703 huic
2881 4647 3081 4703 rationi
3111 4645 3412 4710 infiximus,
3441 4654 3501 4700 ut
3525 4661 3620 4702 ex-

2025 4743 2150 4798 hinc
2179 4744 2314 4797 sciat
2345 4745 2469 4813 quis
2495 4742 2844 4798 emendatum
2880 4742 2986 4798 hoc
3017 4757 3137 4797 esse
3169 4741 3339 4812 Opus.

2095 4835 2326 4903 Quintus
2377 4835 2552 4890 Julius
2601 4835 2908 4890 litlarianus
2959 4836 3253 4906 explicuit,
3309 4834 3620 4891 emendavit

2022 4929 2112 4985 die
2139 4945 2195 4984 ιιι
2225 4945 2489 4986 nonarum
2520 4930 2833 4986 Martiarum
2853 4931 3100 4988 .Ctesario
3128 4939 3185 4988 et
3210 4930 3394 4986 Attico
3424 4944 3622 4986 consu-

2021 5023 2186 5079 libus.

2021 5183 2214 5254 ciolius
2243 5182 2412 5254 probe
2437 5183 2689 5240 advertit.

2091 5253 2122 5294 δ
2166 5253 2389 5308 Faciunt
2429 5272 2536 5311 non
2576 5263 2754 5313 exstat
2791 5256 2844 5312 in
2888 5272 2992 5315 ms.

2100 5337 2121 5365 α
2166 5327 2265 5381 Ms.
2309 5326 2569 5383 Cesariis.

2096 5394 2124 5433 ἀ
2165 5398 2264 5452 Ms.
2306 5401 2601 5466 puritatem.

2101 5479 2122 5506 ε
2164 5468 2264 5526 Ms.
2305 5468 2591 5528 Consulatu
2629 5471 2843 5528 Arcadi.

1724 5753 2243 5804 ...ος-ο..-
