4120 6186
1721 182 2038 242 εΑΝοτυε.
2072 180 2365 242 SIRICIUS
2396 182 2599 244 PAPA.

1731 542 1900 586 ANNO
1944 542 2175 586 DUMINI
2220 541 2567 587 CCCXCVIII.

1045 734 1233 893 S.
1375 729 2419 895 SIRICIUS
2553 723 3244 888 PAPA.

1678 1237 2610 1323 PROLEGOMENA.

718 1680 876 1737 VITA
910 1679 1001 1735 ET
1050 1675 1342 1733 REGNUM
1391 1673 1614 1733 SlRlCll
1658 1672 1886 1729 ΡΑΡᾹΞ.

527 1864 635 1937 (Ex
664 1864 797 1917 libro
824 1861 1149 1935 pontiﬁcali,
1182 1861 1341 1915 Conc.
1370 1858 1532 1912 Labb.
1566 1869 1688 1912 tom.
1723 1856 1764 1911 ll
1794 1872 1843 1911 c.
1875 1856 2059 1927 1015).

568 2042 802 2096 Sintcws
859 2038 1083 2094 natione
1151 2038 1449 2103 Romanus,
1502 2052 1572 2093 ex
1629 2046 1783 2109 patre
1831 2036 2099 2103 Tiburtio,

498 2136 642 2191 sedit
699 2148 873 2187 annos
944 2130 1296 2203 quindecim,
1352 2130 1571 2186 menses
1626 2131 1920 2196 undecim,
1982 2130 2101 2185 dies

496 2230 686 2301 viginti
715 2228 977 2299 quinque.
1026 2227 1121 2280 llic
1157 2226 1513 2281 constitutum
1568 2225 1694 2279 fecit
1722 2226 1792 2281 de
1822 2225 1970 2279 omni
2004 2226 2102 2281 Ec-

491 2323 683 2385 clesia,
734 2330 789 2375 et
830 2331 1024 2373 contra
1080 2336 1270 2373 omnes
1304 2319 1562 2383 haereses,
1606 2328 1660 2374 et
1689 2319 1950 2388 dispersit
2007 2336 2102 2389 per

496 2414 815 2468 universum
867 2411 1154 2477 mundum,
1197 2428 1261 2467 ac
1288 2428 1384 2480 per
1433 2428 1621 2467 omnes
1656 2413 1992 2482 provincias,
2044 2423 2103 2468 ut

493 2506 548 2557 in
580 2504 725 2557 omtti
760 2503 987 2557 archivo
1024 2504 1282 2559 Ecclesia:
1317 2516 1768 2573 conservaretur,
1820 2505 1890 2559 tib
1920 2520 2098 2576 Oppu-

494 2598 809 2669 gnatiouem
852 2607 1041 2653 contra
1069 2613 1262 2653 omnes
1294 2597 1554 2652 hmrescs.
1591 2597 1688 2653 llic
1711 2598 1997 2654 constituit
2044 2610 2102 2655 ut

498 2692 678 2747 nullus
711 2690 995 2763 presbyter
1024 2690 1221 2745 missas
1250 2689 1557 2745 celebraret
1587 2706 1683 2761 per
1704 2706 1924 2747 omnem
1967 2692 2101 2747 heb-

497 2784 811 2849 domadam,
849 2785 947 2837 nisi
992 2792 1378 2837 consecratum
1410 2783 1655 2853 episc0pi
1700 2782 1803 2838 loci
1831 2784 2100 2856 designati

497 2882 805 2947 susciperet
834 2878 1196 2943 declaratum,
1229 2877 1373 2948 qttod
1407 2877 1717 2933 nominatur
1745 2878 2095 2933 fermentum.

500 2974 596 3027 llic
644 2974 850 3026 invenit
880 2971 1227 3036 Mauiclneos,
1258 2987 1396 3041 quos
1434 2972 1484 3025 in
1530 2972 1733 3027 exsilio
1757 2970 2092 3043 deportavit.

2130 1679 2180 1739 Α
2208 1670 2675 1737 communionem,
2706 1671 2833 1742 quia
2856 1687 2953 1728 ore
2980 1672 3190 1743 polluto
3211 1688 3322 1729 non
3348 1673 3539 1733 liceret
3560 1689 3829 1734 sanctum

2206 1778 2407 1834 corpus
2452 1763 2788 1819 dominicum
2833 1780 3053 1819 vexare.
3107 1764 3204 1819 llic
3230 1781 3450 1836 quoque
3496 1769 3822 1835 constituit,

2206 1865 2263 1912 ut
2296 1858 2339 1912 si
2366 1857 2487 1927 quis
2519 1872 2816 1912 conversus
2847 1856 2917 1914 de
2947 1856 3262 1913 Manichzeis
3290 1860 3498 1916 rediret
3528 1862 3594 1915 ad
3623 1861 3827 1919 Eccle-

2206 1953 2363 2015 siam,
2410 1950 2719 2005 nullatenus
2763 1951 3218 2018 communicaret,
3270 1953 3613 2007 nisi1antum
3670 1954 3824 2010 rele-

2206 2045 2405 2113 gationi
2439 2044 2759 2098 monasterii
2813 2041 3011 2100 diebus
3035 2045 3161 2099 vita:
3195 2056 3477 2102 teneretur
3508 2046 3821 2114 obnoxius,

2208 2146 2260 2189 ut
2288 2135 2510 2205 jejuniis
2551 2145 2606 2192 et
2642 2137 2983 2193 orationibus
3016 2148 3349 2204 maceratus,
3398 2141 3660 2209 probatus
3710 2141 3824 2197 sub

2205 2230 2351 2282 omni
2381 2229 2786 2283 examinatione
2811 2245 2981 2300 usque
3006 2229 3071 2284 ad
3102 2230 3351 2284 ultimum
3380 2230 3524 2285 diem
3549 2233 3825 2289 transitus

2206 2323 2311 2391 sui,
2364 2323 2699 2376 humanitate
2750 2321 3015 2378 Ecclesia:
3066 2326 3324 2377 viaticum
3370 2325 3453 2378 eis
3492 2325 3817 2395 largiretur.

2205 2416 2303 2471 Hic
2333 2417 2636 2483 constituit,
2661 2416 2951 2472 ha'reticos
2980 2416 3080 2471 sub
3118 2432 3313 2470 manus
3342 2418 3691 2486 impositioue
3725 2432 3821 2473 re-

2204 2510 2310 2580 cipi
2344 2517 2401 2563 et
2444 2509 2793 2563 reconciliari
2844 2520 3115 2578 praesente
3173 2517 3366 2565 cuncta
3397 2509 3663 2564 Ecclesia.
3714 2510 3817 2567 Hic

2206 2602 2331 2656 fecit
2348 2601 2722 2657 ordinationes
2748 2602 2990 2673 quinque
3008 2600 3061 2655 iu
3087 2602 3225 2657 urbe
3245 2603 3414 2657 Roma
3439 2618 3539 2673 per
3566 2619 3814 2660 mensem

2207 2694 2583 2762 Dccmnbrent,
2637 2694 2984 2768 presbyteros
3040 2694 3266 2765 triginta
3305 2711 3493 2762 unum,
3550 2696 3817 2752 diaconos

2205 2787 2505 2855 sexdecim,
2549 2791 2839 2858 episcopos
2881 2804 2977 2857 per
3007 2788 3222 2843 diversa
3271 2788 3389 2843 loca
3446 2806 3677 2845 numero
3706 2792 3811 2847 tri-

2204 2880 2350 2951 ginta
2376 2880 2505 2935 duo.
2532 2879 2634 2948 Qui
2663 2882 2823 2935 etiam
2855 2881 3099 2951 sepultus
3121 2892 3207 2936 est
3232 2880 3284 2936 in
3312 2884 3630 2937 cemeterio
3659 2881 3811 2937 Pris-

2204 2975 2343 3030 cillae
2376 2975 2459 3029 via
2528 2976 2763 3043 Salaria,
2809 2986 3001 3030 octavo
3040 2974 3303 3031 kalendas
3342 2977 3545 3033 Martii.
3599 2976 3667 3032 Et
3696 2991 3815 3033 ces~

500 3066 565 3120 Et
597 3066 697 3119 hoc
727 3064 1030 3130 constituit,
1059 3074 1115 3117 ut
1149 3080 1257 3117 non
1284 3064 1670 3137 participarent
1691 3080 1812 3119 cum
1840 3063 2092 3121 fidelibus
2125 3075 2168 3135 Β
2197 3068 2335 3122 savit
2361 3068 2711 3141 episcopatus
2732 3068 2853 3124 dies
2893 3070 3107 3140 viginti.

1759 3242 1966 3301 NOTAE
2007 3244 2331 3304 SEVERINI
2370 3246 2553 3307 BlNll.

578 3388 823 3443 Sit-idus.
856 3386 983 3439 Post
1012 3387 1385 3456 interregnum
1399 3383 1590 3452 viginti
1609 3384 1821 3438 dierum
1838 3394 1893 3440 et
1914 3386 2096 3452 unius,

503 3476 648 3513 anno
690 3460 890 3514 Christi
926 3458 1054 3521 383i,
1088 3460 1262 3527 pridie
1297 3457 1417 3511 ldus
1444 3456 1708 3521 Januarii,
1737 3456 1966 3513 Siricius
1994 3475 2099 3513 non

504 3532 623 3584 sine.
653 3532 882 3582 tumultu
916 3527 1147 3582 Ursicini
1188 3529 1552 3591 scliismzitici,
1589 3527 1641 3581 in
1677 3530 1851 3581 locum
1882 3527 2101 3584 Damasi

506 3601 763 3656 suffectus
814 3599 935 3653 fuit.
974 3599 1233 3652 l‘rmsmlit
1267 3598 1526 3653 ECtIttsit‘c
1574 3600 1674 3653 sub
1728 3598 2101 3655 Valentiniano

504 3672 766 3733 secundo,
826 3669 1142 3723 Theodosio
1188 3672 1425 3732 seniore,
1488 3670 1720 3725 Arcadio
1756 3680 1809 3723 et
1858 3670 2101 3726 Honorio

506 3743 947 3809 imperatoribus.
1007 3741 1161 3796 Circa
1208 3742 1418 3796 initium
1489 3742 1839 3809 pontiﬁcatus
1893 3741 2099 3808 Siricii,

507 3818 748 3882 Angusta
779 3816 865 3867 illa
894 3812 1109 3867 Jezabel
1128 3812 1336 3883 Justiiia
1362 3812 1708 3867 Ambrosium
1736 3813 2099 3883 persequitur.

507 3885 833 3940 Antiocheni
882 3895 1087 3937 statuas
1118 3882 1407 3938 Theodosii
1438 3886 1723 3952 dejicittnt;
1755 3882 1976 3954 paenain
2023 3886 2102 3939 id-

497 3960 647 4009 circo
689 3956 1215 4010 incarcet'attonihus
1239 3964 1292 4008 et
1325 3957 1737 4026 priwlegiorum
1760 3956 2104 4022 Spolialioni—

508 4029 607 4079 bns
660 4028 941 4090 inﬂictam,
987 4026 1416 4095 Chrysostotnus
1458 4041 1515 4081 et
1559 4028 1857 4082 Flawanns
1906 4027 2103 4094 depre—

508 4108 718 4150 Cilllilll‘.

579 4169 772 4221 Saneta
799 4164 1008 4219 Monica
1046 4165 1335 4235 Augustini
1362 4175 1537 4220 mater
1583 4164 1991 4234 religiosiSsima
2034 4165 2101 4221 ad

510 4238 722 4291 beatam
778 4239 943 4291 vitam
993 4248 1278 4301 evocatur,
1328 4238 1488 4291 unius
1517 4246 1727 4290 tantum
1759 4236 2011 4303 sollicita,
2046 4246 2103 4292 ut

510 4328 605 4379 pro
656 4326 714 4363 se
768 4310 1010 4363 salutare
1040 4311 1369 4364 Sacrilicittm
1402 4310 1661 4363 oﬂeratur
1692 4324 1706 4361 :
1742 4305 1986 4371 Tantum,
2022 4312 2103 4364 in-

506 4381 643 4450 quit,
675 4382 806 4436 illud
840 4398 923 4433 vox
952 4398 1100 4451 rogo,
1132 4392 1184 4433 ut
1228 4381 1296 4434 ad
1323 4382 1487 4435 altare
1515 4380 1743 4451 Domini
1766 4380 2103 4451 memineritis

505 4454 600 4505 mei
654 4453 739 4506 ubi
797 4450 1021 4524 fueritis.
1084 4452 1488 4524 DlSSL’IL‘iUIICSi
1534 4454 1692 4524 inter,
1737 4450 2101 4519 Epiphanium

504 4526 837 4577 Constantia:
859 4524 1045 4595 Cypri.
1071 4535 1122 4578 et
1156 4525 1414 4577 Joannem
1451 4523 1951 4595 HierOSolymornm
1989 4524 2103 4592 epi-

506 4608 748 4663 scopum,
781 4611 1067 4649 occasione
1099 4600 1367 4649 literesum
1392 4595 1666 4663 Origenis.
1698 4610 1833 4663 quas
1864 4595 1955 4648 ille
1976 4611 2100 4649 cum

2204 3388 2336 3457 perit
2380 3390 2710 3457 fermentum.
2767 3383 2907 3452 Quid
2951 3384 3025 3439 sit
3077 3383 3418 3457 fermentum,
3458 3382 3596 3457 quis
3649 3383 3809 3457 illius

2204 3454 2354 3522 usus,
2380 3454 2619 3512 diximus
2650 3471 2813 3524 supra
2839 3458 2889 3509 iii
2924 3457 3065 3510 notis
3094 3454 3159 3508 ad
3189 3456 3349 3508 vitam
3374 3455 3568 3509 Meieh.
3624 3456 3800 3524 verbo

2206 3528 2306 3583 llic
2340 3528 2477 3598 fecit.
2515 3529 2645 3583 Item
2674 3522 2884 3582 canone
2920 3524 3010 3591 14,
3043 3527 3113 3582 52
3141 3537 3195 3579 et
3248 3524 3318 3582 49
3372 3527 3569 3598 concil.
3624 3522 3801 3598 land.

2203 3596 2410 3667 Quibus
2459 3613 2521 3654 ea
2556 3614 2678 3668 quae
2711 3598 2798 3652 hic
2853 3598 3290 3663 subscribuntur,
3354 3596 3581 3652 miriﬁce
3615 3596 3806 3652 decla-

2200 3683 2413 3727 rantur.

2280 3742 2379 3795 Hic
2404 3742 2595 3795 invenit
2627 3739 2964 3799 Manichwos.
2992 3758 3120 3806 quos
3150 3741 3525 3810 deportaverat.
3556 3739 3682 3793 Hac
3710 3737 3809 3793 ad-

2204 3828 2394 3869 versus
2446 3811 2773 3865 Mauiclitcos
2806 3811 3044 3881 pontifex
3094 3811 3399 3877 constituit,
3433 3810 3557 3865 ideo
3588 3811 3737 3881 quod
3768 3825 3805 3866 a

2202 3884 2486 3939 catholicis
2514 3879 2818 3937 ditﬂculter
2844 3882 3082 3936 discerni
3112 3891 3356 3953 possent.
3402 3879 3622 3936 Secreta
3650 3879 3804 3953 enim

2203 3957 2487 4009 dumtaxat
2535 3954 2915 4007 conventicula
2968 3955 3295 4016 habuerunt,
3326 3968 3499 4023 seque
3547 3952 3806 4023 periuriis

2203 4036 2258 4079 et
2303 4024 2604 4079 mendaciis
2637 4025 2999 4092 interpositis,
3048 4024 3353 4080 catholicos
3403 4039 3532 4080 esse
3561 4025 3807 4079 attirma-

2204 4106 2350 4150 runt.
2401 4095 2478 4149 De
2532 4095 2853 4161 mendaciis,
2896 4096 3087 4151 hau-esi
3146 4111 3210 4151 ac
3260 4095 3499 4165 periurio
3545 4093 3808 4165 conviCIi,

2204 4167 2577 4237 ptenitentiam
2625 4168 2879 4221 simulate
2934 4179 3182 4235 agentes,
3225 4164 3491 4237 suamque
3547 4164 3805 4219 [heresim

2204 4236 2477 4293 cXIeriore
2508 4247 2625 4292 actu
2650 4238 2927 4302 detestati,
2953 4238 3178 4292 interius
3207 4236 3486 4291 Manichzei
3516 4251 3637 4291 esse
3673 4250 3806 4304 per-

2204 4320 2526 4365 severarunt
2564 4327 2578 4363 :
2629 4326 2697 4364 ne
2726 4310 3131 4378 detegerentur,
3180 4308 3578 4364 catholicorum
3624 4310 3805 4362 eccle-

2204 4382 2340 4436 siam
2370 4380 2802 4450 freqttentantes,
2827 4396 2945 4434 cum
2963 4380 3157 4435 iisdem
3174 4396 3385 4435 sacram
3416 4379 3806 4434 eucharistiam

2207 4455 2623 4523 participarnnt.
2652 4450 2785 4505 Jurc
2816 4452 2982 4523 igitur
3010 4450 3317 4521 meritoque
3336 4450 3685 4523 deprehensi,
3704 4466 3804 4523 ex;

2204 4520 2326 4579 silio
2360 4523 2628 4588 tnnletati,
2653 4523 2734 4575 vel
2764 4525 2806 4575 si
2842 4520 3491 4591 pmnitentiamagerent.
3522 4522 3592 4575 ad
3637 4520 3807 4588 parti-

2205 4596 2494 4661 cipandam
2524 4609 2736 4648 sacram
2767 4595 3153 4648 eucharistiam
3190 4596 3241 4646 in
3285 4596 3391 4646 line
3423 4593 3548 4646 vitae
3585 4593 3809 4645 duoita-

506 4664 702 4718 Rulino
739 4669 969 4735 aliisque
998 4668 1364 4735 Compluribus
1392 4666 1766 4720 defendendas
1812 4666 2098 4721 infeliciter
2123 4669 2168 4731 C
2203 4678 2297 4720 xat
2325 4667 2548 4720 admissi
2576 4665 2817 4719 fuerunt.
2843 4665 2922 4719 Ad
2948 4666 3265 4718 instantiam
3295 4664 3473 4719 Siricii
3504 4664 3803 4735 pontiﬁcis,

501 4746 836 4809 susceperat,
867 4748 1070 4790 exorta:
1096 4748 1239 4809 sunt.
1272 4738 1401 4803 Qua:
1428 4737 1668 4809 haereses
1702 4736 1860 4803 hujus
1890 4747 2090 4806 tempo-

502 4809 653 4860 ribus
703 4808 1022 4874 prodierint,
1070 4824 1187 4873 qum
1247 4808 1474 4861 concilia
1524 4808 1702 4859 habita
1754 4810 1976 4872 l'uertnt,
2026 4823 2091 4861 ex

498 4880 642 4932 notis
669 4878 1024 4932 conciliorum
1059 4889 1115 4932 et
1144 4879 1501 4949 epistularum
1542 4878 1839 4932 constabit.

575 4949 721 5004 Sedit
779 4966 940 5002 annos
990 4950 1303 5018 quindecim.
1362 4950 1533 5004 Annis
1577 4950 1861 5015 tredecim,
1909 4964 2095 5006 mense

502 5036 629 5085 uno,
662 5023 851 5075 diebus
877 5023 1303 5090 quatuordecitn.
1338 5022 1463 5074 Nam
1492 5033 1683 5075 octavo
1709 5020 1928 5075 kalend.
1957 5020 2097 5074 Mar-

497 5093 552 5144 tii
582 5109 722 5146 anno
746 5094 871 5157 398,
905 5110 971 5146 ex
1000 5093 1099 5147 hac
1126 5096 1233 5147 vita
1275 5094 1543 5161 migravit.
1594 5093 1893 5161 [lucusque
1928 5093 1973 5146 si
2028 5092 2095 5146 ab

500 5164 654 5216 initio
693 5166 840 5217 sedis
885 5173 1126 5233 tempora
1162 5166 1506 5229 pontiﬁcatus
1547 5163 1725 5217 Siricii
1774 5174 2095 5231 computen-

494 5242 601 5298 tur,
659 5238 966 5303 aSsiguatus
1015 5244 1274 5290 numerus
1345 5248 1637 5302 annorum,
1688 5236 1954 5288 mensium
2038 5243 2093 5288 et

496 5306 731 5363 dierum.
766 5310 1092 5360 invenietur.
1125 5306 1280 5373 Quod
1335 5305 1666 5374 periclitanti
1715 5304 1969 5358 ecclesia)
2001 5319 2091 5359 oc-

492 5382 712 5430 cisione
755 5377 1207 5446 Origeuistarum,
1257 5392 1393 5445 (μιος
1426 5377 1676 5431 Marcella
1706 5376 1889 5428 Romae
1937 5375 2090 5430 dete-

494 5458 671 5509 xerat,
722 5460 779 5501 ut
840 5448 975 5501 infra
1033 5449 1088 5502 in
1139 5450 1280 5503 notis
1325 5448 1543 5502 concilii
1593 5446 1948 5501 Alexandrini
1993 5447 2094 5502 sub

492 5520 780 5572 Auaslasm
811 5520 1071 5573 celebrati
1097 5521 1359 5584 dicemus,
1401 5535 1505 5572 non
1528 5527 1661 5572 satis
1708 5520 1969 5573 velociter
2000 5533 2094 5572 oc-

495 5590 689 5651 currit,
722 5589 988 5643 citissnne
1018 5606 1083 5643 ex
1116 5592 1215 5644 hac
1248 5596 1354 5644 vita
1387 5592 1637 5643 sublatus
1665 5601 1768 5643 est.

577 5658 970 5735 H_ic_c‘onuituit
998 5675 1049 5718 ut
1080 5667 1255 5719 nullus
1286 5666 1546 5735 presbyter
1595 5668 1777 5721 missas
1818 5666 2092 5720 celebraret

501 5740 591 5793 per
616 5729 1002 5802 Itebdomadattt,
1040 5738 1136 5789 nisi
1166 5729 1518 5793 consecratum
1548 5739 1773 5810 episcopi
1804 5739 1901 5793 loci
1920 5752 2090 5792 susce-

2202 4738 2330 4790 illud
2361 4735 3035 4806 Theodosiiimperatoris
3068 4737 3384 4805 rescriptum
3426 4735 3517 4787 lib.
3550 4749 3701 4806 xvnt
3733 4734 3803 4788 de

2205 4808 2408 4863 ":IPI'Cl.
2459 4808 2589 4861 Cod.
2637 4805 2846 4860 Theod.
2881 4816 3121 4868 exstans,
3174 4807 3567 4874 promulgatum
3631 4805 3806 4859 fuisse

2206 4881 2485 4949 probabile
2508 4890 2608 4943 est;
2639 4890 2747 4947 quo
2794 4881 3065 4946 ιιι-παιδίω
3096 4878 3374 4931 ὴωιυοθρυε
3400 4878 3638 4939 sectarii,
3689 4890 3805 4928 non

2204 4954 2271 5003 ab
2301 4952 2437 5005 urbe
2465 4959 2691 5011 tantum.
2723 4964 2911 5003 verum
2941 4949 3100 5003 etiam
3154 4949 3221 5002 ab
3252 4949 3510 5001 universo
3534 4950 3668 5002 orbe
3714 4962 3803 5001 re.

2205 5022 2372 5089 legari
2428 5024 2791 5075 mandantur.
2818 5020 2951 5073 Cum
2986 5023 3036 5073 iii
3071 5020 3329 5072 honorem
3386 5019 3518 5071 Solis
3553 5034 3614 5069 ac
3656 5018 3802 5070 lunt:

2203 5094 2289 5147 die
2320 5093 2593 5148 dominico
2620 5100 2674 5145 et
2704 5090 2835 5145 feria
2867 5092 3100 5146 secunda
3145 5089 3476 5160 jejunarent,
3516 5089 3801 5157 solemque

2202 5166 2347 5218 velut
2376 5179 2575 5217 numen
2609 5162 2876 5228 colentes,
2908 5163 2971 5215 ad
3009 5166 3272 5219 orientem
3305 5162 3556 5214 conversi
3604 5176 3802 5225 super-

2200 5235 2415 5289 SIitiose
2470 5231 2780 5303 adorarent,
2846 5234 3095 5303 idemque
3152 5231 3315 5303 etiam
3351 5231 3436 5303 pie
3479 5246 3551 5303 Aac
3610 5238 3799 5303 sancte

2198 5303 2452 5360 Catholici
2504 5300 2764 5370 facerent,
2798 5310 2960 5373 atque
2985 5300 3122 5373 adeo
3148 5302 3297 5355 nullo
3326 5300 3527 5355 indit-io
3558 5316 3587 5355 a
3629 5300 3801 5355 Mani-

2197 5376 2363 5431 chmis
2394 5373 2647 5431 catholici
2678 5386 2729 5430 et
2765 5372 3050 5429 orthodoxi
3080 5374 3313 5427 dist-erui
3359 5384 3601 5442 possent,
3639 5387 3798 5425 sanc-

2201 5458 2288 5507 ttts
2328 5447 2439 5502 Leo
2468 5446 2486 5502 1
2516 5446 2660 5501 hunc
2689 5447 2880 5500 Grandi
2940 5447 3101 5499 t‘iltttu
3135 5442 3197 5496 ad
3234 5454 3447 5514 tempus
3481 5443 3795 5515 suspendit,

2197 5537 2265 5575 ne
2287 5521 2413 5589 quid
2448 5519 2590 5572 lideli
2623 5518 2825 5586 popqu
2848 5530 2969 5589 cum
2996 5514 3265 5589 ha‘reticis
3311 5529 3599 5589 commune
3622 5524 3795 5579 esset,

2198 5586 2515 5660 sed—potius
2559 5588 2894 5660 hociudicio
2922 5586 3270 5660 apertissime
3323 5587 3791 5640 discernerentur.

2197 5656 2401 5721 Baro'n.
2432 5675 2594 5720 anno.
2619 5659 2745 5727 445,
2780 5674 2931 5715 num.
2950 5656 3059 5713 Aet
3081 5656 3133 5710 5.
