4120 6186
309 225 450 283 1117

385 340 462 394 Ex
492 337 794 395 Constantio
812 336 988 408 Epist.
1015 336 1171 392 Rom.
1199 333 1356 392 Pent.
1391 343 1516 390 tam.
1543 331 1588 400 l,
1617 347 1666 388 c.
1701 330 1828 390 631.

380 475 609 534 Siricius
629 491 773 532 anno
799 473 904 532 581
928 479 1169 530 exeunte
1191 469 1450 527 Romana:
1483 463 1736 524 ecclesia:
1761 465 1905 537 regi-

311 588 433 628 men
462 572 726 641 suscepit,
758 585 865 640 quo
891 568 1006 636 die,
1059 565 1355 631 incertum;
1403 573 1457 619 et
1505 575 1651 616 anno
1689 558 1796 615 598
1833 570 1901 614 ex

310 666 411 720 hac
457 664 566 718 vita
613 664 886 734 migravit.
944 659 999 714 ln
1057 659 1332 714 nonnullis
1398 655 1526 712 libri
1572 650 1901 724 pontiﬁcalis

308 757 707 828 exemplaribus
737 771 826 810 vin
854 751 1100 808 kalendas
1131 751 1332 819 Martii,
1359 752 1411 806 in
1456 749 1576 804 aliis
1602 764 1674 814 ιχ,
1712 747 1767 802 in
1789 761 1902 802 cce-

308 851 540 906 meterio
570 848 829 904 Priscillae
855 847 1100 918 sepultus
1126 857 1367 901 notatur.
1414 842 1899 913 Ilieronymianum

306 943 781 1016 marterIOgium,
808 942 895 996 cui
923 951 976 997 et
1003 939 1450 1012 martyrologium
1494 935 1652 992 Beda:
1701 932 1896 990 suﬂ'ra-

304 1042 482 1106 gatnr,
515 1045 742 1090 mortem
773 1035 892 1105 ejus
917 1035 1006 1090 die
1026 1034 1096 1090 26
1118 1033 1441 1089 Novembris
1464 1034 1535 1086 ita
1569 1030 1853 1100 consignat
1881 1045 1894 1080 :

305 1125 485 1181 Romae
530 1127 782 1198 depositio
823 1125 1002 1182 Siricii
1038 1125 1285 1196 episcopi.
1329 1125 1408 1180 Eo
1456 1132 1614 1194 pacto
1651 1119 1898 1192 quamvis

303 1217 531 1276 Siricius
551 1219 708 1275 annis
734 1219 1016 1274 dumtaxat
1047 1215 1138 1284 14,
1169 1227 1223 1272 et
1269 1215 1334 1270 iis
1361 1214 1579 1284 quidem
1617 1228 1723 1268 non
1746 1213 1895 1280 totis,

301 1315 598 1371 Ecclesiam
643 1311 1064 1380 administrarit,
1097 1315 1140 1370 si
1167 1323 1349 1370 tamen
1377 1324 1433 1368 et
1465 1313 1596 1368 anni
1645 1311 1752 1369 384
1782 1313 1898 1367 exi-

300 1414 411 1476 tus,
438 1418 494 1466 et
521 1408 646 1465 anni
671 1407 778 1467 598
800 1410 1034 1464 maxima
1086 1422 1234 1480 pars,
1268 1415 1326 1461 ut
1354 1420 1499 1477 saepe
1523 1407 1605 1472 ﬁt,
1639 1419 1736 1476 pro
1763 1406 1898 1460 duo-

301 1505 404 1559 bus
430 1504 588 1558 annis
618 1511 1029 1572 computentur,
1052 1517 1160 1556 non
1189 1499 1326 1555 falso
1355 1499 1410 1555 in
1429 1498 1668 1569 antiquis
1697 1497 1894 1553 Roma-

300 1609 497 1651 norum
528 1593 839 1666 pontiﬁcum
866 1591 1132 1664 catalogis
1169 1592 1298 1646 anni
1337 1591 1646 1663 quindecim
1688 1591 1896 1646 sedisse

299 1685 514 1750 dicitur,
559 1687 764 1742 eisdem
791 1685 1116 1741 concinente
1175 1691 1361 1738 vetere
1409 1681 1571 1753 hujus
1617 1681 1892 1753 pontiﬁcis

298 1779 597 1851 epitapltio,
628 1782 679 1835 in
711 1795 818 1851 quo
845 1777 1101 1849 legimus,

417 1891 518 1952 Ter
541 1892 716 1952 quinos
741 1887 970 1952 papulum
997 1886 1046 1935 in
1069 1898 1221 1952 annos
1253 1885 1334 1948 qui
1359 1883 1493 1935 rexit
1517 1897 1704 1952 amore,

419 1948 571 2005 Nune
588 1948 819 2015 requiem'
835 1950 1004 2007 sentit,
1027 1948 1247 1998 caelestia
1266 1959 1422 2010 regna
1444 1950 1640 2012 potitus.

373 2077 525 2135 Unde
555 2079 719 2133 etiam
744 2093 870 2134 eum
895 2093 1084 2134 amore
1113 2078 1316 2148 potius,
1341 2092 1502 2147 quam
1530 2075 1854 2132 auctoritate
1871 2114 1889 2142 ,

297 2175 561 2244 populum
603 2177 814 2228 rexisse
859 2173 1251 2244 comperimus.
1295 2169 1473 2242 Ipsum
1530 2169 1894 2242 Hieronymus

295 2267 447 2321 velut
475 2265 782 2334 simplicem
812 2273 1190 2334 repraesentat,
1216 2265 1304 2330 qui
1333 2264 1396 2318 de
1427 2279 1519 2317 suo
1557 2263 1762 2332 ingenio
1792 2277 1893 2316 cte-

293 2367 427 2413 teros
454 2355 737 2411 wstimabat
765 2354 942 2425 (Hier.
975 2355 1066 2410 lib.
1098 2370 1155 2409 tu
1195 2354 1348 2424 Apol.
1379 2354 1623 2407 adversus
1655 2347 1886 2423 Rufin.).

291 2449 424 2517 Qua:
449 2459 627 2504 autem
652 2449 715 2502 ad
751 2462 848 2502 nos
877 2457 1244 2518 pervenerunt
1272 2448 1443 2516 ipsius
1472 2445 1702 2516 scripta,
1732 2460 1886 2499 sum-

297 2557 442 2594 mum
469 2540 594 2596 ﬁdei
622 2540 928 2607 catholicae,
955 2549 1010 2595 et
1039 2536 1311 2595 canonica:
1340 2536 1643 2608 disciplinac
1665 2550 1888 2594 servan-

294 2631 377 2686 dae
406 2631 648 2688 studium
685 2631 914 2703 Spirant.

616 2748 699 2805 Ea:
729 2749 1160 2816 Scltwnemanno,
1193 2745 1367 2812 tom.l,
1391 2765 1444 2818 p.
1475 2745 1600 2802 506.

365 2863 612 2926 Siricius,
640 2863 939 2928 liomanus,
968 2868 1124 2933 patre
1172 2874 1335 2916 natus
1359 2860 1628 2926 Tiburtio,
1653 2860 1886 2930 primum

239 3010 249 3015 ,
293 2955 551 3010 Romana:
576 2952 826 3011 ecclesia.-
849 2956 1159 3026 presbyter,
1181 2953 1380 3008 deinde
1406 2951 1640 3006 Damaso
1671 2961 1887 3007 mortuo

291 3063 381 3102 an.
415 3045 542 3113 584,
571 3046 862 3117 episcopus
892 3045 1151 3101 Romana:
1181 3044 1328 3100 sedis
1354 3047 1562 3100 electus
1602 3052 1687 3099 est
1737 3051 1884 3099 tanta

290 3141 508 3211 quidem
553 3151 868 3196 cunctorum
911 3139 1286 3210 suﬁ‘rsgiorum
1324 3137 1613 3192 concordia
1638 3178 1655 3203 ,
1685 3146 1742 3190 ut
1780 3137 1882 3192 hoc
1909 3108 1952 3167 Π

292 3236 408 3304 ipso
429 3235 611 3290 statim
644 3235 716 3290 de
765 3236 1076 3304 integritate
1123 3250 1185 3289 ac
1228 3232 1522 3288 virtutibus
1568 3232 1881 3302 prtejudicio

292 3327 696 3382 Valentinianus
720 3326 1022 3397 imperator
1041 3327 1091 3381 ei
1136 3325 1544 3390 conciliaretur,
1579 3335 1636 3378 ιιι
1659 3322 1878 3394 quidem

289 3421 516 3475 Piniano
549 3421 706 3476 Praei.
727 3405 780 3477 ὐ
811 3421 878 3476 de
908 3421 1025 3489 ejus
1065 3419 1343 3475 electione
1370 3417 1680 3473 rescribens
1714 3425 1878 3469 testa-

289 3521 373 3565 tus
419 3520 505 3566 est
554 3511 638 3566 bis
675 3511 855 3566 verbis
904 3528 917 3565 :
972 3509 1261 3579 Quoniam,
1313 3509 1525 3579 inquit,
1580 3508 1879 3577 religiosum

291 3601 536 3656 Siricium
584 3603 861 3656 antistitem
906 3603 1195 3656 sanctitatis
1221 3602 1294 3654 sic
1325 3616 1544 3671 prmesse
1591 3600 1877 3653 sacerdotio

289 3694 556 3758 voluerint,
582 3705 637 3748 ut
670 3694 910 3748 Ursinum
933 3695 1220 3765 improbum
1247 3691 1700 3746 acclamationibus
1720 3692 1880 3745 viola-

286 3796 428 3852 rent;
481 3798 656 3841 nostro
702 3803 819 3840 cum
860 3786 1050 3856 gaudio
1096 3780 1406 3839 memoratus
1450 3785 1718 3852 episcopus
1768 3783 1878 3847 ipse

286 3887 579 3948 permaneat
613 3896 626 3934 :
661 3878 912 3949 siquidem
944 3892 1183 3946 magnum
1212 3877 1517 3930 innocentia:
1544 3892 1605 3929 ac
1650 3875 1879 3946 probita-

284 3970 347 4022 tis
373 3970 663 4039 exemplum
687 3981 758 4024 est
790 3969 843 4023 in
875 3987 978 4022 una
1018 3967 1386 4022 acclamatione.
1413 3978 1458 4020 et
1491 3968 1660 4036 ipsum
1690 3967 1810 4037 eligi
1829 3974 1878 4020 et

282 4070 495 4114 crateras
538 4059 838 4128 improbari.
865 4061 971 4116 Nec
997 4058 1170 4116 defuit
1199 4059 1324 4114 huic
1371 4058 1759 4114 existimationi
1791 4057 1877 4112 Si-

281 4151 449 4206 ricius
493 4148 622 4203 Nam
647 4165 770 4205 cum
795 4165 823 4204 a
853 4164 1039 4207 natura
1071 4151 1204 4205 mite
1232 4150 1283 4205 ei
1324 4148 1598 4222 ingenium
1647 4151 1870 4217 inesset,

284 4242 444 4314 idque
495 4242 690 4314 insigni
734 4257 943 4298 morum
973 4244 1324 4315 simplicitate
1354 4243 1725 4312 conjunctum,
1762 4255 1874 4299 tum

282 4337 482 4392 nemini
533 4337 992 4406 praedecessorum
1024 4352 1246 4394 suorum
1288 4337 1564 4409 vigilantia
1613 4347 1667 4392 et
1693 4337 1874 4393 studio

281 4423 407 4481 lidei
443 4429 721 4482 catholica:
752 4437 809 4482 et
835 4426 1134 4499 disciplinae
1175 4430 1560 4485 ecclesiastica:
1589 4430 1871 4486 servandae

280 4519 605 4590 tuend-.eque
633 4521 930 4576 secundum
958 4537 1019 4577 se
1049 4521 1214 4578 videri
1248 4538 1440 4594 passus
1460 4533 1564 4578 est.
1619 4526 1793 4595 Atque
1816 4525 1868 4580 in

278 4610 399 4682 ipso
426 4616 609 4666 statim
647 4615 888 4669 muneris
913 4613 1137 4669 introitu
1171 4613 1470 4684 disciplina:
1487 4615 1871 4674 ecclesiastica:

277 4719 404 4758 cura
429 4721 549 4761 eum
575 4705 876 4777 occupavit.
905 4705 1120 4762 Etenim
1160 4707 1434 4762 llimerius
1465 4708 1705 4779 quidam,
1736 4709 1868 4765 Tar-

278 4801 595 4855 raconensis
622 4803 927 4870 episcOpus,
957 4801 1026 4856 de
1066 4800 1232 4856 variis
1255 4801 1604 4858 ecclesiarum
1640 4802 1692 4858 in
1748 4802 1868 4859 liis-

275 4895 432 4964 pania
493 4895 986 4951 consuetudinibus
1033 4895 1242 4951 consilii
1295 4897 1532 4952 incertus
1575 4899 1864 4954 Damasum

276 4985 596 5054 perlitteras
635 4987 1070 5059 interrogaverat
1087 4988 1427 5059 consilioque
1457 4989 1561 5046 sibi
1587 4991 1868 5048 subveniri

279 5083 564 5146 optaverat
591 5095 605 5145 ;
633 5077 830 5148 quibus
878 5074 975 5132 illo
1007 5079 1226 5135 interim
1255 5091 1472 5135 mortuo
1519 5081 1584 5136 ad
1617 5081 1874 5136 Siricium

271 5170 497 5240 perlatis
528 5179 825 5242 coactaque
869 5170 1102 5227 aliorum
1136 5172 1516 5244 episcoporum
1549 5184 1602 5228 et
1645 5175 1874 5248 presby-

273 5268 512 5318 terorum
538 5277 760 5318 suorum
785 5263 994 5336 synodo
1016 5264 1313 5334 rec0gnitis
1338 5279 1403 5320 ex
1433 5269 1704 5322 communi
1741 5283 1868 5340 syn-

268 5352 360 5408 odi
389 5354 660 5409 sententia
699 5356 767 5410 ab
790 5371 857 5410 eo
883 5371 1204 5425 reSponsum
1234 5367 1338 5424 est,
1367 5359 1442 5412 ita
1489 5371 1667 5416 tamen
1698 5371 1776 5427 ut,
1813 5361 1865 5417 ni

267 5461 297 5500 a
325 5447 717 5502 communione
739 5449 954 5520 collegii
981 5449 1135 5508 istius
1157 5453 1432 5523 segregari
1462 5451 1649 5521 vellet,
1681 5452 1748 5509 ab
1780 5470 1861 5510 ea-

346 5650 424 5725 (τι)
449 5629 509 5725 in
534 5603 768 5725 append‘.
794 5649 868 5725 ad
885 5649 1082 5706 Leonis
1105 5649 1176 5706 M.
1206 5661 1380 5725 opera
1400 5647 1536 5725 diss.
1571 5646 1657 5707 15.

346 5721 424 5801 (li)
449 5722 505 5780 In
536 5722 795 5797 singulari
818 5722 1038 5780 dissert.
1086 5725 1152 5780 de
1188 5721 1422 5782 concilio
1447 5721 1761 5801 Teleptensi
1786 5723 1879 5786 ad-

1705 177 2246 275 mutuomst.

1932 332 1983 396 Α
2008 329 2133 386 dam
2164 327 2426 386 recedere
2446 327 2855 398 prohiberetur.
2880 325 3030 382 llaud
3050 324 3222 382 multo
3240 331 3430 396 postea
3451 322 3601 381 Pris-

3459 209 3603 273 1118

2004 423 2207 478 cilliani
2231 436 2451 479 errores
2487 421 2540 478 in
2567 420 2741 478 Gallia
2779 421 2942 476 latius
2966 421 3140 491 spargi
3179 420 3380 476 certior
3403 419 3598 488 factus,

2006 515 2301 572 Maximum
2335 523 2630 588 tyrannum
2654 514 2882 583 imperio
2910 528 3030 569 eam
3053 525 3178 568 tunc
3200 523 3481 567 tenentem
3512 527 3605 581 per

2006 609 2210 666 litteras
2227 609 2467 666 incitavit
2484 620 2538 666 et
2564 609 2872 679 impetravit
2893 609 3078 671 etiam,
3102 617 3159 662 ut
3180 623 3280 662 nec
3304 606 3480 675 ipsum
3498 622 3604 664 sea

2005 704 2107 760 ﬁde
2134 705 2402 759 catholica
2439 703 2622 758 seduci
2663 711 2939 773 pateretur
2974 710 3029 756 et
3059 699 3597 755 Priscillianistarum

2000 799 2273 854 licentiam
2305 799 2647 869 reprimeret.
2683 795 2841 863 Quod
2883 795 3229 850 Priscilliano
3277 794 3500 864 quidem
3551 802 3607 850 et

2001 889 2283 944 nonnullis
2311 891 2586 943 sociorum
2620 890 2738 958 ejus
2785 887 2950 943 exitio
2980 887 3102 951 fuit,
3135 901 3233 941 nec
3263 897 3440 940 tamen
3470 885 3602 940 docv

2003 983 2196 1038 trinam
2227 998 2414 1036 eorum
2447 983 2590 1036 intra
2623 983 2890 1036 arctiores
2931 980 3068 1035 ﬁnes
3110 978 3370 1034 cohibere
3404 978 3598 1047 potuit.

2000 1076 2172 1133 Porro
2199 1091 2347 1132 anno
2369 1076 2476 1133 589
2505 1075 2857 1131 Jovinianum
2892 1073 3137 1146 synodali
3168 1074 3438 1126 sententia
3461 1073 3607 1128 dam-

2001 1170 2151 1224 navit
2178 1180 2340 1240 atque
2370 1168 2504 1224 urbe
2558 1169 2722 1223 etiam
2753 1167 2962 1235 expulit
2992 1174 3047 1220 et
3100 1163 3464 1219 Mediolanum
3521 1166 3604 1220 lu-

1998 1263 2236 1334 gientem
2264 1262 2462 1318 litteris
2489 1260 2554 1315 ad
2584 1260 2930 1315 Ambrosium
2975 1267 3313 1327 ca‘lerosque
3346 1259 3416 1312 ibi
3471 1273 3603 1313 con-

1997 1364 2254 1428 gregatos
2273 1356 2563 1424 episcopos
2589 1353 2905 1415 antevertit,
2933 1368 3002 1406 ne
3027 1353 3110 1407 vel
3137 1354 3282 1421 ipsos
3311 1353 3392 1406 vel
3417 1351 3601 1408 Theo-

1999 1447 2213 1503 dosium
2273 1445 2344 1500 ibi
2399 1454 2830 1500 commorantem
2887 1458 3054 1498 causa
3107 1443 3364 1498 simulata
3412 1445 3601 1500 fallere

1999 1550 2200 1612 posset.
2246 1540 2487 1609 lniquius
2511 1554 2570 1594 se
2595 1538 2766 1609 gessit
2819 1539 2871 1592 in
2923 1536 3259 1601 Flavianum,
3292 1536 3601 1592 Antiochia}

1998 1615 2335 1702 episcopum,
2359 1646 2596 1702 quocum
2626 1639 2749 1701 post
2778 1639 3009 1684 mortem
3035 1629 3248 1684 Paulini
3280 1629 3418 1684 adeo
3447 1644 3596 1684 com-

1922 1722 2310 1784 Bmunionem
2367 1723 2571 1778 habere
2623 1722 2944 1789 recusabat,
2997 1731 3160 1791 atque
3203 1721 3596 1791 Theodosium,

1996 1831 2318 1887 quamquam
2355 1816 2574 1880 frustra,
2610 1830 2774 1885 super
2815 1829 2880 1869 eo
2913 1815 2983 1869 de
3027 1815 3332 1868 Antiochia:
3382 1818 3595 1883 episco-

1997 1917 2124 1978 patu
2175 1907 2550 1962 submovenda
2605 1907 2970 1971 Sollicitavit,
3033 1908 3326 1976 paucisque
3372 1907 3592 1961 demum

1996 2011 2121 2056 ante
2154 2003 2280 2055 vitae
2323 1999 2480 2055 ﬁnem
2508 2000 2785 2054 mensibus
2835 1998 3206 2071 Chryse-tend
3243 2008 3358 2053 arte
3404 2007 3594 2066 captus

1993 2110 2115 2149 cum
2141 2110 2206 2150 eo
2230 2093 2671 2149 communicavit.
2697 2093 3061 2160 Quamobrem
3095 2091 3162 2145 de
3209 2091 3402 2145 Bonosi
3430 2105 3593 2145 causa

1994 2189 2318 2242 sententiam
2352 2185 2494 2241 ferre
2543 2185 2900 2250 recusaverit,
2935 2200 3040 2237 non
3072 2184 3261 2253 liquet.
3313 2183 3458 2239 Obiit
3502 2183 3591 2238 die

1991 2279 2028 2333 2
2056 2278 2401 2343 Novembris,
2434 2289 2583 2334 certe
2611 2278 2712 2333 sub
2740 2276 2900 2332 ﬁnem
2935 2295 2984 2329 a.
3017 2291 3299 2331 cccxcvm.

2065 2447 2356 2507 SCRIPTA
2388 2492 2402 2518 ,
2445 2450 2537 2506 ET
2586 2448 2825 2507 EORUM
2865 2449 3249 2518 EDITIONES,
3290 2448 3514 2506 SlRlCll

2680 2542 2904 2598 PAPAS.

2352 2675 2436 2730 Ex
2457 2675 2891 2744 Schoenemanno,
2929 2676 3016 2731 ubi
3041 2693 3220 2747 supra.

2640 2813 2688 2861 1.
2723 2811 2935 2875 Scripta.

2062 2955 2370 3025 Supersunt
2400 2954 2652 3026 Epistola:
2697 2957 2872 3013 Siricii
2923 2973 3034 3023 sex,
3086 2974 3413 3028 quamquam
3446 2955 3615 3015 haud.

1989 3064 2180 3104 omnes
2210 3047 2313 3102 ﬁde
2343 3049 2476 3103 satis
2502 3060 2646 3104 certa
2677 3050 2726 3105 ei
2759 3049 2937 3105 all‘erri
2971 3066 3132 3120 posse
3167 3052 3475 3107 videantur.

2059 3141 2262 3206 Prima,
2305 3142 2373 3195 ad
2429 3140 2720 3196 Himeriunt
2774 3142 3210 3198 Tarraconensem
3263 3145 3584 3214 episcopum,

1985 3237 2219 3292 maxime
2242 3235 2498 3302 celebris,
2530 3237 2672 3306 quod
2722 3237 2894 3304 prima
2925 3245 3032 3300 est,
3065 3245 3214 3291 certe
3241 3239 3437 3306 prima,
3466 3252 3587 3306 quae

1982 3329 2048 3383 ad
2077 3343 2177 3384 nos
2229 3329 2496 3399 pervenit,
2555 3330 2910 3400 epistularum
2961 3328 3342 3393 decretalinm,
3390 3329 3588 3398 quibus

1983 3421 2212 3476 Romani
2259 3421 2521 3491 praesules
2568 3420 2634 3475 ad
2665 3421 3006 3476 diversarum
3059 3421 3419 3476 ecclesiarum
3452 3436 3583 3476 con-

1981 3516 2308 3570 sultationes
2325 3515 2746 3583 responderunt.
2776 3514 2989 3586 Scripta
3021 3516 3139 3585 ipso
3180 3531 3324 3569 anno
3352 3515 3582 3572 electio-

1981 3609 2064 3664 nis
2098 3609 2216 3677 ejus
2236 3606 2363 3664 585.

2053 3703 2326 3770 Secunda,
2355 3703 2422 3756 ad
2442 3701 2696 3774 Anysium
2721 3700 3228 3757 Thessalonicensem
3258 3703 3578 3774 episcopum.

1979 3794 2219 3864 Tempus
2247 3803 2397 3849 certo
2428 3793 2642 3848 deﬁniri
2691 3795 2898 3862 nequit.
2925 3794 3100 3863 Prope
3139 3803 3320 3848 tamen
3355 3797 3576 3848 missam

1981 3901 2103 3943 esse
2139 3898 2379 3953 constat,
2412 3895 2704 3955 antequam
2736 3885 2803 3938 de
2835 3885 3034 3939 Bonosi
3067 3900 3229 3938 causa
3280 3884 3577 3954 quidquam

1983 3982 2168 4036 ROIHEB
2199 3980 2498 4036 inauditum
2525 3990 2702 4042 esset;
2729 3979 2964 4048 alioquin
2995 3978 3064 4033 de
3093 3995 3157 4034 ea
3183 3978 3437 4034 Siricium
3469 3995 3578 4035 non

1980 4074 2269 4128 taciturum
2300 4073 2490 4140 luiSse,
2526 4083 2675 4142 putat
2704 4071 3058 4127 Cousmntius
3092 4089 3104 4124 :

2056 4185 2075 4218 ι
2103 4165 2215 4221 Nec
2246 4165 2543 4230 immerito,
2593 4167 2788 4237 inquit,
2842 4167 2907 4220 ad
2950 4182 3154 4221 annum
3187 4165 3296 4220 585
3320 4166 3574 4221 retuleri-

1979 4273 2101 4313 mus
2129 4259 2340 4314 litteras
2394 4259 2514 4314 illas
2545 4259 2738 4328 quibus
2792 4259 3021 4316 Siricius
3069 4258 3296 4330 Anysio,
3346 4275 3464 4329 quae
3522 4260 3574 4314 in

1977 4348 2174 4420 lllyrici
2204 4351 2454 4405 ecclesiis
2501 4359 2842 4419 gererentur,
2873 4351 3247 4419 Cognoscenda
3282 4350 3574 4404 commise-

1979 4451 2082 4496 rat.
2117 4461 2135 4493 ι
2171 4441 2265 4496 Ille
2297 4455 2426 4495 vero
2450 4439 2550 4496 has
2579 4440 2850 4495 secundas
2876 4442 3042 4504 misit,
3073 4455 3198 4494 cum
3219 4479 3233 4503 ,
3273 4448 3450 4493 utrum
3484 4455 3574 4494 ac-

1980 4541 2154 4603 ceptae
2180 4541 2358 4588 essent
2391 4532 2606 4602 primm,
2656 4533 2884 4586 necdum
2915 4533 3118 4586 rescire
3159 4532 3442 4602 potuisset.
3497 4531 3574 4586 Ex

1979 4642 2088 4696 quo
2115 4639 2451 4694 consequens
2500 4632 2604 4691 est,
2636 4625 2780 4695 quod
2810 4625 2926 4679 ista:
2972 4624 3227 4680 secundae
3265 4625 3455 4681 saltem
3504 4625 3573 4682 ad

1977 4733 2029 4771 a.
2060 4716 2166 4770 586
2193 4718 2519 4785 pertineant.

2049 4811 2254 4876 Tertia,
2284 4810 2352 4864 ad
2375 4811 2638 4880 episcapos
2668 4811 2879 4882 Africae.
2905 4809 3023 4866 Scr.
3054 4826 3106 4863 ει.
3135 4810 3260 4866 586.
3283 4809 3340 4866 d.
3372 4825 3420 4863 vt
3446 4809 3568 4864 Jan.

1975 4903 2177 4959 Meutio
2212 4901 2330 4972 ejus
2355 4903 2465 4972 jam
2499 4905 2637 4973 apud
2684 4902 3013 4958 Ferrandum
3045 4903 3186 4957 diae.
3246 4904 3296 4957 in
3349 4903 3571 4956 Brevia-
3655 4904 3660 4910 ”

1977 4994 2128 5049 tione
2149 5010 2416 5048 canonum
2449 5005 2553 5048 art.
2579 4995 2632 5062 6,
2665 4995 2791 5059 1ΞΟ,
2827 4995 2928 5050 158
2960 5006 3008 5050 et
3043 4993 3164 5059 174,
3193 5001 3388 5048 exstat.
3421 4996 3573 5046 Atta-

1975 5103 2100 5142 men
2135 5090 2416 5142 veritatem
2451 5090 2569 5157 ejus
2597 5089 2649 5144 in
2680 5089 2903 5144 dubium
2943 5101 3205 5144 vocarunt
3243 5087 3571 5152 Blondellus,

1976 5178 2363 5250 Papebrochius
2390 5180 2613 5250 aliique,
2645 5182 2984 5251 argumentis
3008 5191 3190 5234 autem
3221 5179 3572 5234 validissimis

1977 5272 2307 5339 Quesnellius
2337 5272 2439 5344 (α).
2486 5273 2634 5344 Quos
2667 5285 2858 5329 contra
2903 5273 3017 5328 tuiti
3050 5280 3176 5326 sunt
3221 5272 3573 5328 Sclielstraten

1970 5375 2022 5420 et
2047 5363 2298 5419 Baluzius
2321 5363 2426 5438 (b);
2459 5368 2770 5435 neutiquam
2795 5375 2971 5418 tamen
2997 5365 3064 5416 ab
3083 5365 3229 5417 omni
3258 5363 3569 5433 SliSlllClUlle

1968 5471 1998 5510 a
2025 5455 2338 5524 Quesnellio
2365 5457 2560 5529 injeCta
2583 5457 2816 5512 liberare
2841 5466 3153 5527 potuerunt.

1985 5670 2175 5710 versus
2205 5656 2481 5725 Quesnell.
2529 5657 2594 5711 ad
2627 5659 2829 5713 calcem
2870 5660 2959 5713 ed.
3013 5660 3132 5715 libri
3175 5660 3238 5714 de
3282 5656 3567 5718 Concordia

1987 5727 2258 5782 sacerdotii
2289 5736 2335 5781 et
2354 5729 2557 5810 imperii
2583 5743 2771 5786 recu~a
2805 5731 3040 5804 1706,13.
3075 5731 3234 5800 i559.
