4120 6186
525 231 671 288 1119

1755 220 2070 281 SANC'I‘US
2108 219 2397 279 SIRICIUS
2438 219 2639 278 ΡΑΡΔ.

3698 215 3841 274 H20

595 344 824 414 Quarta,
854 344 923 399 ad
951 344 1180 399 diversos
1210 344 1504 415 episcopos.
1539 340 1680 399 Vera
1709 339 1996 411 inscriptio
2034 338 2130 394 de-
2157 344 2210 406 Α
2234 352 2464 409 quarum
2496 344 2728 407 quatuor
2781 336 2837 391 in
2883 333 3021 390 Bibl.
3051 333 3183 390 olim
3233 333 3579 403 Colbertina,
3606 335 3730 391 duae
3782 335 3841 390 in

526 436 821 493 sideratnr.
886 434 1113 491 Videtur
1178 435 1432 508 proxime
1481 436 1549 490 ad
1612 440 1902 507 episcopos
1963 433 2131 489 Italia:

525 534 750 599 scripta,
780 528 847 583 ad
890 544 991 585 nos
1030 539 1216 585 autem
1244 544 1311 586 ex
1351 529 1678 599 exemplari,
1725 527 1869 598 quod
1897 527 2127 581 aliarum

525 622 933 692 provmciarum
1000 622 1274 694 episcopis
1340 624 1599 678 traditum
1654 620 1802 687 fuit,
1861 621 2126 690 pervenit.

520 713 676 783 Quod
726 724 939 786 tempus
964 718 1175 784 attinet,
1222 719 1489 788 superiori
1518 731 1626 772 non
1672 714 1901 771 multum
1934 728 2129 770 recen-

522 809 718 864 tiorem
742 817 933 865 censet
959 809 1336 866 Constantius.

596 900 820 969 Quinta,
853 902 922 955 ad
967 903 1199 957 diversos
1235 905 1500 974 episcopos
1548 913 1736 959 contra
1779 902 2126 959 Iovinianum

522 991 842 1047 btereticnm
890 997 1118 1064 ejusque
1157 996 1339 1050 socios
1364 997 1433 1051 ab
1476 996 1708 1051 ecclesia
1741 994 2123 1050 removendos.

527 1082 766 1154 Tempus
800 1100 867 1139 ex
901 1085 1175 1141 Ambmsii
1206 1088 1439 1157 epistola
1466 1088 1532 1143 a‘d
1557 1089 1813 1145 Siricinm
1837 1104 2133 1159 responso-

523 1176 605 1230 ria
631 1193 698 1231 ex
711 1176 903 1246 piscari
928 1194 1109 1248 posse,
1142 1195 1448 1252 Opportune
1469 1182 1726 1239 observat.
1751 1186 2126 1242 Constantius.

524 1268 661 1326 Nam
689 1288 812 1327 cum
843 1273 896 1327 in
936 1289 999 1329 ea
1030 1272 1348 1330 Iovinianus
1372 1280 1616 1348 sociique
1641 1279 1811 1333 Roma
1857 1281 1994 1350 pulsi
2017 1282 2128 1339 Ilie-

528 1360 815 1418 diolanntn
862 1365 931 1420 ad
963 1366 1335 1423 Theodosium
1368 1370 1681 1439 confugisse
1716 1372 1990 1441 dicuntur,
2035 1375 2126 1445 qui

526 1469 578 1510 a.
611 1458 719 1513 588
750 1474 938 1514 meme
969 1463 1214 1529 Augusto
1238 1464 1321 1517 vel
1349 1462 1658 1534 Septembri
1692 1483 1759 1522 eo
1782 1478 2123 1537 pervenerat,

522 1546 707 1605 Idibus
760 1552 887 1608 Jun.
946 1565 1127 1610 autem
1182 1555 1412 1611 Romam
1463 1560 1679 1615 venisse
1734 1561 1933 1616 dicitur
1979 1563 2127 1620 :hoc
2168 1548 2169 1551 η

522 1654 694 1714 patet,
724 1660 830 1699 non
874 1657 1000 1701 ante
1030 1648 1302 1703 labentem
1333 1667 1535 1706 annum
1568 1652 1674 1709 388
1701 1656 1965 1723 scriptum
1996 1672 2119 1713 esse

2235 429 2428 502 Regia,
2459 443 2565 484 una
2594 432 2643 485 in
2677 428 3061 495 Germanensi,
3107 426 3227 484 alia:
3283 427 3415 483 alibi
3471 429 3845 484 asservahan-

2234 530 2342 586 tur,
2390 538 2621 594 quarum
2674 522 2951 592 plerisque
2994 537 3127 577 usus
3172 533 3251 577 est
3299 520 3673 577 Constantius.
3728 522 3845 578 Nec

2232 619 2389 673 abest
2410 617 2479 672 ab
2507 632 2573 673 eo
2592 616 2819 682 Codice,
2847 631 3007 687 quem
3034 616 3253 671 Codicis
3281 615 3565 671 Canonum
3588 616 3843 673 ecclesiae.

2234 710 2493 764 Romana:
2542 725 2764 767 nomine
2817 710 3168 778 Qnesuellins
3219 710 3469 775 donavit,
3502 723 3843 781 quamquam

2233 812 2564 875 postremum
2597 804 2651 857 iii
2682 818 2749 859 eo
2784 807 2962 857 locum
3014 812 3245 872 occupat
3275 817 3338 857 ac
3383 815 3655 874 prazterea
3689 809 3846 871 post-

2232 896 2395 951 modo
2424 897 2610 951 addita
2640 897 2710 951 ab
2733 895 2926 952 eodem
2953 906 3239 961 censetur;
3290 905 3479 950 contra
3513 911 3680 967 quam
3714 910 3847 950 sen-

2234 992 2457 1046 tentiam
2482 989 2837 1046 Constantius
2871 1001 3075 1061 pugnat
3101 999 3266 1060 atque
3295 990 3457 1043 etiam
3490 1005 3561 1044 ex
3596 988 3849 1059 inscrip-

2232 1085 2403 1149 tione,
2452 1100 2616 1155 quam
2647 1085 2995 1140 Corbeiensis
3026 1085 3197 1140 codex
3232 1083 3469 1155 praebet,
3502 1083 3848 1153 Teleptense

2231 1181 2523 1235 concilium
2578 1180 2649 1234 ab
2700 1178 2849 1235 omni
2895 1181 3213 1250 suspicione
3266 1178 3502 1233 liberare
3542 1177 3849 1233 studet.—

2232 1271 2320 1327 VI.
2355 1273 2374 1343 (
2404 1289 2459 1326 tt.
2500 1272 2535 1326 4
2567 1271 2584 1342 )
2633 1271 2735 1340 Ep.
2767 1272 2835 1325 ad
2882 1272 2988 1325 die.
3041 1271 3355 1342 Episcopos.
3387 1268 3571 1323 —-\|I.
3613 1270 3632 1341 (
3664 1286 3722 1325 η.
3757 1269 3847 1340 5)

2232 1361 2335 1434 Ep.
2368 1364 2435 1417 ad
2460 1362 2562 1416 div.
2592 1362 2840 1435 Episcop.
2868 1362 3169 1433 Utramque
3187 1363 3253 1416 ad
3282 1362 3501 1418 codices
3531 1376 3665 1415 mss.
3695 1362 3844 1417 Bibl.

2231 1453 2563 1511 Colbertinae
2615 1467 2671 1512 et
2717 1440 2991 1512 editiones
3040 1456 3335 1527 impressas
3365 1457 3569 1527 exegit.
3600 1485 3676 1496 —
3710 1456 3845 1510 \lll.

2231 1545 2331 1616 Ep.
2366 1562 2461 1603 seu
2501 1549 2827 1616 rescriptum
2860 1547 3136 1603 Ambrosii
3171 1548 3520 1617 aliorumque
3548 1551 3847 1619 episcOpo-

2231 1655 2352 1694 rnnt
2384 1640 2450 1694 ad
2474 1639 2731 1696 Siricinm
2784 1658 2974 1712 papam
3004 1642 3071 1697 de
3111 1656 3274 1695 causa
3304 1640 3607 1696 Ioviniani.
3640 1671 3709 1683 ——
3741 1640 3838 1696 IX.

527 1737 794 1805 potuisse,
825 1738 1071 1811 adeoque
1094 1739 1450 1807 Constantius
1481 1744 1587 1816 ipsi
1643 1760 1697 1802 ε,
1730 1748 1837 1805 539
1880 1764 2003 1806 eam
2034 1765 2124 1807 as-
2157 1749 2206 1810 Β
2234 1730 2337 1801 Ep.
2378 1737 2446 1789 ad
2488 1736 2763 1807 Anysium.
2824 1734 3011 1791 Edidit
3039 1735 3180 1791 l662
3231 1736 3549 1791 llolstenius
3592 1737 3646 1789 in
3698 1735 3843 1790 Coll.

531 1822 731 1899 sig‘nat.

602 1922 789 1989 Sexta,
823 1926 891 1979 ad
908 1924 1158 1997 Anysium
1177 1928 1362 1987 Thess.
1400 1934 1697 2004 episcopum
1738 1945 1785 1990 et
1836 1936 1969 1993 alios
1995 1934 2130 2008 Illy-

528 2014 628 2068 rici
655 2016 925 2087 episcOpos
968 2022 1032 2072 de
1059 2019 1286 2076 Bonoso.
1330 2023 1449 2080 Scr.
1480 2035 1563 2081 est
1591 2030 1843 2097 proxime
1878 2040 1999 2099 post
2028 2030 2131 2084 Ca-

530 2122 767 2179 puanum
823 2113 1120 2169 concilium
1157 2116 1191 2170 i.
1224 2132 1275 2172 e.
1312 2129 1433 2188 post
1485 2137 1535 2175 vi
1581 2120 1689 2177 Ital.
1746 2122 1877 2178 Dec.
1920 2123 2046 2191 391,
2075 2133 2131 2180 et

524 2214 653 2260 ante
679 2204 1047 2264 Valentiniani
1082 2227 1296 2281 necem,
1324 2214 1360 2267 i.
1393 2228 1442 2270 e.
1469 2223 1595 2271 ante
1620 2216 1696 2271 Id.
1729 2216 1852 2271 Mai.
1884 2217 1991 2275 392
2022 2218 2128 2271 Da-

530 2312 683 2353 maso
713 2310 767 2354 et
797 2302 1089 2359 Ambrosio
1119 2306 1255 2362 falso
1299 2310 1573 2380 ascriptus
1623 2321 1728 2366 est.
1758 2311 1954 2367 Siricio
1982 2323 2129 2368 recte

526 2388 792 2447 Justellus
823 2396 902 2468 (τι)
930 2395 1366 2468 siill‘ragatitibus
1400 2402 1523 2456 aliis
1552 2402 1868 2460 vindicavit.

602 2482 983 2543 Interciderunt
1020 2494 1333 2560 complures
1359 2494 1484 2547 alite
1514 2494 1656 2565 ejus,
1686 2496 1855 2549 veluti
1890 2495 2130 2566 Epistola

526 2577 595 2631 ad
633 2577 923 2634 Maximum
968 2580 1111 2645 Imp.
1168 2599 1275 2638 scr.
1307 2599 1357 2638 a.
1416 2586 1561 2650 585;
1621 2586 1686 2640 de
1736 2586 2127 2642 lthacianorum

525 2690 684 2728 causa
713 2690 764 2729 a.
795 2674 936 2739 586;
968 2678 1037 2731 ad
1057 2678 1402 2733 'I'Itcodosium
1429 2678 1765 2746 Imp.cmttra
1788 2681 2124 2749 Flavianum;

438 2798 447 2809 κ
525 2768 595 2820 ad
638 2767 883 2835 Ruﬁnum
908 2788 959 2823 a.
988 2773 1128 2836 398;
1158 2772 1225 2826 de
1248 2774 1444 2841 quibus
1491 2774 1743 2831 omnibus
1780 2776 1939 2831 sicuti
1972 2778 2035 2830 de
2063 2778 2127 2831 iis

526 2859 702 2927 etiam,
725 2878 838 2930 quia
848 2861 985 2930 falso
1000 2864 1100 2933 ipsi
1116 2865 1461 2930 ascribuntur,
1480 2868 1830 2923 Constantius
1843 2868 2123 2924 disseruit.

1149 2960 1197 3007 2.
1236 2957 1506 3011 Ediliones.
1776 2962 1779 2965 ⁷

603 3059 843 3132 Singulae
874 3063 1053 3120 Siricii
1087 3070 1333 3137 epistolae
1362 3070 1418 3126 in
1464 3073 1701 3129 diversis
1750 3089 2023 3130 canonum
2069 3084 2127 3132 et

531 3154 897 3211 conciliorum
928 3159 1344 3218 collectionibus
1374 3165 1637 3235 dispersae
1692 3174 1753 3221 ut
1780 3167 1946 3221 variis
1990 3175 2127 3223 tem-

530 3248 755 3316 poribus
784 3261 837 3304 et
890 3251 1025 3307 locis
1057 3256 1197 3325 typis
1225 3255 1515 3326 descripta:
1551 3259 1772 3324 fuerint,
1805 3275 2128 3316 ennmerare

531 3336 672 3393 haud
706 3355 889 3411 operae
914 3357 1115 3401 nostra:
1146 3349 1470 3416 putaverint.
1501 3350 1745 3406 Solliciet
1771 3352 2125 3407 collectarttm

522 3428 790 3487 editiones
816 3450 910 3497 per
930 3434 1310 3493 Constantium
1339 3452 1393 3494 et
1420 3439 1769 3497 Gallandium
1828 3443 2123 3498 indicasse.

600 3519 931 3579 Constantius
987 3528 1150 3596 igitur
1181 3532 1231 3583 in
1284 3531 1624 3589 Collectione
1680 3533 1859 3603 Epist.
1921 3534 2127 3590 Pontif.

531 3611 688 3667 Rom.
723 3616 811 3686 (T.
842 3617 883 3681 ι,
910 3617 1062 3674 Paris
1094 3621 1255 3694 1721)
1281 3640 1332 3691 p.
1358 3623 1619 3680 622-7“.
1653 3627 1832 3682 Siricii
1872 3628 2133 3698 epistolas

530 3705 747 3770 eodem,
773 3724 881 3778 qno
909 3726 937 3765 a
961 3712 1120 3768 nobis
1144 3728 1479 3771 enumerata:
1502 3720 1860 3783 sunt,ordine
1886 3723 2129 3791 exhibet,

530 3799 628 3856 sed
660 3801 882 3859 insertis
933 3808 1099 3863 variis
1158 3809 1390 3866 aliorum
1424 3813 1491 3868 ad
1546 3830 1669 3870 eum
1702 3818 2129 3885 pertinentibus.

530 3894 1053 3957 Animadversiones
1091 3904 1365 3962 historicas
1402 3908 1602 3963 uberes
1648 3911 1905 3966 omnibus
1946 3912 2131 3967 allnsa:

530 3999 677 4051 sunt,
710 3990 913 4046 Monita
961 3998 1150 4053 etiam.
1182 3998 1272 4050 ubi
1307 4014 1533 4055 necesse
1564 4001 1855 4057 videbatur
1881 4003 2128 4071 praefixa.

532 4077 645 4134 Nec
666 4094 962 4137 comentns
987 4085 1085 4138 fuit
1116 4102 1183 4141 ex
1208 4091 1497 4160 praecipuis
1523 4092 1805 4161 impressis
1858 4094 2134 4150 Concilio-

528 4186 648 4227 rnm
698 4183 756 4229 et
801 4174 1083 4232 Canonum
1116 4180 1534 4236 collectionibus
1561 4198 1657 4240 eas
1701 4198 2128 4255 reprzesentare,

534 4264 628 4320 sed
663 4266 851 4321 multis
880 4268 1043 4323 etiam
1077 4269 1364 4327 codicibus
1411 4289 1542 4330 mss.
1595 4276 1812 4347 adjutus
1854 4278 1973 4333 fuit.
2021 4281 2132 4336 Re-

527 4362 743 4416 censnit
765 4361 1043 4433 Epistolas
1070 4365 1265 4420 decem.
1298 4398 1368 4408 —
1396 4366 1436 4423 I.
1475 4367 1649 4439 Epist.
1698 4374 1766 4425 ad
1813 4371 2126 4442 Himerium,

531 4467 651 4523 qua:
678 4457 728 4509 in
753 4456 1012 4511 omnibus
1041 4472 1313 4514 canonum
1345 4461 1763 4519 Collectionibtts
1787 4474 1965 4520 exstat
1986 4509 2000 4533 ,
2030 4482 2133 4520 att-

529 4558 619 4602 cta
646 4560 730 4605 est
756 4567 823 4605 ex
868 4551 1030 4607 codd.
1065 4568 1195 4609 mss.
1245 4552 1491 4621 Corbei.,
1520 4559 1766 4615 Colbert.
1800 4572 1855 4616 et
1897 4560 2132 4632 Sanger-

532 4653 677 4695 man.
740 4643 1039 4712 appendice
1093 4646 1291 4716 triplici
1347 4651 1585 4713 Decreti.
1633 4654 1776 4723 quod
1832 4654 2126 4726 Dionysius

538 4730 777 4797 Exiguus
810 4734 1108 4802 ignoravit,
1137 4741 1394 4811 quodque
1415 4744 1482 4797 ad
1507 4744 1655 4797 aliud
1680 4746 1916 4801 fortasse
1945 4747 2132 4804 Siricii

532 4822 859 4891 rescriptum
886 4830 1164 4897 pertinere
1193 4833 1548 4890 Constantius
1574 4837 2010 4895 existimat.-—ll.
2033 4841 2133 4915 Ep.

544 4915 894 4973 Valentiniani
925 4921 1274 4991 imperatoris
1321 4928 1387 4982 ad
1422 4928 1706 4986 Piniannm
1740 4933 1804 4989 U.
1847 4932 2007 4991 Prtel.
2042 4935 2131 4993 IlI.

534 5008 636 5083 Ep.
697 5010 1301 5101 Maximi‘imperatoris
1353 5022 1418 5077 ad
1476 5024 1732 5081 Siricinm
1770 5043 1983 5097 papam.
2039 5029 2130 5083 IV.

535 5104 641 5177 Ep.
675 5106 744 5160 ad
765 5108 1039 5180 Anysium.
1066 5110 1192 5167 Haec
1222 5128 1251 5165 a
1283 5113 1425 5170 Luca
1453 5115 1736 5175 Hnlstenio
1770 5122 1901 5175 olim
1933 5122 1984 5175 in
2010 5118 2133 5175 Col-

534 5197 749 5254 lectione
777 5200 1015 5256 Romana
1042 5202 1290 5272 bipartito
1316 5207 1530 5276 (Roma:
1563 5212 1725 5277 1762,
1752 5214 1947 5283 iit-8°),
1974 5214 2135 5272 Parte

536 5305 577 5359 Ι,
610 5309 662 5362 p.
687 5293 781 5360 45,
813 5296 953 5351 edita
982 5296 1103 5352 fuit.
1128 5329 1190 5339 —-
1231 5298 1295 5354 V.
1330 5302 1410 5355 Ad
1440 5299 1729 5376 Epismpos
1756 5306 1971 5374 Africa}.
2001 5308 2133 5366 Ser-

538 5400 661 5446 vata
692 5400 780 5446 est
818 5394 1011 5462 synodi
1045 5393 1386 5466 Teleptensis
1441 5398 1728 5455 benelicio.
1768 5400 1925 5470 Eam,
1959 5403 2137 5474 qualis

540 5482 596 5537 in
627 5482 731 5540 hoc
751 5484 1001 5543 Concilio
1030 5490 1262 5546 recitata
1282 5500 1391 5559 est,
1411 5494 1671 5550 exhibent
1694 5494 1928 5552 diversae
1953 5513 2139 5570 eaeque

545 5582 883 5652 pet-antiquae
926 5582 1139 5641 Concil.
1172 5595 1230 5643 et
1274 5585 1480 5645 Pontif.
1524 5589 1704 5662 Epist.
1752 5589 2138 5664 Collectiones,

617 5754 696 5827 (α)
724 5757 790 5814 ιιι
815 5763 962 5821 notis
990 5765 1061 5821 ad
1090 5765 1296 5826 Canon.
1346 5765 1439 5839 48,
1469 5770 1606 5831 Cod.
1635 5774 1785 5835 Eccl.
1812 5765 1933 5834 Al‘r.

2232 1828 2352 1898 Bip.
2387 1829 2442 1883 P.
2478 1842 2540 1894 ιι,
2568 1844 2621 1898 p.
2656 1827 2781 1883 189.
2817 1828 3003 1883 Exstat
3035 1834 3198 1884 etiam
3238 1829 3383 1883 inter
3412 1827 3691 1882 Ambrosii
3729 1828 3851 1899 epi-

2231 1919 2621 1975 stolas.Plures
2635 1921 2897 1977 mss.libri
2911 1922 3229 1977 Constantio
3243 1922 3297 1977 iu
3312 1936 3375 1978 ea
3395 1923 3844 1993 recngnnsccnda

2233 2010 2299 2065 ad
2349 2027 2540 2067 manus
2590 2012 2927 2067 fuerunt.—
2960 2013 3061 2082 Ep.
3097 2013 3165 2080 X,
3206 2027 3305 2068 seu
3357 2013 3593 2068 Canones
3646 2014 3842 2083 synodi

2234 2104 2586 2159 Romanorum
2613 2109 2682 2158 ad
2711 2104 2889 2161 Gallos
2919 2107 3210 2177 episc0pos,
3254 2121 3392 2177 quos
3421 2122 3488 2161 ex
3520 2106 3656 2161 Cod.
3693 2106 3838 2162 Fos-

2231 2201 2455 2264 satensi,
2515 2211 2698 2267 postea
2748 2200 3090 2263 Colbertino,
3140 2209 3195 2256 ct.
3246 2200 3349 2256 alia
3398 2201 3522 2255 end.
3559 2199 3845 2256 Pilhmani

2231 2292 2565 2347 collectione
2588 2292 2655 2348 ad
2685 2295 2889 2349 calcem
2924 2304 3057 2347 tom.
3090 2293 3112 2348 Ι
3152 2293 3324 2348 Conc.
3357 2292 3551 2349 Galliae
3580 2293 3841 2349 Sirmon-

2231 2384 2332 2439 dus
2362 2385 2663 2455 atljecerat.
2694 2388 2951 2458 Sequitur
2973 2389 3084 2456 jam
3118 2386 3323 2442 Notitia
3362 2390 3677 2460 scriptorum
3697 2390 3843 2443 alio-

2232 2499 2367 2546 rum,
2398 2499 2513 2553 qua!
2540 2484 2607 2535 nd
2633 2482 2879 2538 Siricinm
2904 2487 3147 2537 attinent.

2307 2573 2466 2628 1770.
2508 2572 2682 2628 Venet.
2718 2591 2806 2643 ap.
2844 2574 3142 2628 Albritium.
3174 2571 3356 2627 ἰπὶ-1⁵01.
3385 2572 3443 2629 S.
3471 2572 3654 2629 Siricii
3685 2589 3843 2645 papa:

2232 2665 2497 2736 Epistolas
2521 2678 2575 2723 et
2629 2668 2885 2723 Decreta.
2926 2667 3201 2722 Nonnulla
3252 2668 3589 2723 intexuntur.
3619 2682 3741 2735 qua:
3771 2667 3843 2721 ad

2229 2762 2480 2815 enmtlmn
2512 2761 2830 2816 Pentil‘teem
2852 2761 3118 2815 attinent:
3149 2761 3203 2813 in
3235 2758 3508 2813 Gallandii
3531 2756 3677 2812 Bibl.
3715 2757 3835 2813 PP.

2232 2852 2294 2907 Τ.
2356 2855 2468 2920 VII,
2502 2871 2554 2924 p.
2609 2854 2871 2911 533-549.
2931 2855 3136 2909 Praeter
3191 2867 3284 2907 sex
3340 2851 3523 2906 Siricii
3578 2852 3844 2921 epistolas

2230 2965 2288 3005 n.
2348 2948 2413 3002 VI
2468 2947 2737 3003 Ambrosii
2787 2948 3139 3017 rescriptum,
3175 2964 3229 2999 η.
3272 2944 3392 3000 VIII
3422 2943 3678 2999 CanOnes
3706 2961 3847 3014 syn-

2228 3041 2317 3097 odi
2376 3042 2747 3095 liomanorum
2800 3039 3154 3095 exhibentur.
3206 3036 3359 3092 Notae
3409 3036 3591 3091 critici
3651 3035 3851 3105 impri-

2155 3141 2200 3204 C
2231 3136 2332 3189 mis
2360 3133 2581 3204 generis
2602 3149 2667 3187 ett
2709 3131 3034 3187 Constantio
3060 3133 3279 3186 selectae
3316 3140 3462 3183 sunt.
3502 3130 3577 3183 De
3604 3129 3848 3198 singulis

2232 3230 2493 3299 epistolis
2547 3228 2886 3291 Gallandnts.
2920 3226 3223 3282 Constantii
3272 3226 3517 3297 vestigiis
3548 3226 3846 3291 insistens,

2232 3335 2282 3377 c.
2325 3320 2394 3377 15
2425 3321 2677 3389 Prolegg.
2709 3336 2762 3390 p.
2794 3334 2924 3374 xvnt
2953 3336 3037 3389 sq.
3062 3319 3328 3387 disputat.

2361 3438 2437 3485 Ea:
2464 3432 2751 3491 Constantio,
2779 3432 2930 3497 Epist.
2958 3437 3094 3484 Rom.
3118 3435 3284 3496 Pont.,
3308 3402 3520 3482 col.699.

2269 3540 2313 3590 1.
2339 3540 2519 3591 Nolitia
2543 3544 2832 3605 scriptorum
2860 3540 3063 3589 aliorum
3097 3551 3209 3601 qua:
3253 3536 3313 3587 ad
3358 3535 3585 3587 Siricinm
3624 3547 3797 3598 papam

2917 3629 3146 3676 attinent.

3014 3733 3056 3787 Ι.

2311 3826 2361 3881 1.
2393 3825 2540 3880 Anno
2563 3826 2689 3882 585.
2727 3824 2906 3881 Siricii
2936 3825 3151 3897 epistola
3177 3825 3247 3877 ad
3281 3824 3571 3881 Maximum
3604 3827 3732 3895 imp.
3766 3856 3850 3867 ——

2235 3917 2462 3975 Siricins
2493 3921 2868 3987 pontificatum
2905 3918 3084 3972 iniens
3112 3918 3177 3971 ad
3211 3918 3510 3972 Maximum
3544 3919 3853 3985 imperato-

2239 4026 2353 4065 rem
2378 4012 2480 4063 sibi
2511 4010 2859 4064 scribendum
2890 4008 3066 4075 duxit,
3099 4018 3157 4064 ut
3189 4011 3343 4065 illum
3369 4026 3497 4065 cum
3522 4010 3589 4065 ad
3612 4010 3854 4065 catholi-

2236 4115 2313 4155 ειν
2346 4100 2465 4155 fidei
2488 4101 2855 4170 patrocinium
2881 4102 3310 4169 suscipiendum,
3346 4113 3459 4156 tum
3479 4101 3545 4157 ad
3566 4102 3851 4173 Agricintn

2236 4194 2548 4264 quemdam,
2574 4196 2662 4264 qui
2695 4195 3021 4266 presbyterii
3052 4194 3280 4264 gradum
3302 4195 3545 4249 indebite
3575 4209 3853 4249 conscen-

2238 4286 2393 4342 derat
2423 4328 2438 4353 ,
2481 4287 2532 4341 in
2569 4286 2815 4342 ordinem
2857 4286 3215 4357 redigendum
3250 4286 3553 4341 induceret.
3602 4284 3713 4341 Nec
3741 4284 3851 4340 du-

2238 4378 2385 4434 bium
2422 4378 2547 4447 quin
2576 4378 2734 4431 simul
2769 4385 2823 4430 et
2853 4377 3200 4445 pontilicatns
3237 4377 3319 4431 sui
3349 4377 3651 4448 primordia
3705 4391 3853 4431 nun-

2239 4471 2398 4536 tiare,
2427 4483 2481 4525 et
2501 4479 2761 4526 consueta
2805 4470 3149 4526 salutationis
3187 4469 3365 4524 ofﬁcia
3418 4470 3739 4540 persolvere
3786 4483 3852 4524 se

2238 4565 2571 4635 signiticarit.
2603 4563 2873 4617 Maximus
2901 4578 3029 4617 vero
3058 4562 3134 4617 illi
3170 4562 3503 4627 rescribens,
3544 4561 3849 4630 epistolam

2239 4658 2408 4727 ipsius
2423 4655 2620 4725 (Epist.
2637 4654 2740 4726 ιιι),
2766 4665 2823 4709 ut
2845 4654 3128 4735 catholica:
3156 4655 3274 4710 lidei
3305 4664 3361 4709 et
3381 4652 3852 4725 SplendidiSsima:

2239 4750 2385 4805 urbis
2414 4748 2661 4819 dignitati
2692 4748 3133 4817 convenientem,
3165 4748 3424 4803 laudavit.

2999 4840 3064 4896 II.

2308 4938 2365 4994 2.
2391 4936 2547 4992 Gesta
2567 4944 2747 4990 contra
2777 4932 3228 4988 Priscillianistas.
3259 4961 3331 4974 —
3360 4930 3651 5001 Epistolm,
3684 4945 3854 5000 quam

2243 5032 2510 5088 Maximus
2536 5029 2733 5087 Siricio
2788 5025 3092 5098 re~cripsit,
3125 5024 3446 5095 adjunxerat
3478 5024 3620 5078 idem
3673 5022 3859 5093 impe—

2243 5138 2391 5183 rator
2433 5125 2729 5181 novisslma
2769 5134 2958 5179 contra
2991 5121 3345 5185 Manicltzeos,
3380 5120 3485 5174 hoc
3511 5126 3599 5173 est
3628 5117 3858 5172 Priscil-

2246 5219 2508 5281 lianistas,
2541 5226 2715 5288 gesta,
2743 5216 2939 5288 quibus
2960 5215 3087 5286 quid
3120 5213 3197 5269 illi
3223 5212 3450 5269 sceleris
3471 5210 3861 5279 admitterent,

2243 5312 2486 5383 ipsorum
2529 5311 2879 5367 confessione
2928 5321 3269 5381 compertum
3314 5307 3617 5363 habebatur
3646 5304 3861 5377 (Epist.

2243 5403 2348 5480 ιιι).
2373 5405 2479 5463 Sed
2507 5405 2831 5463 exciderunt
2855 5404 2972 5460 ham
2994 5414 3170 5476 gesta.

2994 5497 3084 5555 III.

2313 5597 2370 5653 3.
2404 5596 2591 5655 Siricii
2632 5596 2703 5652 ad
2737 5594 2997 5667 Anysium
3022 5593 3263 5667 epistola.
3282 5620 3357 5636 —
3384 5590 3502 5650 Non
3531 5590 3697 5660 longe
3728 5595 3863 5661 post
