4120 6186
314 293 447 353 “Si

308 501 377 559 ad
422 501 685 572 Anysium
734 502 1287 559 Thessalonicensem
1331 503 1633 558 antistitem
1680 503 1916 569 litterae,

309 596 633 652 Candidiani
681 596 921 667 episcopi
970 612 1137 666 Opera
1182 598 1432 668 perlatze,
1460 600 1657 669 quibus
1688 598 1919 656 Siricius

312 690 523 763 Anysio
552 704 680 746 suas
712 707 807 760 per
830 691 1102 763 Illyricum
1142 693 1289 748 vices
1314 694 1695 749 committebat
1718 694 1918 766 (Epist.

314 784 391 853 tv)
416 824 434 849 ,
459 783 887 853 nominatimque
909 784 1280 854 praecipiebat,
1300 797 1357 839 ut
1383 786 1435 840 in
1463 786 1577 841 illis
1599 788 1919 856 regionibus

314 876 448 931 nulli
496 876 782 948 episcopos
826 875 1087 933 ordinare
1115 878 1224 933 nisi
1248 894 1372 935 cum
1414 879 1591 948 ipsius
1641 894 1920 938 consensu

314 964 527 1023 liceret.

1081 1061 1172 1118 IV.

388 1192 442 1248 4.
466 1193 589 1250 Post
625 1213 750 1250 ann.
770 1194 880 1253 386
909 1196 1088 1252 Siricii
1118 1198 1183 1251 de
1210 1196 1610 1254 Ithacianorum
1641 1216 1800 1255 causa
1833 1201 1920 1255 lit-

316 1294 461 1341 terae.
493 1317 563 1329 —-
591 1287 850 1355 Ithacius,
876 1298 933 1343 ttt
958 1290 1100 1359 apud
1138 1291 1441 1361 Sulpicium
1487 1292 1751 1349 Severum
1783 1296 1921 1364 legi-

312 1388 419 1444 tur,
442 1380 828 1450 Sustsuhensis,
858 1399 954 1437 seu
986 1385 1165 1452 potius
1186 1383 1594 1440 Ossonobensis
1620 1387 1674 1441 in
1706 1387 1921 1443 Lusita—

312 1472 403 1527 nia
452 1473 764 1542 episcopus.
818 1475 1227 1529 incolisiderato
1273 1477 1541 1532 adversus
1588 1477 1917 1533 Priscilliani

314 1565 566 1620 bmresim
595 1568 780 1621 studio
811 1569 1093 1636 abreptus,
1123 1568 1265 1638 apud
1300 1570 1588 1624 Maximum
1618 1571 1919 1639 imperato-

313 1669 427 1709 rem
458 1655 739 1721 effecerat,
774 1668 831 1712 ut
857 1658 1097 1724 primarii
1127 1660 1352 1715 literesis
1385 1662 1541 1729 hujus
1573 1662 1740 1717 duces
1766 1679 1909 1718 anno

449 1760 620 1804 morte
654 1750 999 1819 punirentur.
1043 1751 1365 1820 ﬂujttsmodi
1409 1754 1603 1823 agendi
1638 1756 1911 1811 rationem

1696 289 1965 351 PROLEG
1974 289 2232 352 ΟΜΕΝΑ.

310 406 657 479 pontificatus
694 408 876 465 Siricii
907 407 1173 479 principia
1213 407 1535 466 diﬁ'erendte
1580 417 1708 465 sunt
1748 410 1919 480 ipsius
1948 417 2001 477 Α

3484 301 3624 358 H22

2740 410 2830 467 Vl.

2096 503 2151 557 6.
2192 503 2340 557 Anno
2356 503 2482 561 392.
2518 502 2698 574 Anysii
2713 512 2760 555 et
2780 502 3038 556 sociorum
3061 502 3129 556 ad
3148 502 3395 557 Siricium
3416 503 3622 561 (inerte.

2021 595 2353 667 —Capuana
2382 598 2627 670 synodus
2649 597 2849 651 Bonosi
2872 597 3218 652 Sardicensis
3244 598 3511 667 episc0pi,
3536 599 3630 668 qtti

2022 689 2297 745 haereseos
2326 691 2712 756 accusabatur,
2746 705 2969 745 causam
3001 689 3210 762 Anysio
3243 690 3475 759 aliisque
3498 689 3626 762 Illy-

2021 780 2120 835 rici
2150 784 2424 853 episcopis
2447 784 2883 852 cognoscendam
2916 782 3196 852 delegarat
3218 781 3416 851 (Epist.
3441 788 3493 847 9,
3520 784 3621 838 n.l

2020 884 2069 928 et
2090 872 2169 945 5).
2203 874 2265 927 lli
2294 891 2425 929 vero
2458 890 2557 930 seu
2579 890 2763 929 causae
2795 874 3173 945 magnitudine
3207 874 3482 940 deterriti,
3531 890 3630 931 seu

2021 980 2136 1036 prae
2179 965 2444 1020 modestia
2476 976 2533 1019 et
2572 966 2828 1032 singulari
2870 981 2999 1035 erga
3046 968 3230 1021 sedem
3276 967 3629 1036 apostolicam

2021 1055 2391 1123 observantia,
2425 1058 2490 1112 ad
2526 1058 2781 1113 Siricium
2829 1061 3101 1112 miserunt
3142 1057 3374 1123 litteras,
3432 1059 3630 1126 quibus

2021 1150 2191 1219 ipsius
2218 1150 2286 1217 de
2340 1150 2435 1204 illo
2480 1151 2738 1219 episc0po
2794 1152 3124 1204 sententiam
3173 1149 3625 1207 sciscitabantur.

2022 1241 2222 1297 Iisdem
2248 1243 2445 1297 litteris
2484 1242 2729 1314 quaedam
2758 1243 3318 1313 adjunxerantgeSIa,
3379 1243 3629 1297 nomina-

2022 1335 2229 1401 timqne
2248 1336 2413 1389 Basso
2438 1340 2700 1405 episcopo
2727 1337 2781 1389 in
2806 1338 3141 1390 consortium
3168 1334 3421 1406 regendae
3449 1338 3630 1391 eccle-

2020 1429 2117 1483 sia:
2148 1428 2508 1484 Senecionem
2548 1429 2736 1484 datum
2780 1445 2902 1485 esse
2926 1429 3327 1496 signiﬁcabant.
3388 1428 3457 1485 lis
3498 1428 3629 1501 quid

2021 1523 2364 1593 rescripserit
2395 1522 2644 1590 Siricius,
2678 1521 2849 1592 ipsius
2877 1522 3109 1593 epistola
3150 1521 3184 1577 9
3216 1537 3315 1576 nos
3344 1521 3528 1577 docet.

2758 1635 2868 1689 VII.

2097 1730 2151 1784 7.
2180 1729 2360 1784 Siricii
2387 1730 2573 1816 liuor/2
2612 1730 2681 1783 ad
2734 1728 3081 1784 Theodosium
3121 1730 3250 1794 imp.
3281 1740 3462 1785 contra
3502 1730 3634 1785 Fla-

313 1843 380 1896 ab
407 1844 721 1913 evangelica
747 1844 863 1915 lege
886 1845 1313 1914 abhorrerejatn
1340 1857 1555 1901 notarat
1579 1847 1755 1903 Julius
1780 1866 1915 1919 papa

2034 1821 2252 1875 vianum.
2284 1803 2777 1883 —Theodoretus,
2821 1821 2914 1877 lib.
2960 1838 2989 1875 v
3040 1823 3177 1878 Hist.
3229 1825 3393 1889 eccl.,
3440 1839 3490 1879 e.
3533 1824 3629 1892 et,

313 1946 369 1994 et
394 1936 713 1991 Eusebianis
742 1939 989 1992 eamdem
1036 1941 1345 1993 tenentibus
1387 1941 1685 2008 scripserat
1719 1938 1914 2013 (Epist.

316 2043 360 2095 ι,
386 2028 550 2095 ιι.22)
578 2046 591 2082 :
622 2048 640 2080 ο
665 2029 708 2083 Ο
730 2029 936 2094 dilecti,
964 2045 1067 2083 non
1089 2029 1201 2100 jam
1226 2031 1695 2100 ecclesircjudicia
1724 2048 1921 2087 secun-

316 2121 445 2177 dum
482 2122 856 2193 Evangelittm,
882 2122 975 2177 sed
999 2122 1066 2177 ad
1096 2124 1270 2178 exsilii
1300 2138 1363 2178 ac
1394 2125 1584 2178 mortis
1617 2140 1803 2189 ptenas
1829 2125 1923 2179 tle-

315 2224 637 2270 ceruuntur.
678 2234 696 2267 ι
734 2215 999 2284 Quocirca
1052 2217 1226 2271 sancti
1273 2224 1328 2271 et
1357 2216 1609 2272 catholici
1641 2220 1919 2287 episcopi,

317 2306 542 2362 crudele
567 2307 749 2361 ltltacii
783 2323 846 2361 ac
869 2310 1145 2363 sociorum
1171 2310 1381 2363 facinus
1403 2320 1777 2375 exsecrantes,
1799 2327 1919 2366 cum

321 2397 563 2467 ipsorum
583 2439 598 2459 .
642 2407 751 2452 tttm
787 2398 1007 2465 Felicis,
1038 2400 1132 2469 qui
1164 2401 1229 2452 ab
1259 2400 1453 2456 iisdem
1482 2418 1625 2455 anno
1654 2403 1761 2457 586
1784 2403 1920 2459 'l’re—

321 2506 576 2546 verormn
600 2494 894 2561 episcopus
925 2491 1208 2546 ordinatus
1239 2492 1441 2559 fuerat,
1483 2494 1923 2551 communionem

323 2586 700 2653 repudiarunt.
724 2587 852 2641 Erat
878 2586 1095 2656 quidem
1127 2586 1304 2649 Felix,
1337 2598 1475 2642 leste
1505 2588 1748 2657 Sulpicio
1782 2588 1921 2660 (Lib.

325 2691 362 2731 tt
405 2675 505 2731 Vit.
534 2677 595 2732 S.
626 2676 830 2747 Mart),
866 2679 949 2732 vir
977 2677 1379 2743 sanctissimus,
1421 2688 1479 2734 et
1522 2680 1681 2748 plane
1729 2680 1927 2749 dignus

322 2770 411 2840 qui
442 2769 650 2824 meliori
678 2780 924 2840 tempore
943 2773 1201 2827 sacerdos
1233 2772 1385 2827 fieret
1418 2790 1430 2825 :
1462 2773 1557 2827 sed
1583 2788 1704 2828 cum
1736 2773 1805 2829 ab
1834 2775 1924 2840 iis,

324 2862 413 2930 qui
442 2862 627 2917 lthacii
657 2878 719 2917 ac
749 2866 1023 2919 sociorum
1069 2863 1313 2920 facinora
1362 2865 1769 2936 improbabant,
1805 2883 1929 2936 pro-

327 2955 441 3012 bari
472 2972 576 3010 non
604 2965 791 3025 posset
809 2958 928 3027 ejus
954 2957 1249 3024 ordinatio,
1285 2958 1411 3014 hinc
1442 2970 1626 3014 natum
1654 2970 1737 3015 est
1758 2961 1929 3015 schis-

328 3067 436 3108 ma.
471 3052 640 3119 llttjtts
660 3053 1023 3123 componendi
1067 3053 1239 3123 gratia
1273 3053 1493 3122 scripsit
1515 3054 1745 3110 Siricius
1780 3056 1931 3111 litte-

328 3160 451 3205 ras.
501 3162 620 3214 qua:
673 3147 725 3201 in
752 3147 989 3201 concilio
1034 3145 1364 3201 Taurineusi
1404 3146 1545 3202 circa
1590 3164 1789 3201 annum
1824 3149 1927 3203 59$

329 3236 516 3291 habito
542 3253 664 3292 can.
686 3237 743 3302 6,
768 3248 1143 3293 memorantur
1165 3255 1228 3293 ac.
1253 3241 1551 3308 probantur
1573 3239 1623 3291 in
1654 3240 1796 3293 hunc
1814 3256 1927 3293 mo-

328 3328 457 3385 dum
491 3353 504 3386 :
543 3348 560 3382 t
597 3330 731 3385 Illud
763 3344 1027 3399 prtelerea
1053 3332 1301 3387 decrevit
1343 3343 1532 3387 sancta
1562 3332 1840 3402 synodus,
1874 3342 1933 3388 ut

328 3422 586 3492 quoniam
609 3423 814 3491 legatos
844 3425 1087 3493 episcopi
1132 3423 1432 3480 Galliarum
1462 3426 1553 3494 qui
1587 3424 1756 3479 Felici
1782 3440 1931 3482 com-

328 3514 611 3570 municaut
641 3515 1003 3599 destinarttnt,
1030 3516 1075 3571 si
1101 3524 1191 3587 qui
1217 3518 1286 3571 ah
1314 3520 1433 3587 ejus
1454 3520 1841 3573 communione
1873 3534 1931 3573 se

331 3608 1003 3677 volueriutseqttestrare,
1048 3610 1100 3663 itt
1150 3620 1352 3664 nostrm
1402 3611 1558 3679 pacis
1596 3612 1933 3665 conSortium

336 3705 724 3772 suscipiantur,
749 3707 903 3776 juxta
926 3706 1135 3761 litteras
1158 3708 1490 3763 venerabilis
1508 3709 1785 3764 memoria:
1807 3711 1936 3764 Am-

335 3796 499 3853 brosii
528 3797 796 3868 episcopi,
836 3800 921 3855 vel
945 3800 1204 3855 Romanae
1231 3802 1483 3857 ecclesiae
1512 3803 1811 3858 sacerdmis
1837 3802 1939 3858 du-

336 3888 463 3945 dum
490 3890 649 3958 latas,
689 3908 810 3961 qum
839 3891 891 3946 in
921 3892 1158 3948 concilio
1190 3894 1384 3965 legatis
1413 3894 1775 3969 praesentibus
1801 3895 1939 3950 reci-

333 3990 463 4036 tata:
491 3994 637 4038 sunt.
674 4003 692 4037 ι
722 3983 830 4039 Has
856 3994 1039 4040 autem
1073 3986 1283 4042 litteras
1311 3987 1383 4041 ita
1418 3987 1616 4041 dudum
1639 3997 1765 4043 ante
1792 3988 1936 4043 Tau-

334 4076 560 4132 rinense
580 4080 881 4134 concilium
905 4080 1099 4136 missas
1128 4094 1251 4136 esse
1277 4082 1691 4138 concedendum
1724 4092 1807 4137 est
1833 4123 1848 4148 ,
1884 4092 1942 4138 ut

338 4186 439 4227 nec
471 4187 673 4226 annum
705 4172 811 4227 586
831 4174 1181 4241 antecedant,
1211 4174 1572 4231 cum'Felicis
1598 4175 1943 4231 ordinatione

338 4263 451 4319 sint
484 4265 841 4335 p05teriores.

1144 4380 1209 4435 ν.

411 4518 467 4574 5.
518 4516 745 4573 Siricius
766 4517 1091 4573 conditiones
1118 4515 1409 4584 prtescribit
1446 4514 1631 4585 quibus
1658 4529 1765 4582 past:
1785 4513 1938 4568 Pris-

2024 1924 2209 1969 narrat
2234 1914 2570 1970 simultatem
2600 1930 2721 1984 quia
2752 1914 3029 1969 Romanos
3055 1914 3198 1971 inter
3232 1926 3287 1971 et
3314 1916 3629 1973 Orientales

2023 2008 2273 2062 ecclesia:
2304 2008 2664 2064 Antiuchcntn
2706 2012 3004 2066 occasimie
3053 2010 3450 2075 intercedebat,
3507 2011 3632 2068 aliis

2025 2098 2275 2165 Paulino,
2307 2101 2428 2154 aliis
2452 2100 2710 2155 Flaviano
2743 2102 2947 2157 Meletii
2972 2105 3278 2158 successori
3299 2104 3631 2171 faventibus;

2026 2208 2128 2247 nec
2160 2193 2367 2247 Paulini
2398 2206 2573 2250 morte
2598 2197 2921 2250 exstinctam
2949 2194 3138 2253 fuisse.
3212 2197 3349 2251 Tum
3383 2198 3530 2253 enim
3579 2198 3634 2252 in

2026 2285 2175 2341 illius
2216 2287 2401 2341 locum
2444 2289 2744 2357 subrogato
2782 2289 3012 2358 Evagrio
3056 2306 3077 2340 t
3118 2288 3381 2344 adversus
3423 2288 3639 2344 Flavia-

2027 2395 2181 2440 num.
2220 2400 2239 2431 ι
2274 2379 2446 2449 inquit
2495 2379 2636 2435 idem
2691 2380 3073 2435 Tlteodoretus
3104 2420 3120 2445 ,
3170 2380 3553 2436 Occidentales
3582 2391 3640 2439 et

2028 2471 2294 2543 1E3yptii,
2331 2489 2349 2524 t
2380 2471 2676 2527 Theodosii
2706 2471 3056 2541 imperatoris
3080 2473 3307 2527 auribus
3332 2474 3635 2543 subrepere

2030 2570 2328 2619 tentarunt.
2359 2563 2459 2631 Qui
2492 2567 2690 2633 smpius
2721 2565 3121 2629 interpellatus,
3172 2565 3640 2637 Constantinopo-

2029 2658 2122 2711 lim
2145 2673 2270 2713 enm
2295 2658 2491 2712 accivit
2515 2698 2531 2722 ,
2564 2665 2732 2727 utpte
2752 2657 2975 2711 Rotnam
3003 2657 3449 2725 proficisceretur
3480 2674 3637 2713 man-

2031 2748 2197 2805 davit.
2232 2748 2340 2804 Sed
2372 2732 2687 2814 Flavianus,
2718 2764 2841 2803 cum
2875 2760 2929 2804 et
2958 2748 3245 2804 hibernum
3267 2759 3482 2816 tempus
3504 2766 3636 2807 cau-

2032 2851 2181 2897 satus
2210 2850 2379 2907 esset,
2430 2852 2488 2896 et
2524 2842 2743 2897 ineunte
2799 2857 2927 2897 vere
2977 2842 3242 2896 facturum
3271 2858 3331 2897 se
3376 2843 3639 2913 imperata

2036 2931 2403 3002 promisisSet,
2435 2931 2486 2985 in
2522 2933 2750 2999 jatriam
2781 2947 3035 2988 reversus
3057 2942 3161 2987 est.
3195 2932 3368 2988 Porro
3387 2948 3510 2988 cum
3536 2933 3646 2988 Ro-

2035 3040 2213 3079 mana:
2245 3024 2393 3078 urbis
2423 3023 2667 3093 episeopi
2696 3040 2802 3079 non
2836 3026 3013 3079 solum
3064 3025 3415 3080 admirandus
3443 3026 3639 3081 Dama-

2035 3131 2148 3181 sus,
2183 3116 2275 3172 sed
2303 3127 2358 3171 et
2384 3130 2671 3172 successor
2700 3120 2817 3187 ejus
2841 3119 3095 3185 Siricius,
3148 3126 3204 3174 et
3228 3130 3351 3188 post
3380 3120 3633 3175 Siricium

1956 3194 2001 3259 C
2032 3209 2352 3269 Anastasius
2379 3209 2523 3277 pittnt
2556 3212 2944 3276 imperatorem
2966 3212 3147 3264 acrius
3164 3210 3635 3278 perstrinxissent,

2031 3300 2182 3355 illum
2217 3312 2476 3373 tyrannos
2500 3301 2715 3371 quidem
2748 3343 2762 3366 ,
2816 3302 2909 3372 qui
2940 3302 3205 3357 adversus
3240 3304 3415 3373 ipsum
3456 3303 3643 3359 insutu.

2030 3405 2256 3465 gerent,
2283 3396 2592 3464 opprimere
2622 3394 2897 3461 dicentes,
2944 3412 3041 3452 eos
3073 3412 3199 3453 vero
3228 3398 3319 3468 qui
3347 3397 3454 3468 legi
3482 3397 3638 3454 Chri-

2034 3486 2106 3542 sti
2137 3488 2466 3544 insultarent
2492 3532 2505 3553 ,
2547 3489 2657 3560 pati
2686 3494 3030 3561 tyrannicam
3055 3491 3463 3546 damnationem
3488 3505 3651 3547 excr-

2034 3592 2243 3649 ceotes,
2278 3599 2466 3638 rursus
2490 3599 2613 3639 eum
2646 3585 3185 3657 Constantinopolim
3220 3596 3501 3643 evocatum
3522 3628 3537 3655 ,
3579 3596 3641 3644 ut

2032 3674 2261 3730 Romam
2293 3676 2601 3748 navigaret,
2631 3694 2826 3749 cogere
2855 3679 3109 3735 instituit.
3144 3699 3164 3733 s

2106 3769 2161 3823 8.
2202 3770 2258 3825 lu
2294 3769 2480 3825 multis
2506 3771 2725 3841 quidem
2772 3782 2961 3841 peccat
2990 3772 3106 3827 hrec
3132 3773 3465 3832 Theodoreti
3514 3789 3639 3831 nar-

2037 3864 2196 3920 ratio.
2224 3864 2360 3920 Nam
2386 3873 2442 3920 et
2469 3875 2595 3921 ante
2615 3866 3020 3925 ordinationem
3045 3869 3261 3938 Evagrii
3292 3871 3397 3925 vita
3424 3870 3643 3926 functus

2037 3968 2118 4015 est
2153 3960 2433 4025 Damasus,
2456 3969 2513 4016 et
2536 3960 2604 4015 ad
2635 3963 2908 4018 Anastasii
2935 3978 3088 4034 papze
3110 3973 3356 4034 tempora
3382 3964 3637 4021 Theodo-

2036 4051 2153 4107 sius
2179 4054 2477 4123 imperator
2503 4069 2612 4110 non
2637 4055 2905 4124 pervenit.
2942 4056 3147 4112 Deinde
3169 4073 3235 4114 ex
3269 4058 3542 4113 Ambrosii
3572 4058 3640 4113 ad

2039 4143 2403 4214 Theophilum
2434 4146 2662 4216 epistola
2703 4146 2774 4203 56
2800 4156 3017 4203 conSIat
3042 4147 3283 4204 Flaviani
3310 4149 3637 4222 Evagriique

2042 4252 2263 4293 causam
2292 4254 2321 4292 a
2347 4239 2561 4311 synodo
2588 4238 2847 4311 Capuana
2893 4256 2999 4297 non
3044 4240 3295 4299 Romano
3345 4246 3605 4314 episcopo
3632 4284 3650 4312 ,

2041 4330 2138 4385 sed
2170 4330 2474 4400 Theophila
2513 4332 2886 4388 Alexandrino
2938 4332 3321 4405 Egyptiisque
3368 4337 3645 4405 episcopis

2044 4420 2211 4476 fuisse
2240 4422 2566 4492 delegatam,
2618 4440 2639 4473 ι
2664 4423 2811 4492 quod
2861 4425 3043 4478 neutri
3080 4427 3215 4492 parti
3252 4428 3459 4480 sociata
3504 4442 3657 4481 com-

2044 4514 2325 4578 munione,
2357 4513 2541 4583 aliquo
2570 4512 2757 4569 favore
2786 4515 3215 4585 propenderent.
3267 4535 3286 4570 ι
3317 4516 3473 4573 Unde
3531 4534 3652 4574 rur-

341 4610 636 4667 cillianistis
664 4611 934 4668 reddatur.
959 4642 1032 4653 —
1056 4579 1246 4680 Neque
1279 4579 1539 4665 iisetiam
1583 4579 1816 4665 Siricius
1844 4606 1940 4663 de-
1967 4579 2022 4640 D
2045 4619 2165 4659 sum
2191 4579 2482 4676 corrigitur
2502 4579 2907 4671 Tlteodttretus,
2928 4609 3020 4677 qui
3044 4605 3328 4680 Egyptios
3352 4621 3407 4663 ut
3434 4608 3648 4666 Flavia-

341 4704 465 4771 fuit,
497 4706 647 4777 quia
678 4706 1008 4763 Priscilliani
1056 4705 1253 4761 haeresi
1302 4705 1369 4759 ad
1418 4703 1717 4759 Ecclesiam
1760 4702 1946 4759 redire

342 4799 671 4854 voluissent.
725 4799 950 4870 Hispani
982 4800 1185 4871 quippe
1207 4796 1261 4853 in
1284 4798 1456 4867 gestis
1484 4797 1752 4853 Toletano
1776 4813 1792 4850 ι
1817 4811 1949 4851 con-

344 4892 475 4948 cilio
504 4893 770 4949 subnexis
794 4895 1074 4949 Ambrosii
1106 4892 1329 4948 laudant
1354 4893 1565 4947 litteras
1588 4902 1712 4962 post
1737 4891 1947 4945 Caesar-

342 4997 705 5055 augustanum
736 4987 1069 5051 concilium,
1119 4986 1223 5040 hoc
1266 4995 1389 5051 est,
1423 4994 1544 5051 post
1597 4998 1798 5038 annum
1843 4982 1945 5037 581

346 5080 605 5148 scriptas,
660 5095 723 5135 ac
764 5079 965 5135 deinde
993 5078 1320 5134 Priscilliani
1344 5078 1573 5134 asseclis
1602 5093 1789 5149 pacem
1821 5090 1952 5131 con-

346 5173 646 5229 cedendam
698 5174 1045 5244 pollicentur,
1082 5193 1103 5227 ‹
1136 5173 1182 5228 si
1210 5173 1807 5241 condemnassentqute
1829 5185 1954 5239 per-

349 5280 534 5336 peram
564 5277 809 5338 egerant,
843 5277 897 5322 et
929 5266 1253 5336 implessent
1284 5264 1629 5321 conditiones
1658 5278 1793 5335 quas
1814 5275 1955 5330 prte-

347 5360 584 5428 scriptas
610 5358 917 5429 (Ambrosii)
958 5358 1157 5414 litterae
1188 5358 1561 5423 continebant,
1610 5359 1674 5413 iis
1705 5355 1906 5411 additis
1934 5396 1950 5423 ,

346 5462 730 5520 qum-sanctae
790 5452 1073 5505 memorias
1131 5451 1360 5506 Siricius
1426 5464 1561 5517 papa
1609 5449 1947 5503 suasisset.)

352 5538 505 5596 Unde
529 5542 788 5611 colligere
809 5552 895 5597 est
938 5542 1171 5609 scriptas
1214 5556 1335 5597 esse
1383 5557 1415 5595 a
1464 5539 1662 5595 Siticio
1706 5539 1949 5603 litteras,

348 5633 547 5701 quibus
574 5632 967 5702 prtescribebat
995 5644 1160 5705 atque
1202 5633 1616 5702 suadebatqute
1655 5647 1685 5686 a
1724 5630 1952 5686 Priscil-

352 5722 588 5780 lianistis
624 5724 933 5796 praestanda
960 5738 1140 5797 erant,
1173 5737 1234 5784 ut
1280 5726 1349 5804 ad
1400 5725 1663 5783 Ecclesiae
1701 5739 1950 5782 commu-

355 5817 575 5877 nionem
606 5819 1049 5899 admitterentur.

2048 4714 2119 4754 no
2164 4698 2413 4754 infensos
2445 4709 2825 4768 mpresetttat.
2874 4698 2983 4756 Sed
3030 4701 3083 4756 in
3127 4717 3194 4756 eo
3231 4702 3377 4773 quod
3407 4702 3572 4761 habet
3604 4705 3651 4762 is

2042 4794 2280 4861 scriptor
2304 4793 2372 4849 de
2396 4792 2563 4863 jussis
2603 4793 2978 4864 imperialibus
3006 4810 3038 4850 a
3068 4795 3332 4853 Flaviano
3357 4799 3641 4870 neglectis,

2045 4899 2111 4941 ac
2135 4885 2204 4941 de
2230 4885 2487 4941 facultate
2510 4900 2670 4955 quam
2697 4902 2727 4941 a
2755 4886 3072 4946 Theodosio
3099 4897 3158 4944 ut
3183 4889 3250 4945 ad
3302 4892 3531 4960 patriam
3566 4908 3653 4948 re-

2046 4980 2188 5035 diret
2218 4980 2554 5049 impetravit,
2576 4982 2850 5036 consentit
2867 4982 3051 5054 aliquo
3074 4983 3237 5040 modo
3267 5000 3389 5039 cum
3415 4984 3652 5041 Ambro-

2055 5075 2155 5137 sio,
2181 5075 2272 5143 qui
2307 5074 2619 5129 Flavianum
2649 5093 2670 5127 t
2691 5091 2793 5131 nec
2818 5077 3193 5147 imperialibus
3225 5079 3462 5135 decretis
3485 5100 3504 5132 ι
3534 5081 3657 5149 qui-

2054 5166 2155 5222 bus
2182 5168 2323 5236 apud
2367 5166 2580 5237 judices
2615 5170 2951 5238 praestitutos
2979 5170 3175 5226 sistere
3222 5185 3283 5226 se
3325 5170 3653 5241 jubebatur,

2060 5277 2081 5312 ‹
2112 5275 2212 5315 nec
2233 5260 2575 5315 sacerdotum
2598 5262 2892 5317 conventui
2934 5263 3278 5332 praesentiam
3301 5264 3384 5316 sui
3413 5260 3594 5319 facere
3628 5282 3649 5317 ι

2055 5352 2315 5418 voluisse,
2340 5355 2508 5410 immo
2537 5369 2662 5409 eum
2696 5374 2715 5406 ι
2747 5354 2944 5409 iterum
2987 5354 3055 5409 ad
3101 5370 3321 5424 precum
3359 5356 3560 5412 auxilia
3604 5367 3660 5413 et

2056 5443 2416 5511 imperialium
2431 5444 2823 5514 rescriptorum
2838 5445 3089 5516 sullragia
3113 5446 3473 5504 remeavisses
3495 5449 3659 5505 tradit

2062 5535 2323 5606 (Ambros.
2355 5537 2605 5605 epist.56.
2630 5554 2685 5591 η.
2719 5539 2755 5593 3
2781 5548 2829 5591 et
2860 5539 2942 5606 4).
2968 5536 3125 5594 Tunc
3150 5554 3281 5594 vero
3302 5538 3355 5596 id
3382 5541 3659 5597 accidisse

2062 5630 2423 5697 probabiliter
2441 5631 2753 5697 credamus,
2783 5641 2843 5687 ut
2869 5630 3099 5688 Sirit-ius
3126 5633 3194 5688 de
3219 5633 3384 5688 variis
3402 5634 3507 5690 illis
3528 5634 3657 5692 Fla-

2061 5724 2202 5779 viani
2242 5724 2458 5795 ellugiis
2479 5724 2811 5789 admonitus,
2840 5739 2999 5782 acres
3029 5725 3238 5781 litteras
3260 5741 3291 5780 a
3314 5725 3659 5785 Theodoreto

2063 5827 2391 5875 memoratas
2436 5817 2504 5872 ad
2552 5817 2918 5877 Theodosium
2947 5818 3255 5893 scripserit,
3293 5820 3493 5892 quibus
3529 5837 3657 5882 eum
