4120 6186
496 238 634 296 Ηῖτ

1684 225 2004 287 SANCTUS
2042 220 2333 281 SIRICIUS
2372 223 2572 281 PAPA.

492 353 809 410 reconciliat.
832 379 901 392 —
927 349 1115 418 Neque
1140 346 1265 403 ideo
1278 352 1489 414 tantum
1513 342 1721 400 electus
1738 354 1821 399 est
1844 342 2097 406 Aeacius,
2128 343 2174 401 A
2206 355 2327 410 quae
2356 340 2424 394 ab
2454 337 2683 395 ecclesia
2705 344 2890 393 nostra
2937 343 3088 407 gesta
3134 345 3283 400 sunt,
3328 318 3533 392 nemini
3575 338 3810 393 dubium

492 459 554 505 ut
575 445 939 503 ordinationis
959 443 1183 499 Joannis
1206 442 1487 497 decretum
1516 439 1704 502 ferret,
1734 438 1826 493 sed
1856 439 2019 493 etiam
2041 446 2098 491 ut

496 540 812 597 Flavianum
837 537 1157 608 episcopum
1188 535 1592 591 Antiochenam
1628 532 1874 587 Romano
1921 529 2098 601 ponti-

492 632 582 688 fici
614 632 1021 688 recttnciliaret.
1047 630 1218 699 Quam
1240 628 1311 683 ob
1331 642 1552 683 causam
1581 642 1607 679 a
1634 624 1844 680 Joanne
1864 624 1982 693 ipso
2010 638 2099 677 ro-

494 735 655 799 gatus
680 723 1018 795 Theophilus
1042 721 1466 787 Alexnndriuus,
1514 718 1778 775 Isidorum
1833 731 2099 772 veneran-

496 820 624 876 dum
657 819 902 878 ecclesiae
928 816 1321 874 Alexandrinae
1352 815 1758 886 presbyterum,
1819 812 1886 866 ab
1926 811 2098 866 Atha-

496 917 651 970 nasio
675 914 951 985 quondam
980 910 1319 976 ordinatum,
1349 907 1607 979 legationi
1664 906 1789 960 huic
1820 903 2095 973 adjunxit.

498 1008 632 1065 Rem
669 1007 1009 1064 Sozomenus
1039 1004 1120 1058 sic
1155 1011 1378 1057 narrat:
1420 1020 1439 1053 ι
1476 999 1716 1055 Joannes
1748 998 1800 1053 itt
1836 997 1958 1065 ipso
1989 994 2102 1066 epi-

504 1112 759 1173 scopatus
790 1102 873 1155 sui
905 1098 1152 1161 exordio,
1182 1113 1303 1151 cum
1342 1094 1722 1152 Occidentales
1767 1102 1822 1147 et
1860 1088 2101 1162 Egyptii

505 1196 821 1252 sacerdotes
846 1192 1058 1247 Paulini
1106 1191 1280 1262 gratia
1305 1190 1372 1242 ab
1411 1186 1785 1243 Orientalibus
1831 1183 2103 1253 episc0pis

501 1290 679 1344 adhuc
701 1286 1058 1349 dissidercnt,
1084 1282 1444 1353 Theophilum
1477 1278 1708 1350 rogavit,
1744 1288 1803 1332 ut
1830 1292 1983 1331 suam
2001 1275 2105 1345 ipsi

501 1398 725 1457 operam
747 1381 1141 1443 Commodaret,
1172 1386 1225 1431 et
1271 1376 1572 1429 Romanum
1622 1372 1937 1442 episcopum
1983 1368 2107 1422 Fla-

496 1476 655 1531 viano
689 1471 1082 1529 reconciliaret.
1117 1469 1271 1537 Quod
1295 1483 1419 1523 cum
1450 1465 1764 1537 placuisset,
1797 1463 1953 1518 electi
1982 1469 2109 1515 sunt

505 1570 573 1625 ad
614 1568 665 1624 id
698 1572 972 1637 negotium
1002 1563 1236 1620 Aeacius
1264 1563 1559 1630 cpiscopus
1610 1559 1799 1613 Beroae
1848 1566 1902 1612 et
1932 1554 2106 1611 Isido-

508 1678 626 1721 rus.
654 1661 701 1716 is
729 1660 884 1729 cujus
913 1658 1083 1729 gratia
1110 1656 1449 1727 Theophilus
1498 1654 1724 1710 Joannis
1775 1650 2107 1707 ordinationi

2201 444 2283 488 est
2306 433 2615 488 Flavianum
2639 433 3037 487 communionis
3066 434 3295 501 gratiam
3320 433 3603 499 recepisse
3627 449 3643 497 ;
3696 447 3811 501 qua

2201 528 2254 582 in
2291 537 2605 598 perpetuum
2636 536 2909 588 caruerat,
2939 525 3042 580 nisi
3068 525 3205 579 Hinc
3260 543 3418 593 super
3469 528 3568 581 hoc
3613 529 3815 599 scripta

2202 632 2532 677 manassent.
2576 640 2594 673 ι
2621 620 2758 676 Tum
2785 620 3087 675 Romanum
3115 621 3444 685 antistitem,
3485 624 3561 676 uti
3606 621 3813 691 (Epist.

2203 714 2293 776 56.
2324 732 2378 781 n,
2412 714 2467 785 7)
2525 715 2856 785 praedixerat
2884 714 3211 770 Ambrosius
3227 715 3365 779 l‘ore,
3390 715 3589 769 imitati
3616 716 3817 782 plures

2201 807 2603 873 Occidentales,
2658 808 3017 862 Antiochense
3065 808 3315 863 ecclesiae
3365 808 3559 878 legatis
3601 808 3821 864 similes

2205 901 2409 956 litteras
2441 900 2806 967 tradiderunt,
2827 917 2962 969 quas
2983 903 3322 958 Sozomenus
3353 903 3449 957 lib.
3478 904 3534 966 8,
3566 918 3619 956 c.
3641 904 3700 966 5,
3722 918 3820 971 ge-

2205 995 2435 1050 neratim
2464 995 2706 1051 indit-are
2733 996 2865 1051 satis
2893 996 3081 1061 habet,
3105 996 3298 1051 dicens
3326 996 3586 1051 Acacium
3638 998 3818 1052 Rotua

2205 1086 2255 1142 in
2288 1088 2501 1160 Syriam
2531 1105 2808 1145 reversum
2843 1090 3224 1163 Egyptiorum
3253 1092 3813 1164 Occidentaliumqne

2206 1181 2461 1251 pacificas
2485 1182 2694 1238 litteras
2726 1181 2990 1238 Flaviano
3019 1184 3297 1239 retulisse.

2207 1298 2255 1345 2.
2281 1297 2493 1348 Decreta
2537 1296 2780 1363 nonnulla
2805 1298 2980 1346 Siricio
3018 1312 3155 1361 papae
3178 1300 3369 1349 inltbro
3394 1300 3823 1363 pontiﬁcaliattri-

2768 1359 2884 1409 bula
2911 1359 3247 1410 excutiuntur.

2284 1465 2523 1522 LSiricii
2538 1467 2870 1520 constitutum
2883 1478 3064 1521 contra
3088 1485 3263 1523 omnes
3280 1470 3826 1539 horreum—Quam-

2212 1558 2292 1612 vis
2335 1557 2455 1613 libri
2486 1558 2811 1629 pontificalis
2840 1573 2961 1613 cum
3013 1560 3065 1613 in
3112 1562 3319 1625 multis,
3356 1572 3463 1615 tum
3500 1566 3550 1617 in
3576 1563 3643 1616 iis
3693 1579 3827 1630 quae

2215 1664 2243 1703 a
2265 1650 2523 1704 Romanis
2544 1652 2895 1722 pontiﬁcibus
2924 1654 3215 1707 constituta
3242 1656 3562 1718 essetradtt,
3591 1657 3731 1710 levis
3759 1671 3827 1712 ac

507 1758 827 1812 adversatus
860 1752 1056 1808 fuerat.
1100 1772 1119 1805 ι
1147 1752 1224 1806 De
1256 1750 1466 1806 Isidoro
1488 1750 1682 1805 eodem
1724 1746 2004 1803 Palladius
2052 1744 2104 1799 in
2137 1738 2185 1799 B
2213 1743 2450 1797 sublesta
2481 1742 2552 1797 sit
2596 1746 2922 1808 auctoritas;
2952 1760 3071 1814 qua:
3098 1754 3276 1800 tamen
3335 1746 3530 1803 Siricio
3564 1749 3821 1813 asrribit,

509 1854 724 1924 dialogo
750 1867 873 1907 cum
905 1850 1195 1905 Theodoro
1248 1848 1511 1902 Romanae
1562 1844 1812 1901 ecclesiae
1870 1842 2105 1898 diacono

508 1948 823 2018 etilloqueus
846 1945 953 2000 ait:
994 1963 1013 1996 ε
1048 1942 1132 1998 Tu
1178 1956 1308 1997 vero
1348 1953 1403 1996 et
1450 1939 1569 2009 ipse
1614 1938 1756 1992 nosti
1799 1934 2103 1998 hominem,

510 2040 728 2112 quando
755 2054 875 2094 euut
901 2036 1100 2093 Acacio
1130 2035 1359 2090 veniens
1389 2031 1629 2086 Flaviani
1658 2044 1779 2084 cum
1802 2026 2106 2097 TheOpbilo

512 2132 948 2189 communionem
972 2129 1151 2184 attulit
1174 2127 1361 2195 viginti
1412 2139 1588 2180 annos
1627 2125 1912 2193 abruptam
1958 2120 2106 2176 beati

514 2224 731 2295 Evagrii
755 2238 940 2279 causa.
980 2243 999 2275 ›
1031 2222 1213 2291 Neque
1239 2220 1326 2275 hic
1368 2218 1676 2283 tacendum,
1705 2215 1849 2286 quod
1876 2215 1944 2269 de
1966 2214 2107 2282 lega-

515 2315 665 2371 tione
688 2317 780 2371 illa
809 2313 1190 2369 Tlteodoretus
1221 2312 1405 2365 habet.
1444 2329 1462 2362 ι
1493 2308 1809 2372 Flavianus,
1843 2326 1862 2359 ι
1913 2306 2106 2375 inquit,

521 2426 541 2459 ι
576 2407 829 2479 egregios
859 2406 1125 2475 quosdam
1180 2406 1468 2473 episcopos
1517 2402 1743 2455 Romam
1798 2399 1949 2453 misit
2003 2412 2108 2451 una

514 2517 639 2558 cum
679 2501 886 2570 aliquot
940 2498 1276 2569 presbyteris
1314 2510 1379 2550 ac
1424 2494 1671 2549 diacouis
1723 2489 2109 2547 Antiochensis

510 2591 775 2650 ecclesiae.
809 2589 1011 2645 ﬂorum
1040 2589 1281 2641 omnium
1313 2587 1569 2655 princeps
1598 2591 1721 2640 erat
1747 2582 1980 2637 Aeacius
2011 2581 2109 2636 Be-

516 2700 629 2740 roa:
664 2682 816 2739 urbis
845 2682 1021 2754 Syria:
1050 2680 1415 2751 episcOpus...
1445 2677 1543 2732 Hic
1569 2693 1671 2731 tina
1713 2692 1835 2731 cum
1886 2675 2109 2746 reliquis

515 2778 743 2834 Romam
773 2775 1002 2831 veniens
1021 2774 1336 2829 diuturnam
1354 2771 1710 2836 simultatem,
1726 2785 1846 2841 qua:
1868 2778 2111 2839 septem-

514 2870 691 2927 decim
735 2881 912 2923 anuos
958 2866 1275 2931 duraverat,
1327 2865 1565 2931 sedavit,
1619 2877 1920 2935 pacemque
1970 2862 2112 2915 inter

513 2960 773 3019 ecclesias
799 2959 1134 3028 composuit.
1162 2976 1183 3010 ι
1208 2956 1370 3011 Addit
1401 2955 1620 3027 quidem
1643 2956 1827 3010 statim
1859 2952 2110 3008 Theodo-

515 3065 689 3122 retus,
718 3073 738 3107 ‹
759 3053 1001 3110 Praeerat
1026 3062 1154 3107 tunc
1184 3049 1443 3119 temporis
1469 3048 1717 3105 ecclesiae
1743 3047 2002 3102 Romame
2028 3045 2113 3100 ln-

2209 1834 2423 1889 silentio
2472 1838 2749 1905 prmterire
2800 1854 2903 1890 non
2945 1838 3091 1901 licet,
3146 1841 3378 1895 maxime
3427 1857 3549 1895 cum
3604 1858 3708 1896 nec
3753 1844 3825 1899 ab

2210 1937 2370 1984 aetate
2393 1945 2492 1985 nec
2516 1946 2548 1985 a
2576 1931 2975 1986 consuetudine
3005 1931 3150 1986 illius
3193 1935 3419 1987 omnino
3457 1935 3825 1993 abhorreant.

2211 2021 2395 2078 Primo
2419 2022 2637 2093 quidem
2665 2023 2732 2079 de
2763 2023 2859 2078 illo
2908 2024 2961 2077 in
3004 2022 3112 2079 hoc
3141 2025 3282 2080 lihro
3313 2026 3584 2096 legimus:
3622 2047 3643 2079 ‹
3675 2028 3828 2084 Con-

2211 2115 2457 2173 stitutum
2489 2115 2615 2172 fecit
2646 2116 2715 2173 de
2738 2117 2889 2171 omni
2915 2118 3164 2174 Ecclesia
3192 2129 3248 2174 et
3271 2134 3462 2175 contra
3486 2137 3683 2178 omnes
3710 2123 3830 2177 haz-

2212 2222 2385 2273 reses,
2413 2216 2470 2262 et
2494 2208 2754 2278 dispersit
2786 2225 2883 2279 per
2938 2211 3253 2265 universum
3315 2213 3576 2267 mundum
3606 2230 3669 2269 ac
3720 2230 3829 2284 per

2213 2315 2399 2357 omnes
2420 2301 2755 2370 provincias,
2788 2313 2845 2356 ιιι
2875 2301 2929 2356 in
2956 2304 3105 2358 omni
3131 2304 3352 2359 arcltivo
3382 2306 3632 2361 ecclesiae
3679 2322 3826 2362 con-

2213 2404 2526 2448 servaretur
2550 2394 2618 2448 ob
2651 2398 3117 2465 oppugnationem
3146 2409 3337 2452 contra
3386 2414 3579 2454 omnes
3632 2400 3826 2457 haere-

2214 2499 2323 2539 ses.
2362 2504 2379 2536 ι
2410 2485 2519 2541 Sed
2554 2486 2639 2540 his
2664 2488 2844 2541 verbis
2873 2488 3147 2559 designari
3179 2499 3389 2544 tantum
3415 2493 3629 2547 videtur
3650 2509 3823 2564 supe-

2216 2575 2328 2629 rior
2352 2577 2579 2645 cpistola
2603 2577 2656 2642 5,
2688 2594 2849 2648 quam
2874 2579 2997 2635 ideo
3027 2595 3058 2634 a
3081 2581 3348 2651 scriptore
3363 2586 3541 2639 minus
3561 2598 3826 2643 accurato

2215 2679 2395 2721 contra
2423 2684 2595 2723 omnes
2626 2671 2845 2725 ha'reses
2870 2673 3067 2727 dietaut
3093 2678 3458 2751 suspiramur,
3476 2680 3604 2747 quia
3630 2679 3823 2747 inejus

2215 2758 2454 2813 clausula
2483 2759 2707 2830 legerit:
2733 2780 2752 2814 ι
2789 2762 2916 2817 Ηωο
2939 2765 3143 2833 itaque.
3177 2765 3399 2831 fratres,
3428 2769 3474 2821 si
3508 2769 3667 2836 plena
3684 2772 3823 2841 vigi-

2215 2849 2379 2905 lautia
2409 2852 2693 2909 fuerintab
2714 2856 2966 2910 omnibus
2995 2857 3305 2925 observata,
3353 2862 3598 2917 cessabit
3647 2864 3824 2919 ambi-

2216 2943 2313 3009 tio,
2363 2944 2631 3001 dissensio
2682 2950 3056 3018 conquiescet,
3110 2951 3342 3007 ereses
3386 2964 3441 3009 et
3522 2957 3826 3015 schismata

2217 3052 2324 3090 non
2377 3048 2685 3109 emergcnt,
2736 3040 2919 3096 locum
2965 3057 3076 3098 non
3120 3046 3351 3114 accipiet
3402 3047 3656 3105 diabolus
3712 3065 3825 3106 sa:-

519 3147 824 3206 noceutius.
866 3165 886 3199 ι
916 3144 1144 3209 Verum,
1174 3140 1848 3204 utiValesiusobservat,a
1871 3136 2109 3192 Flaviani
2143 3128 2188 3191 C
2220 3129 2423 3184 vieudi.
2446 3149 2466 3182 ι

518 3241 881 3303 ordinatione,
915 3253 1037 3308 quae
1061 3251 1207 3292 anno
1244 3234 1341 3291 '58l
1398 3233 1650 3304 contigit,
1702 3238 1951 3301 cmperat
1995 3230 2114 3285 ham

518 3334 788 3391 simultas.
813 3328 970 3387 Unde
996 3328 1243 3399 sequitur
1266 3336 1326 3381 ut
1353 3325 1396 3381 si
1428 3333 1554 3397 post
1574 3324 1972 3403 septemdecim
2021 3337 2117 3376 an-

520 3441 621 3483 nos
650 3424 834 3481 sedata
861 3430 948 3478 est
999 3420 1288 3492 legationis
1337 3417 1611 3490 praedictae
1667 3415 1950 3474 beneﬁcio.
2001 3417 2115 3485 ipsa

520 3520 717 3591 legatio
743 3532 887 3573 anno
918 3515 1045 3578 $98,
1073 3514 1317 3584 adeoque
1334 3519 1624 3582 antequam
1651 3508 2005 3564 Innocentius
2028 3521 2119 3563 ec-

519 3613 703 3671 clesia:
731 3612 992 3667 Romam!)
1023 3616 1304 3678 praaesset,
1330 3606 1587 3676 illiganda
1625 3607 1719 3659 sit.
1753 3606 1933 3672 Quare
1988 3619 2118 3659 con-

515 3706 752 3764 fundere
772 3705 987 3761 videtur
1013 3701 1395 3759 Theodoretus
1421 3701 1591 3765 aliud,
1625 3700 1767 3770 quod
1809 3700 1912 3753 sub
1958 3699 2116 3754 Inuo-

515 3802 701 3860 centio
720 3810 936 3873 gestum
960 3808 1063 3855 est.
1092 3796 1227 3853 Nam
1262 3811 1364 3867 pax
1384 3795 1475 3850 illa
1493 3794 1745 3850 ecclesiae
1757 3792 2119 3849 Antiochente

517 3912 640 3969 quae
668 3910 812 3950 anno
840 3894 946 3950 398
978 3892 1190 3947 initium
1226 3890 1460 3959 accepit,
1487 3889 1806 3944 Innocentio
1858 3888 2118 3957 pontifice

518 3985 753 4057 perfecta
784 3994 947 4054 atque
972 3983 1246 4039 cumulata
1271 3982 1373 4036 fuit
1402 4024 1415 4049 ,
1436 3997 1559 4037 cum
1591 3992 1713 4049 post
1737 3989 1971 4034 mortem
1996 3979 2120 4033 Fla-

517 4077 685 4143 viani,
736 4077 964 4145 ejusque
1017 4074 1353 4128 successoris
1411 4072 1743 4143 Porphyrii,
1797 4071 2118 4127 Alexander

520 4168 684 4225 etiam
722 4164 1132 4228 Eustathianos,
1160 4164 1253 4234 qui
1277 4163 1539 4217 hactenus
1565 4177 1687 4216 cum
1741 4162 1957 4217 cmteris
1983 4177 2117 4217 cou-

524 4259 710 4319 venire
732 4262 1050 4324 renuerant,
1080 4255 1183 4312 sibi
1209 4257 1469 4311 sociavit.
1506 4253 1641 4309 Hinc
1674 4254 1843 4325 liquet
1872 4255 1945 4323 id,
1975 4255 2118 4323 quod

519 4355 773 4426 Capuana
806 4352 1046 4426 synodus
1103 4350 1445 4413 decreverat,
1487 4348 1741 4419 quodque
1796 4349 2117 4403 nominatim

520 4448 894 4508 Ambrosiusa
948 4445 1255 4518 Theophila
1298 4452 1577 4520 exegerat,
1626 4458 1749 4499 esse
1806 4442 2113 4513 impletum,

2287 3223 2339 3278 2.
2368 3222 2702 3280 Fermentum
2733 3225 2796 3281 ab
2824 3228 3066 3301 episc0po
3096 3222 3408 3304 presbyteris
3461 3237 3696 3291 missum.
3746 3269 3827 3279 ——

2218 3318 2315 3372 His
2339 3317 2488 3372 addit
2520 3319 2661 3375 idem
2691 3321 2829 3375 liber
2854 3340 2867 3375 :
2890 3340 2908 3373 ι
2935 3323 3031 3378 Hic
3054 3330 3364 3393 c0nstituit,
3387 3339 3437 3383 ut
3460 3332 3634 3384 nttllus
3658 3348 3825 3402 pres-

2219 3410 2374 3483 byter
2396 3412 2587 3468 Missas
2636 3414 2937 3470 celebraret
2984 3433 3082 3487 per
3130 3437 3348 3475 omnem
3395 3421 3821 3491 hebdomadam,

2218 3505 2324 3559 nisi
2350 3518 2727 3561 consecratum
2759 3508 3004 3579 episcopi
3054 3512 3157 3567 loci
3194 3516 3462 3585 designati
3517 3520 3828 3589 διιδεῖν-τρι

2217 3596 2577 3665 declaratum,
2602 3600 2748 3670 quod
2782 3605 3096 3659 nominatur
3144 3607 3492 3664 fermentum.
3531 3631 3550 3663 ι
3607 3612 3825 3670 Verum

2220 3690 2265 3743 is
2285 3690 2403 3760 ipse
2422 3692 2560 3746 liber
2589 3709 2715 3748 usus
2747 3693 2906 3764 hujus
2931 3698 3328 3755 institutionem
3352 3702 3633 3759 Melchiadi
3663 3708 3828 3762 attri-

2218 3781 2356 3846 buit,
2378 3783 2742 3855 eumdemque
2773 3803 2913 3842 nunc
2935 3790 3000 3843 ad
3018 3790 3270 3846 Siriciqu
3296 3794 3562 3863 referens,
3582 3814 3690 3851 non
3716 3793 3825 3855 una

2218 3875 2431 3931 ratione
2462 3888 2648 3930 contra
2682 3880 2971 3934 veritatem
3003 3896 3312 3938 accuratam
3348 3902 3575 3953 peccare
3596 3894 3828 3946 ρους-ἰὼ

2224 3970 2391 4033 citur,
2417 3970 2877 4039 quemadmodum
2901 3990 3085 4044 sttpra,
3121 3994 3242 4048 pag.
3274 3980 3376 4034 559
3403 3996 3461 4036 et
3486 3985 3616 4047 ξω,
3638 3985 3828 4041 obser-

2220 4061 2485 4114 vavimus.
2529 4063 2661 4130 Qua:
2685 4072 2865 4119 autem
2911 4066 2983 4121 ibi
3025 4072 3431 4137 aunotaviutus,
3500 4078 3827 4145 prmdictum

2219 4168 2375 4208 usum
2410 4154 2610 4211 Siricio
2643 4159 3004 4217 recentiorem
3036 4179 3141 4217 non
3172 4181 3294 4221 esse
3328 4170 3676 4237 persuadent.

2290 4249 2345 4303 5.
2363 4247 2641 4306 Manichwi
2659 4252 2711 4307 in
2732 4256 2971 4309 exsilium
2986 4259 3372 4329 pulsi.—Istud
3404 4265 3661 4331 alterum,
3679 4268 3830 4335 quod

2219 4340 2419 4396 ibidem
2454 4343 2770 4414 subjicitur,
2808 4367 2827 4398 ι
2867 4347 2965 4403 illc
2989 4352 3194 4406 invenit
3223 4352 3568 4421 Manicha-os,
3603 4375 3747 4430 quos
3775 4362 3831 4417 in

2220 4434 2414 4489 exsilio
2430 4437 2753 4508 deportavit,
2780 4458 2800 4493 ι
2824 4442 2870 4496 si
2892 4443 3248 4501 subaudiatur
3270 4468 3288 4499 ι
3316 4446 3611 4506 Theodosii
3633 4467 3832 4509 aucto-

518 4558 644 4599 cutn
680 4544 851 4614 ipsius
878 4556 1072 4612 opera,
1102 4513 1206 4596 etsi
1237 4513 1464 4594 forsitan
1499 4536 1651 4592 nullo
1702 4536 1945 4605 iudiciali
1988 4552 2117 4592 em-
2142 4513 2198 4575 D
2224 4527 2404 4591 ritate,
2436 4548 2454 4581 ι
2487 4531 2620 4585 nihil
2645 4532 2809 4588 habet
2831 4535 2977 4604 quod
3004 4552 3129 4591 cum
3150 4539 3406 4597 historica
3430 4544 3663 4599 veritate
3720 4564 3827 4617 pll-

521 4637 668 4693 mine
691 4635 1068 4700 antecedente,
1100 4632 1174 4688 ita
1204 4632 1502 4700 composita
1533 4640 1617 4687 est
1639 4645 1741 4699 pax
1758 4628 2115 4686 Antiochensi

520 4729 787 4793 ecclesia,
845 4737 903 4783 ut
924 4742 1046 4784 eam
1085 4734 1259 4781 ratam
1307 4725 1507 4781 habere
1558 4724 1833 4780 Romanus
1873 4724 2113 4795 pontifex

520 4838 629 4879 non
656 4818 936 4878 dubitarit.

794 4934 797 4937 ,
1250 4888 1392 4946 XIV.

589 4989 678 5046 20.
708 4986 928 5045 Romani
972 4984 1219 5041 antistitis
1250 4984 1481 5057 paciﬁca:
1510 4986 1694 5041 littera:
1719 4987 1787 5040 ad
1807 4984 2118 5043 Flavianum

521 5078 760 5137 Antioch.
787 5109 859 5122 -—
893 5100 911 5133 ι
949 5078 1044 5135 Vel
1072 5079 1234 5150 igitur
1254 5078 1477 5146 Siricio,
1506 5081 1591 5135 vel
1646 5081 1763 5151 ejus
1807 5082 2115 5138 successori

519 5173 809 5232 Anastasio
831 5172 1193 5230 attribuenda:
1219 5182 1348 5229 sunt
1403 5175 1643 5244 paciﬁcae
1681 5177 1747 5231 ad
1802 5176 2114 5232 Flavianum

515 5269 919 5329 Antiochcnutn
950 5270 1167 5336 litter:c,
1195 5282 1333 5339 quas
1359 5268 1674 5323 Bonifacius
1694 5269 1716 5323 Ι
1738 5273 1894 5338 epist.
1933 5272 2020 5339 15,
2056 5288 2110 5326 n.

518 5365 575 5430 6,
605 5373 755 5418 notat
778 5362 860 5417 his
882 5361 1093 5421 verbis:
1126 5378 1145 5411 ι
1184 5364 1315 5415 Cum
1370 5361 1707 5417 Antiochena
1737 5363 1966 5418 ecclesia
2020 5381 2114 5435 per

513 5456 744 5512 multum
768 5453 1031 5522 temporis
1054 5451 1439 5518 laboraret,ita
1470 5463 1528 5508 ut
1557 5454 1748 5511 tierent
1773 5453 1924 5511 illinc
1954 5472 2115 5527 prop-

514 5558 599 5605 ter
628 5548 733 5603 hoc
753 5547 929 5617 ipsum
957 5560 1103 5613 saepe
1130 5543 1432 5611 discursus,
1487 5548 1661 5616 primo
1715 5548 1816 5602 sub
1866 5549 2108 5616 Meletio,

512 5650 701 5706 postea
725 5638 827 5694 sub
850 5636 1131 5702 Flaviano,
1158 5637 1514 5705 apostolicam
1545 5639 1731 5696 sedem
1765 5641 2109 5699 manifestum

515 5737 599 5782 est
620 5740 743 5783 esse
764 5730 1067 5785 consultam
1086 5743 1100 5783 :
1120 5726 1189 5782 ad
1205 5728 1359 5798 cujus
1375 5733 1778 5803 auctoritatem,
1800 5744 1924 5805 post
1940 5736 2108 5795 multa

2222 4631 2372 4692 gnet,
2403 4622 2744 4681 Theodosius
2772 4627 2972 4699 quippe
3024 4647 3170 4687 anno
3210 4635 3339 4701 589,
3391 4636 3539 4692 Junii
3591 4638 3656 4693 17
3710 4642 3829 4709 die,

2223 4715 2486 4772 adversus
2501 4718 3256 4792 haereticosillosconstituit,
3293 4749 3315 4782 ι
3353 4742 3410 4785 ιιι
3434 4748 3499 4786 ex
3527 4735 3675 4789 omni
3703 4736 3835 4801 qui.

2223 4810 2347 4866 dem
2375 4812 2509 4868 orbe
2531 4824 2825 4881 terrarum,
2860 4819 2956 4873 sed
2989 4822 3227 4877 maxime
3249 4824 3318 4878 de
3340 4822 3440 4878 bac
3459 4825 3602 4881 Urbe
3616 4828 3838 4897 pellan-

2225 4912 2330 4958 tur.
2359 4924 2379 4956 ι
2411 4904 2567 4975 (Cod.
2604 4905 2701 4962 Th.
2737 4909 2829 4963 lib.
2864 4910 2952 4971 ιδ,
2985 4914 3066 4966 m.
3098 4914 3152 4979 5,
3178 4917 3279 4985 ιμς.
3314 4916 3425 4988 ts.)

2298 4996 2354 5050 4.
2392 4998 2675 5055 Μαηὶοιιωὶ
2706 5018 2770 5056 ne
2786 5020 2899 5057 cum
2926 5006 3171 5075 ﬁdelibus
3196 5011 3611 5066 communionem
3656 5016 3841 5083 perci—

2219 5095 2383 5163 piant.
2416 5093 2586 5149 Iidem
2611 5102 2842 5153 ronversi
2873 5100 2923 5153 in
2950 5105 3275 5157 monasteriis
3298 5106 3574 5174 probentur
3602 5111 3656 5161 in
3684 5112 3838 5166 exitu

2217 5187 2334 5240 vita:
2359 5188 2603 5242 viaticum
2626 5194 2917 5258 percepturi
2961 5222 3034 5233 —
3057 5196 3136 5250 Ad
3167 5196 3307 5253 idem
3335 5209 3543 5268 tempus
3564 5216 3840 5259 revocare

2216 5281 2365 5345 licet,
2385 5284 2530 5352 quod
2553 5284 2603 5338 itt
2623 5286 2815 5343 eodem
2834 5288 2973 5343 libro
2991 5290 3187 5345 exinde
3206 5303 3569 5349 memoratur:
3590 5312 3610 5344 ι
3636 5298 3701 5350 Et
3725 5298 3839 5355 hoc

2215 5376 2524 5441 Constituit,
2566 5388 2753 5433 utnon
2786 5381 3173 5451 participat-ent
3204 5382 3537 5458 (Manichm‘)
3588 5401 3716 5442 cum
3773 5392 3840 5444 ft-

2221 5465 2439 5523 delibus
2460 5472 2905 5527 communionem
2928 5491 2941 5527 :
2961 5478 3089 5541 quia
3118 5490 3212 5529 ore
3239 5477 3447 5547 polluto
3477 5495 3583 5533 non
3632 5480 3843 5540 lict-ret

2220 5572 2467 5617 sanctum
2495 5578 2693 5636 corpus
2718 5567 3051 5622 dominicum
3076 5583 3297 5624 vexare.
3325 5570 3421 5626 llic
3444 5587 3663 5642 qucque
3695 5591 3841 5633 con-

2220 5656 2419 5721 stituit,
2451 5667 2509 5712 ut
2533 5660 2577 5713 si
2601 5660 2722 5730 quis
2750 5675 3052 5718 conversus
3078 5661 3147 5718 de
3178 5662 3489 5720 Maniclueis
3514 5668 3727 5725 redtret
3766 5671 3841 5728 ad

2218 5747 2545 5819 Ecclesiam,
2595 5755 2912 5814 nullatenus
2943 5757 3396 5829 communicaret,
3445 5760 3552 5818 nisi
3606 5772 3840 5828 tantum
