4120 6186
348 308 486 364 1ΙΞ9

346 517 488 583 xius,
521 525 582 571 ut
601 515 824 585 jejuniis
850 523 904 571 et
934 517 1271 572 orationibus
1313 527 1642 587 maceratus,
1678 521 1939 591 probatus

347 610 447 666 sub
459 610 607 665 omni
626 609 1028 667 examinatione
1046 625 1215 681 usque
1228 610 1297 666 ad
1314 611 1562 667 ultimum
1583 612 1725 668 diem
1740 612 1940 668 transi-

350 718 433 764 tus
462 708 566 776 sui,
601 706 934 763 humanitate
964 707 1223 764 Ecclesiae
1278 709 1534 766 viaticum
1590 710 1670 764 eis
1715 710 1939 780 largire-

350 810 456 857 tur.
488 820 507 855 ι
542 799 646 858 Ubi
675 800 783 856 duo
810 809 939 857 sunt
962 800 1196 856 notanda
1224 801 1515 872 :primum,
1546 802 1938 858 haereticorum

348 894 400 949 in
433 894 784 961 monasteria,
815 902 875 949 ut
903 893 1279 949 conversionis
1304 909 1495 950 eorum
1520 896 1810 951 sinceritas
1862 894 1938 950 ibi

345 983 622 1055 probetur,
649 983 938 1055 relegatio;
972 983 1229 1050 alterum,
1249 999 1420 1041 sacrae
1442 985 1843 1041 communionis
1866 984 1935 1041 ad

342 1077 542 1132 exitum
574 1077 699 1132 vitm
727 1076 937 1134 dilatio.
966 1076 1081 1133 Hoc
1130 1086 1313 1134 autem
1356 1088 1694 1149 postremum
1739 1077 1939 1135 Siricio

342 1169 595 1225 usitatum
624 1169 789 1226 fuisse
816 1170 987 1241 prima
1013 1170 1133 1240 ejus
1163 1171 1394 1241 epistola
1442 1187 1564 1242 cap.
1612 1173 1668 1237 3,
1698 1171 1732 1227 5
1773 1180 1828 1227 et
1880 1170 1935 1237 6,

346 1261 504 1318 ﬁdem
529 1262 678 1318 facit.
710 1264 790 1318 An
813 1277 945 1318 vero
975 1263 1207 1331 primum
1234 1266 1437 1334 pariter
1467 1262 1521 1318 in
1555 1264 1677 1333 ejus
1722 1271 1936 1318 aetatem

341 1356 647 1421 conveniat,
680 1371 774 1411 seu
796 1370 863 1411 an
893 1354 1072 1412 Siricii
1095 1372 1214 1411 aevo
1243 1357 1530 1412 haereticos
1558 1358 1612 1411 in
1665 1364 1940 1412 monaste-

342 1447 420 1503 ria
447 1446 681 1519 relegari
707 1462 807 1502 usu
835 1447 1065 1511 venerit,
1090 1446 1211 1502 aliis
1236 1446 1602 1517 indagandum
1629 1448 1905 1517 permitto.

510 1540 750 1611 Denique
781 1550 1115 1610 postremum
1139 1538 1241 1594 hoc
1269 1538 1574 1605 decretum,
1608 1538 1750 1609 quod
1792 1536 1936 1594 idem

346 1631 484 1688 liber
532 1631 728 1687 Siricio
774 1631 1021 1697 ascribit,
1071 1650 1090 1684 ι
1140 1631 1239 1687 Hic
1287 1630 1591 1697 constituit,
1645 1630 1937 1687 haereticos

336 1724 437 1779 sub
453 1739 644 1779 manus
666 1723 1012 1794 impositione
1036 1723 1275 1794 recipiet
1298 1723 1645 1779 reconciliari
1663 1731 1937 1793 praesente

1701 311 2214 371 PllOLEGOMENA
2228 353 2241 369 .

344 424 663 497 relegationi
688 424 1002 481 monasterii
1051 424 1244 483 diebus
1290 426 1416 481 vitae
1460 435 1737 485 teneretur
1772 431 1942 487 obno-
1969 439 2017 498 Α

3501 329 3640 385 1150

2125 450 2143 484 ‹
2191 432 2283 488 De'
2306 432 2650 504 presbytero,
2679 434 2772 503 qui
2807 434 3021 506 ignorat
3063 436 3370 497 orationem
3408 442 3645 501 domini-

2042 538 2159 579 cam
2207 524 2322 580 ΠΒ.
2356 526 2483 598 (seu
2516 541 2637 597 cap.
2667 526 2684 597 )
2717 544 2825 584 xvr.
2860 529 3163 604 Presbyter
3203 535 3294 606 qui
3340 541 3641 598 orationem

2040 616 2370 673 dominicam
2404 633 2509 673 non
2540 627 2714 687 tenet,
2750 636 2850 678 nec
2891 626 3225 697 symbolum,
3275 645 3455 701 neque
3498 634 3645 703 psal-

2041 724 2183 777 mos,
2203 711 2245 765 si
2269 713 2561 784 episcopus
2584 714 2682 769 fuit
2701 717 2789 787 qui
2816 732 2937 772 eum
2966 718 3263 790 benedixit,
3297 723 3386 781 hic
3407 726 3643 796 primum

2041 802 2279 857 omnium
2306 804 2649 875 dignitatem,
2675 824 2835 879 quam
2868 809 3057 868 illicite
3084 817 3451 887 prmsumpsit,
3482 821 3646 875 amit-

2043 900 2140 960 tat,
2171 904 2226 949 et
2256 895 2356 950 sub
2387 896 2629 953 districta
2663 903 2985 970 poenitentia
3025 907 3174 961 omni
3223 917 3474 980 tempore
3521 913 3651 967 vitae

2041 997 2153 1040 suae
2202 984 2254 1040 in
2308 987 2643 1045 Monasterio
2687 992 2869 1064 degat.
2924 996 3167 1055 Infantes
3209 1016 3364 1069 vero,
3406 1018 3545 1073 quos
3592 1006 3648 1062 in

2039 1085 2225 1132 sancta
2255 1077 2527 1136 Trinitate
2558 1081 2872 1155 baptizavit,
2903 1087 3162 1159 baptizati
3196 1106 3571 1162 permaneant.

2118 1188 2136 1220 ‹
2186 1169 2301 1225 HR.
2332 1176 2465 1241 (seu
2494 1190 2615 1245 cap.
2644 1175 2663 1248 )
2692 1193 2819 1233 xvn.
2856 1179 2957 1247 Qui
2989 1196 3123 1237 vero
3155 1184 3224 1238 ita
3256 1185 3555 1257 baptizant,
3589 1201 3650 1249 ut

2042 1263 2246 1331 dicant,
2296 1265 2355 1319 In
2402 1270 2625 1325 nomine
2674 1270 2854 1327 Patris
2904 1290 3116 1346 mergo,
3170 1278 3221 1332 in
3255 1280 3475 1337 nomine
3524 1283 3649 1341 Filii

2042 1372 2250 1429 mergo,
2271 1367 2325 1413 et
2350 1359 2587 1430 Spiritus
2613 1365 2790 1418 sancti
2815 1381 3033 1437 mergo;
3061 1370 3094 1423 ii
3112 1370 3203 1439 qui
3228 1370 3299 1425 ita
3321 1384 3447 1428 sunt
3468 1374 3649 1445 bapti-

2041 1450 2175 1518 zati,
2192 1466 2256 1507 ac
2277 1452 2321 1507 si
2344 1455 2571 1523 rustice,
2595 1464 2778 1513 tamen
2802 1458 2854 1514 in
2878 1463 3101 1518 nomine
3124 1472 3332 1520 sanctae
3356 1467 3650 1526 Trinitatis

2042 1546 2306 1616 baptizati
2338 1559 2487 1604 sunt.
2538 1570 2558 1604 ›

2114 1642 2165 1695 7.
2210 1641 2415 1700 Eadem
2454 1645 2675 1703 decreta
2720 1648 2776 1703 in
2810 1648 2931 1705 aliis
2972 1650 3186 1709 duobus
3216 1659 3651 1731 exemplaribus,

2042 1732 2329 1791 Pithoeano
2375 1737 2636 1795 videlicet
2682 1756 2747 1797 ac
2796 1742 3126 1811 Turonensi,
3181 1748 3373 1805 eadem
3434 1754 3649 1811 ratione

335 1827 527 1875 cuncta
556 1818 821 1917 Ecclesia,
868 1836 887 1871 ι
932 1817 1165 1917 ad‘ill-ud
1188 1817 1422 1917 attinere
1451 1817 1687 1917 videtur,
1711 1818 1856 1917 quod
1965 1830 2013 1891 B
2039 1829 2268 1897 reperiri
2286 1829 2524 1887 Joannes
2542 1831 2856 1891 Harduinus
2883 1838 2935 1891 in
2959 1840 3264 1907 quastione
3288 1842 3355 1899 de
3376 1844 3650 1917 baptismo

336 1928 469 1985 papa
494 1912 725 1984 epistola
757 1914 811 1979 1,
839 1928 963 1983 cap.
994 1913 1046 1980 1,
1077 1912 1145 1968 de
1180 1912 1425 1980 Arianis,
1456 1928 1525 1967 an
1559 1913 1935 1983 rebaptizandi

330 2006 438 2061 sint
478 2007 781 2073 consultus,
818 2007 1153 2078 reSpondet:
1201 2025 1220 2060 ι
1266 2006 1418 2074 Quos
1448 2022 1548 2062 nos
1578 2022 1700 2063 cum
1750 2007 1932 2062 Nova-

332 2101 489 2156 tianis
520 2102 737 2173 aliisque
761 2102 1039 2167 haereticis,
1064 2101 1208 2156 sicut
1238 2111 1322 2157 est
1346 2102 1398 2156 in
1428 2101 1642 2172 synodo
1663 2101 1933 2157 constitu-

329 2201 465 2261 tum,
501 2208 595 2263 per
635 2192 1033 2250 invocationem
1082 2194 1255 2248 solam
1288 2192 1626 2263 septiformis
1663 2193 1927 2264 Spiritus,

328 2285 662 2355 episcopalis
709 2301 902 2341 manus
949 2286 1299 2356 impositione
1342 2285 1751 2342 Catholicorum
1791 2300 1928 2342 con-

328 2379 509 2435 ventui
540 2378 834 2434 sociamus.
884 2397 904 2430 ι

470 2493 518 2542 3.
552 2491 660 2541 Alia
680 2492 885 2542 decreta
910 2490 1073 2541 eidem
1097 2504 1235 2555 papa
1261 2501 1524 2555 perperam
1547 2493 1779 2554 ascripta.

400 2598 450 2650 1.
491 2595 548 2651 ln
575 2594 810 2666 quodam
841 2595 1031 2650 codice
1059 2594 1129 2651 ab
1156 2594 1316 2649 annis
1344 2594 1570 2650 circiter
1598 2594 1704 2650 700
1733 2608 1930 2651 exara-

326 2696 381 2743 to
417 2687 509 2759 qui
534 2686 812 2758 quondam
859 2686 1180 2753 Herovallii,
1224 2695 1350 2756 post
1393 2686 1578 2753 Petiti,
1613 2702 1677 2743 ac
1708 2688 1928 2743 demum

323 2779 614 2836 clarissimi
643 2778 803 2849 hujus
833 2779 935 2835 viri
978 2787 1314 2836 testamento
1340 2778 1688 2835 bibliothecae
1725 2788 1928 2836 nostrae

324 2872 681 2929 Gcrmanensi
712 2872 942 2929 relictus
972 2882 1077 2940 est,
1114 2873 1220 2929 sub
1248 2872 1319 2927 92
1351 2872 1522 2928 titulis
1560 2873 1713 2943 plura
1744 2874 1926 2929 conti-

324 2973 519 3019 nentur
560 2964 821 3034 capitula,
874 2979 903 3019 e
947 2964 1115 3018 variis
1157 2962 1408 3019 conciliis
1445 2964 1926 3037 Romanorumque

322 3055 637 3127 pontificum
680 3056 928 3127 epistolis
975 3055 1123 3111 haud
1154 3070 1371 3111 summa
1418 3071 1638 3126 semper
1685 3056 1791 3113 fide
1832 3073 1927 3112 ex-

321 3159 524 3217 cerpta.
551 3149 696 3206 Inter
717 3149 834 3203 haec
860 3147 1110 3219 quaedam
1142 3147 1517 3204 admiscentur
1543 3149 1713 3205 veluti
1743 3148 1925 3205 Siricii

323 3257 471 3310 pupae
492 3241 545 3295 in
575 3238 795 3312 epistola
820 3240 888 3293 ad
915 3238 1212 3295 Genesium.

388 3331 719 3387 Nominatim
736 3347 866 3387 vero
884 3330 986 3387 sub
1011 3331 1175 3386 titulo
1197 3331 1268 3387 54
1289 3330 1522 3402 legimus
1539 3349 1554 3387 :
1580 3349 1599 3384 ι
1620 3332 1681 3388 In
1693 3333 1926 3403 epistola

318 3425 499 3481 Siricii
532 3440 683 3495 papa:
709 3424 776 3480 ad
800 3424 1101 3481 Genesium
1128 3425 1444 3497 episcopum
1475 3440 1599 3497 cap.
1626 3443 1724 3482 xit.
1754 3427 1813 3483 Si
1837 3443 1927 3483 sa-

319 3531 419 3571 nus
448 3516 529 3571 vir
549 3516 822 3586 leprosam
845 3516 1064 3573 duxerit
1091 3531 1350 3585 uxorem,
1375 3526 1469 3571 aut
1496 3517 1845 3588 postmodum
1874 3521 1925 3576 ei

321 3608 703 3678 Supervenerit
754 3608 946 3679 lepra;
1000 3617 1353 3678 separentur,
1405 3624 1475 3665 ne
1518 3611 1772 3680 concepti
1824 3610 1922 3667 filii

325 3701 471 3771 lepra
504 3702 862 3758 maculentur.
910 3701 1017 3758 Fas
1058 3717 1298 3773 namque
1337 3708 1420 3757 est
1464 3712 1523 3757 ut
1568 3702 1807 3760 mundus
1854 3703 1922 3760 ad

318 3794 575 3851 mundam
604 3795 884 3865 jungatur.
944 3814 963 3847 ο

387 3887 518 3943 Item
547 3887 650 3944 sub
679 3887 836 3942 titulo
878 3886 983 3942 18:
1023 3905 1041 3939 ι
1079 3887 1137 3942 ln
1181 3885 1410 3956 epistola
1440 3886 1625 3944 Siricii
1672 3902 1824 3959 papae
1851 3888 1921 3945 ad

319 3980 613 4035 Genesium
630 3980 949 4050 episcopum
966 3978 1094 4035 Her.
1117 3978 1136 4052 (
1156 3978 1257 4051 leg.
1282 3993 1404 4049 cap.
1424 3976 1444 4049 )
1466 3994 1579 4034 xui.
1599 3979 1916 4051 Presbyter,

316 4073 406 4141 qui
435 4071 570 4126 dicit
591 4086 651 4126 se
672 4073 886 4127 nescire
914 4070 963 4126 si
990 4070 1292 4141 episcopus
1314 4069 1413 4125 fuit
1435 4069 1530 4138 qui
1556 4085 1677 4126 eum
1699 4072 1920 4127 ordina-

317 4166 415 4229 vit,
446 4171 503 4221 et
532 4164 815 4235 aliquanto
846 4173 1101 4235 tempore
1130 4166 1325 4220 Missas
1355 4164 1505 4232 fecit,
1541 4175 1597 4220 et
1621 4176 1806 4236 postea
1836 4168 1918 4223 di-

315 4260 484 4313 misso
496 4256 681 4312 ofﬁcio
695 4271 919 4312 uxorem
934 4256 1105 4322 duxit,
1129 4257 1272 4311 hunc
1288 4255 1913 4328 pseudo-presbyterum

312 4353 439 4423 quis
454 4350 693 4421 ambigat
714 4365 836 4407 esse
861 4350 1246 4407 detestabilem
1269 4351 1292 4404 ?
1320 4350 1427 4405 Pro
1444 4365 1555 4420 quo
1577 4352 1726 4406 omni
1752 4353 1916 4409 modo

312 4445 654 4518 abjiciendus
682 4454 788 4510 est,
829 4454 885 4500 et
938 4447 992 4500 in
1040 4444 1382 4500 monasterio
1420 4442 1488 4498 ad
1533 4444 1911 4513 paenitentiam

312 4540 463 4596 omni
495 4550 740 4609 tempore
765 4538 892 4593 vita;
922 4551 1038 4592 suae
1066 4536 1459 4593 retrudendus.
1499 4555 1517 4589 ι

2038 1919 2092 1974 in
2127 1922 2253 1977 vino
2293 1938 2415 1995 pag.
2454 1924 2525 1982 55
2557 1936 2731 1982 notat.
2764 1928 2911 1985 Nihil
2946 1941 3129 1989 autem
3169 1936 3317 1992 aliud
3360 1952 3508 2008 sunt,
3543 1944 3651 1999 nisi

2034 2027 2158 2083 qua:
2186 2014 2423 2072 Iacobus
2454 2017 2780 2078 Sirmondus
2810 2030 2885 2077 to.
2919 2023 2962 2080 ΙΙ
2988 2023 3196 2083 Concil.
3235 2030 3377 2086 Gall.
3404 2048 3527 2105 pag.
3553 2035 3643 2105 16,

2036 2122 2101 2160 ex
2150 2107 2339 2164 codice
2386 2109 2443 2165 S.
2498 2111 2683 2168 Maria:
2734 2112 3114 2174 Laudunensis
3157 2121 3329 2178 edidit
3378 2124 3646 2197 Stephani

2106 2215 2258 2271 papae
2282 2218 2543 2275 responsa
2573 2223 2648 2275 Ix,
2674 2223 2729 2275 x,
2754 2224 2831 2277 χι,
2860 2226 2960 2279 xu,
2985 2229 3082 2269 xm
3108 2224 3161 2271 et
3187 2233 3298 2284 xtv,
3330 2219 3399 2276 ab
3426 2236 3515 2289 eo,
3550 2225 3648 2294 qui

2034 2292 2126 2347 illa
2159 2297 2454 2366 excerpsit,
2487 2312 2700 2353 summa
2733 2300 2953 2367 licentia
2981 2305 3069 2360 vel
3104 2316 3383 2378 truncata,
3418 2315 3504 2369 vel
3529 2292 3649 2371 mu-

2035 2394 2164 2440 tata.
2206 2386 2289 2443 Ad
2333 2388 2587 2446 Siricium
2617 2401 2803 2448 autem
2836 2404 2895 2449 ut
2925 2397 3266 2455 referrentur
3296 2403 3351 2457 in
3385 2407 3642 2475 praedicta

2032 2477 2273 2548 imperiti
2299 2480 2612 2540 collectoris
2652 2486 3061 2558 compilatione,
3105 2494 3454 2552 occasionem
3504 2498 3647 2557 baud

2030 2567 2199 2626 dubie
2226 2571 2377 2627 dedit
2400 2574 2547 2643 quod
2574 2576 2717 2645 apud
2748 2577 3128 2649 Sirmondum,
3171 2587 3472 2644 secundum
3504 2589 3648 2647 Lau-

2028 2662 2334 2720 dunensem
2377 2667 2646 2735 codicem,
2678 2672 2927 2738 proxime
2954 2673 3053 2728 illa
3082 2679 3346 2745 praecedit
3376 2682 3643 2753 Stephani

2030 2754 2072 2809 ll
2102 2770 2427 2825 responsum
2460 2774 2557 2813 vm
2590 2759 2677 2815 bis
2718 2761 2902 2817 verbis
2942 2780 3265 2835 expressum
3300 2787 3315 2824 :
3354 2790 3374 2823 ι
3412 2772 3491 2829 De
3520 2791 3641 2831 mu-

1934 2866 1945 2877 τ
2029 2846 2186 2915 liere,
2206 2864 2328 2920 qua:
2349 2859 2469 2920 post
2500 2860 2733 2907 mortem
2764 2855 2867 2909 viri
2894 2856 2977 2911 sui
3000 2859 3176 2915 velata
3199 2862 3365 2919 fuerit
3389 2865 3643 2937 aliquan—

2031 2952 2143 2997 tum
2195 2945 2479 3014 temporis,
2514 2955 2569 3003 et
2614 2956 2803 3016 postea
2846 2950 3022 3005 virum
3055 2953 3286 3025 accipit,
3329 2957 3381 3011 in
3425 2960 3644 3029 cpistola

2031 3038 2207 3093 Siricii
2229 3056 2379 3111 papa:
2407 3041 2476 3094 ad
2500 3042 2796 3113 episcopum
2843 3043 3137 3101 Himerium
3168 3048 3640 3110 Tarraconenscm

2027 3131 2261 3199 directa,
2296 3148 2417 3204 cap.
2452 3135 2506 3202 5,
2541 3135 2619 3191 ita
2646 3139 2997 3194 continetur:
3025 3141 3101 3197 De
3125 3141 3212 3197 his
3242 3160 3374 3200 vero
3404 3148 3495 3217 qui
3521 3159 3638 3203 acta

1951 3221 1997 3284 C
2033 3226 2361 3295 paenitentia
2382 3236 2655 3300 tamquam
2679 3246 2845 3286 canes
2873 3248 2937 3288 ac
2958 3249 3087 3289 sues
3112 3236 3177 3291 ad
3196 3239 3438 3295 vomitus
3461 3243 3643 3311 pristi-

2032 3334 2131 3376 nos
2175 3330 2231 3378 et
2274 3322 2561 3379 volutabra
2608 3326 2926 3391 redeuntes,
2979 3336 3034 3383 et
3080 3331 3295 3387 militiae
3324 3334 3637 3406 cingulum,

2030 3422 2162 3481 etc.,
2214 3433 2233 3467 ι
2271 3431 2433 3486 usque
2452 3416 2522 3470 ad
2551 3415 2678 3484 ἠως,
2721 3437 2740 3469 ι
2779 3419 2951 3487 Quam
2979 3419 3214 3479 formam
3246 3434 3301 3480 et
3342 3428 3487 3482 circa
3513 3445 3637 3484 mu-

2026 3505 2217 3572 lieres,
2241 3522 2364 3577 quae
2387 3521 2448 3563 se
2465 3517 2590 3578 post
2619 3509 2995 3579 paenitentiam
3019 3512 3218 3569 talibus
3240 3517 3643 3586 pollutionihus

2026 3598 2415 3667 devinxerunt,
2481 3603 2808 3658 servandam
2866 3620 2990 3661 esse
3057 3622 3367 3666 censemus.
3430 3633 3449 3666 ι
3507 3613 3642 3668 Tum

2029 3694 2263 3755 proxime
2283 3694 2598 3765 subjicitur:
2632 3713 2652 3747 ι
2687 3695 2803 3764 Qua
2834 3697 2903 3754 de
2948 3714 3008 3754 re
3034 3699 3188 3769 juxta
3216 3701 3378 3774 hujus
3404 3722 3639 3763 venera-

2025 3784 2155 3841 bilis
2202 3788 2556 3854 sententiam,
2590 3789 2842 3847 eamdem
2886 3793 3198 3860 mulierem,
3226 3796 3367 3867 Tquae
3402 3800 3492 3853 tali
3543 3817 3638 3857 ne-

2022 3878 2167 3933 fario
2205 3879 2484 3950 conjugio,
2515 3880 2730 3950 abjecto
2771 3884 3079 3939 monastico
3126 3886 3335 3955 habitu,
3379 3892 3633 3960 copulata

2025 3978 2130 4037 est,
2163 3981 2216 4028 et
2245 3973 2297 4027 in
2328 3972 2383 4028 id
2414 3973 2557 4044 quod
2591 3974 2705 4030 Deo
2728 3976 2985 4044 promisit
3015 3993 3123 4032 non
3169 3979 3508 4049 perduravit,
3536 3984 3633 4041 de-

2023 4066 2305 4121 cernimus
2333 4066 2387 4121 in
2433 4068 2821 4124 monasterium
2850 4069 2971 4125 sine
3000 4086 3154 4127 mora
3182 4073 3531 4145 mittendam,
3568 4087 3629 4133 ut

2022 4159 2139 4214 illic
2181 4158 2234 4214 in
2264 4174 2363 4215 sua
2410 4160 2727 4230 poenitentia
2759 4163 2924 4217 vitam
2970 4164 3144 4219 finiat.
3184 4185 3205 4217 ι
3248 4169 3380 4235 Quae
3409 4171 3630 4239 quidem

2020 4252 2186 4307 verba
2220 4255 2403 4308 statim
2434 4255 2860 4325 excipiuntista,
2900 4275 2919 4308 ‹
2959 4256 3015 4313 Si
3047 4273 3213 4314 sanus
3245 4261 3329 4315 vir
3354 4262 3627 4331 leprosam

2020 4344 2238 4401 duxerit
2283 4361 2533 4414 uxorem,
2574 4367 2592 4400 ›
2642 4359 2699 4402 et
2736 4359 2934 4404 caetera
2977 4366 3098 4419 quae
3129 4353 3388 4420 superius
3438 4357 3628 4410 retuli-

2020 4454 2160 4493 mus.
2180 4438 2386 4509 Nempe
2411 4455 2534 4495 cum
2560 4455 2939 4510 responsasna
2965 4442 3278 4511 Stephanus
3299 4448 3627 4505 auctoritate

2017 4529 2199 4600 aliqua
2229 4531 2421 4586 fulcire
2456 4532 2652 4596 soleat,
2684 4546 2747 4587 ac
2774 4534 3007 4603 primum
3034 4534 3230 4589 Leonis
3251 4552 3424 4607 papae,
3458 4541 3625 4610 quin-

384 4638 452 4692 Ει
476 4638 576 4692 sub
606 4637 765 4691 ιίιιιιο
785 4637 856 4693 25
882 4654 895 4690 ε
935 4655 953 4688 ι
993 4637 1048 4691 1η
1080 4634 1316 4703 epislola
1345 4634 1523 4691 sancti
1547 4634 1730 4692 Siricii
1761 4649 1911 4705 papa;
1937 4611 1992 4671 D
2020 4634 2131 4681 tum
2154 4635 2209 4681 et
2237 4634 2458 4681 sextum
2480 4624 2804 4694 Innocentii,
2834 4625 3130 4696 septimum
3157 4628 3625 4690 Chalcedonensis

321 4731 415 4785 HR
445 4730 587 4804 (leg.
618 4746 737 4801 cap.
764 4732 781 4801 )
826 4745 935 4785 xlv.
968 4730 1264 4801 Presbyter
1291 4730 1384 4799 qui
1416 4730 1468 4783 in
1500 4730 1628 4785 vino
1676 4731 1917 4801 baptizat

314 4825 561 4894 proxima
611 4823 735 4895 (lla
766 4842 860 4878 ma.
895 4824 976 4876 hic
1021 4833 1067 4877 et
1106 4824 1285 4894 infra:
1312 4821 1579 4878 Harduin.
1631 4841 1769 4892 vero,
1814 4840 1913 4894 pro

310 4916 587 4985 maxima)
619 4916 971 4979 necessitate,
1002 4906 1060 4969 ut
1090 4930 1236 4985 :eger
1268 4930 1375 4969 non
1411 4916 1780 4986 periclitetur,
1812 4932 1911 4987 pro

309 5011 403 5065 tali
438 5028 497 5067 rc
525 5010 667 5066 nulla
699 5013 746 5065 ei
767 5012 923 5081 culpa
944 5009 1270 5065 ascribatur.
1296 5010 1352 5066 Si
1378 5026 1507 5066 vero
1530 5026 1667 5081 aqua
1696 5011 1906 5079 aderat,

304 5114 362 5160 et
404 5104 705 5160 necessitas
751 5104 874 5158 talis
922 5118 1028 5156 non
1081 5101 1336 5171 urgebat,
1388 5102 1476 5156 hic
1517 5102 1908 5159 communione

306 5197 553 5266 privetur
582 5204 640 5252 et
670 5195 1007 5267 paenitentiae
1035 5194 1424 5249 submittatur:
1458 5194 1637 5249 infans
1659 5210 1788 5250 vero
1818 5195 1911 5251 ille

304 5289 351 5343 si
387 5289 438 5343 in
464 5297 651 5344 sancta
683 5286 949 5343 Trinitate
974 5285 1279 5357 baptizatus
1311 5295 1417 5352 est,
1453 5285 1511 5341 in
1536 5301 1603 5343 eo
1636 5287 1908 5357 baptismo

320 5390 661 5453 permaneat.
713 5400 730 5433 ι

390 5494 409 5527 ‹
458 5475 572 5529 HR.
621 5474 746 5543 (seu
773 5472 941 5543 cap.)
986 5486 1079 5525 xv.
1131 5471 1188 5528 Si
1244 5471 1505 5525 infantem
1558 5472 1611 5526 in
1666 5474 1908 5543 periculo

306 5567 666 5624 consuitutnm
701 5565 944 5634 proxima
976 5563 1301 5618 necessitate
1346 5577 1469 5617 cum
1499 5575 1629 5616 vase
1655 5572 1749 5618 aut
1783 5579 1905 5619 cum

313 5657 567 5715 manibus
599 5667 759 5727 atque
791 5656 844 5710 in
872 5656 1093 5711 nomine
1123 5663 1326 5710 sancta:
1354 5653 1643 5711 Trinitatis
1665 5656 1908 5726 baptiza-

301 5752 470 5816 verit,
493 5747 723 5805 ﬁrmiter
744 5746 1110 5819 permanebit,
1131 5746 1437 5819 praesertim
1460 5761 1585 5803 cum
1608 5749 1910 5808 necessitas

301 5845 411 5903 hoc
430 5844 700 5916 exposcit.

836 5937 1109 5999 PATROL.
1176 5935 1352 5999 XIII.

2014 4717 2259 4785 concilii,
2291 4726 2541 4772 octavum
2583 4716 2787 4785 Siricii,
2825 4718 3095 4774 decimum
3144 4721 3393 4790 quintum
3431 4727 3623 4782 Antio-

2013 4812 2206 4867 chenm
2265 4810 2483 4882 synodi,
2538 4810 2813 4866 decimum
2871 4820 3085 4867 sextum
3144 4813 3619 4888 Carthaginensis,

2015 4902 2287 4958 decimum
2338 4903 2631 4973 septimum
2690 4900 3172 4972 Ncocmsariensis,
3226 4922 3291 4961 ac
3343 4907 3616 4964 decimum

2014 5011 2220 5049 nonum
2273 5010 2490 5049 rursum
2543 4994 2742 5049 Leonis
2791 5010 2946 5065 papa:
2993 4998 3329 5054 testimoniis
3379 5001 3612 5068 muniat,

2009 5087 2341 5143 existimavit
2371 5087 2688 5156 imprudens
2719 5089 3073 5159 compilator,
3118 5105 3180 5146 ea
3222 5093 3456 5161 capitula
3489 5111 3612 5165 qua:

2012 5181 2165 5236 nullo
2193 5190 2419 5236 auctore
2447 5181 2613 5236 citato
2641 5179 3013 5249 proferuntur,
3045 5197 3114 5237 ex
3145 5182 3262 5253 ejus
3285 5183 3458 5254 ipsius
3486 5203 3615 5244 sen-

2011 5274 2179 5329 tentia
2229 5289 2353 5329 esse
2395 5288 2676 5344 expressa,
2726 5274 2884 5344 cujus
2943 5275 3316 5330 testimonium
3364 5280 3614 5348 proxime

2011 5365 2289 5420 laudatum
2322 5364 2520 5430 fuerat,
2570 5365 2818 5434 adeoque
2846 5365 2915 5419 ad
2944 5364 3197 5421 eumdem
3229 5365 3510 5437 Siricium,
3543 5387 3611 5429 ex

2014 5458 2171 5529 cujus
2200 5458 2463 5514 sententia
2504 5465 2556 5512 et
2583 5456 2766 5512 verbis
2813 5457 3134 5511 nominatim
3166 5458 3348 5514 citatis
3378 5476 3609 5533 reSpon-

2014 5568 2132 5609 sum
2156 5569 2249 5608 vni
2280 5553 2663 5618 concinnatur,
2692 5565 2953 5621 responsa
2987 5567 3064 5619 1x,
3104 5569 3160 5621 x,
3196 5570 3271 5621 xt,
3307 5571 3404 5623 xu,
3430 5574 3527 5614 xm
3556 5571 3612 5617 et

2016 5663 2131 5714 xiv,
2149 5662 2268 5717 quae
2290 5646 2695 5716 subsequuntur
2714 5644 2865 5699 nullo
2886 5653 3109 5700 auctore
3131 5646 3361 5713 munita,
3387 5663 3610 5717 prorsus

2012 5743 2310 5814 pertinere.
2360 5740 2473 5795 Nec
2502 5754 2724 5794 movere
2768 5754 2866 5794 nos
2906 5738 3093 5806 debet,
3122 5739 3267 5808 quod
3299 5755 3404 5796 non
3435 5758 3500 5799 ea
3545 5763 3611 5801 ex

2012 5835 2234 5907 epistola
2261 5835 2330 5889 ad
2377 5832 2686 5903 Himerium,
2729 5831 2823 5890 sed
2872 5849 2934 5889 ex
2973 5831 3193 5904 epistola
3236 5833 3307 5887 ad
3337 5832 3611 5895 Genesium

3117 5926 3195 5987 36
