4120 6186
457 320 594 375 1157

1657 314 2022 372 ΕΡΙΒΤΟιιᾹο]
2063 313 2152 372 ΕΤ
2191 315 2536 374 DECRETA.

3614 325 3754 380 1158

455 435 581 506 legii
638 435 808 490 instar
870 444 992 501 est,
1027 435 1070 490 si
1130 433 1238 488 ulla
1298 431 1733 503 transgressione
1789 433 2038 488 violetur.
2070 437 2125 495 Α
2218 432 2347 490 CAP.
2387 435 2502 491 VII.
2547 465 2616 477 -—-
2662 439 2716 492 8.
2766 437 3081 494 Clericorum
3125 441 3512 496 incontinentia.
3562 443 3764 497 Venia-

525 527 654 582 Cttr.
688 527 884 584 V.—6.
919 525 1283 582 Paenitentiam
1321 523 1475 596 leges.
1520 524 1598 579 De
1640 523 1724 578 bis
1765 539 1897 579 vero
1943 538 2051 579 non

454 622 751 692 incongrue
781 623 1002 678 dilectio
1047 629 1137 675 tua
1182 618 1536 689 apostolicam
1581 618 1767 674 sedem
1814 617 2050 675 credidit

455 714 842 770 consulendam
875 713 1000 786 (53,
1026 731 1078 784 q.
1107 712 1173 777 2,
1205 726 1255 766 c.
1293 710 1388 775 12;
1414 709 1498 765 ivo
1524 726 1576 779 p.
1614 711 1703 774 15,
1735 725 1784 765 c.
1815 710 1928 780 17),
1961 711 2053 781 qui

453 816 571 863 acta
599 807 936 878 poenitentia,
963 815 1235 875 tamquam
1260 817 1425 858 canes
1446 817 1506 857 ac
1531 816 1655 856 sues
1679 805 1745 855 ad
1769 809 1794 838 α
1819 801 2054 857 vomitus

453 891 713 972 pristinos
739 909 795 956 et
820 899 1107 956 volutabra
1141 898 1433 953 redeuntes
1459 939 1473 961 ,
1520 905 1575 951 et
1619 895 1824 950 militiae
1869 898 2055 968 cingu-

453 992 562 1047 lum
589 1034 604 1059 ,
648 1001 703 1047 et
748 990 984 1047 ludicras
1017 990 1333 1059 voluptates
1358 1031 1373 1056 ,
1406 997 1460 1042 et
1490 1003 1624 1042 nova
1671 988 1924 1058 coniugia
1951 1031 1965 1054 ,
2001 997 2057 1043 et

452 1087 711 1142 inhibitus
740 1085 920 1142 denuo
950 1086 1263 1156 appetivere
1292 1083 1633 1149 concubitus,
1669 1097 1900 1153 quorum
1927 1097 2052 1151 pro-

450 1178 648 1238 fessam
700 1179 1144 1236 incontinentiam
1193 1177 1440 1248 generati
1490 1185 1612 1247 post
1654 1176 2052 1232 absolutionem

450 1273 543 1330 ﬁlii
569 1273 945 1344 prodiderunt.
975 1273 1053 1327 De
1077 1271 1296 1342 quibus,
1330 1270 1454 1340 quia
1484 1270 1594 1338 jam
1621 1267 1914 1338 suffugium
1947 1283 2053 1322 non

451 1367 652 1424 habent
680 1365 1003 1438 paenitendi,
1023 1365 1077 1419 id
1107 1363 1364 1419 duximus
1388 1361 1825 1426 decernendum,
1859 1368 1918 1414 ut
1940 1359 2054 1414 sola

451 1462 592 1517 intra
621 1462 907 1518 ecclesiam
949 1461 1200 1518 ﬁdelibus
1226 1461 1475 1517 oratione
1516 1459 1813 1530 iungantur
1839 1499 1853 1524 ,
1886 1473 2054 1513 sacra:

450 1557 832 1627 mysteriorum
874 1555 1222 1621 celebritati,
1254 1555 1501 1624 quamvis
1544 1569 1651 1608 non
1695 1562 2011 1608 mereantur
2039 1594 2055 1619 ,

451 1648 731 1714 intersint;
765 1664 795 1702 a
825 1648 1125 1702 Dominiczc
1154 1655 1339 1701 autem
1366 1659 1566 1701 mensae
1599 1645 1854 1700 convivio
1875 1657 2058 1714 segre-

449 1751 679 1810 gentur;
710 1749 767 1795 ut
799 1741 899 1794 hac
929 1743 1118 1796 saltem
1146 1739 1173 1777 δ
1197 1739 1540 1794 districtione
1566 1738 1800 1808 correpti
1826 1778 1839 1802 ,
1873 1746 1928 1792 et
1957 1738 2053 1807 ipsi

2156 541 2276 581 mus
2306 542 2448 582 nunc
2469 527 2535 582 ad
2560 529 2962 585 sacratissimos
2991 531 3216 587 ordines
3240 532 3592 598 clericorum,
3623 549 3760 604 quos

2155 618 2209 674 in
2236 620 2562 676 veneranda:
2591 621 2868 692 religionis
2892 624 3142 693 injuriam
3169 626 3240 680 ita
3275 641 3372 696 per
3399 635 3610 682 vestras
3632 643 3765 698 pro-

2155 712 2362 768 vincias
2389 714 2628 769 calcatos
2657 711 2684 751 ἀ
2717 727 2877 786 atque
2903 718 3163 772 confusos
3190 761 3204 784 ,
3237 720 3508 775 cbaritate
3553 729 3638 774 tua
3680 721 3764 775 itt-

2155 805 2427 873 sinuante,
2461 808 2768 877 reperimus
2790 850 2804 874 ,
2833 817 2893 863 ut
2917 809 3170 866 Jeremite
3214 811 3372 868 nobis
3398 827 3530 867 voce
3570 811 3760 867 dicen-

2155 897 2284 952 dum
2328 900 2398 952 sit
2443 915 2455 952 :
2514 900 2644 966 Quis
2691 900 2832 954 dabit
2879 903 3037 970 capiti
3077 919 3190 958 meo
3219 920 3444 974 aquam,
3479 913 3568 957 aut
3599 905 3763 958 oculis

2158 991 2283 1044 meis
2311 990 2506 1060 fontem
2535 992 2884 1062 lacrymurum
2912 994 2935 1046 ?
2982 1004 3028 1048 et
3059 995 3193 1064 ﬂebo
3219 996 3475 1066 pupulum
3514 987 3652 1048 htTnc
3681 995 3766 1049 die

2156 1099 2216 1138 ac
2243 1094 2388 1138 nocte
2421 1083 2637 1154 (Jerem.
2672 1101 2746 1148 ix,
2780 1086 2859 1157 1).
2912 1086 2970 1143 Si
3004 1103 3136 1159 ergo
3166 1089 3357 1145 beatus
3389 1090 3666 1160 Propheta
3694 1091 3761 1145 ad

2157 1175 2388 1246 lugenda
2420 1177 2612 1247 populi
2660 1185 2881 1248 peccata
2913 1195 3019 1235 non
3050 1181 3152 1237 sibi
3184 1183 3258 1237 ait
3299 1182 3571 1253 lacrymas
3605 1200 3766 1254 posse

2158 1269 2455 1336 sufﬁcere;
2507 1281 2713 1341 quanto
2756 1288 2858 1327 nos
2909 1289 3206 1343 possumus
3257 1275 3450 1332 dolore
3499 1277 3762 1344 percelli,

2160 1375 2281 1414 cum
2301 1376 2516 1428 eorum,
2545 1362 2637 1432 qui
2661 1363 2713 1416 in
2741 1371 2930 1418 nostro
2952 1374 3080 1419 sunt
3105 1381 3358 1437 corpore,
3387 1369 3765 1439 compellimur

2159 1454 2398 1532 facinora
2429 1455 2717 1525 deplorare
2743 1458 2756 1510 !
2782 1457 3057 1527 praecipue
3081 1459 3278 1528 quibus
3308 1461 3609 1516 secundum
3640 1462 3769 1516 beav

2161 1557 2272 1603 tum
2304 1549 2551 1614 Paulum,
2589 1551 2845 1605 instantia
2878 1551 3194 1621 quotidiana
3221 1563 3278 1608 et
3306 1554 3621 1609 sollicitudo
3650 1570 3765 1609 om-

2164 1643 2313 1696 nium
2338 1642 2692 1698 ecclesiarum
2725 1643 3098 1700 indesinenter
3127 1646 3414 1702 incumbit.
3472 1648 3599 1714 Quis
3625 1649 3766 1702 enim

2161 1735 2459 1805 inﬁrmatur
2484 1778 2498 1801 ,
2532 1747 2579 1791 et
2625 1754 2727 1792 non
2759 1739 2998 1808 inﬁrmor
3019 1740 3044 1792 ?
3097 1740 3223 1808 Quis
3251 1742 3639 1796 scandalizatur
3663 1784 3679 1809 ,
3713 1755 3762 1797 et

450 1835 503 1891 itt
536 1851 595 1891 se
635 1850 732 1891 sua
770 1845 948 1890 errata
996 1835 1260 1905 castigent
1286 1876 1300 1899 ,
1333 1845 1386 1888 et
1435 1833 1556 1886 aliis
1602 1833 1908 1902 exemplum
1956 1831 2054 1885 tri-
2087 1818 2134 1878 Β
2159 1846 2253 1900 ego
2283 1847 2383 1883 non
2411 1846 2535 1884 uror
2561 1830 2631 1903 (Il
2654 1830 2777 1884 Cor.
2809 1847 2885 1897 χι,
2915 1831 3058 1901 9.9)?
3089 1832 3359 1888 Plurimos
3401 1833 3547 1889 enim
3594 1833 3760 1907 (Dist.

449 1927 636 1992 buant,
665 1938 932 1998 qualentts
956 1927 1024 1982 ab
1049 1927 1327 1983 obscaenis
1356 1925 1747 1996 cupiditatibus
1774 1924 2057 1980 retrahan-

451 2029 558 2077 tur.
581 2023 736 2091 Quos
764 2031 943 2078 tamen
968 2065 982 2088 ,
1010 2024 1265 2093 quoniam
1288 2022 1490 2078 carnali
1523 2022 1820 2091 fragilitate
1846 2021 2058 2077 cecide-

449 2126 578 2170 runt
602 2157 617 2182 ,
650 2115 847 2171 viatico
878 2130 1105 2171 munere
1131 2157 1146 2182 ,
1178 2131 1300 2171 cum
1347 2115 1416 2170 ad
1452 2116 1738 2170 Dominum
1785 2116 2056 2185 cteperiut

452 2206 720 2276 proficisci
738 2248 753 2273 ,
789 2221 888 2276 per
907 2208 1309 2263 communionis
1333 2208 1562 2277 gratiam
1595 2207 1848 2261 volumus
1870 2207 2052 2262 suble-

449 2300 588 2355 vari.
615 2299 786 2367 Quam
822 2300 1052 2354 formam
1081 2311 1137 2354 et
1166 2301 1312 2355 circa
1343 2301 1603 2356 mulieres
1629 2342 1645 2367 ,
1677 2317 1796 2370 quae
1827 2315 1887 2355 se
1934 2309 2057 2370 post

451 2391 829 2461 pcenitentiam
867 2391 1064 2446 talibus
1094 2390 1488 2460 pollutiouibus
1520 2392 1888 2447 devinxerunt
1940 2408 2056 2449 ser-

450 2484 680 2540 vandam
712 2499 835 2540 esse
877 2499 1162 2540 censemus
1193 2484 1498 2554 (Zacharias
1541 2502 1675 2557 papa
1705 2487 1854 2557 epist.
1898 2487 1930 2540 7
1955 2528 1968 2554 ,
2002 2503 2052 2542 c.

452 2578 570 2649 so).

525 2672 655 2728 CAP.
684 2671 772 2728 Vl.
805 2702 878 2714 -—
901 2673 954 2728 7.
990 2673 1092 2740 Qui
1123 2672 1377 2744 plectendi
1417 2673 1659 2727 monac/ti
1686 2681 1774 2726 aut
1802 2673 2054 2728 ntoniales

452 2765 704 2820 castitatis
751 2765 1076 2835 propositum
1123 2773 1450 2818 temerantes.
1493 2775 1515 2802 ο
1549 2764 1821 2820 Praeterea
1867 2781 2057 2820 mona-

453 2858 681 2913 chorum
727 2857 990 2929 quosdam
1023 2869 1190 2928 atque
1215 2858 1604 2913 monacharum
1631 2900 1647 2927 ,
1677 2859 1894 2928 ahjecto
1923 2876 2053 2930 pro-

456 2953 633 3024 posito
678 2950 987 3006 sanctitatis
1015 2992 1029 3016 ,
1063 2952 1117 3005 in
1159 2959 1363 3006 tantam
1412 2953 1740 3021 protestaris
1769 2953 2057 3008 demersos

454 3062 579 3103 esse
611 3048 911 3113 lasciviant,
939 3056 996 3102 ut
1026 3048 1176 3118 prius
1216 3047 1468 3102 clanculo
1489 3089 1503 3113 ,
1533 3047 1682 3101 velut
1723 3047 1825 3101 sub
1867 3061 2057 3102 mona-

455 3142 745 3196 steriorum
769 3149 1058 3213 prtetextu,
1089 3141 1273 3197 illicita
1294 3156 1358 3196 ac
1373 3141 1636 3211 sacrilega
1656 3157 1715 3196 se
1732 3144 2054 3213 contagione

457 3236 821 3292 miscuerint:
861 3245 1052 3306 postea
1093 3251 1227 3292 vero
1276 3237 1328 3290 in
1375 3236 1662 3307 abruptum
1706 3237 2060 3292 conscientia:

454 3327 839 3399 desperatione
861 3328 1134 3398 perducti,
1154 3327 1224 3382 de
1249 3328 1460 3384 illicitis
1488 3328 1866 3397 complexibus
1890 3328 2062 3384 libere

459 3419 603 3474 ﬁlios
631 3421 1088 3492 procreaverint;
1146 3421 1292 3492 quod
1334 3431 1386 3477 et
1419 3423 1647 3492 publicae
1671 3424 1817 3493 leges
1844 3465 1857 3490 ,
1889 3431 1943 3477 ct
1969 3439 2061 3478 ec-

459 3513 767 3567 clesiastica
794 3513 917 3582 jura
968 3513 1357 3570 condemnant.
1414 3515 1522 3568 llas
1572 3529 1704 3584 ergo
1762 3513 2064 3584 impudicas

460 3604 922 3674 detestabilesque
955 3618 1223 3673 personas
1247 3619 1276 3658 a
1308 3607 1769 3660 monasteriorum
1803 3614 1944 3659 coetu
1967 3620 2060 3660 ec-

461 3699 868 3770 clesiarumque
892 3699 1254 3754 conventibus
1285 3699 1645 3754 eliminandas
1673 3713 1796 3755 esse
1835 3699 2060 3754 manda-

464 3809 586 3849 mus
621 3811 634 3846 :
665 3801 936 3862 quatenus
981 3801 1206 3847 retrusa:
1236 3793 1288 3846 in
1319 3792 1432 3846 suis
1475 3792 1764 3861 ergastulis
1790 3833 1805 3856 .
1855 3802 2060 3846 tantum

463 3885 674 3940 facinus
707 3887 965 3940 continua
994 3885 1388 3939 lamentatione
1418 3883 1683 3938 deﬁentes
1707 3924 1722 3948 ,
1754 3884 2066 3953 purificata-

463 3980 548 4034 rio
575 3979 786 4049 possint
825 3977 1182 4049 paenitudinis
1213 3978 1336 4048 igne
1362 3978 1668 4046 decoquere
1697 4018 1710 4042 ,
1761 3986 1818 4030 ut
1859 3977 1938 4032 eis
1978 3976 2062 4031 vel

466 4070 532 4124 ad
569 4081 798 4125 mortem
830 4070 1048 4135 saltem,
1080 4069 1251 4124 solius
1284 4068 1674 4124 misericordia:
1703 4069 1931 4134 intuitu,
1963 4083 2064 4138 per

468 4159 868 4214 communionis
898 4161 1128 4231 gratiam
1177 4159 1347 4230 possit
1377 4159 1712 4229 indulgentia
1742 4159 2059 4215 subvenire.

545 4305 568 4332 η
600 4295 764 4352 Solus
789 4296 1016 4365 Quesn.,
1045 4297 1114 4350 ad
1144 4298 1388 4351 vomitum
1413 4303 1458 4348 et
1488 4294 1777 4347 volutabra.
1807 4293 1942 4346 Tum
1969 4295 2072 4348 hoc

470 4368 612 4430 loco,
640 4377 751 4422 tum
773 4369 976 4423 Μοιριιί
1009 4369 1221 4423 concilii
1251 4381 1460 4420 canone
1489 4365 1555 4418 l2
1584 4366 1816 4432 probare
1839 4373 2070 4418 conatur

2160 1924 2252 1991 82,
2281 1941 2327 1977 c.
2359 1926 2414 1992 5;
2449 1923 2541 1978 lvo
2577 1943 2630 1994 p.
2674 1925 2728 1991 6,
2765 1941 2811 1980 c.
2844 1925 2956 1995 50)
2989 1927 3302 1983 sacerdotes
3350 1926 3552 1982 Christi
3604 1936 3767 1997 atque

2160 2015 2374 2082 levitas,
2408 2026 2528 2087 post
2556 2017 2710 2088 longa
2738 2019 3169 2074 consecrationis
3201 2033 3313 2074 suzn
3350 2029 3622 2090 tempora,
3654 2028 3763 2074 tam

2159 2115 2228 2170 de
2257 2114 2577 2186 conjugibus
2609 2117 2846 2185 pmpriis
2869 2158 2884 2182 ,
2919 2132 3078 2186 quam
3109 2118 3272 2172 etiam
3305 2117 3375 2172 de
3426 2118 3572 2186 turpi
3611 2119 3758 2172 coitu

2163 2209 2409 2263 sobolem
2439 2209 2730 2264 didicimus
2765 2224 3090 2281 procreasse
3113 2252 3127 2276 ,
3159 2219 3214 2264 et
3242 2211 3448 2265 crimen
3475 2225 3633 2265 suum
3669 2211 3769 2264 hac

2163 2310 2186 2338 ε’
2216 2303 2625 2371 prtescriptione
2647 2302 2963 2369 defendere,
2989 2304 3112 2372 quia
3137 2303 3190 2357 in
3215 2304 3386 2359 veteri
3413 2303 3768 2358 Testamento

2159 2392 2535 2448 sacerdotibus
2566 2408 2630 2448 ac
2664 2393 2934 2448 ministris
2960 2393 3260 2464 generandi
3294 2394 3521 2449 facultas
3567 2395 3766 2465 legitur

2158 2485 2445 2541 attributa.

2201 2578 2282 2634 .9.
2329 2577 2521 2634 Veteris
2550 2577 2857 2634 Testamenti
2898 2581 3185 2636 auctoritas
3237 2583 3435 2652 {rustra
3480 2580 3768 2650 praetendi-

2157 2681 2260 2728 tur.
2290 2675 2440 2728 Dicat
2469 2674 2599 2728 mihi
2631 2691 2779 2730 nunc
2805 2717 2819 2741 ,
2850 2677 3097 2746 quisquis
3128 2677 3227 2732 ille
3254 2687 3340 2732 est
3364 2685 3606 2732 sectator
3643 2676 3767 2730 libi.

2157 2769 2344 2823 dinum
2374 2810 2386 2831 ,
2422 2778 2837 2839 praeceptorque
2875 2769 3140 2824 vitiorum
3173 2786 3187 2822 :
3221 2769 3276 2825 Si
3325 2770 3602 2836 mstimat,
3634 2770 3762 2839 quia

2159 2859 2214 2915 in
2242 2860 2360 2930 lege
2388 2859 2558 2931 Moysi
2595 2861 2798 2930 passim
2833 2861 3004 2916 sacris
3033 2860 3317 2915 ordinibus
3344 2877 3372 2915 a
3414 2861 3653 2914 Domino
3684 2862 3763 2915 Ia-

2158 2964 2282 3010 xata
2311 2962 2441 3009 sunt
2462 2953 2613 3010 frena
2647 2956 2898 3021 luxuriae,
2923 2971 3020 3010 cur
3048 2970 3146 3010 eos
3170 2997 3186 3023 ,
3229 2955 3427 3025 quibus
3455 2956 3770 3010 commitze-

2158 3046 2357 3102 bantur
2384 3056 2569 3102 sancta
2601 3057 2914 3102 sanctorum
2957 3057 3260 3118 prtemonct
3297 3047 3486 3103 dicens
3515 3065 3528 3100 :
3579 3047 3766 3102 Sancti

2163 3152 2322 3195 estote
2344 3183 2360 3208 ,
2386 3142 2507 3213 quia
2538 3151 2585 3195 et
2613 3159 2709 3212 ego
2733 3151 2941 3198 sanctus
2967 3158 3081 3196 sum
3112 3141 3368 3196 Dominus
3407 3139 3550 3195 Deus
3601 3151 3768 3195 vester

2165 3234 2374 3308 (Leuit.
2401 3252 2468 3290 xx
2499 3277 2514 3300 ,
2547 3235 2621 3307 7)
2647 3237 2671 3289 ?
2700 3251 2798 3290 cur
2826 3237 2990 3291 etiam
3019 3236 3209 3305 procul
3251 3251 3281 3289 a
3324 3233 3440 3290 suis
3471 3234 3725 3289 domibus
3750 3277 3764 3300 ,

2163 3343 2309 3383 anno
2337 3330 2476 3384 vicis
2506 3344 2642 3396 sum,
2675 3331 2729 3384 in
2760 3330 2970 3399 templo
2997 3329 3243 3385 habitare
3266 3330 3401 3398 jussi
3431 3339 3561 3385 sunt
3588 3344 3770 3384 sacer-

2165 3422 2366 3477 dotes?
2421 3423 2520 3476 bac
2553 3422 2806 3478 videlicet
2852 3421 3087 3487 ratione,
3119 3437 3188 3477 ne
3229 3422 3315 3476 vel
3347 3436 3470 3476 cum
3504 3420 3770 3476 uxoribus

2165 3521 2391 3582 possent
2415 3513 2636 3569 carnale
2664 3528 2924 3569 exercere
2948 3513 3361 3580 commercium,
3392 3520 3450 3567 ut
3477 3515 3768 3568 conscien-

2165 3605 2256 3659 tias
2286 3604 2594 3674 integritate
2625 3603 2919 3674 fulgentes,
2942 3605 3280 3674 acceptabile
3311 3605 3423 3661 Deo
3453 3620 3648 3659 munus
3685 3605 3770 3660 of-

2166 3699 2389 3753 ferrent.
2442 3697 2652 3764 Quibus
2686 3698 2905 3766 expleto
2929 3697 3317 3753 deservitionis
3342 3712 3456 3752 suae
3484 3705 3732 3768 tempore
3750 3739 3766 3765 ,

2167 3789 2390 3844 uxorius
2445 3803 2575 3843 usus
2620 3789 2790 3844 solius
2821 3788 3192 3844 successionis
3221 3803 3384 3843 causa
3417 3787 3594 3842 fuerat
3624 3787 3768 3842 rela-

2166 3893 2323 3936 xatus
2350 3899 2365 3947 ;
2393 3881 2530 3953 ,quia
2566 3897 2672 3936 non
2701 3897 2767 3937 ex
2795 3882 2901 3936 alia
2927 3923 2942 3948 ,
2974 3883 3077 3937 nisi
3121 3897 3191 3936 ex
3225 3883 3370 3936 tribu
3412 3882 3578 3947 Levi,
3616 3881 3766 3952 quis—

2163 3990 2325 4045 quam
2386 3975 2454 4030 ad
2517 3975 2610 4031 Dei
2659 3974 3023 4031 ministerium
3079 3974 3258 4031 fuerat
3310 3983 3619 4046 prteccptus
3673 3975 3770 4030 ad-

2167 4068 2332 4122 mitti.

2241 4160 2329 4216 10.
2358 4159 2670 4216 Sacerdotes
2698 4169 2745 4214 et
2772 4160 2978 4214 diaconi
3003 4159 3267 4216 insolubili
3294 4161 3627 4217 continentia:
3662 4163 3774 4232 lege

2182 4295 2453 4367 Praeterea
2476 4305 2542 4367 _e_t
2571 4311 2634 4349 ex
2664 4295 2848 4350 Leone
2874 4296 3037 4367 epist.
3062 4296 3117 4360 2,
3143 4296 3208 4350 ad
3234 4296 3538 4360 Rusticum,
3569 4297 3773 4367 inquis.

2183 4366 2251 4418 10
2277 4405 2292 4430 ,
2327 4365 2387 4418 11
2419 4406 2434 4429 ,
2468 4364 2533 4417 12
2562 4375 2617 4418 ct
2647 4367 2712 4418 15
2739 4407 2753 4429 ,
2782 4364 3038 4434 colligere
3065 4376 3168 4431 est,
3198 4368 3569 4434 paenitentiam
3599 4364 3774 4422 semel

470 4441 810 4494 clarissimus
854 4440 936 4494 vir
965 4438 1159 4494 Claud.
1196 4437 1393 4510 Fleury
1423 4436 1486 4490 ad
1534 4450 1734 4488 annum
1768 4434 1911 4510 82b,
1945 4450 2064 4510 pag.
2096 4450 2152 4510 Ι)
2180 4435 2450 4510 professis
2478 4435 2695 4510 easdem
2744 4437 2860 4489 sive
2877 4435 2941 4510 in
2960 4437 3274 4510 paenitentia
3309 4438 3422 4510 sive
3462 4448 3577 4505 post
3607 4440 3775 4510 paeni-

470 4511 578 4566 555
603 4553 618 4575 ,
659 4511 904 4564 militiam
936 4511 1112 4564 aliave
1135 4551 1149 4574 ,
1182 4525 1302 4574 qua:
1329 4507 1418 4562 hic
1437 4516 1793 4560 recensentur
1822 4547 1836 4568 ,
1869 4507 1920 4559 in
1951 4508 2070 4573 ipso

473 4590 679 4636 tantum
711 4583 1044 4649 pmnilctttitn
1061 4579 1336 4635 curriculo
1364 4576 1660 4649 prohiberi.
1692 4576 1760 4630 Et
1783 4576 2069 4649 illittsgqui-

472 4654 594 4706 dem
624 4647 867 4722 opinioni
899 4654 1044 4706 favet
1071 4667 1176 4704 non
1220 4647 1381 4705 modo
1422 4648 1671 4722 Niieaznns
1693 4662 1867 4722 capoa
1895 4647 1968 4722 12
1996 4647 2072 4702 ci—

475 4731 618 4778 tatus
643 4717 777 4789 {sed
807 4734 864 4778 et
884 4723 1220 4778 Turonensis
1252 4737 1270 4774 ι
1299 4719 1520 4774 concilii
1545 4733 1718 4774 canon
1747 4717 1781 4772 8
1800 4758 1814 4782 ,
1842 4719 1907 4772 ad
1939 4736 2068 4771 nor-

473 4810 616 4850 mam
669 4795 858 4850 horum
910 4795 1088 4849 Siricii
1132 4792 1422 4847 verborum
1473 4791 1828 4858 compositus.
1878 4789 2067 4844 Eidem

473 4866 837 4936 suffragantur
859 4875 914 4920 et
949 4864 1192 4936 Venetici
1224 4877 1394 4936 canon
1421 4865 1458 4936 β
1489 4869 1547 4916 et
1576 4859 1983 4936 Aurelianensis
2012 4877 2029 4913 1
2055 4901 2070 4927 ,

474 4930 760 5001 canon'll,
783 4952 994 4991 necnon
1019 4933 1304 5006 Dionysius
1333 4932 1577 5006 Exiguus
1604 4943 1656 4986 et
1678 4930 1918 5006 Isidorus
1938 4931 2072 5006 bier-

475 5019 627 5062 cator
660 5008 713 5062 in
747 5024 958 5063 summa
985 5049 1000 5067 .
1033 5023 1137 5072 qua
1163 5003 1459 5075 capitulum
1486 5003 1592 5075 hoc
1619 5003 1916 5075 explicant.
1943 5003 2077 5057 Siri-

474 5081 618 5134 cittm
646 5088 825 5134 tamen
857 5079 1017 5133 aliter
1046 5074 1334 5138 intellexit,
1365 5075 1456 5144 qui
1484 5074 1586 5130 hoc
1615 5074 1755 5128 idem
1780 5075 2074 5140 capitulum

478 5153 530 5206 in
557 5161 773 5206 vetusto
799 5151 984 5205 codice
1010 5147 1323 5205 Colbertino
1344 5146 1485 5202 5568
1514 5147 1591 5200 sic
1611 5145 1924 5199 summatim
1955 5144 2080 5199 red-

477 5223 652 5277 didit:
691 5224 794 5288 Qui
826 5237 955 5276 rosr
983 5235 1159 5276 seru
1192 5233 1573 5273 rmnrrau'ruu
1619 5227 1884 5286 tamquam
1924 5233 2076 5269 canes

478 5294 548 5347 ad
580 5310 732 5348 suum
759 5295 1004 5346 vomitum
1044 5292 1279 5344 redeunt.
1312 5290 1379 5343 Et
1407 5289 1458 5343 id
1485 5289 1701 5357 quidem
1735 5297 1933 5341 sonant
1963 5288 2077 5356 ipsa

482 5364 661 5420 Siricii
696 5364 881 5418 verba.
914 5364 992 5417 llli
1019 5365 1163 5416 enim
1193 5375 1376 5416 sermo
1393 5368 1477 5414 est
1501 5371 1554 5412 et
1579 5361 1647 5414 de
1677 5361 1828 5422 viris,
1853 5359 1942 5425 qui
1964 5367 2080 5410 acta

482 5436 778 5503 ptenitentia
808 5434 976 5488 functi
1008 5474 1024 5498 ,
1058 5448 1166 5485 non
1207 5432 1296 5499 qui
1338 5437 1561 5503 agentes
1600 5429 1972 5503 paenitentiam
2002 5429 2083 5481 di-

483 5499 685 5561 cuntur
710 5547 727 5571 ,
758 5520 988 5569 quorum
1023 5501 1474 5556 incontinentiam
1506 5503 1697 5571 probat
1731 5515 1794 5552 ex
1821 5499 1946 5553 filiis
1975 5515 2080 5553 non

486 5577 538 5630 in
572 5577 687 5641 ipso
714 5569 1047 5644 pmnitentitc
1066 5588 1250 5644 cursu,
1272 5572 1366 5626 sed
1392 5579 1505 5644 po_st
1525 5569 1900 5644 absolutionem
1918 5584 2084 5644 gene-

488 5639 622 5702 ratis
650 5639 851 5713 quique
870 5649 987 5715 jam
1017 5661 1117 5697 non
1147 5643 1335 5696 habent
1363 5639 1648 5715 stt/Tugium
1679 5639 1990 5715 paenitendi;
2021 5654 2084 5694 ac

488 5719 561 5776 de
588 5711 906 5782 mulieribus
933 5758 947 5781 ,
977 5732 1098 5784 qua:
1137 5731 1195 5768 se
1224 5723 1335 5782 post
1381 5711 1768 5784 ptettitentiam‘,
1799 5727 1902 5762 non
1944 5713 2085 5782 inter

494 5781 910 5857 painitend'unt,
963 5781 1228 5840 similibus
1270 5782 1666 5850 pollutionilnts
1712 5781 2078 5834 devinxi-rint.

2176 4507 2391 4577 tentiam
2437 4505 2584 4574 leges
2625 4506 2766 4558 circa
2817 4505 3086 4570 militiam,
3131 4507 3407 4577 conjugis,
3447 4518 3555 4563 etc.
3605 4505 3772 4564 fuisse

2175 4576 2542 4647 praescriptas.

2251 4647 2276 4685 ι)
2309 4644 2590 4700 Vctustior
2616 4646 2788 4702 codex
2812 4644 3004 4712 Corh.,
3038 4648 3384 4703 distinctione.

2255 4731 2276 4756 υ
2304 4717 2560 4784 Capitulo
2594 4718 2719 4772 huic
2743 4720 2795 4788 in
2832 4718 3051 4773 laudato
3081 4721 3272 4775 codice
3298 4721 3452 4776 Colb.
3479 4721 3654 4788 5568,
3686 4724 3773 4776 cui

2178 4799 2233 4844 et
2263 4788 2404 4842 Pith.
2435 4788 2694 4854 concinit,
2730 4785 2844 4844 haec
2870 4795 3207 4859 praeponitur
3229 4806 3440 4847 summa
3469 4810 3481 4846 :
3512 4792 3572 4848 Si
3596 4785 3777 4846 mona-

2179 4859 2260 4933 chi
2289 4862 2369 4933 uel
2397 4859 2979 4933 monac/iteinupserint.
3011 4861 3168 4916 Alius
3194 4861 3351 4918 Colb.
3397 4879 3506 4933 pra:
3537 4879 3596 4919 se
3622 4864 3728 4919 fert
3761 4883 3774 4918 :

2182 4931 2261 4984 De
2288 4931 2440 4996 lapsu
2468 4931 2837 4985 monachorum
2870 4934 2947 4986 vel
2965 4935 3352 4988 monac/tarum.

2254 4999 2279 5037 ι]
2307 5000 2363 5056 In
2395 5001 2606 5076 duobus
2634 5018 2791 5068 mss.,
2823 5001 2981 5076 Colb.
3015 5005 3236 5058 calcatus
3259 5021 3518 5071 canones;
3547 5020 3668 5076 qua:
3693 5006 3774 5063 le-

2180 5073 2292 5146 ctio
2332 5072 2815 5146 ut_admi_tl_eretur,
2845 5075 3045 5144 priusa
3071 5076 3284 5146 quibus,
3317 5092 3424 5131 non
3448 5072 3579 5144 quos
3602 5118 3618 5141 ,
3647 5077 3778 5132 sub-

2181 5143 2515 5198 stituendnm
2547 5143 2568 5197 l'
2570 5143 2758 5199 uisset.

2260 5223 2280 5250 υ
2327 5215 2681 5288 Antiquiores
2712 5231 2842 5272 mss.
2870 5257 2884 5281 ,
2917 5217 3310 5288 perscriptione.
3354 5217 3506 5284 Quos
3532 5217 3620 5272 hic
3645 5217 3786 5274 Siri—

2183 5287 2303 5340 cius
2347 5287 2562 5356 arguit,
2611 5297 2801 5342 notare
2835 5287 3055 5342 videtur
3099 5299 3155 5341 et
3195 5287 3514 5342 Ambrosius
3537 5289 3674 5345 lih.t
3713 5290 3783 5345 de

2185 5357 2345 5412 Ofﬁc.
2377 5372 2427 5411 c.
2453 5357 2542 5424 50,
2591 5375 2644 5410 ll.
2673 5359 2804 5423 ς158,
2838 5359 2928 5411 tibi
2955 5358 3030 5411 ait
3064 5377 3075 5410 :
3136 5359 3286 5422 Quod
3321 5377 3378 5412 co
3403 5375 3503 5412 non
3534 5362 3781 5429 pt'wterii,

2185 5430 2311 5497 quia
2351 5429 2404 5482 in
2447 5429 2705 5496 plerisque
2751 5429 3090 5482 abditioribtts
3121 5429 3246 5482 locis
3276 5445 3393 5482 cum
3437 5432 3782 5485 ministerium

2189 5499 2315 5559 (hOc
2349 5509 2433 5553 est
2453 5497 2826 5568 diaconatum)
2855 5511 3109 5569 gererent,
3139 5503 3215 5553 rel
3242 5504 3392 5554 etiam
3415 5503 3780 5567 sacerdotium,

2186 5571 2325 5640 ﬁlios
2351 5581 2681 5642 susceperunt
2715 5585 2732 5622 :
2757 5579 2806 5642 et
2832 5571 2885 5642 id
2905 5579 3162 5640 tamquam
3189 5588 3282 5624 usu
3301 5574 3452 5626 reteri
3475 5574 3780 5642 defendunt,

2186 5639 2396 5709 quando
2427 5655 2517 5710 per
2545 5639 2821 5692 intervalla
2849 5639 3049 5694 dierum
3085 5643 3398 5710 sacriﬁcium
3435 5639 3781 5709 deferebatur;

2189 5712 2336 5777 Quos
2362 5709 2464 5779 qua
2499 5713 2706 5764 ratione
2727 5709 2968 5766 confutet
2999 5709 3231 5768 videsis.’
3508 5713 3510 5715 ’
