4120 6186
478 212 623 269 1145

1775 206 2022 265 SANCTI
2058 204 2282 264 SlRICll
2320 206 2543 265 ΡΑΡΑΞ.

3642 213 3791 268 ηις

474 327 631 396 dum,
662 330 709 384 si
741 341 801 384 se
845 329 966 398 ipse
1014 326 1264 397 primitus
1293 325 1631 381 continentia
1676 335 1954 396 praeeunte
1992 325 2078 380 di-
2105 337 2155 398 Α
2184 343 2232 383 c.
2262 327 2327 392 5;
2357 325 2450 381 Ivo
2480 344 2535 395 ρ.
2573 328 2635 396 6,
2671 343 2718 384 c.
2754 327 2848 399 55)
2874 338 2967 383 aut
3013 328 3253 396 viduam,
3279 339 3374 385 aut
3412 343 3558 387 certe
3582 345 3802 388 secun-

473 436 642 493 gnum
676 420 938 491 probarit,
962 418 1207 474 accedat.
1255 418 1357 475 Ubi
1389 419 1435 473 si
1464 418 1604 473 ultra
1634 420 1875 490 quinque
1903 434 2078 474 annos

474 512 829 570 laudabiliter
866 512 1189 567 ministrarit
1214 554 1229 579 ,
1252 526 1492 582 congrue
1522 512 1920 584 presbyterium
1949 528 2079 568 con-

474 612 755 676 sequatur.
788 604 1018 671 Exinde,
1044 612 1166 674 post
1191 604 1546 671 decennium,
1576 604 1944 674 episc0palem
1985 619 2078 658 ca-

476 698 729 754 thedram
771 698 973 768 poterit
992 698 1248 768 adipisci,
1275 698 1319 751 si
1350 708 1528 753 tamen
1562 713 1655 767 per
1686 698 1801 753 haec
1838 708 2079 769 tempora

479 792 765 863 integritas
794 792 916 846 vita:
944 806 1009 846 ac
1040 790 1163 846 fidei
1196 792 1317 860 ejus
1345 790 1511 845 fuerit
1543 790 1863 860 approbata.
1960 866 1963 867 ν

550 886 680 941 CAP.
710 884 782 939 Χ.
802 883 982 939 -14.
1014 884 1115 952 Qui
1139 898 1268 939 vero
1286 884 1397 953 jam
1421 892 1579 939 tetate
1600 884 1941 954 grandaevus,
1967 898 2081 940 me-

477 976 631 1032 lioris
660 975 925 1047 propositi
958 984 983 1013 ε
1024 976 1389 1031 conversione
1436 984 1761 1045 provocatus
1783 1017 1797 1040 ,
1831 990 1897 1030 ex
1946 976 2083 1030 laico

480 1067 551 1122 ad
584 1081 793 1122 sacram
823 1066 1073 1121 militiam
1105 1067 1391 1136 pervenire
1436 1065 1689 1133 festinat,
1714 1066 1969 1121 desiderii
2000 1068 2085 1122 sui

480 1160 717 1213 fructum
762 1170 875 1212 non
906 1158 1067 1211 aliter
1094 1157 1379 1223 obtinebit,
1407 1157 1509 1211 nisi
1539 1171 1606 1211 eo
1650 1173 1754 1225 quo
1785 1157 2085 1227 baptizatur

484 1260 753 1320 tempore,
786 1248 971 1305 statim
1002 1249 1264 1305 lectorum
1296 1257 1389 1303 aut
1433 1249 1826 1304 exorcistarum
1858 1265 2086 1305 numero

485 1344 749 1411 societur,
779 1344 825 1398 si
856 1352 1036 1398 tamen
1070 1358 1191 1397 eum
1221 1358 1383 1396 unam
1432 1341 1693 1397 habuisse
1725 1341 1811 1396 vel
1863 1341 2084 1409 habere,

485 1448 539 1493 et
586 1439 724 1492 hanc
764 1437 1030 1507 virginem
1077 1436 1394 1505 accepisse,
1427 1444 1646 1490 constet
1693 1449 1941 1491 uxorem.
1985 1435 2088 1503 Qui

486 1531 617 1587 dum
648 1531 897 1587 initiatus
929 1529 1115 1597 fuerit,
1146 1530 1364 1600 expleto
1391 1529 1633 1596 biennio,
1664 1542 1762 1598 per
1786 1530 2088 1599 quinquen-

481 1626 632 1679 nium
672 1623 822 1678 aliud
867 1622 1154 1693 acolythus
1184 1631 1239 1677 et
1269 1622 1632 1676 subdiaconus
1664 1621 1755 1674 fiat
1775 1662 1789 1687 ,
1819 1628 1875 1675 et
1901 1621 1981 1677 sic
2021 1622 2088 1676 ad

2179 421 2303 477 dam
2331 422 2614 493 conjugem
2644 422 2885 489 duxerit,
2919 424 3067 477 omni
3096 423 3481 479 ecclesiasticae
3507 424 3802 495 dignitatis

2182 514 2467 587 privilegio
2497 529 2625 569 mox
2672 513 2932 581 nudetur,
2968 515 3104 571 laica
3148 524 3356 570 tantum
3386 516 3486 572 sibi
3532 532 3798 572 commu-

2182 609 2346 664 nione
2376 621 2672 674 concessa;
2697 622 2861 678 quam
2898 609 2967 661 ita
2998 606 3221 663 demum
3252 609 3454 677 poterit
3478 609 3799 679 possidere,

2182 702 2226 756 si
2258 700 2393 755 nihil
2433 709 2653 770 postea,
2678 707 2909 770 propter
2938 698 3079 768 quod
3108 698 3249 753 hanc
3274 699 3485 768 perdat,
3510 699 3797 754 admittat.

2254 794 2383 848 CAP.
2414 791 2527 847 XII.
2581 821 2651 831 —
2699 791 2787 846 16.
2822 790 3075 845 Feminas
3105 805 3236 846 vero
3266 789 3449 861 (Dist.
3474 791 3579 856 81,
3605 808 3657 846 c.
3689 792 3800 858 ὄις

2185 885 2277 941 Iro
2304 905 2357 959 p.
2387 886 2442 951 6,
2471 902 2519 939 c.
2548 884 2619 938 52
2640 894 2687 937 et
2718 884 2820 939 187
2848 885 2866 954 )
2891 898 2995 938 non
3025 883 3164 938 alias
3186 898 3307 938 esse
3339 882 3571 953 patimur
3594 884 3651 938 in
3685 883 3801 938 do-

2186 979 2362 1034 mibus
2393 978 2743 1043 clericorurn,
2774 975 2877 1030 nisi
2911 990 3004 1031 eas
3029 984 3260 1041 tantum,
3288 990 3424 1047 quas
3449 986 3676 1047 pr0pter
3700 992 3805 1032 so-

2183 1072 2262 1127 las
2292 1070 2757 1127 necessitudinum
2787 1084 2977 1126 causas
3005 1068 3251 1125 habitare
3281 1085 3401 1125 cum
3426 1070 3620 1127 iisdem
3648 1086 3756 1143 syn
3784 1101 3803 1111 ο

2185 1163 2323 1219 udus
2343 1163 2559 1219 Nicaena
2576 1163 2826 1234 permisit
2856 1161 3012 1235 (Can.
3042 1164 3098 1218 3.
3123 1161 3259 1216 Vide
3272 1161 3799 1235 concil.Carthagin.

2188 1255 2277 1319 111,
2310 1273 2356 1309 c.
2389 1257 2504 1324 17).

2257 1346 2390 1401 CAP.
2423 1344 2563 1401 XIII.
2606 1373 2677 1384 —
2716 1345 2803 1401 17.
2835 1343 3131 1400 Monachus
3160 1360 3378 1415 quoque
3418 1344 3533 1416 (l6,
3560 1364 3611 1415 q.
3651 1345 3708 1408 1,
3742 1362 3798 1398 ε.

2187 1438 2293 1505 29;
2318 1437 2410 1492 lvo
2442 1455 2494 1506 ρ.
2520 1435 2577 1503 6,
2604 1453 2651 1491 c.
2684 1435 2778 1507 53)
2810 1450 2947 1507 quos
2982 1446 3164 1490 tamen
3210 1450 3420 1490 morum
3464 1434 3706 1506 gravitas
3741 1446 3807 1489 et

2190 1534 2314 1587 vitae
2336 1547 2399 1586 ac
2430 1530 2553 1586 ﬁdei
2580 1530 2852 1585 institutio
2874 1538 3059 1585 sancta
3085 1528 3801 1593 commcndat,clerioorurn

2190 1625 2385 1680 ol‘llctis
2413 1623 2695 1694 aggregari
2733 1632 2789 1678 et
2816 1632 3067 1692 optamus
3092 1629 3148 1676 et
3184 1621 3463 1687 volumus;
3495 1623 3568 1676 ita
3611 1633 3674 1675 ut
3705 1622 3805 1690 qui

481 1715 819 1781 diaconium,
843 1714 891 1769 Si
923 1730 1019 1785 per
1041 1714 1159 1769 hanc
1190 1724 1433 1785 tempora
1455 1715 1649 1783 dignus
1673 1712 1945 1782 judicatus
1969 1709 2085 1765 fue—
2114 1730 2163 1790 Β
2191 1720 2329 1773 intra
2360 1718 2694 1773 tricesimum
2733 1716 2911 1773 aetatis
2951 1731 3153 1771 annum
3181 1726 3202 1753 ο
3230 1726 3378 1782 sunt,
3412 1716 3466 1769 in
3488 1714 3805 1771 minoribus

484 1810 577 1874 rit,
600 1808 953 1877 provehatur.
979 1806 1188 1862 Exinde
1206 1806 1318 1876 jam
1335 1820 1559 1861 accessu
1582 1816 1909 1875 temporum,
1935 1817 2087 1874 pres-

493 1900 763 1972 byterium
796 1900 884 1955 vel
921 1901 1294 1970 episcopatum
1317 1942 1333 1966 ,
1385 1900 1430 1954 si
1471 1900 1615 1970 eum;
1644 1899 1779 1955 cleri
1807 1913 1869 1953 ac
1913 1896 2086 1968 plebis

487 1995 867 2053 l’edecumarit
894 1997 1116 2062 electio,
1147 2011 1255 2051 non
1285 1995 1559 2051 immerito
1577 1996 1859 2051 sortietur.

553 2090 683 2148 CAP.
708 2090 804 2146 XI.
843 2120 915 2132 -—
961 2092 1051 2147 15.
1095 2090 1357 2161 Quisquis
1379 2104 1513 2146 sane
1543 2090 1778 2146 clericus
1803 2087 1962 2161 (Dist.
1994 2090 2085 2155 81,

483 2345 653 2401 etiam
680 2344 730 2399 id
759 2343 1105 2413 intelligitur,
1133 2342 1278 2413 quod
1325 2342 1378 2398 in
1427 2344 1537 2397 vita
1564 2341 1827 2398 Bonifacii
1856 2341 2077 2412 Mogun-

483 2416 585 2470 tini
612 2416 753 2483 apud
781 2415 997 2469 Surium
1030 2415 1063 2467 5
1088 2414 1176 2467 die
1205 2413 1354 2467 Junii
1384 2414 1634 2481 legimus,
1664 2429 1786 2467 cum
1816 2413 2082 2483 ividelicct

484 2502 609 2542 eum
628 2484 993 2541 Villibrordus
1036 2484 1352 2551 episcopum
1382 2498 1571 2537 creare
1601 2484 1786 2547 vellet,
1813 2482 1917 2537 hoc
1943 2498 2081 2538 onus

483 2558 553 2612 ab
575 2556 669 2610 illo
692 2565 980 2625 propterea
1004 2555 1385 2619 detrectatum,
1404 2556 1647 2624 quoniam
1671 2555 2083 2624 quinquagesimi

484 2628 607 2681 anni
628 2628 783 2697 juxta
809 2625 1071 2697 canonica:
1090 2626 1412 2697 rectitudinis
1436 2642 1663 2697 normam
1697 2626 1911 2678 necdum
1935 2625 2082 2694 plene

482 2695 727 2765 reciperet
755 2706 977 2752 etatem.
1024 2695 1177 2751 Licet
1202 2696 1345 2749 enim
1380 2696 1513 2750 Lttd.
1546 2695 1973 2750 Thomassinusr
2022 2710 2075 2765 p.

482 2770 618 2823 eccl.
650 2768 863 2833 discipl.
904 2768 1000 2822 lib.
1048 2781 1108 2833 ιι,
1140 2781 1189 2820 c.
1241 2766 1331 2830 68,
1358 2782 1411 2820 η.
1448 2768 1502 2831 1,
1546 2782 1653 2820 non
1702 2767 1836 2821 satis
1867 2769 2081 2837 perspi-

485 2854 612 2896 cere
646 2855 707 2895 se
754 2838 919 2901 dicat,
949 2852 1068 2907 qua:
1111 2838 1199 2893 illa
1228 2837 1300 2892 sit
1342 2838 1602 2892 canonica
1635 2851 1849 2899 norma,
1881 2852 1983 2907 qua
2016 2853 2079 2893 ea

484 2920 617 2966 aetas
644 2909 1072 2973 desideraretur;
1102 2924 1220 2962 eam
1254 2918 1431 2963 tamen
1461 2908 1778 2965 desiderant
1824 2923 1929 2962 non
1961 2916 2079 2962 tan-

485 2990 600 3035 tum
684 2979 997 3049 apostolica:
1083 2977 1543 3045 Constitutiones,
1616 2980 1709 3033 lib.
1768 2996 1847 3045 tt,
1904 2994 1952 3033 c.
2011 2982 2075 3047 1,

484 3050 583 3106 sed
610 3059 688 3115 et,
706 3059 766 3105 ut
792 3064 957 3118 supra
983 3049 1236 3116 vidimus,
1254 3049 1608 3105 Hibernensis
1633 3050 1827 3121 synodi
1853 3058 2080 3121 statuta,

485 3137 605 3191 quae
654 3132 765 3176 tum
816 3121 1148 3177 Bonifacittm
1183 3136 1292 3191 pne
1317 3122 1491 3176 oculis
1519 3120 1774 3176 habuisse
1802 3120 2083 3190 probabile

488 3203 594 3248 est.

559 3298 586 3325 ι
618 3289 761 3343 Edit.
797 3288 955 3343 Rom.
982 3296 1037 3343 et
1067 3286 1265 3341 concil.
1299 3301 1421 3341 cum
1451 3301 1582 3340 mss.
1608 3286 1737 3340 coll.
1764 3285 1930 3340 Hadr.
1961 3302 2084 3339 con-

484 3360 785 3414 versatione.
821 3358 1166 3415 Prteicrimus
1210 3372 1332 3411 cum
1378 3358 1591 3412 caeteris
1650 3357 1838 3421 libris,
1870 3372 2081 3410 conver-

487 3430 653 3496 sione,
710 3432 812 3485 lmc
854 3439 966 3491 est.
1016 3429 1213 3498 prioris
1270 3428 1536 3497 propositi
1588 3428 1640 3481 in
1686 3428 1830 3483 aliud
1888 3428 2083 3482 melius

487 3501 930 3557 commutatione.
954 3501 1065 3554 lluc
1094 3507 1251 3567 pacto
1279 3500 1408 3553 olim
1431 3499 1484 3552 in
1509 3499 1854 3553 monasteriis
1879 3500 2083 3553 nostris

485 3586 601 3636 eos,
632 3573 721 3641 qui
756 3580 1004 3639 provecta
1034 3571 1143 3639 jam
1173 3579 1332 3641 aetate
1370 3572 1573 3625 saecula
1603 3569 1850 3623 nuntium
1887 3570 2080 3624 remit-

488 3638 665 3697 tentes
716 3638 1070 3697 monasticam
1139 3638 1303 3695 vitam
1381 3640 1754 3710 arripiebant,
1815 3655 2081 3694 conversos

484 3712 762 3781 appellare
792 3727 909 3767 mos
954 3722 1105 3776 erat,
1138 3726 1312 3781 eoque
1340 3714 1560 3765 nomine
1610 3711 2083 3779 distinguebantur

489 3783 559 3836 ab
588 3783 730 3844 aliis,
762 3784 910 3853 quia
936 3783 1130 3853 puerili
1172 3790 1329 3837 zetate
1368 3782 1540 3836 oblati
1582 3783 1928 3837 monasteriis
1966 3783 2081 3837 fue-

487 3863 630 3909 rant.
659 3854 895 3908 Rursum
918 3854 985 3908 ad
1015 3855 1117 3909 hoc
1134 3853 1311 3909 Siricii
1329 3853 1609 3909 decretum
1631 3869 1751 3907 sese
1769 3868 2080 3909 accommo-

486 3924 619 3979 dare
667 3926 879 3979 videtur
921 3926 1272 3980 Hibernensis
1323 3924 1564 3995 synodus
1613 3924 1799 3991 Spicil.
1825 3968 1838 3988 ,
1874 3935 1948 3978 to.
1985 3924 2078 3987 IX,

487 4011 544 4060 p.
571 3995 625 4057 4,
660 3996 751 4050 ubi
779 3995 965 4050 statuit
998 4014 1013 4051 :
1049 3996 1109 4050 Si
1140 4010 1257 4067 vero
1286 3994 1499 4067 grandis
1526 3997 1693 4067 wtatis
1721 3997 1787 4048 sit
1819 3997 2010 4062 laicus,
2034 4006 2082 4048 et

488 4081 691 4136 necesse
719 4068 785 4120 sit
810 4078 867 4120 ut
887 4067 1156 4136 episcopus
1182 4066 1293 4133 ﬁat,
1324 4067 1525 4119 biennio
1552 4068 1619 4120 sit
1644 4066 1831 4127 lector.
1861 4067 2081 4133 quinque

489 4135 856 4205 subdiaconus,
893 4137 1117 4205 quinque
1160 4136 1425 4201 diaconus,
1464 4147 1575 4205 post
1610 4136 1879 4188 duodecim
1917 4152 2081 4190 annos

490 4203 653 4274 (scil.
688 4206 756 4259 ab
800 4220 866 4259 eo
898 4203 1139 4275 tempore
1170 4221 1276 4272 quo
1315 4203 1557 4259 converti
1588 4206 1785 4275 cmpit)
1822 4205 2082 4276 presbyter

489 4276 595 4329 sive
624 4276 891 4346 episcopus
916 4276 1237 4349 subrogetur.

562 4366 693 4421 blta
741 4368 911 4423 codex
968 4368 1108 4423 Pitlt.
1159 4384 1281 4424 cum
1309 4377 1492 4425 vetere
1537 4368 1853 4425 Colbcrtino
1885 4369 2085 4426 litteris

490 4438 912 4508 Langobardicis
938 4449 1182 4507 exarato,
1216 4442 1267 4495 in
1298 4456 1405 4510 quo
1440 4450 1700 4509 prteterea
1733 4441 1921 4496 eadem
1953 4456 2079 4507 vox,

490 4511 825 4576 edecumarit,
852 4512 1016 4566 veluti
1048 4510 1360 4580 singularis,
1393 4513 1459 4565 ad
1499 4527 1648 4566 oram
1690 4512 1812 4566 libri
1856 4523 2084 4567 annota-

490 4590 599 4652 tur.
623 4581 715 4635 His
737 4582 1063 4651 suffragatur
1084 4592 1137 4637 et
1154 4582 1500 4638 Corbeiensis
1525 4583 1727 4637 atecqu
1750 4598 1799 4636 vr
1821 4584 2080 4652 scriptus,

488 4651 544 4705 in
584 4666 691 4718 quo
742 4652 914 4705 tribus
963 4653 1235 4716 prioribus
1284 4653 1477 4708 litteris
1524 4654 1719 4708 deletis
1751 4651 1944 4717 restat,
1972 4656 2080 4708 cui-

489 4731 734 4786 maneret,
770 4721 911 4776 haud
946 4724 1112 4778 dubie
1142 4739 1236 4791 pro
1276 4724 1672 4779 edecumaverit.
1701 4725 2076 4780 Colbertinum

486 4791 690 4865 codicis
720 4806 746 4843 a
787 4791 990 4865 Quesu.
1029 4794 1227 4861 vulgati
1268 4796 1574 4865 exemplum
1622 4795 1787 4850 habet
1812 4804 2075 4865 sequatur.

489 4861 718 4987 Regium
747 4864 1025 4931 exemplar
1046 4880 1209 4919 mera:
1235 4864 1576 4919 collectionis
1599 4861 1944 4937 Dionysianaz
1969 4883 2079 4936 pra:

489 4948 545 4987 se
596 4942 677 4987 ert
698 4934 948 4987 existerit.
982 4935 1125 4987 ttnde
1152 4936 1203 4987 in
1234 4951 1398 4987 unum
1428 4936 1585 4987 Colb.
1618 4937 1836 4987 Iltixisse
1862 4939 2079 4987 videtur

483 4948 545 4987 se
573 4934 677 4988 fert
698 4934 948 4998 existerit,
982 4935 1125 4989 unde
1152 4936 1203 4988 in
1234 4951 1398 4989 unum
1428 4936 1585 4989 Colb.
1618 4934 1836 4991 fluxisse
1862 4934 2081 4993 videtur

483 5005 665 5077 fuerit,
694 5005 979 5077 prtemisso
1002 5016 1161 5061 antea
1187 5007 1241 5059 in
1268 5022 1405 5073 eum,
1438 5023 1535 5077 pro
1564 5023 1697 5061 eum.
1728 5010 1781 5062 In
1813 5012 2079 5077 exemplis

484 5075 826 5150 collectionis
869 5075 1128 5131 Hadriani
1151 5075 1505 5150 substitutum
1535 5088 1618 5150 est
1645 5081 1903 5134 evocarit:
1930 5075 2077 5150 quod

483 5153 539 5199 et
569 5147 827 5221 deinceps
875 5158 1169 5202 retentum.
1202 5147 1459 5221 _Verbunt
1492 5149 1886 5216 edecumaverit,
1932 5147 2076 5221 quod

484 5217 714 5292 perinde
743 5227 902 5292 sonat
931 5228 1095 5289 atque
1124 5237 1149 5273 e
1176 5219 1347 5292 decem
1378 5220 1507 5292 (hoc
1538 5236 1764 5276 numero
1797 5217 2081 5277 vice-om-

484 5288 634 5358 uium
669 5289 870 5358 posito)
897 5288 1055 5343 unum
1092 5291 1286 5345 meritis
1315 5288 1692 5354 pra’cellentem
1718 5293 1991 5357 censuerit,
2020 5303 2075 5348 et

482 5356 920 5430 §iﬁcii'consilio
946 5362 1292 5430 aptissimum
1315 5371 1419 5427 est,
1444 5370 1499 5414 ct
1521 5361 1588 5415 ab
1612 5363 1759 5415 omni
1787 5356 2081 5429 suppoSita:

482 5422 735 5488 lectionis
782 5422 1090 5497 suspicione
1134 5422 1416 5487 alienumf
1447 5433 1501 5485 In
1545 5431 1824 5487 Glossario
1857 5422 2082 5490 ’ϐπ-ωρο-

482 5497 697 5571 Latino,
726 5502 870 5571 quod
901 5501 1151 5557 Labbeus
1182 5503 1372 5566 edidit,
1401 5504 1585 5571 legere
1615 5512 1719 5570 est,
1744 5503 2077 5571 ἀποδεκατῶς

482 5567 834 5652 ῌάεεμιηρξζω
858 5616 871 5637 ,
923 5572 1160 5652 adiuncto;
1191 5616 1205 5637 ,
1240 5567 1627 5652 ’ἀδωροδόκητος
1658 5594 1672 5631 :
1698 5567 1839 5652 quod
1871 5567 2080 5652 Ducan;

483 5642 602 5713 gius
631 5641 683 5694 in
713 5641 990 5699 Glossario
1017 5646 1207 5698 Latino
1226 5641 1648 5711 interpretatur.
1675 5648 1920 5710 sincerus,
1940 5649 2081 5713 ,insie

484 5710 617 5773 guis,
641 5713 937 5778 prwclarus,
968 5717 1284 5783 prmrellens,
1317 5726 1368 5769 ut
1398 5729 1469 5769 est
1489 5717 1655 5785 judex
1677 5721 1761 5785 qui
1786 5710 2078 5773 nttmeribus

2192 1827 2291 1883 per
2318 1810 2516 1881 gradus
2546 1809 2811 1880 singulos,
2834 1817 3116 1864 crescente
3140 1817 3403 1877 tempore,
3429 1823 3806 1877 promovean-

2194 1914 2281 1959 tur
2308 1902 2589 1958 ordinibus
2621 1919 2634 1955 :
2664 1911 2719 1957 et
2746 1902 2826 1956 sic
2863 1901 2931 1955 ad
2978 1900 3295 1955 diaconatus
3341 1899 3423 1954 vel
3467 1900 3804 1970 presbyterii

2191 1997 2458 2067 insignia,
2490 2004 2717 2050 maturae
2765 1994 2943 2049 aeutis
2978 1992 3415 2057 consecratione,
3451 1992 3802 2061 perveniant.

2192 2088 2303 2146 Nec
2332 2086 2359 2127 ἀ
2386 2088 2527 2144 saltu
2572 2087 2639 2144 ad
2686 2086 3033 2158 episcOpatus
3075 2084 3291 2141 culmen
3334 2083 3656 2151 ascendant,
3694 2085 3802 2139 nisi

2182 2357 2285 2396 non
2308 2337 3169 2412 corrumpitur.ldemDueaugius
3185 2335 3391 2412 ibidem
3411 2344 3616 2412 monet,
3639 2334 3788 2412 apud

2184 2412 2406 2468 Festum
2449 2405 2600 2465 Pauli
2642 2409 2886 2476 diaconi,
2918 2423 3016 2477 pro
3053 2405 3337 2462 edecimata
3384 2408 3565 2471 electa,
3612 2405 3784 2459 resti-

2184 2484 2444 2538 tuendum
2490 2497 2613 2538 esse
2658 2482 2955 2535 edecumata
2999 2480 3177 2544 electa,
3216 2480 3357 2533 sicut
3386 2478 3525 2546 apud
3558 2478 3780 2545 Papiam

2183 2555 2508 2608 edecumatus
2552 2554 2762 2617 electus,
2796 2568 2894 2621 pro
2945 2551 3259 2605 edicumatus
3305 2553 3517 2621 ejeettts,
3548 2558 3603 2621 et
3630 2548 3777 2617 apud

2187 2625 2550 2679 Valerannum
2595 2626 2649 2678 in
2700 2620 2928 2691 epistola
2969 2622 3185 2691 prselixa
3232 2620 3372 2675 libro
3417 2620 3477 2675 S.
3530 2620 3777 2674 Anselmi

2185 2695 2443 2751 Cantuar.
2464 2696 2615 2750 arch.
2646 2694 2715 2749 de
2741 2694 3216 2750 Sacramentorum
3248 2692 3565 2747 diversitate
3592 2691 3779 2745 ederu-

2186 2776 2353 2821 matos
2380 2782 2478 2837 pro
2515 2766 2862 2837 edocumatos.
2897 2765 3033 2837 Ilinc
3072 2774 3268 2837 ethos
3317 2767 3462 2837 apud
3496 2762 3775 2837 aurelium

2186 2834 2599 2907 Symmachum,
2630 2837 2721 2907 qui
2746 2836 2945 2892 Siricio
2974 2835 3199 2904 tequalis
3226 2844 3366 2907 erat,
3390 2835 3485 2907 lib.
3514 2835 3572 2899 5,
3611 2834 3779 2907 epist.

2187 2854 2225 2893 δ
2268 2854 2599 2902 mmacnum,
2630 2854 2721 2907 qut
2747 2854 2945 2892 bll‘lClO
2974 2854 3199 2904 aequatis
3226 2854 3366 2897 erat,
3390 2854 3485 2889 ιιι).
3514 2854 3572 2899 o,
3611 2854 3779 2902 epist-

2187 2854 2262 2964 43
2286 2921 2339 2964 et
2367 2908 2458 2974 5|,
2480 2908 2572 2963 ubi
2597 2910 2733 2962 viros
2761 2906 3044 2961 decumam:
3074 2906 3272 2960 virtutis
3301 2906 3547 2974 legimus,
3583 2904 3781 2973 praefe-

2192 2981 2423 3035 rendum
2451 2994 2736 3035 censemus
2761 2977 3091 3042 edecumatw,
3116 2976 3394 3047 quomodo
3414 2978 3467 3031 in
3488 2978 3657 3031 veteri
3682 2991 3780 3047 co-

2188 3052 2308 3106 dice
2352 3050 2693 3120 Benigniano
2742 3050 2927 3103 haberi
2982 3050 3048 3103 ad
3097 3046 3395 3120 marginem
3437 3046 3777 3120 epistolaﬁl

2186 3117 2514 3177 annotaturf
2546 3120 2683 3188 Quid
2724 3135 2855 3174 vero
2899 3117 3279 3188 Symmachus,
3314 3120 3365 3173 in
3405 3119 3636 3188 epistola
3683 3117 3782 3179 49.

2185 3193 2253 3247 ad
2282 3194 2600 3262 Eutropium
2642 3192 2746 3246 sibi
2774 3191 2905 3245 velit
2935 3188 3019 3245 his
3070 3191 3271 3262 verbis,
3301 3188 3369 3243 In
3414 3189 3624 3260 gravido
3672 3206 3782 3262 non

2186 3264 2347 3318 habeo
2371 3260 2509 3336 quod
2536 3262 2778 3336 amicitiae
2807 3277 2932 3336 utea:
2951 3261 3424 3336 _viros_ede_cuutatw
3443 3263 3646 3336 uirtutis
3669 3260 3777 3312 ad-

2178 3331 2392 3407 jungis,
2415 3336 2625 3403 planius
2650 3333 2924 3407 eloquitur
2949 3334 2999 3387 in
3023 3334 3253 3407 epistola
3280 3332 3367 3407 5i,
3395 3334 3460 3385 ad
3485 3331 3773 3407 eumdem,

2185 3400 2347 3474 quam
2371 3400 2456 3461 isic
2488 3400 2774 3460 exorditur
2802 3421 2817 3457 :
2850 3404 2963 3476 Ago
2988 3400 3193 3476 quidem
3230 3405 3395 3457 studio
3420 3418 3531 3476 meo
3561 3400 3628 3473 (f.
3658 3400 3778 3476 tuo)

2186 3480 2368 3557 uberes
2413 3474 2963 3557 gratias.,-_quod'ntilti
2986 3475 3391 3557 familiaritatem
3421 3474 3777 3557 Probatissimt'

2185 3543 2437 3618 cujusque
2474 3543 2737 3603 concilias.
2783 3545 2935 3618 Unde
2983 3543 3231 3618 apertum
3276 3543 3475 3618 eat,id
3519 3543 3621 3613 ipsi
3651 3559 3779 3618 esse

2186 3615 2557 3681 edecuinatum,
2588 3619 2731 3688 quod
2789 3615 3231 3685 probatissimum,
3268 3617 3499 3670 maxime
3540 3630 3661 3669 cum
3719 3615 3774 3669 in

2186 3691 2373 3745 eadem
2398 3690 2628 3758 epistola
2650 3690 2715 3744 51
2748 3688 2974 3743 inferius
3000 3688 3320 3756 Eutropium
3343 3697 3515 3756 roget,
3532 3698 3585 3739 ut
3612 3702 3779 3738 unum

2186 3771 2274 3814 aut
2303 3764 2524 3815 alterum
2568 3776 2708 3829 mque
2754 3758 3036 3813 decumam:
3066 3758 3272 3831 (verius
3309 3759 3362 3831 iu
3406 3774 3509 3831 ms.
3546 3758 3775 3831 Benign.

2185 3830 2522 3903 edecumataz)
2552 3828 2831 3885 honestatis
2854 3831 2955 3903 sibi
3000 3828 3260 3903 inveniat.
3315 3829 3467 3903 lluuc
3500 3828 3778 3903 igitur_§i-

2187 3903 2351 3959 ricius
2394 3899 2702 3973 eligendum
2734 3915 2855 3973 esse
2894 3902 3081 3973 docet,
3111 3902 3200 3972 qui
3230 3900 3450 3955 czeteris
3490 3899 3780 3973 praecellit,

2188 3975 2291 4027 ltoc
2318 3986 2399 4028 est
2426 3971 2490 4028 ut
2511 3989 2633 4027 cum
2662 3972 2871 4043 synodo
2894 3971 3137 4026 Romana
3175 3974 3332 4041 epist.
3369 3973 3459 4033 10,
3488 3988 3544 4025 n.
3580 3971 3784 4043 178,7lo.

2184 4046 2389 4111 quitur,
2421 4042 2822 4113 dignissimum,
2868 4044 3115 4112 adeoque
3166 4044 3413 4113 prteiisse
3464 4042 3784 4111 intelligitur

2188 4123 2298 4167 tum
2343 4116 2509 4169 Le0ni
2543 4116 2706 4183 epist.
2762 4115 2848 4178 12,
2885 4128 3003 4183 cap.
3039 4114 3094 4181 6,
3124 4116 3211 4169 ubi
3258 4114 3303 4168 is
3345 4128 3482 4182 papa
3531 4115 3784 4184 Optimum

2187 4185 2617 4253 promovendnm
2659 4199 2783 4239 esse
2810 4186 3113 4249 constituit,
3142 4194 3255 4239 tum
3312 4184 3645 4239 Tridentinze
3689 4200 3785 4254 sy-

2188 4257 2331 4310 nodo
2358 4272 2495 4311 sess.
2527 4257 2620 4321 24,
2653 4270 2702 4311 c.
2731 4256 2820 4320 l8,
2850 4256 3001 4325 cujus
3028 4255 3255 4310 decreto
3282 4257 3327 4310 is
3351 4255 3664 4324 prmeipitur
3684 4257 3786 4309 eli-

2112 4328 2168 4389 D
2192 4327 2422 4400 gendus,
2445 4330 2533 4399 qui
2564 4327 2769 4400 dignior
2792 4328 2925 4380 inter
2955 4326 3194 4400 probatos
3235 4327 3299 4379 ab
3346 4326 3789 4400 examinutttribus

2190 4398 2372 4452 fuerit.
2417 4396 2679 4467 Quocirca
2728 4400 2952 4453 verbum
2981 4396 3307 4461 edecumarc,
3336 4396 3787 4453 confundendum

2188 4484 2296 4523 non
2343 4478 2426 4524 est
2467 4485 2592 4524 cum
2639 4468 2908 4522 decumare
2935 4484 3035 4523 seu
3079 4469 3356 4533 decimare,
3388 4485 3497 4538 quo
3537 4468 3788 4523 decimus

2185 4542 2434 4611 quisque,
2465 4549 2625 4610 prout
2654 4539 2958 4609 contigerit,
2995 4539 3246 4609 usurpari
3272 4540 3606 4610 intelligitur.

2260 4642 2281 4669 ο
2317 4631 2572 4692 Isidorus.
2606 4641 2662 4687 et
2708 4646 2773 4685 ex
2801 4645 2867 4686 eo
2889 4630 3025 4686 edit.
3076 4631 3232 4686 Rom.
3276 4640 3330 4686 et
3358 4633 3591 4698 concil.,
3645 4631 3789 4686 Sunt

2183 4703 2349 4774 digni,
2384 4704 2566 4757 addito
2604 4702 2674 4774 de
2701 4716 2799 4756 suo
2839 4701 3017 4773 digni,
3061 4704 3205 4774 quod
3256 4703 3457 4757 rectius
3503 4703 3662 4758 abest
3713 4702 3788 4757 ab

2180 4773 2549 4828 anterioribus
2597 4773 3027 4827 collectionibus.
3062 4773 3199 4829 Hinc
3229 4774 3601 4839 confirmatur,
3629 4776 3779 4842 quod

2182 4860 2328 4898 nnnt.
2361 4846 2395 4899 5
2431 4853 2694 4900 statutum
2734 4854 2845 4910 est,
2876 4853 2932 4897 ut
2980 4846 3233 4899 nimirum
3275 4846 3593 4899 diaconatus
3643 4847 3781 4899 nulli

2182 4916 2331 4983 prius
2380 4916 2710 4980 conferatur,
2740 4929 2900 4986 quam
2950 4915 3015 4968 ad
3069 4916 3403 4986 trigesimum
3448 4916 3622 4970 aetatis
3664 4930 3784 4969 suae

2181 5001 2381 5041 annum
2415 4988 2774 5057 pervenisset.
2803 4985 2897 5039 llic
2930 4986 3131 5057 quippe
3153 4985 3215 5041 id
3245 4998 3329 5042 est
3348 4988 3508 5052 intra,
3530 4987 3674 5054 quod
3698 4989 3783 5039 in-

2181 5059 2285 5126 fra.
2334 5055 2517 5127 Neque
2572 5058 2806 5112 obscure
2858 5055 3279 5113 subdiaconatus
3336 5060 3478 5114 inter
3529 5058 3780 5114 minores

2180 5129 2403 5183 ordines
2432 5128 2538 5183 illic
2565 5138 2834 5183 censetur.

2258 5220 2282 5259 δ
2318 5222 2469 5279 Unus
2491 5231 2591 5277 ms.
2620 5223 2779 5293 Colb.
2796 5239 2859 5278 ac
2880 5224 3138 5281 German.
3162 5265 3177 5287 ,
3204 5242 3295 5281 nec
3316 5224 3488 5277 statim
3508 5224 3610 5287 ad;
3633 5222 3779 5293 Reg.

2180 5307 2304 5347 eum
2328 5294 2542 5348 duobus
2588 5293 2711 5349 aliis
2754 5292 2911 5350 Colb.
2931 5338 2949 5361 ,
2980 5312 3071 5350 nec
3097 5296 3270 5350 saltim
3298 5294 3388 5350 ad.
3421 5295 3568 5348 Alter
3600 5292 3789 5363 regius

2182 5379 2304 5418 cum
2334 5364 2542 5436 aliquot
2561 5367 2825 5436 exemplis
2848 5366 3010 5421 Hadr.
3032 5408 3045 5431 ,
3070 5384 3161 5422 nec
3182 5368 3347 5421 saltus
3372 5364 3462 5418 ad.
3489 5366 3624 5419 Ilinc
3653 5365 3786 5421 Isid.

2182 5448 2237 5488 et
2262 5450 2329 5489 ex
2356 5450 2423 5491 eo
2449 5435 2660 5490 Merlin.
2684 5435 2736 5492 et
2763 5438 2921 5491 Crab.
2958 5455 3049 5492 nec
3078 5455 3165 5506 per
3205 5440 3371 5491 saltus
3395 5439 3482 5489 ad.
3506 5436 3646 5490 Editi
3666 5438 3792 5499 alii,

2182 5520 2304 5560 cum
2329 5506 2543 5561 duobus
2575 5522 2705 5563 mss.
2724 5524 2845 5569 ,πει
2867 5511 3039 5563 statim
3062 5510 3217 5565 saltu.
3245 5507 3581 5564 Veterrimus
3608 5506 3793 5562 codex

2181 5577 2348 5650 Gorb.
2376 5620 2392 5643 ,
2430 5580 2689 5642 tloislin.,
2726 5579 3082 5650 Laudnnnac
3143 5580 3327 5650 plures
3364 5579 3477 5644 alii,
3508 5594 3600 5631 nec
3643 5578 3790 5650 salut

2181 5648 2251 5699 ad
2283 5664 2302 5701 :
2333 5642 2452 5716 qui:
2468 5650 2682 5719 lectio,
2719 5661 2776 5703 ut
2824 5642 3155 5718 simplicior,
3179 5668 3243 5706 ac
3272 5642 3594 5706 camerarum
3647 5642 3789 5703 mss”.

2184 5719 2508 5775 lectionibus
2540 5720 2772 5787 afliuior,
2796 5723 3100 5789 prmfertttr.
