4120 6186
616 231 753 292 H51

1886 231 2130 290 SANCTI
2171 230 2397 291 SIRICll
2437 231 2642 290 PAPIE

3787 235 3932 290 “59.

616 363 774 422 pum,
822 362 886 422 ac
932 347 1548 422 Bizacemeprovingcite
1591 349 1878 422 primatem
1917 365 2062 406 anno
2105 351 2209 407 M7
2238 351 2289 412 A
2387 349 2478 406 Vl.
2526 351 2780 406 Sirieium
2809 351 2969 408 verbis
3013 351 3255 407 monendi
3274 361 3324 404 et
3349 352 3570 422 rogandi
3600 352 3675 405 ad
3716 368 3788 405 ea
3819 368 3936 421 qua-

615 419 876 492 fuissein
902 419 1160 492 confesso
1201 419 1292 486 sit,
1322 419 1464 492 quod
1505 430 1562 492 et
1595 419 1745 476 illius
1789 422 2120 492 subscriptio
2161 428 2215 482 in

616 491 866 565 concilio
896 491 1224 565 Milegitano
1254 492 1300 547 ll
1336 491 1469 565 ann.
1491 564 1494 565 ν
1516 491 1625 547 416
1664 492 1854 565 habito
1901 491 2124 565 probat,
2154 513 2218 554 ac

617 561 976 635 nihilominus
1009 561 1254 635 iTelensis
1297 563 1532 618 civitatis
1587 564 1876 635 episcopus
1902 561 2217 624 'manifcsto

616 633 967 689 librariorum
1008 634 1162 701 lapsu
1192 635 1495 698 scribatur;
1534 633 1637 690 cur
1665 633 1933 691 non'item
1969 638 2220 695 librario-

617 719 740 760 rum
792 707 944 777 lapsu
997 706 1213 777 factum_
1244 705 1552 767 credamus,
1607 716 1664 760 ut
1708 709 2022 768 concilium.
2074 712 2218 777 quod

620 776 900 847 nonnullis
930 777 982 830 in
1016 790 1145 831 mss.
1172 775 1476 847 Teleptense
1507 779 1756 846 legimus,
1782 778 1834 832 iu
1864 779 1986 834 aliis
2005 775 2221 836 Teiense

619 846 993 903 scriberetur?
1028 847 1176 902 Idem
1223 864 1354 903 vero
1402 850 1691 903 concilium
1718 866 1747 904 a
1775 849 2054 905 Ferrando
2102 853 2222 908 Zel-

622 920 782 990 l_ense,
811 921 938 990 quia
966 935 1027 974 re
1056 920 1169 985 ipsa
1195 919 1363 974 Zellae
1395 919 1634 974 habitum
1665 922 1759 985 sit,
1786 921 1856 975 ab
1893 920 2016 977 aliis
2039 932 2218 979 autem

621 987 960 1062 Teleptense,
1012 991 1135 1059 quia
1187 991 1252 1044 ad
1301 991 1684 1062 Telepteusem
1734 992 2012 1048 ditecesim
2074 994 2219 1050 Zella

624 1061 914 1132 pertineat,
948 1074 1310 1130 nuncupatum
1345 1061 1593 1132 Baluzius
1620 1063 1868 1130 opinatur
1890 1081 1909 1115 ‹
1938 1079 2006 1118 eo
2035 1066 2221 1132 modo,

625 1131 734 1202 quo
776 1131 971 1187 Loaisa
1024 1133 1313 1188 concilium
1371 1131 1756 1188 Tarraconense
1805 1136 2015 1189 vocavit
2065 1131 2219 1203 illud,

625 1204 772 1278 quod
824 1204 1160 1278 temporibus
1187 1205 1421 1278 Sise_buti
1467 1206 1609 1272 regis
1652 1204 1893 1278 habitum
1939 1205 2037 1278 fuit
2083 1210 2223 1278 apud

627 1275 864 1345 ljlgaram
891 1275 945 1330 in
977 1277 1249 1345 provincia
1283 1275 1713 1340 Tarraconensi;
1747 1276 2066 1332 Sirmondus
2094 1275 2224 1336 vero

630 1343 1002 1418 Magalonense
1036 1345 1189 1410 illud,
1223 1346 1366 1418 quod
1399 1347 1654 1403 convenit
1682 1347 1822 1418 apud
1852 1346 2136 1405 Juncarias
2171 1353 2222 1406 in

629 1417 907 1471 territorio
937 1417 1323 1486 Magalonensi.
1363 1437 1379 1469 ι

703 1487 795 1546 IV.
832 1488 1058 1542 Alterius
1075 1489 1306 1559 epistola:
1325 1488 1348 1542 1
1357 1490 1615 1544 nnocentii
1632 1506 1749 1544 cum
1765 1505 1825 1544 ea
1844 1492 2226 1548 consensionem

628 1560 762 1614 nihil
783 1563 898 1632 ejus
919 1561 1120 1632 veritati
1148 1561 1378 1630 ofﬁcere.
1403 1591 1472 1600 -—
1499 1560 1634 1616 Item
1663 1563 1935 1630 objecmm
1965 1564 2135 1628 aliud,
2160 1581 2226 1619 ex

629 1631 840 1685 summa
883 1631 1134 1698 epistola:
1183 1632 1363 1688 Siricii
1410 1647 1532 1686 cum
1588 1633 1758 1687 altera
1801 1632 2104 1689 Innocentii
2158 1636 2223 1690 ad

638 1701 948 1773 Yictricium
980 1703 1344 1758 consensione
1366 1703 1615 1773 petitum,
1646 1703 1746 1758 hac
1771 1703 1928 1759 diluit
1951 1705 2225 1762 llincmari

634 1771 922 1828 Remensis
945 1781 1021 1828 to.
1041 1773 1107 1840 ll,
1130 1790 1182 1844 p.
1207 1775 1334 1837 461.
1360 1771 1742 1830 observatione
1768 1793 1820 1828 τε
1854 1775 1950 1830 Hic
1971 1785 2055 1831 est
2079 1781 2224 1832 enim

631 1858 754 1898 mos
798 1845 1116 1914 apostolicm
1162 1849 1310 1902 sedis
1351 1845 1721 1914 ponlilicibus,
1754 1856 1812 1900 ut
1849 1847 2013 1902 verba
2039 1849 2230 1904 deces—'

632 1930 819 1989 s_orum
839 1931 1062 1989 suorum
1077 1919 1229 1987 quasi
1247 1919 1464 1989 propria
1483 1917 1532 1970 in
1557 1916 1670 1971 suis
1690 1927 1894 1986 ponant
1919 1916 2186 1987 epistolis.
2203 1940 2221 1973 ι

632 1985 806 2052 Quam
861 1985 1571 2054 quidem‘observationem
1629 1985 1968 2044 lli’ncmarus
2009 1990 2223 2046 Laudu-

633 2059 821 2130 nensis
849 2057 1008 2130 ibid.,
1032 2075 1156 2130 pag.
1191 2059 1298 2116 624
1326 2070 1382 2115 et
1407 2059 1534 2126 651,
1569 2061 1885 2130 verissimam
1925 2075 2050 2116 esse
2093 2078 2227 2117 con-

634 2129 835 2184 firmat.
866 2129 1204 2201 Quamquam
1231 2147 1336 2186 non
1367 2131 1589 2185 aliunde
1618 2129 1847 2186 forsitan
1875 2133 2080 2187 nitatur
2110 2136 2227 2189 inec

634 2201 853 2254 illorum
879 2202 1210 2268 observatio,
1246 2202 1349 2257 nisi
1391 2201 1538 2272 quod
1562 2202 1615 2256 in
1647 2202 1896 2272 epistolis
1916 2204 1983 2257 ab
2019 2204 2226 2260 Isidoro

633 2273 884 2344 confictis
935 2273 1487 2344 eademgfrequenter
1533 2275 1760 2343 repetita
1812 2273 2228 2343 deprehendan-

637 2350 746 2414 tur.
793 2342 998 2414 Saltem
1035 2343 1167 2398 illud
1211 2342 1446 2408 certum,
1492 2342 1640 2414 quod,
1686 2342 2223 2414 adjungitBalnzius,

639 2412 818 2487 ipsum
842 2413 1214 2487 Innocentium
1236 2414 1289 2468 in
1329 2412 1557 2484 epistola
1579 2413 1648 2487 ad
1671 2412 2028 2487 ExSuperium
2053 2433 2174 2487 cap.
2196 2423 2218 2473 l

638 2486 857 2558 propria
912 2485 1074 2558 verba
1128 2485 1377 2554 epistolae
1425 2485 1635 2558 suze‘ad
1671 2485 1981 2558 Victricium
2025 2485 2142 2558 cap.
2191 2490 2224 2545 9

639 2554 973 2610 exscribere.
1034 2557 1110 2611 Ex
1139 2572 1249 2624 quo
1280 2559 1459 2612 minus
1491 2555 1688 2610 mirum
1718 2556 1886 2612 videri
1933 2554 2135 2620 debet.
2181 2562 2224 2615 si

637 2635 693 2678 et
718 2625 1025 2698 decessoris
1063 2628 1293 2696 scripta,
1321 2643 1442 2697 qua:
1476 2642 1599 2681 cum
1642 2627 1790 2681 illius
1834 2628 1964 2683 sede
1991 2631 2224 2698 quodam

640 2697 803 2769 modo
857 2698 1076 2766 propria
1130 2699 1230 2769 ipsi
1283 2708 1605 2762 evaserant,
1669 2700 1877 2768 pariter
1929 2697 2223 2758 exScribat.

639 2765 810 2822 Immo
845 2765 973 2824 mihi
1017 2765 1302 2838 utramque
1333 2771 1624 2838 epistolam
1668 2765 1973 2826 conferenti
2004 2788 2229 2840 persua-

639 2852 759 2892 sum
793 2848 918 2902 est,
951 2841 1257 2896 Innocentii
1286 2841 1573 2908 epistulam
1624 2856 1691 2896 ex
1738 2843 1971 2909 epistola
2004 2845 2182 2900 Siricii
2210 2888 2225 2909 ,

643 2925 752 2963 non
784 2910 936 2984 hanc
960 2928 1026 2966 ex
1065 2913 1502 2984 illaiexpressam
1533 2927 1677 2984 esse.
1723 2913 1977 2984 Idemque
2007 2917 2072 2970 iis
2106 2933 2226 2984 per-

643 2994 867 3054 suasum
927 2983 990 3036 iri
1041 2983 1277 3051 confido,
1339 2983 1430 3052 qui
1481 2999 1603 3054 qua;
1655 2983 1707 3036 in
1759 2983 1984 3051 epistola
2041 2983 2223 3043 Siricii

641 3053 1008 3128 explicatione
1050 3065 1269 3128 egeant,
1300 3057 1389 3128 inj
1415 3053 1712 3128 Innocentii
1759 3057 1988 3128 epistola
2025 3070 2082 3112 ut
2109 3060 2225 3128 lel-

2321 432 2577 493 praecepta
2626 433 2790 476 essent
2825 424 3182 492 persuadendo
3221 440 3324 478 non
3348 423 3572 476 absurde
3600 439 3766 478 nsum
3800 439 3932 478 esse.

2323 523 2392 534 ——
2418 497 2524 559 At,
2557 495 2730 564 inquit
2771 494 3019 549 laudatus
3067 495 3151 550 vir
3179 510 3300 564 cap.
3356 495 3420 561 5,
3456 511 3511 548 η.
3568 496 3635 558 7t,
3692 513 3714 545 ‹
3753 497 3934 548 mani-

2321 564 2514 619 festam
2580 566 2781 620 faciunt
2826 566 3138 632 impostoris
3191 565 3449 619 malitiam
3508 567 3590 620 vel
3645 566 3931 620 inscitiam

2322 637 2487 690 verba
2514 635 2630 690 haec
2657 637 2855 706 capitis
2884 638 2938 701 9,
2973 656 2990 688 ‹
3017 637 3323 692 Suademus
3350 636 3748 692 utsacerdotes
3771 649 3831 691 et
3861 637 3934 693 le—

2323 709 2448 762 vitae
2470 723 2592 762 cum
2621 708 2885 762 uxoribus
2907 709 3017 763 suis
3063 725 3170 765 non
3201 719 3394 763 coeant
3422 726 3436 773 ;
3475 727 3494 760 ι
3531 724 3758 764 necnon
3811 709 3931 770 ista,

2329 797 2347 830 ‹
2387 778 2609 850 Hortor,
2635 794 2851 842 moneo.
2888 796 3042 850 rogo,
3071 790 3178 836 etc.
3217 799 3234 832 ι
3272 779 3328 834 In
3361 780 3446 833 bis
3494 790 3684 850 tamen
3748 781 3934 834 verbis

2325 849 2397 903 nil
2424 850 2600 904 simile
2632 851 2788 905 nobis
2809 866 3075 917 apparere
3105 852 3250 904 ultro
3275 851 3526 905 fatemur.
3560 849 3764 918 Neque
3788 851 3933 904 enim

2323 923 2402 975 sic
2431 935 2491 974 ea
2531 921 2661 984 dici,
2709 929 2767 975 ut
2811 922 3060 977 obtendit
3105 923 3188 976 vir
3218 923 3485 983 eruditus,
3538 921 3934 990 intelligimus,

2330 1010 2349 1043 ‹
2389 991 2542 1062 quasi
2574 992 2691 1062 lege
2721 995 3070 1048 continentiae
3097 1009 3204 1047 non
3248 1002 3562 1048 tenerentur
3606 993 3936 1047 sacerdotes

2323 1073 2380 1118 et
2428 1061 2644 1127 levitze;
2686 1082 2706 1116 ι
2742 1063 2840 1117 sed
2883 1075 2940 1118 ut
2981 1065 3048 1119 ad
3095 1081 3216 1119 eam
3248 1064 3419 1134 legem
3456 1065 3810 1119 servandam
3839 1081 3938 1133 qua

2325 1135 2669 1197 tenebantur,
2724 1135 3032 1202 hortando,
3091 1139 3400 1200 monendo,
3467 1135 3744 1204 rogando,
3815 1150 3940 1187 sua-

2325 1205 2504 1276 dendo
2529 1205 2928 1259 inducerentur.
2959 1207 3040 1262 An
3065 1207 3131 1261 ad
3155 1223 3218 1261 ea
3245 1217 3475 1269 tantum,
3507 1223 3633 1276 qua:
3659 1222 3728 1260 ex
3766 1207 3939 1260 animi

2326 1275 2494 1330 libera
2539 1277 2821 1330 voluntate
2868 1279 3125 1345 pendent,
3155 1293 3218 1332 ac
3260 1277 3408 1331 nulla
3440 1275 3704 1346 praecepti
3739 1291 3939 1332 neces-

2326 1348 2488 1400 sitate
2515 1347 2822 1416 exiguntur,
2856 1357 2939 1402 est
2964 1347 3240 1414 hortandi,
3273 1349 3556 1413 monendi,
3610 1347 3862 1417 regaudi
3889 1359 3939 1403 et

2327 1418 2592 1490 suadendi
2624 1420 2809 1490 locus?
2855 1418 2974 1490 Ipse
3013 1419 3259 1482 Siricius,
3283 1420 3352 1472 ab
3381 1419 3501 1488 ipso
3527 1421 3794 1489 epistolae
3830 1435 3939 1473 sua:

2328 1488 2592 1556 prooemio
2622 1504 2684 1545 ea
2729 1489 2796 1543 ad
2849 1488 2969 1559 qua:
3021 1491 3252 1544 subinde
3308 1488 3576 1554 hortatur,
3627 1507 3740 1545 non
3779 1506 3932 1545 mera

2329 1560 2554 1615 consilia
2581 1576 2702 1615 esse
2746 1562 2970 1626 indicat,
3024 1563 3119 1614 sed
3166 1572 3444 1631 praecepta,
3497 1571 3553 1616 et
3583 1577 3653 1616 ea
3685 1560 3936 1631 quidem,

2330 1631 2526 1699 quibus
2564 1646 2630 1686 eo
2659 1633 2827 1701 magis
2873 1636 3102 1702 quisque
3134 1643 3400 1700 teneatur,
3426 1632 3571 1702 quod
3617 1649 3728 1686 non
3781 1650 3937 1695 nm,

2331 1705 2426 1756 sed
2461 1711 2643 1758 vetera
2669 1703 2962 1758 constituta
2986 1706 3116 1758 sint.
3150 1705 3410 1769 Quocirca
3443 1704 3641 1758 iisdem
3661 1705 3940 1772 expositis

2332 1773 2554 1842 subjicit
2588 1789 2602 1826 :
2633 1791 2651 1824 ι
2690 1773 2745 1830 Si
2771 1776 2892 1844 quis
2925 1790 3056 1829 sane
3104 1775 3320 1829 inflatus
3364 1783 3545 1828 mente
3587 1775 3786 1829 carnis
3829 1789 3940 1828 suae

2331 1847 2400 1898 ab
2432 1845 2532 1899 hac
2559 1845 2785 1900 canonis
2824 1847 3035 1901 ratione
3073 1847 3313 1901 voluerit
3351 1847 3593 1916 evagari,
3625 1847 3777 1901 sciat
3826 1860 3887 1899 se
3913 1863 3939 1898 a

2329 1924 2512 1970 nostra
2558 1918 2942 1971 communione
2972 1918 3266 1982 seclusum,
3317 1927 3369 1972 et
3416 1917 3694 1986 gehennze
3744 1931 3943 1985 pinnas

2331 1986 2664 2041 habiturum.
2705 2007 2723 2039 ›
2758 1987 2928 2041 Nemo
2979 1997 3132 2047 certe
3161 1989 3358 2054 ullum,
3408 1989 3480 2042 ob
3538 1988 3784 2043 consilia
3852 2004 3944 2043 ne-

2328 2059 2646 2126 glecta,aut
2690 2073 2719 2112 a
2765 2061 3145 2115 communione
3175 2075 3271 2114 sua
3320 2060 3724 2114 secludendum
3786 2074 3940 2121 esse,

2329 2138 2424 2182 aut
2461 2131 2729 2198 gehennte
2779 2131 2953 2199 poenis
3010 2133 3310 2186 obnoxium
3359 2130 3473 2186 fore
3505 2132 3824 2185 censuerit.
3860 2133 3938 2185 Ad

2331 2199 2470 2265 haec,
2489 2205 2563 2255 uti
2581 2200 2690 2269 jatn
2707 2201 3307 2271 Baluziuspbservavit,
3325 2202 3677 2256 Innocentius
3690 2204 3869 2270 epist.
3887 2205 3936 2263 5.

2329 2271 2394 2324 ad
2429 2272 2823 2344 Exsuperium,
2882 2290 2936 2326 n.
2987 2275 3055 2341 5;
3109 2274 3286 2329 Siricii
3328 2274 3394 2328 de
3420 2273 3786 2328 continentia:
3822 2276 3940 2344 lege

2327 2342 2493 2396 verba
2528 2343 2774 2409 laudans,
2803 2359 2865 2397 ea
2897 2363 2915 2395 (
2954 2345 3125 2400 beatte
3170 2345 3571 2400 recordationis
3609 2346 3717 2399 viri
3751 2342 3936 2400 Siricii

2327 2417 2542 2486 monita,
2572 2434 2589 2466 ι
2614 2430 2718 2468 non
2746 2427 3036 2485 prmcepta,
3069 2427 3365 2485 nuncupat.
3388 2416 3512 2486 Ipse
3540 2432 3772 2486 quoque
3803 2416 3939 2472 Siri-

2326 2485 2447 2538 cius
2467 2486 2519 2538 in
2553 2487 2782 2547 epistula
2809 2488 2862 2550 4,
2891 2505 2942 2541 u.
2976 2488 3027 2549 5',
3052 2487 3126 2552 id,
3156 2489 3300 2557 quod
3329 2485 3477 2542 velut
3507 2507 3528 2541 (
3563 2485 3767 2542 contra
3795 2503 3932 2555 apo-

2325 2557 2521 2627 stolica
2580 2568 2877 2627 praecepta,
2936 2578 2953 2610 ›
3004 2558 3202 2613 factum
3233 2559 3591 2613 vehementer
3633 2560 3934 2626 improbat,

2329 2640 2396 2680 ne
2421 2626 2682 2699 deinceps
2714 2626 2826 2694 ﬁat,
2873 2629 3042 2684 verbo
3070 2631 3377 2684 admonendi
3419 2630 3677 2699 prohibet
3707 2631 3761 2684 in
3794 2630 3933 2684 hunc

2327 2698 2571 2764 modum,
2602 2718 2621 2751 t
2643 2699 2796 2765 Quod
2825 2718 2890 2753 ne
2915 2703 3007 2753 fiat
3029 2703 3168 2755 ultra
3193 2698 3484 2756 admoneo.
3505 2720 3524 2753 ι
3553 2702 3617 2754 Et
3642 2702 3818 2768 epist.
3845 2702 3930 2764 10,

2328 2783 2383 2821 n.
2436 2771 2506 2824 6:
2538 2788 2556 2820 ‹
2609 2770 2928 2826 [luminibus
2981 2773 3349 2843 coinquinatis
3399 2782 3458 2827 et
3504 2772 3928 2827 inﬁdelibus...

2328 2843 2647 2910 mysterium
2698 2843 2788 2897 Dei
2840 2843 3065 2898 credere
3111 2860 3217 2898 non
3261 2852 3542 2912 oportere,
3574 2845 3936 2899 veneratione

2329 2913 2614 2980 religionis
2637 2914 2749 2982 ipsa
2780 2914 3067 2976 suadente,
3101 2919 3322 2969 moneo.
3360 2933 3378 2965 ι

2401 2982 2508 3057 γ-ιι.
2564 2984 2953 3056 Afrorumerga
2995 2988 3168 3039 sedem
3201 2987 3540 3057 apostolicam
3581 2987 3936 3057 observantia.

2333 3082 2403 3092 —
2429 3054 2546 3108 .Iam
2577 3054 2913 3124 prtemiserai
2941 3054 3266 3124 Quesnellus
3288 3072 3409 3127 cap.
3443 3060 3496 3123 5,
3531 3075 3586 3110 ιι.
3618 3058 3656 3111 5
3684 3077 3698 3110 :
3741 3077 3760 3107 ι
3799 3056 3932 3110 Cer-

645 3107 875 3179 nam.”
911 3107 1184 3194 suppleri
1211 3107 1747 3191 animadverterint;
1767 3107 2228 3184 adsensit}-

2339 3107 2447 3178 tum
2476 3135 2558 3179 est
2577 3107 2679 3188 'per
2722 3142 2842 3181 eam
2874 3107 3112 3193 aetatem,
3158 3107 3442 3184 Africanos
3482 3107 3708 3182 suarum
3756 3129 3942 3182 eccle-

641 3193 760 3250 cins
810 3193 1096 3252 verborum
1128 3213 1350 3253 suorum
1395 3209 1621 3259 auctor,
1664 3197 2012 3254 Innocentius
2051 3202 2232 3256 Siricii

644 3266 920 3338 interpres
953 3267 1111 3337 plane
1140 3279 1422 3338 appareat.
1468 3269 1590 3323 Veri
1619 3268 1764 3322 enim
1797 3270 1978 3326 simile
2011 3288 2117 3326 non
2151 3282 2235 3328 est

644 3339 888 3414 cumqui
915 3354 979 3393 ex
1009 3339 1310 3414 Innocentii
1345 3340 1526 3395 verbis
1558 3342 1846 3414 epistolam
1878 3357 2230 3414 componere,

647 3421 704 3464 et
732 3412 928 3483 Sirieio
955 3412 1217 3481 attingere
1245 3415 1512 3467 voluisset
1536 3451 1552 3477 ,
1584 3412 1830 3480 qumdam
1859 3412 2191 3469 illius'verba
2218 3457 2234 3483 ,

646 3496 768 3550 qua:
793 3482 858 3536 ad
894 3485 1335 3550 perspicuitatem
1366 3484 1654 3539 sententia:
1693 3483 1944 3539 videntur
1984 3482 2239 3541 accessa-4

648 3555 753 3617 ria,
791 3552 956 3607 fuisse
986 3555 1342 3610 omissurmu.
1376 3554 1452 3609 Ex
1493 3553 1575 3607 his
1597 3563 1777 3609 autem
1812 3555 1943 3611 locis
1974 3557 2236 3612 nonnulla

651 3639 798 3677 nttnc
847 3633 1035 3678 essent
1078 3627 1388 3692 indicanda,
1423 3627 1525 3679 nisi
1558 3624 1661 3679 hoc
1709 3625 1853 3680 notis
1900 3630 2240 3684 commodius

650 3705 985 3767 servaretur.
1031 3697 1110 3750 Ad
1144 3696 1520 3752 Innocentium
1553 3696 1699 3765 quod
1743 3699 1960 3766 attinet,
1998 3700 2180 3767 plures
2210 3717 2240 3757 a

651 3764 849 3838 Siricio
869 3765 982 3836 jam
1018 3770 1367 3838 praeseriptas
1413 3764 1629 3837 regulas
1657 3768 1904 3837 epistolae
1948 3764 2064 3824 sua:
2097 3774 2240 3826 insc-

651 3837 824 3892 rendo
872 3837 1270 3896 convenienter
1323 3840 1580 3896 Victricio
1637 3839 1934 3905 satisfecit,
1993 3841 2130 3896 nihil
2177 3843 2245 3897 ab

657 3911 775 3978 ipso
802 3925 1012 3981 novum
1043 3912 1361 3980 postulanti,
1389 3910 1483 3966 sed
1513 3911 1823 3980 regularum
1857 3912 2055 3967 librum
2081 3955 2097 3980 ,
2143 3929 2248 3981 quo

658 3998 677 4031 ι
713 3980 890 4050 qualis
932 3993 1179 4037 servetur
1235 3986 1285 4038 in
1346 3983 1496 4037 urbis
1541 3982 1728 4036 Rotme
1769 3984 2018 4038 ecclesiis
2077 3980 2242 4038 dis'ci-

656 4050 804 4120 plina
826 4050 1214 4122 redocerctur,
1232 4055 1527 4122 expetenti.

729 4122 790 4175 V.
841 4121 1094 4196 R‘ejicitur
1110 4140 1225 4193 quin
1244 4121 1462 4196 ﬁngitur
1475 4125 1585 4196 ejus
1604 4127 1955 4196 supponenda:
1981 4141 2156 4180 causa.
2180 4153 2248 4166 -—

651 4188 843 4261 Neque
881 4188 969 4246 hic
1011 4188 1159 4248 locus
1202 4188 1345 4248 ullus
1373 4203 1456 4248 est
1482 4188 1582 4248 viri
1610 4188 1900 4251 clarissimi
1928 4197 2249 4264 suspicioni,

652 4278 757 4330 qua
788 4272 980 4319 censet
1005 4265 1242 4333 aliquem
1269 4264 1532 4319 Romanae
1555 4267 1931 4336 amplitudinis
1958 4271 2253 4322 auctorita-

655 4335 833 4406 tisque
885 4345 1221 4406 praepostere
1276 4337 1608 4404 studiosum,
1639 4335 1762 4392 cum
1810 4339 2021 4394 videret
2059 4339 2255 4393 Roma-

654 4421 853 4461 norum
906 4408 1218 4476 pontificum
1276 4408 1496 4473 Zosimi,
1551 4409 1813 4465 Bouil‘acii
1869 4420 1925 4466 et
1974 4409 2252 4465 leestiui

2337 3197 2541 3250 siarum
2573 3197 3100 3254 administrationem
3132 3215 3198 3253 ex
3227 3201 3563 3269 propriarum
3587 3199 3941 3270 synodorum

2335 3270 2637 3341 canonibus
2686 3271 2938 3338 gessisse,
2983 3284 3082 3325 nec
3136 3272 3282 3341 leges
3329 3272 3712 3326 ecclesiastica:
3759 3271 3946 3324 disci-

2339 3339 2503 3409 plina:
2530 3354 2561 3392 a
2588 3342 2967 3412 transmarinis
3016 3339 3325 3412 regionibus
3351 3342 3446 3396 sibi
3487 3341 3698 3406 imponi
3728 3356 3946 3409 passos

2339 3425 2480 3464 esse.
2514 3430 2531 3463 ι
2587 3410 2786 3465 Verum
2821 3412 2894 3478 id,
2925 3410 3214 3481 quod‘pro
3253 3423 3393 3468 certo
3449 3413 3630 3480 ponit,
3683 3427 3816 3464 cum
3876 3414 3949 3466 iis

2339 3496 2462 3550 qua:
2486 3482 2585 3536 sub
2612 3482 2788 3537 Siricii
2819 3485 3231 3539 successoribus
3258 3485 3566 3546 Anastasio,
3611 3485 3949 3537 lnnocrntin

2339 3564 2395 3607 ct
2429 3553 2701 3609 Bonifacio
2727 3563 2875 3622 gesta
2908 3564 3052 3621 sunt,
3084 3570 3412 3624 componere
3435 3569 3653 3624 prorsus
3683 3568 3799 3607 non
3849 3571 3949 3605 va-

2345 3625 2471 3688 leat,
2505 3627 2548 3677 si
2579 3626 2701 3679 hinc
2723 3625 2901 3680 Siricii
2927 3625 3145 3693 litterae,
3172 3627 3318 3696 quod
3341 3624 3585 3680 Africano
3616 3628 3672 3678 in
3697 3625 3950 3678 concilio

2343 3696 2592 3751 dicantur
2619 3698 2794 3763 lectm,
2825 3697 3138 3766 rejicienda:
3160 3701 3288 3752 sint.
3317 3697 3468 3751 Nunc
3488 3698 3632 3750 enim
3669 3696 3946 3766 Africani,

2347 3778 2406 3821 ut
2428 3779 2482 3821 et
2507 3767 2758 3822 Baluzius
2787 3765 3063 3822 annotavit
3085 3767 3235 3840 (Cod.
3269 3785 3387 3822 can.
3411 3768 3552 3822 Eccl.
3582 3769 3698 3836 Afr.
3730 3783 3782 3819 ε.
3820 3765 3945 3835 56),

2348 3840 2557 3894 litteras
2587 3839 2901 3893 scribendas
2921 3847 2976 3893 et
3004 3839 3235 3909 legatum
3270 3839 3590 3894 mittendum
3636 3841 3949 3909 decernunt

2347 3910 2414 3965 ad
2447 3909 2790 3964 AnaStasium
2830 3907 3139 3980 apostolicae
3171 3911 3314 3964 sedis
3336 3912 3650 3979 episcopum
3678 3919 3733 3963 et
3757 3907 3948 3962 Vene-

2349 3982 2490 4035 rium
2519 3981 2856 4037 sacerdotem
2888 3981 3368 4045 Mediolancnsem,
3394 3996 3490 4036 eos
3519 3993 3845 4038 oraturum;
3891 3990 3950 4033 ut

2350 4051 2628 4122 decretum
2665 4059 2990 4122 temperent,
3024 4053 3165 4120 quod
3192 4063 3301 4106 tum
3346 4052 3627 4107 observari
3662 4051 3951 4105 Africam-

2353 4139 2470 4176 rum
2526 4121 2892 4194 Ecclesiaruirt
2955 4133 3127 4178 status
3192 4139 3296 4178 non
3354 4124 3724 4194 permittebat.
3789 4123 3953 4176 Modo

2355 4193 2624 4248 Anastasii
2653 4194 2900 4262 ejusdem
2931 4195 3124 4249 litteris
3166 4195 3218 4248 iu
3248 4193 3482 4250 concilio
3517 4211 3617 4249 suo
3664 4193 3953 4252 recitatis.

2353 4267 2554 4336 gratias
2578 4275 2741 4335 agunt
2769 4265 2898 4330 Deo,
2933 4283 2952 4316 ‹
2981 4265 3123 4334 quod
3155 4266 3232 4320 illi
3271 4267 3480 4334 optimo
3522 4280 3585 4319 ac
3625 4275 3832 4320 sancto
3861 4282 3954 4317 an-

2356 4337 2515 4390 tistiti
2547 4350 2648 4390 suo
2682 4346 2786 4389 tam
2837 4337 2977 4406 piam
3024 4351 3210 4390 curam
3259 4352 3357 4406 pro
3411 4337 3677 4392 membris
3716 4336 3953 4397 Christi,

2359 4407 2608 4477 quamvis
2641 4412 2690 4460 in
2728 4406 3041 4461 diversitate
3088 4417 3377 4474 terrarum,
3408 4408 3500 4462 sed
3533 4408 3586 4461 in
3635 4424 3744 4461 una
3805 4423 3958 4460 com-

654 4479 797 4552 male
822 4480 1056 4535 cessisse
1079 4496 1326 4552 Operam,
1358 4495 1521 4552 quam
1550 4495 1646 4547 pro
1672 4483 1795 4552 jure
1815 4481 2241 4551 appellationum
2270 4487 2322 4546 Ι)
2351 4495 2485 4552 page
2511 4478 2844 4552 constitutis,
2871 4479 3140 4552 inspirare
3170 4479 3420 4552 dignatus
3434 4477 3771 4552 est(lbid.c.
3793 4479 3915 4552 65.)
3937 4497 3953 4527 ι

654 4551 720 4622 ad
756 4553 1124 4622 Apostolicam
1154 4551 1338 4606 sedem
1369 4551 1422 4605 in
1451 4550 1737 4608 Africanas
1761 4550 2073 4622 previncias
2097 4554 2245 4607 inve-

656 4620 836 4675 bendo
881 4632 1211 4690 posuerant,
1259 4624 1311 4676 iu
1341 4623 1580 4676 animum
1612 4620 1892 4679 induiisse
1938 4639 2095 4678 suum
2122 4666 2136 4690 ,
2190 4633 2245 4677 ut

657 4693 1192 4765 hasSiriciolittcras
1211 4705 1570 4762 supponeret,
1604 4697 1990 4763 celebremque
2018 4695 2248 4765 fingeret

655 4762 852 4817 Africa:
870 4765 1148 4834 synodum
1169 4781 1262 4820 eas
1291 4766 1667 4834 recipientem,
1692 4784 1799 4834 quo
1821 4762 2040 4821 infausti
2063 4762 2247 4822 ekitus

656 4833 924 4907 memoria
967 4833 1415 4907 roblittcraretur.’
1461 4834 1608 4890 Sane
1690 4833 2000 4907 hujusmodi
2065 4837 2246 4906 suspi-

654 4903 844 4976 ciones
872 4921 933 4957 ea
965 4906 1216 4959 levantur
1244 4915 1406 4975 atque
1439 4903 1797 4962 removentur
1827 4910 2111 4974 facilitate,
2143 4903 2246 4976 qua

654 4986 710 5030 ct
736 4974 1070 5050 injiciuntur.
1103 4977 1274 5031 Immo
1295 4974 1362 5050 ab
1394 4977 1554 5050 hujus
1578 4981 1793 5049 generis
1831 4981 2101 5050 figmentis
2133 4974 2244 5032 tum

654 5049 884 5117 quisque
915 5047 1142 5102 Romani
1173 5049 1409 5104 nominis
1435 5047 1712 5107 studiosus
1736 5047 1996 5106 deterreri
2028 5052 2247 5105 debuis-

653 5126 777 5184 set,
809 5133 932 5174 cum
991 5133 1182 5174 recens
1235 5121 1517 5186 probasset
1567 5121 1822 5178 Afrorum
1870 5123 1920 5176 in
1974 5123 2039 5175 iis
2080 5136 2247 5176 excu-

656 5190 877 5260 tiendis,
896 5208 1015 5260 qtae
1035 5190 1136 5245 sibi
1156 5192 1508 5245 conciliorum
1542 5195 1760 5247 nomine
1789 5192 2246 5258 obtrudebantur,

653 5259 1014 5332 diligentiam.
1066 5263 1199 5330 Quis
1249 5263 1416 5317 etiam
1451 5273 1557 5316 tam
1609 5265 1778 5318 hebes
1807 5275 1945 5328 erat,
1980 5272 2037 5317 ut
2068 5263 2146 5318 rei
2172 5273 2251 5316 tot

655 5335 824 5400 gestis
864 5336 1216 5403 consignatae,
1251 5342 1415 5403 atque
1472 5333 1643 5402 ipsius
1672 5333 1946 5389 Africanae
2003 5335 2248 5390 ecclesia:

655 5418 926 5460 canonum
944 5405 1132 5460 Codici
1162 5408 1379 5459 inserta:
1413 5405 1733 5459 memoriam
1759 5407 2067 5460 oblitterari
2090 5421 2250 5474 posse

657 5479 940 5545 Speraret?
968 5476 1075 5531 Sed
1099 5484 1155 5530 et
1183 5476 1228 5529 si
1260 5476 1345 5531 cui
1380 5486 1584 5530 tantum
1620 5476 1806 5532 fuisset
1841 5478 2100 5531 Romana:
2131 5491 2249 5530 am-

664 5547 954 5618 plitudinis
1005 5547 1278 5618 studium,
1329 5558 1385 5601 ut
1423 5547 1581 5617 hujus
1629 5550 1703 5604 rei
1754 5550 1926 5618 gratia
1973 5563 2073 5602 nec
2119 5548 2254 5601 falsa

667 5617 866 5688 scripta
903 5617 1242 5673 comminisci
1274 5627 1573 5682 vereretur,
1605 5618 1654 5674 is
1699 5617 1868 5674 dubio
1892 5619 2076 5688 procul
2109 5619 2258 5674 sedis

672 5685 922 5756 illiusjns
963 5688 1324 5755 apertioribus
1352 5704 1414 5742 ac
1445 5685 2004 5756 inagnilicentiori'bus
2028 5690 2211 5744 verbis
2239 5710 2254 5753 δ

673 5705 922 5754 unuspts
963 5705 1324 5755 aperuortnus
1352 5705 1414 5742 ac
1445 5705 1526 5742 ma
1574 5705 2004 5747 ntltcenttorlmts
2028 5705 2179 5743 verm

673 5753 832 5810 quam
860 5756 1056 5819 quibus
1089 5758 1314 5809 Siricius
1342 5773 1488 5811 illllll.
1518 5705 1776 5824 ﬁguntur,
1808 5755 2179 5828 explicuisset.

2350 4551 2454 4620 Ipsi
2487 4549 2746 4620 etiamad
2800 4549 3053 4603 eumdem
3099 4564 3290 4617 papam
3329 4551 3548 4603 mittunt
3597 4551 3836 4603 r'ursnm
3879 4551 3960 4601 lit-

2351 4619 2518 4684 teras,
2543 4619 2737 4690 quibus
2761 4635 2882 4689 qua:
2905 4620 2974 4674 de
2998 4620 3294 4675 Donatistis
3324 4620 3657 4691 recipiendis
3689 4621 3964 4676 decreve-

2351 4695 2482 4756 rint,
2535 4701 2846 4746 rcvcrenter
2886 4701 3192 4760 exponunt.
3243 4692 3484 4746 Subinde
3537 4702 3591 4746 et
3645 4691 3963 4746 Innocentii

2355 4764 2574 4826 litteris,
2604 4763 2802 4832 quibus
2832 4763 3128 4816 cavebatur
3162 4781 3182 4814 ‹
3219 4775 3278 4816 ιιι
3305 4764 3545 4831 episcopi
3574 4764 3643 4816 ad
3679 4774 3966 4817 transma-

2355 4835 2470 4889 rina
2499 4849 2724 4903 pergere
2748 4834 2904 4889 facile
2926 4850 3032 4888 non
3066 4833 3331 4888 deberent
3359 4833 3524 4905 (Ibid.
3550 4851 3593 4886 τ.
3621 4834 3751 4904 94),
3795 4855 3818 4886 ι
3865 4836 3963 4886 sibi

2357 4905 2558 4976 pariter
2589 4907 2879 4974 praelectis,
2909 4905 3028 4976 hoc
3059 4906 3230 4974 ipsum
3260 4906 3546 4959 sententiis
3593 4906 3715 4959 suis
3757 4908 3966 4960 contir-

2353 4975 2565 5031 marum
2578 5018 2590 5029 .
2607 4975 2833 5030 Detuum
2854 4975 3000 5030 edito
3017 4976 3230 5044 Scriptu
3241 4992 3422 5030 rarum
3439 4992 3654 5030 canone
3668 4979 3962 5038 sanciunt,

2357 5066 2376 5100 ς
2407 5059 2464 5102 ut
2518 5049 2618 5101 hoc
2663 5048 2824 5101 etiam
2862 5047 3011 5101 fratri
3040 5057 3095 5100 et
3129 5047 3503 5102 t-onsacerdoti
3555 5059 3756 5101 nostro
3807 5049 3966 5103 Beni-

2355 5120 2493 5175 facio
2533 5120 2611 5173 vel
2654 5119 2777 5172 aliis
2826 5133 3014 5172 earum
3046 5121 3274 5186 partium
3305 5121 3574 5188 episcopis
3623 5136 3727 5186 pro
3754 5123 3967 5174 confir-

2354 5191 2552 5246 mando
2585 5191 2689 5243 isto
2724 5203 2933 5243 canone
2976 5191 3284 5243 innotescat
3311 5187 3549 5257 (lbid.rc.
3574 5189 3701 5257 24).
3739 5210 3764 5242 ι
3802 5194 3967 5244 lrnmo

2356 5263 2646 5331 ipsummet
2689 5259 2940 5315 Siricium
2988 5277 3050 5314 ac
3087 5259 3496 5329 Simplicianum
3539 5261 3606 5314 de
3652 5261 3966 5314 infamibus

2354 5333 2496 5401 apud
2528 5331 2836 5386 Donatistas
2881 5331 3189 5400 baptizatis,
3220 5348 3286 5385 an
3336 5347 3399 5386 ex
3442 5333 3524 5384 eis
3567 5334 3716 5387 sacri
3775 5333 3968 5385 altaris

2356 5405 2635 5458 ministros
2676 5417 2998 5464 promovere
3045 5402 3227 5467 liceat,
3283 5401 3651 5456 consulendos
3682 5403 3968 5455 duxerunt

2359 5474 2523 5542 (Ibid.
2555 5491 2601 5527 ε.
2628 5474 2743 5542 47).
2776 5473 2910 5528 Cum
2967 5474 3131 5542 igitur
3171 5489 3298 5543 erga
3351 5473 3535 5526 sedem
3591 5476 3965 5540 apostolicam

2357 5546 2437 5602 sic
2463 5546 2640 5600 all‘ecti
2673 5554 2858 5599 essent
2884 5543 3021 5608 Afri,
3066 5559 3162 5599 eos
3189 5560 3332 5598 anno
3378 5543 3484 5598 418
3518 5545 3686 5597 tttilcs
3713 5559 3791 5598 ac
3824 5547 3967 5598 Senis

2355 5618 2576 5672 statutis
2605 5615 2836 5671 refertas
2881 5615 3065 5671 Siricii
3094 5615 3306 5670 litteras
3335 5615 3388 5668 in
3419 5615 3658 5670 concilio
3691 5629 3807 5670 suo
3835 5613 3972 5670 reci-

2361 5688 2822 5756 taripra‘cepissc
2851 5689 2973 5756 quis
2994 5687 3260 5753 stupeati,
3303 5684 3408 5756 Sed
3445 5699 3638 5754 neque
3673 5685 3843 5756 leges
3889 5686 3976 5756 iitg

2362 5753 2625 5812 Inris'lllis
2655 5753 3338 5826 proprieimimnebttntilr;
3386 5753 3571 5820 utpote
3609 5753 3832 5820 quibus
3868 5753 3976 5807 mli
