  <div class='ocr_page' id='page_1' title='image "/cluster/home/n/w/nwhite01/storage/ocr_20150623/13/hvd.32044096580428/586.png"; bbox 0 0 4120 6186; ppageno 0'>
   <div class='ocr_carea' id='block_1_1' title="bbox 331 253 465 314">
    <p class='ocr_par' dir='ltr' id='par_1_1' title="bbox 331 253 465 314">
     <span class='ocr_line' id='line_1_1' title="bbox 331 253 465 314; baseline -0.045 0"><span class='ocrx_word' id='word_1_1' title='bbox 331 253 465 314; x_wconf 75' lang='lat' dir='ltr'><strong>“GI</strong></span> 
     </span>
    </p>
   </div>
   <div class='ocr_carea' id='block_1_2' title="bbox 1536 239 2424 306">
    <p class='ocr_par' dir='ltr' id='par_1_2' title="bbox 1536 239 2424 306">
     <span class='ocr_line' id='line_1_2' title="bbox 1536 239 2424 306; baseline -0.01 0"><span class='ocrx_word' id='word_1_2' title='bbox 1536 240 1903 306; x_wconf 72' lang='lat' dir='ltr'><strong>EPISTOLAS</strong></span> <span class='ocrx_word' id='word_1_3' title='bbox 1945 244 2031 304; x_wconf 83' lang='lat' dir='ltr'><strong>ET</strong></span> <span class='ocrx_word' id='word_1_4' title='bbox 2072 239 2424 302; x_wconf 78' lang='lat' dir='ltr'><strong>DECRETA.</strong></span> 
     </span>
    </p>
   </div>
   <div class='ocr_carea' id='block_1_3' title="bbox 3489 240 3633 303">
    <p class='ocr_par' dir='ltr' id='par_1_3' title="bbox 3489 240 3633 303">
     <span class='ocr_line' id='line_1_3' title="bbox 3489 240 3633 303; baseline 0 0"><span class='ocrx_word' id='word_1_5' title='bbox 3489 240 3633 303; x_wconf 65' lang='lat' dir='ltr'><strong>M62</strong></span> 
     </span>
    </p>
   </div>
   <div class='ocr_carea' id='block_1_4' title="bbox 331 358 3638 439">
    <p class='ocr_par' dir='ltr' id='par_1_4' title="bbox 331 358 3638 439">
     <span class='ocr_line' id='line_1_4' title="bbox 331 358 3638 439; baseline -0.002 -14"><span class='ocrx_word' id='word_1_6' title='bbox 331 368 534 425; x_wconf 82' lang='lat' dir='ltr'><strong>carnali</strong></span> <span class='ocrx_word' id='word_1_7' title='bbox 564 366 1023 439; x_wconf 77' lang='lat' dir='ltr'><strong>concupiscentia,</strong></span> <span class='ocrx_word' id='word_1_8' title='bbox 1047 366 1176 437; x_wconf 86' lang='lat' dir='ltr'><strong>quid</strong></span> <span class='ocrx_word' id='word_1_9' title='bbox 1200 374 1227 405; x_wconf 71' lang='grc'>⁸</span> <span class='ocrx_word' id='word_1_10' title='bbox 1250 365 1442 422; x_wconf 79' lang='lat' dir='ltr'><strong>faciat?</strong></span> <span class='ocrx_word' id='word_1_11' title='bbox 1469 364 1791 421; x_wconf 87' lang='lat' dir='ltr'><strong>Excusabit?</strong></span> <span class='ocrx_word' id='word_1_12' title='bbox 1811 365 1930 433; x_wconf 84' lang='lat' dir='ltr'><strong>Quo</strong></span> <span class='ocrx_word' id='word_1_13' title='bbox 1956 367 2003 427; x_wconf 80' lang='grc' dir='ltr'><strong>Α</strong></span> <span class='ocrx_word' id='word_1_14' title='bbox 2033 363 2213 429; x_wconf 91' lang='lat' dir='ltr'><strong>nobis,</strong></span> <span class='ocrx_word' id='word_1_15' title='bbox 2258 377 2438 431; x_wconf 89' lang='lat' dir='ltr'><strong>neque</strong></span> <span class='ocrx_word' id='word_1_16' title='bbox 2483 375 2579 431; x_wconf 90' lang='lat' dir='ltr'><strong>per</strong></span> <span class='ocrx_word' id='word_1_17' title='bbox 2608 360 2829 416; x_wconf 88' lang='lat' dir='ltr'><strong>inanem</strong></span> <span class='ocrx_word' id='word_1_18' title='bbox 2860 358 3091 430; x_wconf 78' lang='lat' dir='ltr'><strong>gloriam</strong></span> <span class='ocrx_word' id='word_1_19' title='bbox 3142 359 3502 427; x_wconf 87' lang='lat' dir='ltr'><strong>vindicantes,</strong></span> <span class='ocrx_word' id='word_1_20' title='bbox 3536 378 3638 419; x_wconf 85' lang='lat' dir='ltr'><strong>nec</strong></span> 
     </span>
    </p>
   </div>
   <div class='ocr_carea' id='block_1_5' title="bbox 333 458 1932 534">
    <p class='ocr_par' dir='ltr' id='par_1_5' title="bbox 333 458 1932 534">
     <span class='ocr_line' id='line_1_5' title="bbox 333 458 1932 534; baseline -0.003 -17"><span class='ocrx_word' id='word_1_21' title='bbox 333 460 560 534; x_wconf 90' lang='lat' dir='ltr'><strong>pudore,</strong></span> <span class='ocrx_word' id='word_1_22' title='bbox 591 477 695 530; x_wconf 89' lang='lat' dir='ltr'><strong>qua</strong></span> <span class='ocrx_word' id='word_1_23' title='bbox 721 468 906 517; x_wconf 91' lang='lat' dir='ltr'><strong>mente</strong></span> <span class='ocrx_word' id='word_1_24' title='bbox 935 459 1259 531; x_wconf 82' lang='lat' dir='ltr'><strong>usurpabit?</strong></span> <span class='ocrx_word' id='word_1_25' title='bbox 1287 460 1402 529; x_wconf 85' lang='lat' dir='ltr'><strong>Qua</strong></span> <span class='ocrx_word' id='word_1_26' title='bbox 1437 458 1794 525; x_wconf 74' lang='lat' dir='ltr'><strong>conscientia,</strong></span> <span class='ocrx_word' id='word_1_27' title='bbox 1825 472 1932 528; x_wconf 89' lang='lat' dir='ltr'><strong>quo</strong></span> 
     </span>
    </p>
   </div>
   <div class='ocr_carea' id='block_1_6' title="bbox 332 550 1932 617">
    <p class='ocr_par' dir='ltr' id='par_1_6' title="bbox 332 550 1932 617">
     <span class='ocr_line' id='line_1_6' title="bbox 332 550 1932 617; baseline -0.004 -8"><span class='ocrx_word' id='word_1_28' title='bbox 332 553 530 610; x_wconf 87' lang='lat' dir='ltr'><strong>nterito</strong></span> <span class='ocrx_word' id='word_1_29' title='bbox 556 552 644 609; x_wconf 91' lang='lat' dir='ltr'><strong>hic</strong></span> <span class='ocrx_word' id='word_1_30' title='bbox 672 551 921 609; x_wconf 87' lang='lat' dir='ltr'><strong>exaudiri</strong></span> <span class='ocrx_word' id='word_1_31' title='bbox 946 567 1007 608; x_wconf 91' lang='lat' dir='ltr'><strong>se</strong></span> <span class='ocrx_word' id='word_1_32' title='bbox 1031 552 1228 617; x_wconf 78' lang='lat' dir='ltr'><strong>credit,</strong></span> <span class='ocrx_word' id='word_1_33' title='bbox 1259 566 1380 607; x_wconf 91' lang='lat' dir='ltr'><strong>cum</strong></span> <span class='ocrx_word' id='word_1_34' title='bbox 1412 551 1617 607; x_wconf 87' lang='lat' dir='ltr'><strong>dictum</strong></span> <span class='ocrx_word' id='word_1_35' title='bbox 1646 552 1715 606; x_wconf 91' lang='lat' dir='ltr'><strong>sit</strong></span> <span class='ocrx_word' id='word_1_36' title='bbox 1745 569 1759 605; x_wconf 90' lang='lat'><strong>:</strong></span> <span class='ocrx_word' id='word_1_37' title='bbox 1808 550 1932 605; x_wconf 82' lang='lat' dir='ltr'><strong>0m-</strong></span> 
     </span>
    </p>
   </div>
   <div class='ocr_carea' id='block_1_7' title="bbox 334 643 1933 715">
    <p class='ocr_par' dir='ltr' id='par_1_7' title="bbox 334 643 1933 715">
     <span class='ocr_line' id='line_1_7' title="bbox 334 643 1933 715; baseline -0.002 -14"><span class='ocrx_word' id='word_1_38' title='bbox 334 648 420 703; x_wconf 88' lang='lat' dir='ltr'><strong>nia</strong></span> <span class='ocrx_word' id='word_1_39' title='bbox 449 646 643 702; x_wconf 89' lang='lat' dir='ltr'><strong>munda</strong></span> <span class='ocrx_word' id='word_1_40' title='bbox 678 646 918 712; x_wconf 78' lang='lat' dir='ltr'><strong>mundis,</strong></span> <span class='ocrx_word' id='word_1_41' title='bbox 947 646 1294 715; x_wconf 86' lang='lat' dir='ltr'><strong>coinquinatis</strong></span> <span class='ocrx_word' id='word_1_42' title='bbox 1332 654 1503 699; x_wconf 86' lang='lat' dir='ltr'><strong>autem</strong></span> <span class='ocrx_word' id='word_1_43' title='bbox 1550 653 1596 698; x_wconf 88' lang='lat' dir='ltr'><strong>et</strong></span> <span class='ocrx_word' id='word_1_44' title='bbox 1636 643 1933 714; x_wconf 88' lang='lat' dir='ltr'><strong>inﬁdelibus</strong></span> 
     </span>
    </p>
   </div>
   <div class='ocr_carea' id='block_1_8' title="bbox 335 738 1929 815">
    <p class='ocr_par' dir='ltr' id='par_1_8' title="bbox 335 738 1929 815">
     <span class='ocr_line' id='line_1_8' title="bbox 335 738 1929 815; baseline -0.005 -16"><span class='ocrx_word' id='word_1_45' title='bbox 335 742 466 799; x_wconf 81' lang='lat' dir='ltr'><strong>nihil</strong></span> <span class='ocrx_word' id='word_1_46' title='bbox 494 742 743 798; x_wconf 89' lang='lat' dir='ltr'><strong>mundum</strong></span> <span class='ocrx_word' id='word_1_47' title='bbox 772 741 902 815; x_wconf 92' lang='lat' dir='ltr'><strong>(Tit.</strong></span> <span class='ocrx_word' id='word_1_48' title='bbox 924 756 962 807; x_wconf 91' lang='lat' dir='ltr'><strong>t,</strong></span> <span class='ocrx_word' id='word_1_49' title='bbox 992 740 1124 811; x_wconf 79' lang='lat' dir='ltr'><strong>l5)?</strong></span> <span class='ocrx_word' id='word_1_50' title='bbox 1148 741 1260 807; x_wconf 90' lang='lat' dir='ltr'><strong>Qua</strong></span> <span class='ocrx_word' id='word_1_51' title='bbox 1295 738 1364 796; x_wconf 90' lang='lat' dir='ltr'><strong>de</strong></span> <span class='ocrx_word' id='word_1_52' title='bbox 1386 754 1447 796; x_wconf 89' lang='lat' dir='ltr'><strong>re</strong></span> <span class='ocrx_word' id='word_1_53' title='bbox 1475 740 1682 805; x_wconf 89' lang='lat' dir='ltr'><strong>hortor,</strong></span> <span class='ocrx_word' id='word_1_54' title='bbox 1713 752 1929 802; x_wconf 87' lang='lat' dir='ltr'><strong>moneo,</strong></span> 
     </span>
    </p>
   </div>
   <div class='ocr_carea' id='block_1_9' title="bbox 335 831 1935 909">
    <p class='ocr_par' dir='ltr' id='par_1_9' title="bbox 335 831 1935 909">
     <span class='ocr_line' id='line_1_9' title="bbox 335 831 1935 909; baseline -0.006 -15"><span class='ocrx_word' id='word_1_55' title='bbox 335 852 489 909; x_wconf 86' lang='lat' dir='ltr'><strong>rogo,</strong></span> <span class='ocrx_word' id='word_1_56' title='bbox 540 835 766 891; x_wconf 87' lang='lat' dir='ltr'><strong>tollatur</strong></span> <span class='ocrx_word' id='word_1_57' title='bbox 815 834 919 891; x_wconf 88' lang='lat' dir='ltr'><strong>hoc</strong></span> <span class='ocrx_word' id='word_1_58' title='bbox 969 834 1357 904; x_wconf 86' lang='lat' dir='ltr'><strong>opprobrium,</strong></span> <span class='ocrx_word' id='word_1_59' title='bbox 1399 831 1543 903; x_wconf 89' lang='lat' dir='ltr'><strong>quod</strong></span> <span class='ocrx_word' id='word_1_60' title='bbox 1592 837 1774 902; x_wconf 81' lang='lat' dir='ltr'><strong>potest</strong></span> <span class='ocrx_word' id='word_1_61' title='bbox 1810 831 1935 901; x_wconf 86' lang='lat' dir='ltr'><strong>jure</strong></span> 
     </span>
    </p>
   </div>
   <div class='ocr_carea' id='block_1_10' title="bbox 336 921 1933 999">
    <p class='ocr_par' dir='ltr' id='par_1_10' title="bbox 336 921 1933 999">
     <span class='ocr_line' id='line_1_10' title="bbox 336 921 1933 999; baseline -0.007 -12"><span class='ocrx_word' id='word_1_62' title='bbox 336 930 497 987; x_wconf 89' lang='lat' dir='ltr'><strong>etiam</strong></span> <span class='ocrx_word' id='word_1_63' title='bbox 528 927 803 999; x_wconf 78' lang='lat' dir='ltr'><strong>gentilitas</strong></span> <span class='ocrx_word' id='word_1_64' title='bbox 828 939 1109 981; x_wconf 85' lang='lat' dir='ltr'><strong>accusare.</strong></span> <span class='ocrx_word' id='word_1_65' title='bbox 1136 925 1303 980; x_wconf 85' lang='lat' dir='ltr'><strong>Forte</strong></span> <span class='ocrx_word' id='word_1_66' title='bbox 1330 923 1359 963; x_wconf 67' lang='grc' dir='ltr'><strong>ιι</strong></span> <span class='ocrx_word' id='word_1_67' title='bbox 1381 924 1485 980; x_wconf 89' lang='lat' dir='ltr'><strong>hoc</strong></span> <span class='ocrx_word' id='word_1_68' title='bbox 1510 922 1786 988; x_wconf 89' lang='lat' dir='ltr'><strong>creditur;</strong></span> <span class='ocrx_word' id='word_1_69' title='bbox 1811 921 1933 993; x_wconf 91' lang='lat' dir='ltr'><strong>quia</strong></span> 
     </span>
    </p>
   </div>
   <div class='ocr_carea' id='block_1_11' title="bbox 336 1014 1934 1092">
    <p class='ocr_par' dir='ltr' id='par_1_11' title="bbox 336 1014 1934 1092">
     <span class='ocr_line' id='line_1_11' title="bbox 336 1014 1934 1092; baseline -0.005 -13"><span class='ocrx_word' id='word_1_70' title='bbox 336 1021 594 1092; x_wconf 88' lang='lat' dir='ltr'><strong>scriptum</strong></span> <span class='ocrx_word' id='word_1_71' title='bbox 622 1028 727 1085; x_wconf 90' lang='lat' dir='ltr'><strong>est,</strong></span> <span class='ocrx_word' id='word_1_72' title='bbox 761 1018 929 1075; x_wconf 81' lang='lat' dir='ltr'><strong>Unius</strong></span> <span class='ocrx_word' id='word_1_73' title='bbox 957 1020 1137 1074; x_wconf 73' lang='lat' dir='ltr'><strong>uxoris</strong></span> <span class='ocrx_word' id='word_1_74' title='bbox 1164 1019 1331 1073; x_wconf 86' lang='lat' dir='ltr'><strong>virum</strong></span> <span class='ocrx_word' id='word_1_75' title='bbox 1362 1017 1410 1087; x_wconf 94' lang='lat' dir='ltr'><strong>(I</strong></span> <span class='ocrx_word' id='word_1_76' title='bbox 1442 1017 1577 1073; x_wconf 89' lang='lat' dir='ltr'><strong>Tim.</strong></span> <span class='ocrx_word' id='word_1_77' title='bbox 1606 1032 1683 1084; x_wconf 88' lang='lat' dir='ltr'><strong>Ill,</strong></span> <span class='ocrx_word' id='word_1_78' title='bbox 1712 1016 1792 1085; x_wconf 72' lang='lat'><strong>2).</strong></span> <span class='ocrx_word' id='word_1_79' title='bbox 1817 1014 1934 1071; x_wconf 86' lang='lat' dir='ltr'><strong>Non</strong></span> 
     </span>
    </p>
   </div>
   <div class='ocr_carea' id='block_1_12' title="bbox 336 1112 1934 1188">
    <p class='ocr_par' dir='ltr' id='par_1_12' title="bbox 336 1112 1934 1188">
     <span class='ocr_line' id='line_1_12' title="bbox 336 1112 1934 1188; baseline -0.003 -16"><span class='ocrx_word' id='word_1_80' title='bbox 336 1129 360 1159; x_wconf 71' lang='grc' dir='ltr'>ε</span> <span class='ocrx_word' id='word_1_81' title='bbox 392 1124 805 1188; x_wconf 80' lang='lat' dir='ltr'><strong>permanentem</strong></span> <span class='ocrx_word' id='word_1_82' title='bbox 853 1115 909 1171; x_wconf 91' lang='lat' dir='ltr'><strong>in</strong></span> <span class='ocrx_word' id='word_1_83' title='bbox 939 1114 1380 1185; x_wconf 86' lang='lat' dir='ltr'><strong>concupiscentia</strong></span> <span class='ocrx_word' id='word_1_84' title='bbox 1429 1112 1732 1183; x_wconf 83' lang='lat' dir='ltr'><strong>generandi</strong></span> <span class='ocrx_word' id='word_1_85' title='bbox 1772 1112 1934 1179; x_wconf 84' lang='lat' dir='ltr'><strong>dixit,</strong></span> 
     </span>
    </p>
   </div>
   <div class='ocr_carea' id='block_1_13' title="bbox 335 1204 1938 1279">
    <p class='ocr_par' dir='ltr' id='par_1_13' title="bbox 335 1204 1938 1279">
     <span class='ocr_line' id='line_1_13' title="bbox 335 1204 1938 1279; baseline -0.002 -15"><span class='ocrx_word' id='word_1_86' title='bbox 335 1207 429 1264; x_wconf 88' lang='lat' dir='ltr'><strong>sed</strong></span> <span class='ocrx_word' id='word_1_87' title='bbox 459 1217 676 1279; x_wconf 80' lang='lat' dir='ltr'><strong>propter</strong></span> <span class='ocrx_word' id='word_1_88' title='bbox 701 1206 1094 1262; x_wconf 88' lang='lat' dir='ltr'><strong>continentiam</strong></span> <span class='ocrx_word' id='word_1_89' title='bbox 1124 1205 1386 1262; x_wconf 83' lang='lat' dir='ltr'><strong>futuram.</strong></span> <span class='ocrx_word' id='word_1_90' title='bbox 1415 1205 1601 1277; x_wconf 86' lang='lat' dir='ltr'><strong>Neque</strong></span> <span class='ocrx_word' id='word_1_91' title='bbox 1621 1205 1767 1261; x_wconf 91' lang='lat' dir='ltr'><strong>enim</strong></span> <span class='ocrx_word' id='word_1_92' title='bbox 1798 1204 1938 1260; x_wconf 90' lang='lat' dir='ltr'><strong>inte-</strong></span> 
     </span>
    </p>
   </div>
   <div class='ocr_carea' id='block_1_14' title="bbox 335 1298 1939 1372">
    <p class='ocr_par' dir='ltr' id='par_1_14' title="bbox 335 1298 1939 1372">
     <span class='ocr_line' id='line_1_14' title="bbox 335 1298 1939 1372; baseline -0.001 -19"><span class='ocrx_word' id='word_1_93' title='bbox 335 1313 462 1372; x_wconf 88' lang='lat' dir='ltr'><strong>gros</strong></span> <span class='ocrx_word' id='word_1_94' title='bbox 494 1314 599 1355; x_wconf 91' lang='lat' dir='ltr'><strong>non</strong></span> <span class='ocrx_word' id='word_1_95' title='bbox 627 1298 875 1365; x_wconf 87' lang='lat' dir='ltr'><strong>admisit,</strong></span> <span class='ocrx_word' id='word_1_96' title='bbox 906 1298 996 1369; x_wconf 91' lang='lat' dir='ltr'><strong>qui</strong></span> <span class='ocrx_word' id='word_1_97' title='bbox 1024 1299 1098 1353; x_wconf 86' lang='lat' dir='ltr'><strong>ait</strong></span> <span class='ocrx_word' id='word_1_98' title='bbox 1133 1316 1145 1351; x_wconf 91' lang='lat'>:</span> <span class='ocrx_word' id='word_1_99' title='bbox 1184 1298 1383 1354; x_wconf 85' lang='lat' dir='ltr'><strong>Vellem</strong></span> <span class='ocrx_word' id='word_1_100' title='bbox 1429 1309 1600 1353; x_wconf 79' lang='lat' dir='ltr'><strong>autent</strong></span> <span class='ocrx_word' id='word_1_101' title='bbox 1642 1313 1814 1352; x_wconf 88' lang='lat' dir='ltr'><strong>omnes</strong></span> <span class='ocrx_word' id='word_1_102' title='bbox 1845 1298 1939 1352; x_wconf 87' lang='lat' dir='ltr'><strong>ho-</strong></span> 
     </span>
    </p>
   </div>
   <div class='ocr_carea' id='block_1_15' title="bbox 336 1391 1938 1464">
    <p class='ocr_par' dir='ltr' id='par_1_15' title="bbox 336 1391 1938 1464">
     <span class='ocr_line' id='line_1_15' title="bbox 336 1391 1938 1464; baseline 0.001 -17"><span class='ocrx_word' id='word_1_103' title='bbox 336 1394 498 1449; x_wconf 88' lang='lat' dir='ltr'><strong>mines</strong></span> <span class='ocrx_word' id='word_1_104' title='bbox 524 1394 599 1448; x_wconf 83' lang='lat' dir='ltr'><strong>sic</strong></span> <span class='ocrx_word' id='word_1_105' title='bbox 626 1410 753 1460; x_wconf 85' lang='lat' dir='ltr'><strong>esse,</strong></span> <span class='ocrx_word' id='word_1_106' title='bbox 776 1393 931 1448; x_wconf 80' lang='lat' dir='ltr'><strong>sicuti</strong></span> <span class='ocrx_word' id='word_1_107' title='bbox 955 1403 1005 1448; x_wconf 87' lang='lat' dir='ltr'><strong>et</strong></span> <span class='ocrx_word' id='word_1_108' title='bbox 1034 1408 1126 1463; x_wconf 89' lang='lat' dir='ltr'><strong>ego</strong></span> <span class='ocrx_word' id='word_1_109' title='bbox 1156 1392 1198 1464; x_wconf 92' lang='lat' dir='ltr'><strong>(I</strong></span> <span class='ocrx_word' id='word_1_110' title='bbox 1223 1391 1345 1448; x_wconf 88' lang='lat' dir='ltr'><strong>Cor.</strong></span> <span class='ocrx_word' id='word_1_111' title='bbox 1376 1408 1470 1459; x_wconf 91' lang='lat' dir='ltr'><strong>vu,</strong></span> <span class='ocrx_word' id='word_1_112' title='bbox 1494 1393 1573 1464; x_wconf 88' lang='grc'><strong>7).</strong></span> <span class='ocrx_word' id='word_1_113' title='bbox 1603 1392 1671 1447; x_wconf 87' lang='lat' dir='ltr'><strong>Et</strong></span> <span class='ocrx_word' id='word_1_114' title='bbox 1695 1393 1938 1461; x_wconf 85' lang='lat' dir='ltr'><strong>apertius</strong></span> 
     </span>
    </p>
   </div>
   <div class='ocr_carea' id='block_1_16' title="bbox 338 1483 1940 1555">
    <p class='ocr_par' dir='ltr' id='par_1_16' title="bbox 338 1483 1940 1555">
     <span class='ocr_line' id='line_1_16' title="bbox 338 1483 1940 1555; baseline -0.002 -13"><span class='ocrx_word' id='word_1_115' title='bbox 338 1486 579 1542; x_wconf 88' lang='lat' dir='ltr'><strong>declarat</strong></span> <span class='ocrx_word' id='word_1_116' title='bbox 606 1484 838 1542; x_wconf 88' lang='lat' dir='ltr'><strong>dicens:</strong></span> <span class='ocrx_word' id='word_1_117' title='bbox 875 1485 975 1552; x_wconf 86' lang='lat' dir='ltr'><strong>Qui</strong></span> <span class='ocrx_word' id='word_1_118' title='bbox 1015 1494 1187 1540; x_wconf 88' lang='lat' dir='ltr'><strong>autem</strong></span> <span class='ocrx_word' id='word_1_119' title='bbox 1215 1488 1268 1539; x_wconf 89' lang='lat' dir='ltr'><strong>in</strong></span> <span class='ocrx_word' id='word_1_120' title='bbox 1308 1502 1463 1541; x_wconf 85' lang='lat' dir='ltr'><strong>carne</strong></span> <span class='ocrx_word' id='word_1_121' title='bbox 1487 1495 1629 1553; x_wconf 87' lang='lat' dir='ltr'><strong>sunt,</strong></span> <span class='ocrx_word' id='word_1_122' title='bbox 1672 1483 1784 1541; x_wconf 88' lang='lat' dir='ltr'><strong>Deo</strong></span> <span class='ocrx_word' id='word_1_123' title='bbox 1824 1486 1940 1555; x_wconf 81' lang='lat' dir='ltr'><strong>pla-</strong></span> 
     </span>
    </p>
   </div>
   <div class='ocr_carea' id='block_1_17' title="bbox 336 1580 1932 1652">
    <p class='ocr_par' dir='ltr' id='par_1_17' title="bbox 336 1580 1932 1652">
     <span class='ocr_line' id='line_1_17' title="bbox 336 1580 1932 1652; baseline 0.001 -17"><span class='ocrx_word' id='word_1_124' title='bbox 336 1597 448 1637; x_wconf 86' lang='lat' dir='ltr'><strong>cere</strong></span> <span class='ocrx_word' id='word_1_125' title='bbox 475 1598 579 1636; x_wconf 86' lang='lat' dir='ltr'><strong>non</strong></span> <span class='ocrx_word' id='word_1_126' title='bbox 606 1590 838 1652; x_wconf 82' lang='lat' dir='ltr'><strong>possunt.</strong></span> <span class='ocrx_word' id='word_1_127' title='bbox 882 1580 986 1635; x_wconf 87' lang='lat' dir='ltr'><strong>Vos</strong></span> <span class='ocrx_word' id='word_1_128' title='bbox 1030 1589 1198 1636; x_wconf 87' lang='lat' dir='ltr'><strong>autem</strong></span> <span class='ocrx_word' id='word_1_129' title='bbox 1227 1581 1345 1649; x_wconf 87' lang='lat' dir='ltr'><strong>jam</strong></span> <span class='ocrx_word' id='word_1_130' title='bbox 1372 1598 1476 1637; x_wconf 87' lang='lat' dir='ltr'><strong>non</strong></span> <span class='ocrx_word' id='word_1_131' title='bbox 1516 1581 1636 1637; x_wconf 83' lang='lat' dir='ltr'><strong>estis</strong></span> <span class='ocrx_word' id='word_1_132' title='bbox 1666 1585 1720 1637; x_wconf 87' lang='lat' dir='ltr'><strong>in</strong></span> <span class='ocrx_word' id='word_1_133' title='bbox 1749 1598 1932 1648; x_wconf 88' lang='lat' dir='ltr'><strong>carne,</strong></span> 
     </span>
    </p>
   </div>
   <div class='ocr_carea' id='block_1_18' title="bbox 336 1671 1180 1744">
    <p class='ocr_par' dir='ltr' id='par_1_18' title="bbox 336 1671 1180 1744">
     <span class='ocr_line' id='line_1_18' title="bbox 336 1671 1180 1744; baseline -0.001 -16"><span class='ocrx_word' id='word_1_134' title='bbox 336 1673 428 1729; x_wconf 87' lang='lat' dir='ltr'><strong>sed</strong></span> <span class='ocrx_word' id='word_1_135' title='bbox 451 1674 505 1728; x_wconf 88' lang='lat' dir='ltr'><strong>in</strong></span> <span class='ocrx_word' id='word_1_136' title='bbox 530 1673 718 1744; x_wconf 86' lang='lat' dir='ltr'><strong>spiritu</strong></span> <span class='ocrx_word' id='word_1_137' title='bbox 746 1671 924 1744; x_wconf 87' lang='lat' dir='ltr'><strong>(Rom.</strong></span> <span class='ocrx_word' id='word_1_138' title='bbox 957 1688 1071 1737; x_wconf 86' lang='lat' dir='ltr'><strong>vtu,</strong></span> <span class='ocrx_word' id='word_1_139' title='bbox 1101 1671 1180 1743; x_wconf 91' lang='lat'><strong>8).</strong></span> 
     </span>
    </p>
   </div>
   <div class='ocr_carea' id='block_1_19' title="bbox 406 1761 2015 1837">
    <p class='ocr_par' dir='ltr' id='par_1_19' title="bbox 406 1761 2015 1837">
     <span class='ocr_line' id='line_1_19' title="bbox 406 1761 2015 1837; baseline 0.002 -18"><span class='ocrx_word' id='word_1_140' title='bbox 406 1765 459 1819; x_wconf 77' lang='grc'><strong>4.</strong></span> <span class='ocrx_word' id='word_1_141' title='bbox 506 1764 633 1820; x_wconf 80' lang='lat' dir='ltr'><strong>Haec</strong></span> <span class='ocrx_word' id='word_1_142' title='bbox 659 1764 864 1836; x_wconf 86' lang='lat' dir='ltr'><strong>itaque,</strong></span> <span class='ocrx_word' id='word_1_143' title='bbox 899 1765 1115 1832; x_wconf 89' lang='lat' dir='ltr'><strong>fratres,</strong></span> <span class='ocrx_word' id='word_1_144' title='bbox 1155 1765 1200 1821; x_wconf 94' lang='lat' dir='ltr'><strong>si</strong></span> <span class='ocrx_word' id='word_1_145' title='bbox 1234 1765 1391 1837; x_wconf 91' lang='lat' dir='ltr'><strong>plena</strong></span> <span class='ocrx_word' id='word_1_146' title='bbox 1421 1766 1704 1837; x_wconf 80' lang='lat' dir='ltr'><strong>vigilantia</strong></span> <span class='ocrx_word' id='word_1_147' title='bbox 1733 1767 1938 1822; x_wconf 90' lang='lat' dir='ltr'><strong>fuerint</strong></span> <span class='ocrx_word' id='word_1_148' title='bbox 1966 1761 2015 1821; x_wconf 92' lang='lat' dir='ltr'><strong>B</strong></span> 
     </span>
    </p>
   </div>
   <div class='ocr_carea' id='block_1_20' title="bbox 338 1857 1940 1928">
    <p class='ocr_par' dir='ltr' id='par_1_20' title="bbox 338 1857 1940 1928">
     <span class='ocr_line' id='line_1_20' title="bbox 338 1857 1940 1928; baseline 0 -13"><span class='ocrx_word' id='word_1_149' title='bbox 338 1857 406 1915; x_wconf 88' lang='lat' dir='ltr'><strong>ab</strong></span> <span class='ocrx_word' id='word_1_150' title='bbox 448 1857 700 1914; x_wconf 88' lang='lat' dir='ltr'><strong>omnibus</strong></span> <span class='ocrx_word' id='word_1_151' title='bbox 745 1858 1058 1923; x_wconf 84' lang='lat' dir='ltr'><strong>observata,</strong></span> <span class='ocrx_word' id='word_1_152' title='bbox 1103 1858 1343 1914; x_wconf 88' lang='lat' dir='ltr'><strong>cessabit</strong></span> <span class='ocrx_word' id='word_1_153' title='bbox 1385 1859 1631 1928; x_wconf 89' lang='lat' dir='ltr'><strong>ambitio,</strong></span> <span class='ocrx_word' id='word_1_154' title='bbox 1667 1860 1940 1916; x_wconf 90' lang='lat' dir='ltr'><strong>dissensio</strong></span> 
     </span>
    </p>
   </div>
   <div class='ocr_carea' id='block_1_21' title="bbox 336 1951 1938 2027">
    <p class='ocr_par' dir='ltr' id='par_1_21' title="bbox 336 1951 1938 2027">
     <span class='ocr_line' id='line_1_21' title="bbox 336 1951 1938 2027; baseline 0.001 -19"><span class='ocrx_word' id='word_1_155' title='bbox 336 1952 707 2023; x_wconf 82' lang='lat' dir='ltr'><strong>conquiescet,</strong></span> <span class='ocrx_word' id='word_1_156' title='bbox 751 1951 991 2009; x_wconf 68' lang='lat' dir='ltr'><strong>haereses</strong></span> <span class='ocrx_word' id='word_1_157' title='bbox 1042 1962 1099 2008; x_wconf 89' lang='lat' dir='ltr'><strong>et</strong></span> <span class='ocrx_word' id='word_1_158' title='bbox 1141 1952 1435 2008; x_wconf 89' lang='lat' dir='ltr'><strong>schismata</strong></span> <span class='ocrx_word' id='word_1_159' title='bbox 1479 1969 1588 2009; x_wconf 92' lang='lat' dir='ltr'><strong>non</strong></span> <span class='ocrx_word' id='word_1_160' title='bbox 1634 1964 1938 2027; x_wconf 87' lang='lat' dir='ltr'><strong>emergent,</strong></span> 
     </span>
    </p>
   </div>
   <div class='ocr_carea' id='block_1_22' title="bbox 338 2028 1944 2116">
    <p class='ocr_par' dir='ltr' id='par_1_22' title="bbox 338 2028 1944 2116">
     <span class='ocr_line' id='line_1_22' title="bbox 338 2028 1944 2116; baseline 0.002 -17"><span class='ocrx_word' id='word_1_161' title='bbox 338 2042 517 2100; x_wconf 89' lang='lat' dir='ltr'><strong>locum</strong></span> <span class='ocrx_word' id='word_1_162' title='bbox 549 2060 656 2098; x_wconf 88' lang='lat' dir='ltr'><strong>non</strong></span> <span class='ocrx_word' id='word_1_163' title='bbox 685 2044 920 2116; x_wconf 88' lang='lat' dir='ltr'><strong>accipiet</strong></span> <span class='ocrx_word' id='word_1_164' title='bbox 946 2044 1197 2101; x_wconf 90' lang='lat' dir='ltr'><strong>diabolus</strong></span> <span class='ocrx_word' id='word_1_165' title='bbox 1224 2046 1507 2114; x_wconf 68' lang='lat' dir='ltr'><strong>saeviendi,</strong></span> <span class='ocrx_word' id='word_1_166' title='bbox 1541 2028 1782 2103; x_wconf 91' lang='lat' dir='ltr'><strong>manebit</strong></span> <span class='ocrx_word' id='word_1_167' title='bbox 1812 2064 1944 2103; x_wconf 89' lang='lat' dir='ltr'><strong>una-</strong></span> 
     </span>
    </p>
   </div>
   <div class='ocr_carea' id='block_1_23' title="bbox 337 2138 1945 2212">
    <p class='ocr_par' dir='ltr' id='par_1_23' title="bbox 337 2138 1945 2212">
     <span class='ocr_line' id='line_1_23' title="bbox 337 2138 1945 2212; baseline 0.003 -19"><span class='ocrx_word' id='word_1_168' title='bbox 337 2138 582 2202; x_wconf 89' lang='lat' dir='ltr'><strong>nimitas,</strong></span> <span class='ocrx_word' id='word_1_169' title='bbox 612 2138 873 2210; x_wconf 88' lang='lat' dir='ltr'><strong>iniquitas</strong></span> <span class='ocrx_word' id='word_1_170' title='bbox 898 2148 1153 2211; x_wconf 89' lang='lat' dir='ltr'><strong>superata</strong></span> <span class='ocrx_word' id='word_1_171' title='bbox 1173 2140 1492 2208; x_wconf 89' lang='lat' dir='ltr'><strong>calcabitur,</strong></span> <span class='ocrx_word' id='word_1_172' title='bbox 1527 2141 1768 2197; x_wconf 88' lang='lat' dir='ltr'><strong>charitas</strong></span> <span class='ocrx_word' id='word_1_173' title='bbox 1785 2142 1945 2212; x_wconf 91' lang='lat' dir='ltr'><strong>spiri-</strong></span> 
     </span>
    </p>
   </div>
   <div class='ocr_carea' id='block_1_24' title="bbox 339 2230 1943 2305">
    <p class='ocr_par' dir='ltr' id='par_1_24' title="bbox 339 2230 1943 2305">
     <span class='ocr_line' id='line_1_24' title="bbox 339 2230 1943 2305; baseline 0.004 -19"><span class='ocrx_word' id='word_1_174' title='bbox 339 2230 429 2286; x_wconf 88' lang='lat' dir='ltr'><strong>tali</strong></span> <span class='ocrx_word' id='word_1_175' title='bbox 464 2230 683 2288; x_wconf 87' lang='lat' dir='ltr'><strong>fervore</strong></span> <span class='ocrx_word' id='word_1_176' title='bbox 718 2233 988 2305; x_wconf 87' lang='lat' dir='ltr'><strong>ﬂagrabit,</strong></span> <span class='ocrx_word' id='word_1_177' title='bbox 1021 2248 1125 2305; x_wconf 90' lang='lat' dir='ltr'><strong>pax</strong></span> <span class='ocrx_word' id='word_1_178' title='bbox 1168 2234 1463 2304; x_wconf 64' lang='lat' dir='ltr'><strong>praedicata</strong></span> <span class='ocrx_word' id='word_1_179' title='bbox 1499 2236 1657 2291; x_wconf 87' lang='lat' dir='ltr'><strong>labiis</strong></span> <span class='ocrx_word' id='word_1_180' title='bbox 1686 2252 1808 2293; x_wconf 93' lang='lat' dir='ltr'><strong>cum</strong></span> <span class='ocrx_word' id='word_1_181' title='bbox 1844 2253 1943 2293; x_wconf 89' lang='lat' dir='ltr'><strong>vo-</strong></span> 
     </span>
    </p>
   </div>
   <div class='ocr_carea' id='block_1_25' title="bbox 337 2323 1943 2403">
    <p class='ocr_par' dir='ltr' id='par_1_25' title="bbox 337 2323 1943 2403">
     <span class='ocr_line' id='line_1_25' title="bbox 337 2323 1943 2403; baseline 0.004 -24"><span class='ocrx_word' id='word_1_182' title='bbox 337 2323 546 2382; x_wconf 90' lang='lat' dir='ltr'><strong>luntate</strong></span> <span class='ocrx_word' id='word_1_183' title='bbox 572 2327 970 2382; x_wconf 89' lang='lat' dir='ltr'><strong>concordabit:</strong></span> <span class='ocrx_word' id='word_1_184' title='bbox 1030 2342 1137 2396; x_wconf 91' lang='lat' dir='ltr'><strong>pax</strong></span> <span class='ocrx_word' id='word_1_185' title='bbox 1164 2327 1353 2398; x_wconf 89' lang='lat' dir='ltr'><strong>utique</strong></span> <span class='ocrx_word' id='word_1_186' title='bbox 1397 2328 1493 2384; x_wconf 89' lang='lat' dir='ltr'><strong>Dei</strong></span> <span class='ocrx_word' id='word_1_187' title='bbox 1539 2330 1734 2397; x_wconf 91' lang='lat' dir='ltr'><strong>nostri,</strong></span> <span class='ocrx_word' id='word_1_188' title='bbox 1779 2346 1943 2403; x_wconf 84' lang='lat' dir='ltr'><strong>quant</strong></span> 
     </span>
    </p>
   </div>
   <div class='ocr_carea' id='block_1_26' title="bbox 338 2416 1947 2491">
    <p class='ocr_par' dir='ltr' id='par_1_26' title="bbox 338 2416 1947 2491">
     <span class='ocr_line' id='line_1_26' title="bbox 338 2416 1947 2491; baseline 0.005 -17"><span class='ocrx_word' id='word_1_189' title='bbox 338 2416 590 2474; x_wconf 82' lang='lat' dir='ltr'><strong>Salvator</strong></span> <span class='ocrx_word' id='word_1_190' title='bbox 612 2418 857 2488; x_wconf 85' lang='lat' dir='ltr'><strong>ipsejam</strong></span> <span class='ocrx_word' id='word_1_191' title='bbox 890 2419 1170 2488; x_wconf 87' lang='lat' dir='ltr'><strong>proximus</strong></span> <span class='ocrx_word' id='word_1_192' title='bbox 1194 2420 1433 2491; x_wconf 89' lang='lat' dir='ltr'><strong>passioni</strong></span> <span class='ocrx_word' id='word_1_193' title='bbox 1459 2423 1786 2478; x_wconf 88' lang='lat' dir='ltr'><strong>servandam</strong></span> <span class='ocrx_word' id='word_1_194' title='bbox 1818 2439 1947 2482; x_wconf 90' lang='lat' dir='ltr'><strong>esse</strong></span> 
     </span>
    </p>
   </div>
   <div class='ocr_carea' id='block_1_27' title="bbox 338 2510 1946 2586">
    <p class='ocr_par' dir='ltr' id='par_1_27' title="bbox 338 2510 1946 2586">
     <span class='ocr_line' id='line_1_27' title="bbox 338 2510 1946 2586; baseline 0.004 -20"><span class='ocrx_word' id='word_1_195' title='bbox 338 2510 603 2582; x_wconf 65' lang='lat' dir='ltr'><strong>praacepit</strong></span> <span class='ocrx_word' id='word_1_196' title='bbox 631 2510 810 2573; x_wconf 85' lang='lat' dir='ltr'><strong>(Joan.</strong></span> <span class='ocrx_word' id='word_1_197' title='bbox 855 2528 969 2580; x_wconf 88' lang='lat' dir='ltr'><strong>xtv,</strong></span> <span class='ocrx_word' id='word_1_198' title='bbox 1012 2510 1133 2584; x_wconf 74' lang='grc'><strong>27),</strong></span> <span class='ocrx_word' id='word_1_199' title='bbox 1165 2520 1220 2567; x_wconf 91' lang='lat' dir='ltr'><strong>et</strong></span> <span class='ocrx_word' id='word_1_200' title='bbox 1250 2511 1605 2569; x_wconf 72' lang='lat' dir='ltr'><strong>bmreditario</strong></span> <span class='ocrx_word' id='word_1_201' title='bbox 1638 2516 1796 2571; x_wconf 90' lang='lat' dir='ltr'><strong>nobis</strong></span> <span class='ocrx_word' id='word_1_202' title='bbox 1822 2516 1946 2586; x_wconf 89' lang='lat' dir='ltr'><strong>jure</strong></span> 
     </span>
    </p>
   </div>
   <div class='ocr_carea' id='block_1_28' title="bbox 339 2603 1945 2674">
    <p class='ocr_par' dir='ltr' id='par_1_28' title="bbox 339 2603 1945 2674">
     <span class='ocr_line' id='line_1_28' title="bbox 339 2603 1945 2674; baseline 0.002 -14"><span class='ocrx_word' id='word_1_203' title='bbox 339 2603 585 2673; x_wconf 85' lang='lat' dir='ltr'><strong>reliquit,</strong></span> <span class='ocrx_word' id='word_1_204' title='bbox 613 2603 804 2661; x_wconf 90' lang='lat' dir='ltr'><strong>dicens</strong></span> <span class='ocrx_word' id='word_1_205' title='bbox 830 2621 843 2659; x_wconf 89' lang='lat'><strong>:</strong></span> <span class='ocrx_word' id='word_1_206' title='bbox 877 2603 1069 2659; x_wconf 86' lang='lat' dir='ltr'><strong>Pacem</strong></span> <span class='ocrx_word' id='word_1_207' title='bbox 1096 2621 1264 2659; x_wconf 87' lang='lat' dir='ltr'><strong>meam</strong></span> <span class='ocrx_word' id='word_1_208' title='bbox 1285 2605 1353 2658; x_wconf 89' lang='lat' dir='ltr'><strong>do</strong></span> <span class='ocrx_word' id='word_1_209' title='bbox 1380 2605 1539 2674; x_wconf 83' lang='lat' dir='ltr'><strong>vobis,</strong></span> <span class='ocrx_word' id='word_1_210' title='bbox 1572 2624 1748 2673; x_wconf 85' lang='lat' dir='ltr'><strong>pacem</strong></span> <span class='ocrx_word' id='word_1_211' title='bbox 1777 2625 1945 2664; x_wconf 87' lang='lat' dir='ltr'><strong>meam</strong></span> 
     </span>
    </p>
   </div>
   <div class='ocr_carea' id='block_1_29' title="bbox 339 2693 1943 2771">
    <p class='ocr_par' dir='ltr' id='par_1_29' title="bbox 339 2693 1943 2771">
     <span class='ocr_line' id='line_1_29' title="bbox 339 2693 1943 2771; baseline 0.005 -23"><span class='ocrx_word' id='word_1_212' title='bbox 339 2693 576 2766; x_wconf 86' lang='lat' dir='ltr'><strong>relinquo</strong></span> <span class='ocrx_word' id='word_1_213' title='bbox 606 2696 745 2750; x_wconf 86' lang='lat' dir='ltr'><strong>vobis</strong></span> <span class='ocrx_word' id='word_1_214' title='bbox 786 2694 1017 2768; x_wconf 80' lang='lat' dir='ltr'><strong>(Philip.</strong></span> <span class='ocrx_word' id='word_1_215' title='bbox 1054 2711 1125 2764; x_wconf 86' lang='lat' dir='ltr'><strong>tt,</strong></span> <span class='ocrx_word' id='word_1_216' title='bbox 1160 2695 1196 2749; x_wconf 73' lang='lat'><strong>2</strong></span> <span class='ocrx_word' id='word_1_217' title='bbox 1237 2705 1282 2750; x_wconf 90' lang='lat' dir='ltr'><strong>et</strong></span> <span class='ocrx_word' id='word_1_218' title='bbox 1328 2696 1383 2766; x_wconf 80' lang='lat'><strong>&#39;5)</strong></span> <span class='ocrx_word' id='word_1_219' title='bbox 1417 2715 1430 2750; x_wconf 90' lang='lat'><strong>:</strong></span> <span class='ocrx_word' id='word_1_220' title='bbox 1481 2707 1536 2752; x_wconf 92' lang='lat' dir='ltr'><strong>et</strong></span> <span class='ocrx_word' id='word_1_221' title='bbox 1564 2698 1767 2754; x_wconf 90' lang='lat' dir='ltr'><strong>dictum</strong></span> <span class='ocrx_word' id='word_1_222' title='bbox 1797 2700 1943 2771; x_wconf 89' lang='lat' dir='ltr'><strong>Apo-</strong></span> 
     </span>
    </p>
   </div>
   <div class='ocr_carea' id='block_1_30' title="bbox 339 2788 1947 2863">
    <p class='ocr_par' dir='ltr' id='par_1_30' title="bbox 339 2788 1947 2863">
     <span class='ocr_line' id='line_1_30' title="bbox 339 2788 1947 2863; baseline 0.003 -19"><span class='ocrx_word' id='word_1_223' title='bbox 339 2790 463 2844; x_wconf 91' lang='lat' dir='ltr'><strong>stoli</strong></span> <span class='ocrx_word' id='word_1_224' title='bbox 495 2790 539 2861; x_wconf 76' lang='lat' dir='ltr'><strong>(I</strong></span> <span class='ocrx_word' id='word_1_225' title='bbox 565 2788 747 2845; x_wconf 81' lang='lat' dir='ltr'><strong>Thess.</strong></span> <span class='ocrx_word' id='word_1_226' title='bbox 781 2804 843 2857; x_wconf 89' lang='lat' dir='ltr'><strong>tt,</strong></span> <span class='ocrx_word' id='word_1_227' title='bbox 870 2788 928 2863; x_wconf 78' lang='grc'><strong>4)</strong></span> <span class='ocrx_word' id='word_1_228' title='bbox 953 2833 968 2854; x_wconf 84' lang='grc'><em>,</em></span> <span class='ocrx_word' id='word_1_229' title='bbox 993 2799 1054 2845; x_wconf 93' lang='lat' dir='ltr'><strong>ut</strong></span> <span class='ocrx_word' id='word_1_230' title='bbox 1082 2790 1392 2857; x_wconf 89' lang='lat' dir='ltr'><strong>unanimes,</strong></span> <span class='ocrx_word' id='word_1_231' title='bbox 1430 2807 1599 2847; x_wconf 89' lang='lat' dir='ltr'><strong>unum</strong></span> <span class='ocrx_word' id='word_1_232' title='bbox 1626 2792 1947 2861; x_wconf 88' lang='lat' dir='ltr'><strong>sentientes,</strong></span> 
     </span>
    </p>
   </div>
   <div class='ocr_carea' id='block_1_31' title="bbox 339 2883 1949 2955">
    <p class='ocr_par' dir='ltr' id='par_1_31' title="bbox 339 2883 1949 2955">
     <span class='ocr_line' id='line_1_31' title="bbox 339 2883 1949 2955; baseline 0.001 -14"><span class='ocrx_word' id='word_1_233' title='bbox 339 2898 763 2954; x_wconf 85' lang='lat' dir='ltr'><strong>permaneamus</strong></span> <span class='ocrx_word' id='word_1_234' title='bbox 806 2883 860 2940; x_wconf 91' lang='lat' dir='ltr'><strong>in</strong></span> <span class='ocrx_word' id='word_1_235' title='bbox 912 2883 1158 2951; x_wconf 90' lang='lat' dir='ltr'><strong>Christo,</strong></span> <span class='ocrx_word' id='word_1_236' title='bbox 1214 2884 1353 2939; x_wconf 92' lang='lat' dir='ltr'><strong>nihil</strong></span> <span class='ocrx_word' id='word_1_237' title='bbox 1392 2900 1491 2955; x_wconf 87' lang='lat' dir='ltr'><strong>per</strong></span> <span class='ocrx_word' id='word_1_238' title='bbox 1532 2886 1949 2943; x_wconf 87' lang='lat' dir='ltr'><strong>contentionem</strong></span> 
     </span>
    </p>
   </div>
   <div class='ocr_carea' id='block_1_32' title="bbox 2033 451 3637 522">
    <p class='ocr_par' dir='ltr' id='par_1_32' title="bbox 2033 451 3637 522">
     <span class='ocr_line' id='line_1_32' title="bbox 2033 451 3637 522; baseline -0.001 -11"><span class='ocrx_word' id='word_1_239' title='bbox 2033 455 2372 520; x_wconf 89' lang='lat' dir='ltr'><strong>hominibus,</strong></span> <span class='ocrx_word' id='word_1_240' title='bbox 2402 453 2501 510; x_wconf 91' lang='lat' dir='ltr'><strong>sed</strong></span> <span class='ocrx_word' id='word_1_241' title='bbox 2534 454 2643 510; x_wconf 89' lang='lat' dir='ltr'><strong>Deo</strong></span> <span class='ocrx_word' id='word_1_242' title='bbox 2668 463 2860 509; x_wconf 89' lang='lat' dir='ltr'><strong>nostro</strong></span> <span class='ocrx_word' id='word_1_243' title='bbox 2886 451 3146 507; x_wconf 87' lang='lat' dir='ltr'><strong>salvatori</strong></span> <span class='ocrx_word' id='word_1_244' title='bbox 3177 452 3510 522; x_wconf 87' lang='lat' dir='ltr'><strong>placeamus.</strong></span> <span class='ocrx_word' id='word_1_245' title='bbox 3544 455 3637 509; x_wconf 85' lang='lat' dir='ltr'><strong>His</strong></span> 
     </span>
    </p>
   </div>
   <div class='ocr_carea' id='block_1_33' title="bbox 2035 544 3634 621">
    <p class='ocr_par' dir='ltr' id='par_1_33' title="bbox 2035 544 3634 621">
     <span class='ocr_line' id='line_1_33' title="bbox 2035 544 3634 621; baseline -0.004 -15"><span class='ocrx_word' id='word_1_246' title='bbox 2035 549 2324 620; x_wconf 75' lang='lat' dir='ltr'><strong>przcceptis</strong></span> <span class='ocrx_word' id='word_1_247' title='bbox 2362 546 2623 613; x_wconf 87' lang='lat' dir='ltr'><strong>omnibus</strong></span> <span class='ocrx_word' id='word_1_248' title='bbox 2664 546 2711 600; x_wconf 90' lang='lat' dir='ltr'><strong>si</strong></span> <span class='ocrx_word' id='word_1_249' title='bbox 2755 544 2993 600; x_wconf 76' lang='lat' dir='ltr'><strong>fideliter</strong></span> <span class='ocrx_word' id='word_1_250' title='bbox 3020 545 3358 621; x_wconf 76' lang='lat' dir='ltr'><strong>voluerimus</strong></span> <span class='ocrx_word' id='word_1_251' title='bbox 3386 545 3634 609; x_wconf 88' lang='lat' dir='ltr'><strong>obedire,</strong></span> 
     </span>
    </p>
   </div>
   <div class='ocr_carea' id='block_1_34' title="bbox 2035 638 3640 714">
    <p class='ocr_par' dir='ltr' id='par_1_34' title="bbox 2035 638 3640 714">
     <span class='ocr_line' id='line_1_34' title="bbox 2035 638 3640 714; baseline -0.002 -18"><span class='ocrx_word' id='word_1_252' title='bbox 2035 641 2261 714; x_wconf 82' lang='lat' dir='ltr'><strong>(Philip.</strong></span> <span class='ocrx_word' id='word_1_253' title='bbox 2294 658 2370 709; x_wconf 83' lang='lat' dir='ltr'><strong>tv,</strong></span> <span class='ocrx_word' id='word_1_254' title='bbox 2395 639 2454 712; x_wconf 87' lang='grc'>7)</span> <span class='ocrx_word' id='word_1_255' title='bbox 2481 638 2756 695; x_wconf 85' lang='lat' dir='ltr'><strong>custodiet</strong></span> <span class='ocrx_word' id='word_1_256' title='bbox 2787 639 3051 693; x_wconf 85' lang='lat' dir='ltr'><strong>Dominus</strong></span> <span class='ocrx_word' id='word_1_257' title='bbox 3079 653 3311 708; x_wconf 90' lang='lat' dir='ltr'><strong>corpora</strong></span> <span class='ocrx_word' id='word_1_258' title='bbox 3364 650 3554 695; x_wconf 90' lang='lat' dir='ltr'><strong>nostra</strong></span> <span class='ocrx_word' id='word_1_259' title='bbox 3584 649 3640 694; x_wconf 87' lang='lat' dir='ltr'><strong>et</strong></span> 
     </span>
    </p>
   </div>
   <div class='ocr_carea' id='block_1_35' title="bbox 2034 729 3643 801">
    <p class='ocr_par' dir='ltr' id='par_1_35' title="bbox 2034 729 3643 801">
     <span class='ocr_line' id='line_1_35' title="bbox 2034 729 3643 801; baseline -0.001 -15"><span class='ocrx_word' id='word_1_260' title='bbox 2034 733 2247 787; x_wconf 90' lang='lat' dir='ltr'><strong>animas</strong></span> <span class='ocrx_word' id='word_1_261' title='bbox 2285 742 2502 787; x_wconf 89' lang='lat' dir='ltr'><strong>nostras</strong></span> <span class='ocrx_word' id='word_1_262' title='bbox 2530 732 2583 786; x_wconf 91' lang='lat' dir='ltr'><strong>in</strong></span> <span class='ocrx_word' id='word_1_263' title='bbox 2612 731 2783 797; x_wconf 89' lang='lat' dir='ltr'><strong>diem,</strong></span> <span class='ocrx_word' id='word_1_264' title='bbox 2810 745 2915 801; x_wconf 92' lang='lat' dir='ltr'><strong>qua</strong></span> <span class='ocrx_word' id='word_1_265' title='bbox 2951 729 3268 785; x_wconf 89' lang='lat' dir='ltr'><strong>redditurus</strong></span> <span class='ocrx_word' id='word_1_266' title='bbox 3300 739 3384 785; x_wconf 89' lang='lat' dir='ltr'><strong>est</strong></span> <span class='ocrx_word' id='word_1_267' title='bbox 3428 730 3643 786; x_wconf 87' lang='lat' dir='ltr'><strong>unicui-</strong></span> 
     </span>
    </p>
   </div>
   <div class='ocr_carea' id='block_1_36' title="bbox 2034 823 3640 897">
    <p class='ocr_par' dir='ltr' id='par_1_36' title="bbox 2034 823 3640 897">
     <span class='ocr_line' id='line_1_36' title="bbox 2034 823 3640 897; baseline 0 -18"><span class='ocrx_word' id='word_1_268' title='bbox 2034 841 2138 897; x_wconf 92' lang='lat' dir='ltr'><strong>que</strong></span> <span class='ocrx_word' id='word_1_269' title='bbox 2166 826 2471 881; x_wconf 88' lang='lat' dir='ltr'><strong>secundum</strong></span> <span class='ocrx_word' id='word_1_270' title='bbox 2512 840 2680 891; x_wconf 88' lang='lat' dir='ltr'><strong>opera</strong></span> <span class='ocrx_word' id='word_1_271' title='bbox 2710 839 2805 879; x_wconf 91' lang='lat' dir='ltr'><strong>sua</strong></span> <span class='ocrx_word' id='word_1_272' title='bbox 2837 823 3015 893; x_wconf 83' lang='lat' dir='ltr'><strong>(Rom.</strong></span> <span class='ocrx_word' id='word_1_273' title='bbox 3047 839 3110 889; x_wconf 87' lang='lat' dir='ltr'><strong>tt,</strong></span> <span class='ocrx_word' id='word_1_274' title='bbox 3143 824 3221 894; x_wconf 82' lang='lat'><strong>5).</strong></span> <span class='ocrx_word' id='word_1_275' title='bbox 3252 823 3308 879; x_wconf 90' lang='lat' dir='ltr'><strong>Si</strong></span> <span class='ocrx_word' id='word_1_276' title='bbox 3354 824 3477 892; x_wconf 87' lang='lat' dir='ltr'><strong>quis</strong></span> <span class='ocrx_word' id='word_1_277' title='bbox 3508 838 3640 879; x_wconf 86' lang='lat' dir='ltr'><strong>sane</strong></span> 
     </span>
    </p>
   </div>
   <div class='ocr_carea' id='block_1_37' title="bbox 2036 913 3646 982">
    <p class='ocr_par' dir='ltr' id='par_1_37' title="bbox 2036 913 3646 982">
     <span class='ocr_line' id='line_1_37' title="bbox 2036 913 3646 982; baseline -0.002 -9"><span class='ocrx_word' id='word_1_278' title='bbox 2036 918 2258 973; x_wconf 82' lang='lat' dir='ltr'><strong>inﬂatus</strong></span> <span class='ocrx_word' id='word_1_279' title='bbox 2290 924 2476 972; x_wconf 91' lang='lat' dir='ltr'><strong>mente</strong></span> <span class='ocrx_word' id='word_1_280' title='bbox 2499 916 2684 972; x_wconf 89' lang='lat' dir='ltr'><strong>carnis</strong></span> <span class='ocrx_word' id='word_1_281' title='bbox 2714 930 2847 982; x_wconf 76' lang='lat' dir='ltr'><strong>suae,</strong></span> <span class='ocrx_word' id='word_1_282' title='bbox 2877 914 2947 970; x_wconf 91' lang='lat' dir='ltr'><strong>ab</strong></span> <span class='ocrx_word' id='word_1_283' title='bbox 2976 915 3079 970; x_wconf 90' lang='lat' dir='ltr'><strong>hac</strong></span> <span class='ocrx_word' id='word_1_284' title='bbox 3119 913 3145 950; x_wconf 76' lang='grc' dir='ltr'><strong>ἀ</strong></span> <span class='ocrx_word' id='word_1_285' title='bbox 3174 915 3403 970; x_wconf 88' lang='lat' dir='ltr'><strong>canonis</strong></span> <span class='ocrx_word' id='word_1_286' title='bbox 3430 915 3646 970; x_wconf 88' lang='lat' dir='ltr'><strong>ratione</strong></span> 
     </span>
    </p>
   </div>
   <div class='ocr_carea' id='block_1_38' title="bbox 2038 1010 3647 1081">
    <p class='ocr_par' dir='ltr' id='par_1_38' title="bbox 2038 1010 3647 1081">
     <span class='ocr_line' id='line_1_38' title="bbox 2038 1010 3647 1081; baseline 0.001 -16"><span class='ocrx_word' id='word_1_287' title='bbox 2038 1011 2269 1067; x_wconf 89' lang='lat' dir='ltr'><strong>voluerit</strong></span> <span class='ocrx_word' id='word_1_288' title='bbox 2297 1010 2562 1081; x_wconf 90' lang='lat' dir='ltr'><strong>evagari,</strong></span> <span class='ocrx_word' id='word_1_289' title='bbox 2596 1010 2732 1065; x_wconf 90' lang='lat' dir='ltr'><strong>sciat</strong></span> <span class='ocrx_word' id='word_1_290' title='bbox 2759 1025 2819 1065; x_wconf 93' lang='lat' dir='ltr'><strong>se</strong></span> <span class='ocrx_word' id='word_1_291' title='bbox 2849 1024 2880 1063; x_wconf 91' lang='lat' dir='ltr'><strong>a</strong></span> <span class='ocrx_word' id='word_1_292' title='bbox 2916 1018 3100 1064; x_wconf 91' lang='lat' dir='ltr'><strong>nostra</strong></span> <span class='ocrx_word' id='word_1_293' title='bbox 3136 1010 3523 1065; x_wconf 86' lang='lat' dir='ltr'><strong>communione</strong></span> <span class='ocrx_word' id='word_1_294' title='bbox 3558 1025 3647 1066; x_wconf 88' lang='lat' dir='ltr'><strong>se-</strong></span> 
     </span>
    </p>
   </div>
   <div class='ocr_carea' id='block_1_39' title="bbox 2036 1103 3223 1174">
    <p class='ocr_par' dir='ltr' id='par_1_39' title="bbox 2036 1103 3223 1174">
     <span class='ocr_line' id='line_1_39' title="bbox 2036 1103 3223 1174; baseline -0.003 -14"><span class='ocrx_word' id='word_1_295' title='bbox 2036 1105 2271 1170; x_wconf 89' lang='lat' dir='ltr'><strong>clusum,</strong></span> <span class='ocrx_word' id='word_1_296' title='bbox 2296 1114 2351 1158; x_wconf 87' lang='lat' dir='ltr'><strong>et</strong></span> <span class='ocrx_word' id='word_1_297' title='bbox 2375 1103 2640 1174; x_wconf 82' lang='lat' dir='ltr'><strong>gehennae</strong></span> <span class='ocrx_word' id='word_1_298' title='bbox 2666 1117 2857 1173; x_wconf 66' lang='lat' dir='ltr'><strong>poenas</strong></span> <span class='ocrx_word' id='word_1_299' title='bbox 2884 1103 3223 1158; x_wconf 88' lang='lat' dir='ltr'><strong>habiturum.</strong></span> 
     </span>
    </p>
   </div>
   <div class='ocr_carea' id='block_1_40' title="bbox 2109 1197 3637 1268">
    <p class='ocr_par' dir='ltr' id='par_1_40' title="bbox 2109 1197 3637 1268">
     <span class='ocr_line' id='line_1_40' title="bbox 2109 1197 3637 1268; baseline 0.001 -15"><span class='ocrx_word' id='word_1_300' title='bbox 2109 1198 2165 1254; x_wconf 80' lang='lat'><strong>5.</strong></span> <span class='ocrx_word' id='word_1_301' title='bbox 2206 1199 2481 1255; x_wconf 60' lang='lat' dir='ltr'><strong>Praeterea</strong></span> <span class='ocrx_word' id='word_1_302' title='bbox 2511 1198 2887 1255; x_wconf 90' lang='lat' dir='ltr'><strong>misericordia</strong></span> <span class='ocrx_word' id='word_1_303' title='bbox 2918 1213 3041 1253; x_wconf 91' lang='lat' dir='ltr'><strong>cum</strong></span> <span class='ocrx_word' id='word_1_304' title='bbox 3068 1197 3279 1268; x_wconf 89' lang='lat' dir='ltr'><strong>judicio</strong></span> <span class='ocrx_word' id='word_1_305' title='bbox 3304 1215 3423 1255; x_wconf 77' lang='lat' dir='ltr'><strong>esse</strong></span> <span class='ocrx_word' id='word_1_306' title='bbox 3453 1202 3637 1257; x_wconf 89' lang='lat' dir='ltr'><strong>debet.</strong></span> 
     </span>
    </p>
   </div>
   <div class='ocr_carea' id='block_1_41' title="bbox 2041 1292 3637 1367">
    <p class='ocr_par' dir='ltr' id='par_1_41' title="bbox 2041 1292 3637 1367">
     <span class='ocr_line' id='line_1_41' title="bbox 2041 1292 3637 1367; baseline 0.003 -20"><span class='ocrx_word' id='word_1_307' title='bbox 2041 1292 2262 1347; x_wconf 87' lang='lat' dir='ltr'><strong>Talibus</strong></span> <span class='ocrx_word' id='word_1_308' title='bbox 2284 1293 2430 1347; x_wconf 88' lang='lat' dir='ltr'><strong>enim</strong></span> <span class='ocrx_word' id='word_1_309' title='bbox 2460 1300 2682 1361; x_wconf 91' lang='lat' dir='ltr'><strong>oportet</strong></span> <span class='ocrx_word' id='word_1_310' title='bbox 2712 1292 3023 1348; x_wconf 88' lang='lat' dir='ltr'><strong>labentibus</strong></span> <span class='ocrx_word' id='word_1_311' title='bbox 3065 1308 3285 1348; x_wconf 89' lang='lat' dir='ltr'><strong>manum</strong></span> <span class='ocrx_word' id='word_1_312' title='bbox 3318 1296 3598 1367; x_wconf 84' lang='lat' dir='ltr'><strong>porrigere</strong></span> <span class='ocrx_word' id='word_1_313' title='bbox 3624 1337 3637 1361; x_wconf 91' lang='lat'><strong>,</strong></span> 
     </span>
    </p>
   </div>
   <div class='ocr_carea' id='block_1_42' title="bbox 2045 1374 3639 1457">
    <p class='ocr_par' dir='ltr' id='par_1_42' title="bbox 2045 1374 3639 1457">
     <span class='ocr_line' id='line_1_42' title="bbox 2045 1374 3639 1457; baseline 0 -17"><span class='ocrx_word' id='word_1_314' title='bbox 2045 1374 2067 1423; x_wconf 62' lang='grc' dir='ltr'>δ</span> <span class='ocrx_word' id='word_1_315' title='bbox 2097 1386 2190 1457; x_wconf 91' lang='lat' dir='ltr'><strong>qui</strong></span> <span class='ocrx_word' id='word_1_316' title='bbox 2220 1385 2300 1441; x_wconf 91' lang='lat' dir='ltr'><strong>sic</strong></span> <span class='ocrx_word' id='word_1_317' title='bbox 2330 1394 2643 1441; x_wconf 86' lang='lat' dir='ltr'><strong>currentem</strong></span> <span class='ocrx_word' id='word_1_318' title='bbox 2672 1401 2780 1442; x_wconf 90' lang='lat' dir='ltr'><strong>non</strong></span> <span class='ocrx_word' id='word_1_319' title='bbox 2815 1384 3141 1455; x_wconf 88' lang='lat' dir='ltr'><strong>pertrahant</strong></span> <span class='ocrx_word' id='word_1_320' title='bbox 3171 1386 3223 1440; x_wconf 92' lang='lat' dir='ltr'><strong>in</strong></span> <span class='ocrx_word' id='word_1_321' title='bbox 3248 1387 3479 1441; x_wconf 91' lang='lat' dir='ltr'><strong>ruinam.</strong></span> <span class='ocrx_word' id='word_1_322' title='bbox 3505 1388 3639 1443; x_wconf 84' lang='lat' dir='ltr'><strong>Data</strong></span> 
     </span>
    </p>
   </div>
   <div class='ocr_carea' id='block_1_43' title="bbox 2042 1478 3644 1547">
    <p class='ocr_par' dir='ltr' id='par_1_43' title="bbox 2042 1478 3644 1547">
     <span class='ocr_line' id='line_1_43' title="bbox 2042 1478 3644 1547; baseline 0.002 -15"><span class='ocrx_word' id='word_1_323' title='bbox 2042 1478 2230 1535; x_wconf 83' lang='lat' dir='ltr'><strong>Romae</strong></span> <span class='ocrx_word' id='word_1_324' title='bbox 2261 1478 2279 1517; x_wconf 69' lang='grc' dir='ltr'><strong>ί</strong></span> <span class='ocrx_word' id='word_1_325' title='bbox 2312 1482 2366 1534; x_wconf 93' lang='lat' dir='ltr'><strong>in</strong></span> <span class='ocrx_word' id='word_1_326' title='bbox 2394 1478 2631 1535; x_wconf 91' lang='lat' dir='ltr'><strong>concilio</strong></span> <span class='ocrx_word' id='word_1_327' title='bbox 2659 1479 3044 1547; x_wconf 89' lang='lat' dir='ltr'><strong>episcoporum</strong></span> <span class='ocrx_word' id='word_1_328' title='bbox 3096 1478 3165 1535; x_wconf 85' lang='lat'><strong>80</strong></span> <span class='ocrx_word' id='word_1_329' title='bbox 3205 1478 3307 1533; x_wconf 91' lang='lat' dir='ltr'><strong>sub</strong></span> <span class='ocrx_word' id='word_1_330' title='bbox 3334 1480 3423 1535; x_wconf 90' lang='lat' dir='ltr'><strong>die</strong></span> <span class='ocrx_word' id='word_1_331' title='bbox 3462 1482 3495 1535; x_wconf 92' lang='lat'><strong>8</strong></span> <span class='ocrx_word' id='word_1_332' title='bbox 3523 1481 3644 1536; x_wconf 90' lang='lat' dir='ltr'><strong>idus</strong></span> 
     </span>
    </p>
   </div>
   <div class='ocr_carea' id='block_1_44' title="bbox 2040 1569 3643 1641">
    <p class='ocr_par' dir='ltr' id='par_1_44' title="bbox 2040 1569 3643 1641">
     <span class='ocr_line' id='line_1_44' title="bbox 2040 1569 3643 1641; baseline 0.002 -15"><span class='ocrx_word' id='word_1_333' title='bbox 2040 1569 2327 1626; x_wconf 87' lang='lat' dir='ltr'><strong>Januarias</strong></span> <span class='ocrx_word' id='word_1_334' title='bbox 2368 1578 2492 1641; x_wconf 87' lang='lat' dir='ltr'><strong>post</strong></span> <span class='ocrx_word' id='word_1_335' title='bbox 2537 1570 2879 1626; x_wconf 90' lang='lat' dir='ltr'><strong>consulatum</strong></span> <span class='ocrx_word' id='word_1_336' title='bbox 2914 1570 3134 1625; x_wconf 83' lang='lat' dir='ltr'><strong>Arcadii</strong></span> <span class='ocrx_word' id='word_1_337' title='bbox 3166 1572 3380 1641; x_wconf 85' lang='lat' dir='ltr'><strong>augusti</strong></span> <span class='ocrx_word' id='word_1_338' title='bbox 3414 1581 3470 1628; x_wconf 92' lang='lat' dir='ltr'><strong>et</strong></span> <span class='ocrx_word' id='word_1_339' title='bbox 3502 1572 3643 1628; x_wconf 85' lang='lat' dir='ltr'><strong>Bau-</strong></span> 
     </span>
    </p>
   </div>
   <div class='ocr_carea' id='block_1_45' title="bbox 2044 1662 2537 1718">
    <p class='ocr_par' dir='ltr' id='par_1_45' title="bbox 2044 1662 2537 1718">
     <span class='ocr_line' id='line_1_45' title="bbox 2044 1662 2537 1718; baseline 0 -2"><span class='ocrx_word' id='word_1_340' title='bbox 2044 1662 2192 1718; x_wconf 90' lang='lat' dir='ltr'><strong>tonis</strong></span> <span class='ocrx_word' id='word_1_341' title='bbox 2217 1678 2269 1717; x_wconf 88' lang='lat' dir='ltr'><strong>v.</strong></span> <span class='ocrx_word' id='word_1_342' title='bbox 2301 1677 2353 1717; x_wconf 91' lang='lat' dir='ltr'><strong>c.</strong></span> <span class='ocrx_word' id='word_1_343' title='bbox 2381 1676 2537 1718; x_wconf 92' lang='lat' dir='ltr'><strong>cons.</strong></span> 
     </span>
    </p>
   </div>
   <div class='ocr_carea' id='block_1_46' title="bbox 2170 1774 3513 1847">
    <p class='ocr_par' dir='ltr' id='par_1_46' title="bbox 2170 1774 3513 1847">
     <span class='ocr_line' id='line_1_46' title="bbox 2170 1774 3513 1847; baseline 0.004 -17"><span class='ocrx_word' id='word_1_344' title='bbox 2170 1775 2491 1833; x_wconf 85' lang='lat' dir='ltr'><strong>MONITUM</strong></span> <span class='ocrx_word' id='word_1_345' title='bbox 2528 1775 2597 1833; x_wconf 87' lang='lat' dir='ltr'><strong>IN</strong></span> <span class='ocrx_word' id='word_1_346' title='bbox 2638 1774 3032 1834; x_wconf 86' lang='lat' dir='ltr'><strong>EPISTOLAM</strong></span> <span class='ocrx_word' id='word_1_347' title='bbox 3072 1777 3513 1847; x_wconf 82' lang='lat' dir='ltr'><strong>SEQUENTEM.</strong></span> 
     </span>
    </p>
   </div>
   <div class='ocr_carea' id='block_1_47' title="bbox 2114 1889 3648 1968">
    <p class='ocr_par' dir='ltr' id='par_1_47' title="bbox 2114 1889 3648 1968">
     <span class='ocr_line' id='line_1_47' title="bbox 2114 1889 3648 1968; baseline 0.008 -24"><span class='ocrx_word' id='word_1_348' title='bbox 2114 1889 2155 1944; x_wconf 88' lang='grc' dir='ltr'><strong>Ι.</strong></span> <span class='ocrx_word' id='word_1_349' title='bbox 2202 1889 2401 1968; x_wconf 82' lang='lat' dir='ltr'><strong>Quibus</strong></span> <span class='ocrx_word' id='word_1_350' title='bbox 2434 1892 2696 1968; x_wconf 67' lang='lat' dir='ltr'><strong>primario</strong></span> <span class='ocrx_word' id='word_1_351' title='bbox 2722 1894 2915 1968; x_wconf 71' lang='lat' dir='ltr'><strong>scripta</strong></span> <span class='ocrx_word' id='word_1_352' title='bbox 2940 1896 3032 1968; x_wconf 85' lang='lat' dir='ltr'><strong>sit.</strong></span> <span class='ocrx_word' id='word_1_353' title='bbox 3061 1926 3133 1968; x_wconf 59' lang='grc' dir='ltr'><strong>-έη</strong></span> <span class='ocrx_word' id='word_1_354' title='bbox 3160 1896 3465 1968; x_wconf 91' lang='lat' dir='ltr'><strong>Epistolam</strong></span> <span class='ocrx_word' id='word_1_355' title='bbox 3499 1901 3648 1957; x_wconf 90' lang='lat' dir='ltr'><strong>illam</strong></span> 
     </span>
    </p>
   </div>
   <div class='ocr_carea' id='block_1_48' title="bbox 2046 1962 3652 2031">
    <p class='ocr_par' dir='ltr' id='par_1_48' title="bbox 2046 1962 3652 2031">
     <span class='ocr_line' id='line_1_48' title="bbox 2046 1962 3652 2031; baseline 0.008 -15"><span class='ocrx_word' id='word_1_356' title='bbox 2046 1976 2154 2016; x_wconf 92' lang='lat' dir='ltr'><strong>non</strong></span> <span class='ocrx_word' id='word_1_357' title='bbox 2197 1963 2358 2017; x_wconf 88' lang='lat' dir='ltr'><strong>modo</strong></span> <span class='ocrx_word' id='word_1_358' title='bbox 2388 1962 2731 2018; x_wconf 87' lang='lat' dir='ltr'><strong>collectionis</strong></span> <span class='ocrx_word' id='word_1_359' title='bbox 2762 1965 2974 2031; x_wconf 88' lang='lat' dir='ltr'><strong>lsidori,</strong></span> <span class='ocrx_word' id='word_1_360' title='bbox 3016 1967 3111 2022; x_wconf 86' lang='lat' dir='ltr'><strong>sed</strong></span> <span class='ocrx_word' id='word_1_361' title='bbox 3154 1962 3464 2025; x_wconf 57' lang='lat' dir='ltr'><strong>et&#39;alterius</strong></span> <span class='ocrx_word' id='word_1_362' title='bbox 3509 1975 3652 2029; x_wconf 80' lang='lat' dir='ltr'><strong>anti-</strong></span> 
     </span>
    </p>
   </div>
   <div class='ocr_carea' id='block_1_49' title="bbox 2044 2032 3649 2104">
    <p class='ocr_par' dir='ltr' id='par_1_49' title="bbox 2044 2032 3649 2104">
     <span class='ocr_line' id='line_1_49' title="bbox 2044 2032 3649 2104; baseline 0.008 -17"><span class='ocrx_word' id='word_1_363' title='bbox 2044 2032 2278 2103; x_wconf 80' lang='lat' dir='ltr'><strong>quioris,</strong></span> <span class='ocrx_word' id='word_1_364' title='bbox 2301 2048 2461 2103; x_wconf 89' lang='lat' dir='ltr'><strong>quam</strong></span> <span class='ocrx_word' id='word_1_365' title='bbox 2488 2034 2780 2104; x_wconf 78' lang='lat' dir='ltr'><strong>Hispanam</strong></span> <span class='ocrx_word' id='word_1_366' title='bbox 2808 2051 3093 2102; x_wconf 86' lang='lat' dir='ltr'><strong>vocamus,</strong></span> <span class='ocrx_word' id='word_1_367' title='bbox 3119 2040 3340 2097; x_wconf 89' lang='lat' dir='ltr'><strong>codices</strong></span> <span class='ocrx_word' id='word_1_368' title='bbox 3363 2042 3649 2100; x_wconf 88' lang='lat' dir='ltr'><strong>exhibent.</strong></span> 
     </span>
    </p>
   </div>
   <div class='ocr_carea' id='block_1_50' title="bbox 2047 2104 3652 2183">
    <p class='ocr_par' dir='ltr' id='par_1_50' title="bbox 2047 2104 3652 2183">
     <span class='ocr_line' id='line_1_50' title="bbox 2047 2104 3652 2183; baseline 0.009 -25"><span class='ocrx_word' id='word_1_369' title='bbox 2047 2104 2201 2183; x_wconf 80' lang='lat' dir='ltr'><strong>Quod</strong></span> <span class='ocrx_word' id='word_1_370' title='bbox 2248 2121 2399 2183; x_wconf 80' lang='lat' dir='ltr'><strong>num.</strong></span> <span class='ocrx_word' id='word_1_371' title='bbox 2451 2104 2839 2183; x_wconf 74' lang='lat' dir='ltr'><strong>2__legim_us,_«</strong></span> <span class='ocrx_word' id='word_1_372' title='bbox 2888 2110 3060 2183; x_wconf 81' lang='lat' dir='ltr'><strong>Etiam</strong></span> <span class='ocrx_word' id='word_1_373' title='bbox 3111 2111 3180 2166; x_wconf 91' lang='lat' dir='ltr'><strong>de</strong></span> <span class='ocrx_word' id='word_1_374' title='bbox 3226 2114 3521 2183; x_wconf 87' lang='lat' dir='ltr'><strong>longinquo</strong></span> <span class='ocrx_word' id='word_1_375' title='bbox 3559 2132 3652 2172; x_wconf 90' lang='lat' dir='ltr'><strong>ve-</strong></span> 
     </span>
    </p>
   </div>
   <div class='ocr_carea' id='block_1_51' title="bbox 2047 2175 3653 2251">
    <p class='ocr_par' dir='ltr' id='par_1_51' title="bbox 2047 2175 3653 2251">
     <span class='ocr_line' id='line_1_51' title="bbox 2047 2175 3653 2251; baseline 0.007 -22"><span class='ocrx_word' id='word_1_376' title='bbox 2047 2175 2207 2251; x_wconf 77' lang='lat' dir='ltr'><strong>niant</strong></span> <span class='ocrx_word' id='word_1_377' title='bbox 2234 2177 2549 2251; x_wconf 76' lang='lat' dir='ltr'><strong>ordinandi,</strong></span> <span class='ocrx_word' id='word_1_378' title='bbox 2582 2175 2810 2251; x_wconf 83' lang='lat' dir='ltr'><strong>utdigni</strong></span> <span class='ocrx_word' id='word_1_379' title='bbox 2850 2182 3060 2248; x_wconf 91' lang='lat' dir='ltr'><strong>possint</strong></span> <span class='ocrx_word' id='word_1_380' title='bbox 3088 2191 3143 2237; x_wconf 86' lang='lat' dir='ltr'><strong>et</strong></span> <span class='ocrx_word' id='word_1_381' title='bbox 3172 2175 3348 2251; x_wconf 69' lang='lat' dir='ltr'><strong>plebis</strong></span> <span class='ocrx_word' id='word_1_382' title='bbox 3379 2175 3442 2240; x_wconf 58' lang='lat' dir='ltr'><strong>et&#39;</strong></span> <span class='ocrx_word' id='word_1_383' title='bbox 3462 2197 3653 2241; x_wconf 70' lang='lat' dir='ltr'><strong>nostro</strong></span> 
     </span>
    </p>
   </div>
   <div class='ocr_carea' id='block_1_52' title="bbox 2043 2247 3653 2318">
    <p class='ocr_par' dir='ltr' id='par_1_52' title="bbox 2043 2247 3653 2318">
     <span class='ocr_line' id='line_1_52' title="bbox 2043 2247 3653 2318; baseline 0.006 -17"><span class='ocrx_word' id='word_1_384' title='bbox 2043 2247 2251 2317; x_wconf 91' lang='lat' dir='ltr'><strong>judicio</strong></span> <span class='ocrx_word' id='word_1_385' title='bbox 2305 2248 2677 2317; x_wconf 90' lang='lat' dir='ltr'><strong>comprobari,</strong></span> <span class='ocrx_word' id='word_1_386' title='bbox 2728 2247 2755 2303; x_wconf 54' lang='grc'><strong>⁷»</strong></span> <span class='ocrx_word' id='word_1_387' title='bbox 2818 2247 3022 2307; x_wconf 85' lang='lat' dir='ltr'><strong>indicio</strong></span> <span class='ocrx_word' id='word_1_388' title='bbox 3071 2247 3190 2318; x_wconf 47' lang='lat' dir='ltr'><strong>est,&quot;</strong></span> <span class='ocrx_word' id='word_1_389' title='bbox 3237 2271 3354 2310; x_wconf 89' lang='lat' dir='ltr'><strong>eam</strong></span> <span class='ocrx_word' id='word_1_390' title='bbox 3409 2258 3475 2311; x_wconf 91' lang='lat' dir='ltr'><strong>ad</strong></span> <span class='ocrx_word' id='word_1_391' title='bbox 3527 2258 3653 2312; x_wconf 88' lang='lat' dir='ltr'><strong>illos</strong></span> 
     </span>
    </p>
   </div>
   <div class='ocr_carea' id='block_1_53' title="bbox 2048 2320 3650 2390">
    <p class='ocr_par' dir='ltr' id='par_1_53' title="bbox 2048 2320 3650 2390">
     <span class='ocr_line' id='line_1_53' title="bbox 2048 2320 3650 2390; baseline 0.005 -16"><span class='ocrx_word' id='word_1_392' title='bbox 2048 2320 2337 2390; x_wconf 88' lang='lat' dir='ltr'><strong>episcopos</strong></span> <span class='ocrx_word' id='word_1_393' title='bbox 2378 2322 2636 2389; x_wconf 89' lang='lat' dir='ltr'><strong>scriptam</strong></span> <span class='ocrx_word' id='word_1_394' title='bbox 2681 2336 2825 2387; x_wconf 90' lang='lat' dir='ltr'><strong>esse,</strong></span> <span class='ocrx_word' id='word_1_395' title='bbox 2869 2323 3068 2389; x_wconf 87' lang='lat' dir='ltr'><strong>quibus</strong></span> <span class='ocrx_word' id='word_1_396' title='bbox 3111 2324 3369 2382; x_wconf 90' lang='lat' dir='ltr'><strong>ordinare</strong></span> <span class='ocrx_word' id='word_1_397' title='bbox 3422 2346 3440 2380; x_wconf 75' lang='grc' dir='ltr'>ι</span> <span class='ocrx_word' id='word_1_398' title='bbox 3495 2342 3650 2384; x_wconf 83' lang='lat' dir='ltr'><strong>extra</strong></span> 
     </span>
    </p>
   </div>
   <div class='ocr_carea' id='block_1_54' title="bbox 2047 2390 3655 2465">
    <p class='ocr_par' dir='ltr' id='par_1_54' title="bbox 2047 2390 3655 2465">
     <span class='ocr_line' id='line_1_54' title="bbox 2047 2390 3655 2465; baseline 0.007 -20"><span class='ocrx_word' id='word_1_399' title='bbox 2047 2390 2438 2465; x_wconf 75' lang='lat' dir='ltr'><strong>Conscientiam</strong></span> <span class='ocrx_word' id='word_1_400' title='bbox 2483 2392 2633 2465; x_wconf 81' lang='lat' dir='ltr'><strong>sedis</strong></span> <span class='ocrx_word' id='word_1_401' title='bbox 2673 2393 2993 2461; x_wconf 66' lang='lat' dir='ltr'><strong>apostolica:</strong></span> <span class='ocrx_word' id='word_1_402' title='bbox 3054 2413 3092 2465; x_wconf 78' lang='lat'><strong>)_</strong></span> <span class='ocrx_word' id='word_1_403' title='bbox 3124 2412 3230 2449; x_wconf 85' lang='lat' dir='ltr'><strong>non</strong></span> <span class='ocrx_word' id='word_1_404' title='bbox 3276 2397 3499 2465; x_wconf 90' lang='lat' dir='ltr'><strong>licebat,</strong></span> <span class='ocrx_word' id='word_1_405' title='bbox 3550 2401 3655 2456; x_wconf 90' lang='lat' dir='ltr'><strong>hoc</strong></span> 
     </span>
    </p>
   </div>
   <div class='ocr_carea' id='block_1_55' title="bbox 2048 2461 3656 2538">
    <p class='ocr_par' dir='ltr' id='par_1_55' title="bbox 2048 2461 3656 2538">
     <span class='ocr_line' id='line_1_55' title="bbox 2048 2461 3656 2538; baseline 0.006 -22"><span class='ocrx_word' id='word_1_406' title='bbox 2048 2462 2243 2538; x_wconf 81' lang='lat' dir='ltr'><strong>est_ad</strong></span> <span class='ocrx_word' id='word_1_407' title='bbox 2294 2464 2666 2538; x_wconf 81' lang='lat' dir='ltr'><strong>eos,__quibus</strong></span> <span class='ocrx_word' id='word_1_408' title='bbox 2716 2466 2969 2538; x_wconf 80' lang='lat' dir='ltr'><strong>superior</strong></span> <span class='ocrx_word' id='word_1_409' title='bbox 3013 2461 3244 2538; x_wconf 73' lang='lat' dir='ltr'><strong>epiSIola</strong></span> <span class='ocrx_word' id='word_1_410' title='bbox 3302 2469 3336 2523; x_wconf 84' lang='grc'><strong>5</strong></span> <span class='ocrx_word' id='word_1_411' title='bbox 3394 2461 3656 2538; x_wconf 84' lang='lat' dir='ltr'><strong>primario</strong></span> 
     </span>
    </p>
   </div>
   <div class='ocr_carea' id='block_1_56' title="bbox 2047 2532 3654 2613">
    <p class='ocr_par' dir='ltr' id='par_1_56' title="bbox 2047 2532 3654 2613">
     <span class='ocr_line' id='line_1_56' title="bbox 2047 2532 3654 2613; baseline 0.006 -27"><span class='ocrx_word' id='word_1_412' title='bbox 2047 2532 2251 2613; x_wconf 79' lang='lat' dir='ltr'><strong>scripta</strong></span> <span class='ocrx_word' id='word_1_413' title='bbox 2282 2542 2387 2587; x_wconf 84' lang='lat' dir='ltr'><strong>est.</strong></span> <span class='ocrx_word' id='word_1_414' title='bbox 2413 2532 2601 2603; x_wconf 87' lang='lat' dir='ltr'><strong>Neque</strong></span> <span class='ocrx_word' id='word_1_415' title='bbox 2629 2543 2809 2613; x_wconf 80' lang='lat' dir='ltr'><strong>tamen</strong></span> <span class='ocrx_word' id='word_1_416' title='bbox 2842 2532 3234 2613; x_wconf 48' lang='lat' dir='ltr'><strong>i_drirco:falsa,</strong></span> <span class='ocrx_word' id='word_1_417' title='bbox 3268 2541 3370 2594; x_wconf 88' lang='lat' dir='ltr'><strong>etsi</strong></span> <span class='ocrx_word' id='word_1_418' title='bbox 3395 2532 3512 2595; x_wconf 54' lang='lat' dir='ltr'><strong>&#39;non</strong></span> <span class='ocrx_word' id='word_1_419' title='bbox 3542 2546 3654 2613; x_wconf 90' lang='lat' dir='ltr'><strong>pri-</strong></span> 
     </span>
    </p>
   </div>
   <div class='ocr_carea' id='block_1_57' title="bbox 2047 2605 3652 2679">
    <p class='ocr_par' dir='ltr' id='par_1_57' title="bbox 2047 2605 3652 2679">
     <span class='ocr_line' id='line_1_57' title="bbox 2047 2605 3652 2679; baseline 0.007 -21"><span class='ocrx_word' id='word_1_420' title='bbox 2047 2605 2241 2679; x_wconf 90' lang='lat' dir='ltr'><strong>ma_ria_</strong></span> <span class='ocrx_word' id='word_1_421' title='bbox 2268 2614 2353 2659; x_wconf 90' lang='lat' dir='ltr'><strong>est</strong></span> <span class='ocrx_word' id='word_1_422' title='bbox 2393 2620 2514 2675; x_wconf 83' lang='lat' dir='ltr'><strong>quae</strong></span> <span class='ocrx_word' id='word_1_423' title='bbox 2542 2606 2983 2679; x_wconf 7' lang='lat' dir='ltr'><strong>_nu_ncpobtinet,</strong></span> <span class='ocrx_word' id='word_1_424' title='bbox 3030 2607 3176 2664; x_wconf 90' lang='lat' dir='ltr'><strong>illius</strong></span> <span class='ocrx_word' id='word_1_425' title='bbox 3222 2605 3652 2679; x_wconf 65' lang='lat' dir='ltr'><strong>inscriptio.&#39;Eo</strong></span> 
     </span>
    </p>
   </div>
   <div class='ocr_carea' id='block_1_58' title="bbox 2048 2675 3645 2749">
    <p class='ocr_par' dir='ltr' id='par_1_58' title="bbox 2048 2675 3645 2749">
     <span class='ocr_line' id='line_1_58' title="bbox 2048 2675 3645 2749; baseline 0.006 -19"><span class='ocrx_word' id='word_1_426' title='bbox 2048 2677 2195 2730; x_wconf 90' lang='lat' dir='ltr'><strong>enim</strong></span> <span class='ocrx_word' id='word_1_427' title='bbox 2225 2675 2346 2749; x_wconf 81' lang='lat' dir='ltr'><strong>iure</strong></span> <span class='ocrx_word' id='word_1_428' title='bbox 2381 2693 2402 2727; x_wconf 67' lang='grc' dir='ltr'>ι</span> <span class='ocrx_word' id='word_1_429' title='bbox 2450 2675 2777 2749; x_wconf 82' lang='lat' dir='ltr'><strong>orthodoxis</strong></span> <span class='ocrx_word' id='word_1_430' title='bbox 2819 2692 2916 2746; x_wconf 91' lang='lat' dir='ltr'><strong>per</strong></span> <span class='ocrx_word' id='word_1_431' title='bbox 2961 2678 3207 2733; x_wconf 83' lang='lat' dir='ltr'><strong>diversas</strong></span> <span class='ocrx_word' id='word_1_432' title='bbox 3251 2675 3585 2749; x_wconf 84' lang='lat' dir='ltr'><strong>provincias,</strong></span> <span class='ocrx_word' id='word_1_433' title='bbox 3626 2705 3645 2738; x_wconf 70' lang='grc' dir='ltr'><strong><em>ι</em></strong></span> 
     </span>
    </p>
   </div>
   <div class='ocr_carea' id='block_1_59' title="bbox 2048 2747 3643 2820">
    <p class='ocr_par' dir='ltr' id='par_1_59' title="bbox 2048 2747 3643 2820">
     <span class='ocr_line' id='line_1_59' title="bbox 2048 2747 3643 2820; baseline 0.005 -22"><span class='ocrx_word' id='word_1_434' title='bbox 2048 2761 2162 2820; x_wconf 86' lang='lat' dir='ltr'><strong>quo</strong></span> <span class='ocrx_word' id='word_1_435' title='bbox 2186 2747 2477 2820; x_wconf 70' lang='lat' dir='ltr'><strong>proximat</strong></span> <span class='ocrx_word' id='word_1_436' title='bbox 2510 2747 2767 2820; x_wconf 81' lang='lat' dir='ltr'><strong>fratribus</strong></span> <span class='ocrx_word' id='word_1_437' title='bbox 2791 2758 2845 2820; x_wconf 80' lang='lat' dir='ltr'><strong>et</strong></span> <span class='ocrx_word' id='word_1_438' title='bbox 2869 2749 3212 2820; x_wconf 83' lang='lat' dir='ltr'><strong>coepiscopis</strong></span> <span class='ocrx_word' id='word_1_439' title='bbox 3237 2747 3333 2820; x_wconf 82' lang='lat' dir='ltr'><strong>per</strong></span> <span class='ocrx_word' id='word_1_440' title='bbox 3356 2747 3596 2809; x_wconf 84' lang='lat' dir='ltr'><strong>Africam</strong></span> <span class='ocrx_word' id='word_1_441' title='bbox 3626 2775 3643 2806; x_wconf 74' lang='grc' dir='ltr'><strong><em>ι</em></strong></span> 
     </span>
    </p>
   </div>
   <div class='ocr_carea' id='block_1_60' title="bbox 2049 2817 3649 2887">
    <p class='ocr_par' dir='ltr' id='par_1_60' title="bbox 2049 2817 3649 2887">
     <span class='ocr_line' id='line_1_60' title="bbox 2049 2817 3649 2887; baseline 0.005 -16"><span class='ocrx_word' id='word_1_442' title='bbox 2049 2817 2272 2872; x_wconf 91' lang='lat' dir='ltr'><strong>inscribi</strong></span> <span class='ocrx_word' id='word_1_443' title='bbox 2302 2818 2501 2885; x_wconf 91' lang='lat' dir='ltr'><strong>potuit.</strong></span> <span class='ocrx_word' id='word_1_444' title='bbox 2538 2817 2748 2887; x_wconf 84' lang='lat' dir='ltr'><strong>Nempe</strong></span> <span class='ocrx_word' id='word_1_445' title='bbox 2773 2818 3002 2875; x_wconf 86' lang='lat' dir='ltr'><strong>Siricius</strong></span> <span class='ocrx_word' id='word_1_446' title='bbox 3025 2817 3267 2877; x_wconf 84' lang='lat' dir='ltr'><strong>omnium</strong></span> <span class='ocrx_word' id='word_1_447' title='bbox 3298 2828 3649 2881; x_wconf 84' lang='lat' dir='ltr'><strong>ecclesiarum</strong></span> 
     </span>
    </p>
   </div>
   <div class='ocr_carea' id='block_1_61' title="bbox 2050 2888 3654 2961">
    <p class='ocr_par' dir='ltr' id='par_1_61' title="bbox 2050 2888 3654 2961">
     <span class='ocr_line' id='line_1_61' title="bbox 2050 2888 3654 2961; baseline 0.005 -18"><span class='ocrx_word' id='word_1_448' title='bbox 2050 2902 2238 2944; x_wconf 89' lang='lat' dir='ltr'><strong>curam</strong></span> <span class='ocrx_word' id='word_1_449' title='bbox 2269 2890 2335 2943; x_wconf 88' lang='lat' dir='ltr'><strong>ad</strong></span> <span class='ocrx_word' id='word_1_450' title='bbox 2368 2904 2428 2945; x_wconf 91' lang='lat' dir='ltr'><strong>se</strong></span> <span class='ocrx_word' id='word_1_451' title='bbox 2450 2888 2730 2958; x_wconf 88' lang='lat' dir='ltr'><strong>pertinere</strong></span> <span class='ocrx_word' id='word_1_452' title='bbox 2773 2906 2871 2959; x_wconf 91' lang='lat' dir='ltr'><strong>pro</strong></span> <span class='ocrx_word' id='word_1_453' title='bbox 2893 2900 3045 2947; x_wconf 91' lang='lat' dir='ltr'><strong>certo</strong></span> <span class='ocrx_word' id='word_1_454' title='bbox 3071 2893 3303 2961; x_wconf 90' lang='lat' dir='ltr'><strong>habens,</strong></span> <span class='ocrx_word' id='word_1_455' title='bbox 3333 2897 3654 2954; x_wconf 88' lang='lat' dir='ltr'><strong>decessorcs</strong></span> 
     </span>
    </p>
   </div>
   <div class='ocr_carea' id='block_1_62' title="bbox 339 3088 2781 3159">
    <p class='ocr_par' dir='ltr' id='par_1_62' title="bbox 339 3088 2781 3159">
     <span class='ocr_line' id='line_1_62' title="bbox 339 3088 2781 3159; baseline -0 -11"><span class='ocrx_word' id='word_1_456' title='bbox 339 3090 567 3148; x_wconf 79' lang='lat' dir='ltr'><strong>rendam</strong></span> <span class='ocrx_word' id='word_1_457' title='bbox 587 3108 600 3145; x_wconf 93' lang='lat'>:</span> <span class='ocrx_word' id='word_1_458' title='bbox 624 3105 746 3147; x_wconf 90' lang='lat' dir='ltr'><strong>cum</strong></span> <span class='ocrx_word' id='word_1_459' title='bbox 775 3089 991 3145; x_wconf 88' lang='lat' dir='ltr'><strong>nativus</strong></span> <span class='ocrx_word' id='word_1_460' title='bbox 1010 3089 1129 3159; x_wconf 89' lang='lat' dir='ltr'><strong>ejus</strong></span> <span class='ocrx_word' id='word_1_461' title='bbox 1157 3088 1469 3145; x_wconf 90' lang='lat' dir='ltr'><strong>intellectus</strong></span> <span class='ocrx_word' id='word_1_462' title='bbox 1492 3089 1584 3157; x_wconf 92' lang='lat' dir='ltr'><strong>sit,</strong></span> <span class='ocrx_word' id='word_1_463' title='bbox 1602 3091 1941 3147; x_wconf 88' lang='lat' dir='ltr'><strong>sacerdotem</strong></span> <span class='ocrx_word' id='word_1_464' title='bbox 1971 3091 2017 3156; x_wconf 88' lang='lat' dir='ltr'><strong><em>C</em></strong></span> <span class='ocrx_word' id='word_1_465' title='bbox 2049 3092 2241 3147; x_wconf 87' lang='lat' dir='ltr'><strong>canoni</strong></span> <span class='ocrx_word' id='word_1_466' title='bbox 2275 3091 2500 3147; x_wconf 84' lang='lat' dir='ltr'><strong>exitium</strong></span> <span class='ocrx_word' id='word_1_467' title='bbox 2529 3090 2781 3147; x_wconf 79' lang='lat' dir='ltr'><strong>aﬂ‘erant.</strong></span> 
     </span>
    </p>
   </div>
   <div class='ocr_carea' id='block_1_63' title="bbox 340 3160 1941 3231">
    <p class='ocr_par' dir='ltr' id='par_1_63' title="bbox 340 3160 1941 3231">
     <span class='ocr_line' id='line_1_63' title="bbox 340 3160 1941 3231; baseline -0.001 -12"><span class='ocrx_word' id='word_1_468' title='bbox 340 3163 409 3219; x_wconf 88' lang='lat' dir='ltr'><strong>ad</strong></span> <span class='ocrx_word' id='word_1_469' title='bbox 441 3162 775 3219; x_wconf 68' lang='lat' dir='ltr'><strong>offerendum</strong></span> <span class='ocrx_word' id='word_1_470' title='bbox 807 3172 901 3217; x_wconf 89' lang='lat' dir='ltr'><strong>aut</strong></span> <span class='ocrx_word' id='word_1_471' title='bbox 926 3161 1308 3231; x_wconf 79' lang='lat' dir='ltr'><strong>baptizandum</strong></span> <span class='ocrx_word' id='word_1_472' title='bbox 1341 3160 1494 3216; x_wconf 90' lang='lat' dir='ltr'><strong>omni</strong></span> <span class='ocrx_word' id='word_1_473' title='bbox 1541 3174 1819 3218; x_wconf 88' lang='lat' dir='ltr'><strong>momento</strong></span> <span class='ocrx_word' id='word_1_474' title='bbox 1850 3179 1941 3231; x_wconf 90' lang='lat' dir='ltr'><strong>pa-</strong></span> 
     </span>
    </p>
   </div>
   <div class='ocr_carea' id='block_1_64' title="bbox 339 3232 1938 3301">
    <p class='ocr_par' dir='ltr' id='par_1_64' title="bbox 339 3232 1938 3301">
     <span class='ocr_line' id='line_1_64' title="bbox 339 3232 1938 3301; baseline -0.001 -11"><span class='ocrx_word' id='word_1_475' title='bbox 339 3245 515 3290; x_wconf 86' lang='lat' dir='ltr'><strong>ratum</strong></span> <span class='ocrx_word' id='word_1_476' title='bbox 543 3250 666 3290; x_wconf 89' lang='lat' dir='ltr'><strong>esse</strong></span> <span class='ocrx_word' id='word_1_477' title='bbox 696 3233 918 3289; x_wconf 89' lang='lat' dir='ltr'><strong>debere.</strong></span> <span class='ocrx_word' id='word_1_478' title='bbox 957 3232 1073 3301; x_wconf 85' lang='lat' dir='ltr'><strong>Qua</strong></span> <span class='ocrx_word' id='word_1_479' title='bbox 1116 3234 1168 3288; x_wconf 93' lang='lat' dir='ltr'><strong>in</strong></span> <span class='ocrx_word' id='word_1_480' title='bbox 1208 3233 1473 3288; x_wconf 90' lang='lat' dir='ltr'><strong>sententia</strong></span> <span class='ocrx_word' id='word_1_481' title='bbox 1514 3232 1651 3287; x_wconf 88' lang='lat' dir='ltr'><strong>nihil</strong></span> <span class='ocrx_word' id='word_1_482' title='bbox 1681 3233 1938 3300; x_wconf 73' lang='lat' dir='ltr'><strong>altsurdi,</strong></span> 
     </span>
    </p>
   </div>
   <div class='ocr_carea' id='block_1_65' title="bbox 339 3304 1942 3376">
    <p class='ocr_par' dir='ltr' id='par_1_65' title="bbox 339 3304 1942 3376">
     <span class='ocr_line' id='line_1_65' title="bbox 339 3304 1942 3376; baseline -0.001 -15"><span class='ocrx_word' id='word_1_483' title='bbox 339 3313 436 3361; x_wconf 85' lang='lat' dir='ltr'><strong>aut</strong></span> <span class='ocrx_word' id='word_1_484' title='bbox 464 3305 609 3371; x_wconf 84' lang='lat' dir='ltr'><strong>falsi,</strong></span> <span class='ocrx_word' id='word_1_485' title='bbox 639 3305 684 3360; x_wconf 88' lang='lat' dir='ltr'><strong>si</strong></span> <span class='ocrx_word' id='word_1_486' title='bbox 712 3305 918 3376; x_wconf 89' lang='lat' dir='ltr'><strong>nullum</strong></span> <span class='ocrx_word' id='word_1_487' title='bbox 950 3308 1021 3360; x_wconf 91' lang='lat' dir='ltr'><strong>sit</strong></span> <span class='ocrx_word' id='word_1_488' title='bbox 1043 3315 1404 3371; x_wconf 90' lang='lat' dir='ltr'><strong>momentum,</strong></span> <span class='ocrx_word' id='word_1_489' title='bbox 1437 3304 1493 3358; x_wconf 91' lang='lat' dir='ltr'><strong>in</strong></span> <span class='ocrx_word' id='word_1_490' title='bbox 1526 3319 1635 3375; x_wconf 92' lang='lat' dir='ltr'><strong>quo</strong></span> <span class='ocrx_word' id='word_1_491' title='bbox 1660 3304 1729 3361; x_wconf 91' lang='lat' dir='ltr'><strong>ad</strong></span> <span class='ocrx_word' id='word_1_492' title='bbox 1762 3305 1942 3376; x_wconf 89' lang='lat' dir='ltr'><strong>bapti-</strong></span> 
     </span>
    </p>
   </div>
   <div class='ocr_carea' id='block_1_66' title="bbox 340 3375 940 3447">
    <p class='ocr_par' dir='ltr' id='par_1_66' title="bbox 340 3375 940 3447">
     <span class='ocr_line' id='line_1_66' title="bbox 340 3375 940 3447; baseline -0.007 -14"><span class='ocrx_word' id='word_1_493' title='bbox 340 3376 570 3433; x_wconf 84' lang='lat' dir='ltr'><strong>zandunt</strong></span> <span class='ocrx_word' id='word_1_494' title='bbox 598 3377 717 3447; x_wconf 86' lang='lat' dir='ltr'><strong>cogi</strong></span> <span class='ocrx_word' id='word_1_495' title='bbox 750 3375 940 3446; x_wconf 83' lang='lat' dir='ltr'><strong>possit.</strong></span> 
     </span>
    </p>
   </div>
   <div class='ocr_carea' id='block_1_67' title="bbox 415 3446 1937 3516">
    <p class='ocr_par' dir='ltr' id='par_1_67' title="bbox 415 3446 1937 3516">
     <span class='ocr_line' id='line_1_67' title="bbox 415 3446 1937 3516; baseline -0.001 -13"><span class='ocrx_word' id='word_1_496' title='bbox 415 3459 440 3484; x_wconf 75' lang='grc' dir='ltr'><strong>τι</strong></span> <span class='ocrx_word' id='word_1_497' title='bbox 474 3448 624 3503; x_wconf 88' lang='lat' dir='ltr'><strong>Unus</strong></span> <span class='ocrx_word' id='word_1_498' title='bbox 648 3446 683 3503; x_wconf 83' lang='lat' dir='ltr'><strong>e</strong></span> <span class='ocrx_word' id='word_1_499' title='bbox 711 3464 868 3511; x_wconf 89' lang='lat' dir='ltr'><strong>mss.,</strong></span> <span class='ocrx_word' id='word_1_500' title='bbox 898 3447 1023 3516; x_wconf 89' lang='lat' dir='ltr'><strong>quid</strong></span> <span class='ocrx_word' id='word_1_501' title='bbox 1048 3447 1206 3516; x_wconf 82' lang='lat' dir='ltr'><strong>faciat</strong></span> <span class='ocrx_word' id='word_1_502' title='bbox 1232 3448 1506 3503; x_wconf 76' lang='lat' dir='ltr'><strong>excusare?</strong></span> <span class='ocrx_word' id='word_1_503' title='bbox 1530 3446 1647 3502; x_wconf 86' lang='lat' dir='ltr'><strong>Non</strong></span> <span class='ocrx_word' id='word_1_504' title='bbox 1675 3446 1937 3516; x_wconf 89' lang='lat' dir='ltr'><strong>displice-</strong></span> 
     </span>
    </p>
   </div>
   <div class='ocr_carea' id='block_1_68' title="bbox 338 3517 1937 3589">
    <p class='ocr_par' dir='ltr' id='par_1_68' title="bbox 338 3517 1937 3589">
     <span class='ocr_line' id='line_1_68' title="bbox 338 3517 1937 3589; baseline -0.001 -16"><span class='ocrx_word' id='word_1_505' title='bbox 338 3528 455 3584; x_wconf 82' lang='lat' dir='ltr'><strong>ret,</strong></span> <span class='ocrx_word' id='word_1_506' title='bbox 492 3519 617 3583; x_wconf 88' lang='lat' dir='ltr'><strong>quid</strong></span> <span class='ocrx_word' id='word_1_507' title='bbox 661 3519 825 3573; x_wconf 83' lang='lat' dir='ltr'><strong>valeat</strong></span> <span class='ocrx_word' id='word_1_508' title='bbox 866 3517 1204 3589; x_wconf 80' lang='lat' dir='ltr'><strong>(supplendo</strong></span> <span class='ocrx_word' id='word_1_509' title='bbox 1248 3517 1397 3589; x_wconf 83' lang='lat' dir='ltr'><strong>eum)</strong></span> <span class='ocrx_word' id='word_1_510' title='bbox 1429 3520 1712 3574; x_wconf 70' lang='lat' dir='ltr'><strong>excusare?</strong></span> <span class='ocrx_word' id='word_1_511' title='bbox 1753 3517 1937 3579; x_wconf 79' lang='lat' dir='ltr'><strong>Alter.</strong></span> 
     </span>
    </p>
   </div>
   <div class='ocr_carea' id='block_1_69' title="bbox 337 3588 1941 3663">
    <p class='ocr_par' dir='ltr' id='par_1_69' title="bbox 337 3588 1941 3663">
     <span class='ocr_line' id='line_1_69' title="bbox 337 3588 1941 3663; baseline 0 -18"><span class='ocrx_word' id='word_1_512' title='bbox 337 3590 466 3663; x_wconf 84' lang='lat' dir='ltr'><strong>quid</strong></span> <span class='ocrx_word' id='word_1_513' title='bbox 474 3589 664 3663; x_wconf 64' lang='lat' dir='ltr'><strong>faciet?</strong></span> <span class='ocrx_word' id='word_1_514' title='bbox 681 3589 806 3661; x_wconf 90' lang='lat' dir='ltr'><strong>quid</strong></span> <span class='ocrx_word' id='word_1_515' title='bbox 826 3588 1091 3663; x_wconf 71' lang='lat' dir='ltr'><strong>excusabit</strong></span> <span class='ocrx_word' id='word_1_516' title='bbox 1106 3590 1131 3643; x_wconf 85' lang='lat'><strong><em>?</em></strong></span> <span class='ocrx_word' id='word_1_517' title='bbox 1146 3588 1560 3663; x_wconf 84' lang='lat' dir='ltr'><strong>Alius,qualiter</strong></span> <span class='ocrx_word' id='word_1_518' title='bbox 1580 3607 1633 3643; x_wconf 82' lang='lat' dir='ltr'><strong>se</strong></span> <span class='ocrx_word' id='word_1_519' title='bbox 1647 3590 1941 3645; x_wconf 77' lang='lat' dir='ltr'><strong>excusabit?</strong></span> 
     </span>
    </p>
   </div>
   <div class='ocr_carea' id='block_1_70' title="bbox 412 3661 1940 3729">
    <p class='ocr_par' dir='ltr' id='par_1_70' title="bbox 412 3661 1940 3729">
     <span class='ocr_line' id='line_1_70' title="bbox 412 3661 1940 3729; baseline 0.002 -16"><span class='ocrx_word' id='word_1_520' title='bbox 412 3661 440 3700; x_wconf 73' lang='grc' dir='ltr'>δ</span> <span class='ocrx_word' id='word_1_521' title='bbox 471 3662 669 3716; x_wconf 85' lang='lat' dir='ltr'><strong>Vocula</strong></span> <span class='ocrx_word' id='word_1_522' title='bbox 719 3663 813 3715; x_wconf 87' lang='lat' dir='ltr'><strong>hoc</strong></span> <span class='ocrx_word' id='word_1_523' title='bbox 834 3701 850 3723; x_wconf 92' lang='lat'><strong>,</strong></span> <span class='ocrx_word' id='word_1_524' title='bbox 884 3662 935 3715; x_wconf 89' lang='lat' dir='ltr'><strong>in</strong></span> <span class='ocrx_word' id='word_1_525' title='bbox 968 3661 1203 3729; x_wconf 81' lang='lat' dir='ltr'><strong>vulgatis</strong></span> <span class='ocrx_word' id='word_1_526' title='bbox 1233 3661 1431 3714; x_wconf 89' lang='lat' dir='ltr'><strong>omissa</strong></span> <span class='ocrx_word' id='word_1_527' title='bbox 1457 3702 1471 3724; x_wconf 93' lang='lat'><strong>,</strong></span> <span class='ocrx_word' id='word_1_528' title='bbox 1506 3671 1791 3716; x_wconf 86' lang='lat' dir='ltr'><strong>revocatur</strong></span> <span class='ocrx_word' id='word_1_529' title='bbox 1822 3678 1940 3716; x_wconf 90' lang='lat' dir='ltr'><strong>om-</strong></span> 
     </span>
    </p>
   </div>
   <div class='ocr_carea' id='block_1_71' title="bbox 339 3730 1933 3800">
    <p class='ocr_par' dir='ltr' id='par_1_71' title="bbox 339 3730 1933 3800">
     <span class='ocr_line' id='line_1_71' title="bbox 339 3730 1933 3800; baseline -0.001 -10"><span class='ocrx_word' id='word_1_530' title='bbox 339 3734 490 3791; x_wconf 87' lang='lat' dir='ltr'><strong>nium</strong></span> <span class='ocrx_word' id='word_1_531' title='bbox 523 3747 655 3788; x_wconf 80' lang='lat' dir='ltr'><strong>mss.</strong></span> <span class='ocrx_word' id='word_1_532' title='bbox 686 3730 1008 3787; x_wconf 83' lang='lat' dir='ltr'><strong>auctoritate</strong></span> <span class='ocrx_word' id='word_1_533' title='bbox 1036 3751 1049 3785; x_wconf 88' lang='lat'><strong>:</strong></span> <span class='ocrx_word' id='word_1_534' title='bbox 1080 3733 1234 3800; x_wconf 88' lang='lat' dir='ltr'><strong>quasi</strong></span> <span class='ocrx_word' id='word_1_535' title='bbox 1263 3731 1563 3797; x_wconf 89' lang='lat' dir='ltr'><strong>diceretur,</strong></span> <span class='ocrx_word' id='word_1_536' title='bbox 1604 3730 1767 3788; x_wconf 87' lang='lat' dir='ltr'><strong>Forte</strong></span> <span class='ocrx_word' id='word_1_537' title='bbox 1800 3734 1933 3799; x_wconf 90' lang='lat' dir='ltr'><strong>hoc,</strong></span> 
     </span>
    </p>
   </div>
   <div class='ocr_carea' id='block_1_72' title="bbox 339 3802 1937 3877">
    <p class='ocr_par' dir='ltr' id='par_1_72' title="bbox 339 3802 1937 3877">
     <span class='ocr_line' id='line_1_72' title="bbox 339 3802 1937 3877; baseline -0.003 -16"><span class='ocrx_word' id='word_1_538' title='bbox 339 3805 484 3877; x_wconf 90' lang='lat' dir='ltr'><strong>quod</strong></span> <span class='ocrx_word' id='word_1_539' title='bbox 533 3802 1230 3877; x_wconf 59' lang='lat' dir='ltr'><strong>illicitumpraedicamus,</strong></span> <span class='ocrx_word' id='word_1_540' title='bbox 1265 3802 1506 3877; x_wconf 70' lang='lat' dir='ltr'><strong>creditur</strong></span> <span class='ocrx_word' id='word_1_541' title='bbox 1554 3804 1737 3877; x_wconf 73' lang='lat' dir='ltr'><strong>licere.</strong></span> <span class='ocrx_word' id='word_1_542' title='bbox 1793 3802 1937 3877; x_wconf 78' lang='lat' dir='ltr'><strong>Istud</strong></span> 
     </span>
    </p>
   </div>
   <div class='ocr_carea' id='block_1_73' title="bbox 338 3874 1939 3944">
    <p class='ocr_par' dir='ltr' id='par_1_73' title="bbox 338 3874 1939 3944">
     <span class='ocr_line' id='line_1_73' title="bbox 338 3874 1939 3944; baseline -0.002 -11"><span class='ocrx_word' id='word_1_543' title='bbox 338 3874 503 3933; x_wconf 76' lang='lat' dir='ltr'><strong>etiam</strong></span> <span class='ocrx_word' id='word_1_544' title='bbox 535 3874 881 3931; x_wconf 88' lang='lat' dir='ltr'><strong>Innocentius</strong></span> <span class='ocrx_word' id='word_1_545' title='bbox 911 3877 979 3927; x_wconf 89' lang='lat' dir='ltr'><strong>ita</strong></span> <span class='ocrx_word' id='word_1_546' title='bbox 1013 3876 1173 3943; x_wconf 88' lang='lat' dir='ltr'><strong>epist.</strong></span> <span class='ocrx_word' id='word_1_547' title='bbox 1203 3874 1258 3940; x_wconf 73' lang='lat'><strong>2,</strong></span> <span class='ocrx_word' id='word_1_548' title='bbox 1282 3890 1338 3927; x_wconf 92' lang='lat' dir='ltr'><strong>n.</strong></span> <span class='ocrx_word' id='word_1_549' title='bbox 1370 3874 1458 3938; x_wconf 73' lang='lat' dir='ltr'><strong>I2,</strong></span> <span class='ocrx_word' id='word_1_550' title='bbox 1481 3875 1759 3944; x_wconf 87' lang='lat' dir='ltr'><strong>expressit</strong></span> <span class='ocrx_word' id='word_1_551' title='bbox 1785 3892 1796 3927; x_wconf 92' lang='lat'><strong>:</strong></span> <span class='ocrx_word' id='word_1_552' title='bbox 1830 3875 1939 3929; x_wconf 86' lang='lat' dir='ltr'><strong>Sed</strong></span> 
     </span>
    </p>
   </div>
   <div class='ocr_carea' id='block_1_74' title="bbox 340 3946 1938 4019">
    <p class='ocr_par' dir='ltr' id='par_1_74' title="bbox 340 3946 1938 4019">
     <span class='ocr_line' id='line_1_74' title="bbox 340 3946 1938 4019; baseline -0.001 -17"><span class='ocrx_word' id='word_1_553' title='bbox 340 3951 475 4019; x_wconf 79' lang='lat' dir='ltr'><strong>forte</strong></span> <span class='ocrx_word' id='word_1_554' title='bbox 502 3948 649 4001; x_wconf 87' lang='lat' dir='ltr'><strong>licere</strong></span> <span class='ocrx_word' id='word_1_555' title='bbox 678 3948 775 4019; x_wconf 81' lang='lat' dir='ltr'><strong>hoc</strong></span> <span class='ocrx_word' id='word_1_556' title='bbox 799 3946 993 4019; x_wconf 78' lang='lat' dir='ltr'><strong>credit,</strong></span> <span class='ocrx_word' id='word_1_557' title='bbox 1037 3948 1159 4019; x_wconf 78' lang='lat' dir='ltr'><strong>quia</strong></span> <span class='ocrx_word' id='word_1_558' title='bbox 1186 3947 1437 4015; x_wconf 79' lang='lat' dir='ltr'><strong>scriptum</strong></span> <span class='ocrx_word' id='word_1_559' title='bbox 1466 3946 1701 4019; x_wconf 28' lang='lat' dir='ltr'><strong>esttQuo</strong></span> <span class='ocrx_word' id='word_1_560' title='bbox 1730 3946 1783 4000; x_wconf 92' lang='lat' dir='ltr'><strong>in</strong></span> <span class='ocrx_word' id='word_1_561' title='bbox 1816 3946 1938 4001; x_wconf 91' lang='lat' dir='ltr'><strong>loco</strong></span> 
     </span>
    </p>
   </div>
   <div class='ocr_carea' id='block_1_75' title="bbox 339 4017 1939 4087">
    <p class='ocr_par' dir='ltr' id='par_1_75' title="bbox 339 4017 1939 4087">
     <span class='ocr_line' id='line_1_75' title="bbox 339 4017 1939 4087; baseline -0.001 -14"><span class='ocrx_word' id='word_1_562' title='bbox 339 4017 570 4087; x_wconf 81' lang='lat' dir='ltr'><strong>aliisque</strong></span> <span class='ocrx_word' id='word_1_563' title='bbox 608 4017 875 4073; x_wconf 89' lang='lat' dir='ltr'><strong>similibus</strong></span> <span class='ocrx_word' id='word_1_564' title='bbox 905 4017 1094 4087; x_wconf 87' lang='lat' dir='ltr'><strong>liquet.</strong></span> <span class='ocrx_word' id='word_1_565' title='bbox 1134 4018 1513 4071; x_wconf 87' lang='lat' dir='ltr'><strong>Innocentium</strong></span> <span class='ocrx_word' id='word_1_566' title='bbox 1556 4018 1734 4072; x_wconf 91' lang='lat' dir='ltr'><strong>Siricii</strong></span> <span class='ocrx_word' id='word_1_567' title='bbox 1768 4020 1939 4073; x_wconf 90' lang='lat' dir='ltr'><strong>inter—</strong></span> 
     </span>
    </p>
   </div>
   <div class='ocr_carea' id='block_1_76' title="bbox 342 4088 1937 4159">
    <p class='ocr_par' dir='ltr' id='par_1_76' title="bbox 342 4088 1937 4159">
     <span class='ocr_line' id='line_1_76' title="bbox 342 4088 1937 4159; baseline -0.001 -15"><span class='ocrx_word' id='word_1_568' title='bbox 342 4098 551 4159; x_wconf 89' lang='lat' dir='ltr'><strong>pretem</strong></span> <span class='ocrx_word' id='word_1_569' title='bbox 579 4090 778 4158; x_wconf 88' lang='lat' dir='ltr'><strong>egisse,</strong></span> <span class='ocrx_word' id='word_1_570' title='bbox 807 4096 863 4143; x_wconf 89' lang='lat' dir='ltr'><strong>et</strong></span> <span class='ocrx_word' id='word_1_571' title='bbox 890 4088 1033 4158; x_wconf 88' lang='lat' dir='ltr'><strong>quod</strong></span> <span class='ocrx_word' id='word_1_572' title='bbox 1064 4088 1152 4143; x_wconf 92' lang='lat' dir='ltr'><strong>ilte</strong></span> <span class='ocrx_word' id='word_1_573' title='bbox 1181 4088 1410 4141; x_wconf 85' lang='lat' dir='ltr'><strong>strictim</strong></span> <span class='ocrx_word' id='word_1_574' title='bbox 1458 4101 1621 4157; x_wconf 88' lang='lat' dir='ltr'><strong>atque</strong></span> <span class='ocrx_word' id='word_1_575' title='bbox 1646 4090 1937 4143; x_wconf 84' lang='lat' dir='ltr'><strong>obscurius</strong></span> 
     </span>
    </p>
   </div>
   <div class='ocr_carea' id='block_1_77' title="bbox 338 4159 1937 4229">
    <p class='ocr_par' dir='ltr' id='par_1_77' title="bbox 338 4159 1937 4229">
     <span class='ocr_line' id='line_1_77' title="bbox 338 4159 1937 4229; baseline 0 -15"><span class='ocrx_word' id='word_1_576' title='bbox 338 4160 657 4229; x_wconf 79' lang='lat' dir='ltr'><strong>scripserat,</strong></span> <span class='ocrx_word' id='word_1_577' title='bbox 692 4159 851 4228; x_wconf 88' lang='lat' dir='ltr'><strong>paulo</strong></span> <span class='ocrx_word' id='word_1_578' title='bbox 872 4160 1195 4227; x_wconf 81' lang='lat' dir='ltr'><strong>explicatius</strong></span> <span class='ocrx_word' id='word_1_579' title='bbox 1215 4167 1378 4224; x_wconf 89' lang='lat' dir='ltr'><strong>atque</strong></span> <span class='ocrx_word' id='word_1_580' title='bbox 1400 4159 1626 4214; x_wconf 88' lang='lat' dir='ltr'><strong>nitidius</strong></span> <span class='ocrx_word' id='word_1_581' title='bbox 1648 4162 1937 4214; x_wconf 87' lang='lat' dir='ltr'><strong>enuntiare</strong></span> 
     </span>
    </p>
   </div>
   <div class='ocr_carea' id='block_1_78' title="bbox 339 4228 1934 4296">
    <p class='ocr_par' dir='ltr' id='par_1_78' title="bbox 339 4228 1934 4296">
     <span class='ocr_line' id='line_1_78' title="bbox 339 4228 1934 4296; baseline -0.003 -9"><span class='ocrx_word' id='word_1_582' title='bbox 339 4228 647 4290; x_wconf 84' lang='lat' dir='ltr'><strong>studuisse:</strong></span> <span class='ocrx_word' id='word_1_583' title='bbox 676 4229 923 4296; x_wconf 86' lang='lat' dir='ltr'><strong>adeoque</strong></span> <span class='ocrx_word' id='word_1_584' title='bbox 953 4245 1135 4285; x_wconf 88' lang='lat' dir='ltr'><strong>verum</strong></span> <span class='ocrx_word' id='word_1_585' title='bbox 1166 4228 1421 4285; x_wconf 86' lang='lat' dir='ltr'><strong>Siricium</strong></span> <span class='ocrx_word' id='word_1_586' title='bbox 1452 4229 1796 4294; x_wconf 88' lang='lat' dir='ltr'><strong>Innocentio,</strong></span> <span class='ocrx_word' id='word_1_587' title='bbox 1828 4247 1934 4283; x_wconf 90' lang='lat' dir='ltr'><strong>non</strong></span> 
     </span>
    </p>
   </div>
   <div class='ocr_carea' id='block_1_79' title="bbox 340 4298 1940 4371">
    <p class='ocr_par' dir='ltr' id='par_1_79' title="bbox 340 4298 1940 4371">
     <span class='ocr_line' id='line_1_79' title="bbox 340 4298 1940 4371; baseline -0.003 -13"><span class='ocrx_word' id='word_1_588' title='bbox 340 4301 487 4359; x_wconf 91' lang='lat' dir='ltr'><strong>hunc</strong></span> <span class='ocrx_word' id='word_1_589' title='bbox 514 4300 952 4357; x_wconf 82' lang='lat' dir='ltr'><strong>Pseudo-Siricio</strong></span> <span class='ocrx_word' id='word_1_590' title='bbox 984 4302 1280 4371; x_wconf 67' lang='lat' dir='ltr'><strong>pra-ivisse.</strong></span> <span class='ocrx_word' id='word_1_591' title='bbox 1308 4298 1607 4371; x_wconf 3' lang='lat' dir='ltr'><strong>(Glossema</strong></span> <span class='ocrx_word' id='word_1_592' title='bbox 1640 4310 1819 4353; x_wconf 89' lang='lat' dir='ltr'><strong>autem</strong></span> <span class='ocrx_word' id='word_1_593' title='bbox 1851 4316 1940 4353; x_wconf 88' lang='lat' dir='ltr'><strong>sa-</strong></span> 
     </span>
    </p>
   </div>
   <div class='ocr_carea' id='block_1_80' title="bbox 338 4369 1937 4445">
    <p class='ocr_par' dir='ltr' id='par_1_80' title="bbox 338 4369 1937 4445">
     <span class='ocr_line' id='line_1_80' title="bbox 338 4369 1937 4445; baseline -0.003 -18"><span class='ocrx_word' id='word_1_594' title='bbox 338 4376 439 4445; x_wconf 88' lang='lat' dir='ltr'><strong>pit.</strong></span> <span class='ocrx_word' id='word_1_595' title='bbox 487 4373 632 4445; x_wconf 89' lang='lat' dir='ltr'><strong>quod</strong></span> <span class='ocrx_word' id='word_1_596' title='bbox 661 4372 802 4444; x_wconf 90' lang='lat' dir='ltr'><strong>apud</strong></span> <span class='ocrx_word' id='word_1_597' title='bbox 844 4369 1048 4445; x_wconf 85' lang='lat' dir='ltr'><strong>Quesn.</strong></span> <span class='ocrx_word' id='word_1_598' title='bbox 1083 4374 1169 4428; x_wconf 91' lang='lat' dir='ltr'><strong>hic</strong></span> <span class='ocrx_word' id='word_1_599' title='bbox 1214 4370 1443 4445; x_wconf 74' lang='lat' dir='ltr'><strong>legimus</strong></span> <span class='ocrx_word' id='word_1_600' title='bbox 1473 4387 1487 4423; x_wconf 88' lang='lat'><strong>:</strong></span> <span class='ocrx_word' id='word_1_601' title='bbox 1517 4369 1681 4424; x_wconf 88' lang='lat' dir='ltr'><strong>Forte</strong></span> <span class='ocrx_word' id='word_1_602' title='bbox 1705 4372 1937 4445; x_wconf 78' lang='lat' dir='ltr'><strong>creditur</strong></span> 
     </span>
    </p>
   </div>
   <div class='ocr_carea' id='block_1_81' title="bbox 340 4440 1930 4519">
    <p class='ocr_par' dir='ltr' id='par_1_81' title="bbox 340 4440 1930 4519">
     <span class='ocr_line' id='line_1_81' title="bbox 340 4440 1930 4519; baseline -0.004 -18"><span class='ocrx_word' id='word_1_603' title='bbox 340 4440 875 4519; x_wconf 38' lang='lat' dir='ltr'><strong>posse—presbyterum</strong></span> <span class='ocrx_word' id='word_1_604' title='bbox 895 4485 910 4509; x_wconf 91' lang='lat'><strong>,</strong></span> <span class='ocrx_word' id='word_1_605' title='bbox 940 4443 1025 4519; x_wconf 68' lang='lat' dir='ltr'><strong>uel</strong></span> <span class='ocrx_word' id='word_1_606' title='bbox 1050 4445 1222 4516; x_wconf 89' lang='lat' dir='ltr'><strong>potius</strong></span> <span class='ocrx_word' id='word_1_607' title='bbox 1262 4443 1443 4519; x_wconf 80' lang='lat' dir='ltr'><strong>debere</strong></span> <span class='ocrx_word' id='word_1_608' title='bbox 1471 4457 1685 4519; x_wconf 75' lang='lat' dir='ltr'><strong>uxorem</strong></span> <span class='ocrx_word' id='word_1_609' title='bbox 1710 4440 1930 4507; x_wconf 85' lang='lat' dir='ltr'><strong>habere,</strong></span> 
     </span>
    </p>
   </div>
   <div class='ocr_carea' id='block_1_82' title="bbox 339 4514 1933 4588">
    <p class='ocr_par' dir='ltr' id='par_1_82' title="bbox 339 4514 1933 4588">
     <span class='ocr_line' id='line_1_82' title="bbox 339 4514 1933 4588; baseline 0.001 -22"><span class='ocrx_word' id='word_1_610' title='bbox 339 4514 463 4588; x_wconf 77' lang='lat' dir='ltr'><strong>quia</strong></span> <span class='ocrx_word' id='word_1_611' title='bbox 508 4514 759 4586; x_wconf 76' lang='lat' dir='ltr'><strong>scriptum</strong></span> <span class='ocrx_word' id='word_1_612' title='bbox 805 4514 1223 4588; x_wconf 36' lang='lat' dir='ltr'><strong>est._lVil‘eerte</strong></span> <span class='ocrx_word' id='word_1_613' title='bbox 1287 4516 1371 4588; x_wconf 87' lang='lat' dir='ltr'><strong>_i_o_</strong></span> <span class='ocrx_word' id='word_1_614' title='bbox 1417 4515 1933 4588; x_wconf 39' lang='lat' dir='ltr'><strong>ttostrisumsssaut</strong></span> 
     </span>
    </p>
   </div>
   <div class='ocr_carea' id='block_1_83' title="bbox 340 4584 1930 4657">
    <p class='ocr_par' dir='ltr' id='par_1_83' title="bbox 340 4584 1930 4657">
     <span class='ocr_line' id='line_1_83' title="bbox 340 4584 1930 4657; baseline -0.003 -13"><span class='ocrx_word' id='word_1_615' title='bbox 340 4584 504 4645; x_wconf 82' lang='lat' dir='ltr'><strong>etiam</strong></span> <span class='ocrx_word' id='word_1_616' title='bbox 531 4591 582 4643; x_wconf 90' lang='lat' dir='ltr'><strong>in</strong></span> <span class='ocrx_word' id='word_1_617' title='bbox 613 4584 1015 4657; x_wconf 70' lang='lat' dir='ltr'><strong>exemplaribus</strong></span> <span class='ocrx_word' id='word_1_618' title='bbox 1046 4586 1164 4656; x_wconf 90' lang='lat' dir='ltr'><strong>ejus</strong></span> <span class='ocrx_word' id='word_1_619' title='bbox 1202 4584 1405 4641; x_wconf 89' lang='lat' dir='ltr'><strong>codicis</strong></span> <span class='ocrx_word' id='word_1_620' title='bbox 1433 4600 1591 4655; x_wconf 91' lang='lat' dir='ltr'><strong>quem</strong></span> <span class='ocrx_word' id='word_1_621' title='bbox 1622 4584 1713 4640; x_wconf 91' lang='lat' dir='ltr'><strong>ille</strong></span> <span class='ocrx_word' id='word_1_622' title='bbox 1741 4586 1930 4656; x_wconf 86' lang='lat' dir='ltr'><strong>vulga-</strong></span> 
     </span>
    </p>
   </div>
   <div class='ocr_carea' id='block_1_84' title="bbox 339 4657 1317 4729">
    <p class='ocr_par' dir='ltr' id='par_1_84' title="bbox 339 4657 1317 4729">
     <span class='ocr_line' id='line_1_84' title="bbox 339 4657 1317 4729; baseline -0.006 -14"><span class='ocrx_word' id='word_1_623' title='bbox 339 4660 439 4727; x_wconf 87' lang='lat' dir='ltr'><strong>vit,</strong></span> <span class='ocrx_word' id='word_1_624' title='bbox 471 4661 762 4729; x_wconf 88' lang='lat' dir='ltr'><strong>quidquam</strong></span> <span class='ocrx_word' id='word_1_625' title='bbox 791 4657 969 4713; x_wconf 88' lang='lat' dir='ltr'><strong>simile</strong></span> <span class='ocrx_word' id='word_1_626' title='bbox 996 4658 1317 4725; x_wconf 88' lang='lat' dir='ltr'><strong>reperimus.</strong></span> 
     </span>
    </p>
   </div>
   <div class='ocr_carea' id='block_1_85' title="bbox 417 4725 1926 4800">
    <p class='ocr_par' dir='ltr' id='par_1_85' title="bbox 417 4725 1926 4800">
     <span class='ocr_line' id='line_1_85' title="bbox 417 4725 1926 4800; baseline -0.002 -14"><span class='ocrx_word' id='word_1_627' title='bbox 417 4725 439 4771; x_wconf 64' lang='grc' dir='ltr'>ἀ</span> <span class='ocrx_word' id='word_1_628' title='bbox 476 4725 1085 4786; x_wconf 53' lang='grc' dir='ltr'><strong>Εόίιίιῖοημοιοοηοη.</strong></span> <span class='ocrx_word' id='word_1_629' title='bbox 1115 4736 1317 4799; x_wconf 62' lang='lat' dir='ltr'><strong>praeter</strong></span> <span class='ocrx_word' id='word_1_630' title='bbox 1342 4725 1555 4800; x_wconf 79' lang='lat' dir='ltr'><strong>Merlin.</strong></span> <span class='ocrx_word' id='word_1_631' title='bbox 1588 4729 1926 4800; x_wconf 86' lang='lat' dir='ltr'><strong>permanenti.</strong></span> 
     </span>
    </p>
   </div>
   <div class='ocr_carea' id='block_1_86' title="bbox 340 4798 1932 4871">
    <p class='ocr_par' dir='ltr' id='par_1_86' title="bbox 340 4798 1932 4871">
     <span class='ocr_line' id='line_1_86' title="bbox 340 4798 1932 4871; baseline -0.002 -13"><span class='ocrx_word' id='word_1_632' title='bbox 340 4801 562 4859; x_wconf 77' lang='lat' dir='ltr'><strong>Rectius</strong></span> <span class='ocrx_word' id='word_1_633' title='bbox 605 4803 694 4856; x_wconf 90' lang='lat' dir='ltr'><strong>alii</strong></span> <span class='ocrx_word' id='word_1_634' title='bbox 746 4801 897 4864; x_wconf 86' lang='lat' dir='ltr'><strong>libri,</strong></span> <span class='ocrx_word' id='word_1_635' title='bbox 933 4798 1349 4871; x_wconf 81' lang='lat' dir='ltr'><strong>permanentem,</strong></span> <span class='ocrx_word' id='word_1_636' title='bbox 1382 4798 1638 4871; x_wconf 83' lang='lat' dir='ltr'><strong>videlicet</strong></span> <span class='ocrx_word' id='word_1_637' title='bbox 1681 4799 1820 4854; x_wconf 78' lang='lat' dir='ltr'><strong>dixit.</strong></span> <span class='ocrx_word' id='word_1_638' title='bbox 1846 4802 1932 4855; x_wconf 86' lang='lat' dir='ltr'><strong>vel</strong></span> 
     </span>
    </p>
   </div>
   <div class='ocr_carea' id='block_1_87' title="bbox 341 4869 1930 4947">
    <p class='ocr_par' dir='ltr' id='par_1_87' title="bbox 341 4869 1930 4947">
     <span class='ocr_line' id='line_1_87' title="bbox 341 4869 1930 4947; baseline -0.002 -18"><span class='ocrx_word' id='word_1_639' title='bbox 341 4874 608 4947; x_wconf 75' lang='lat' dir='ltr'><strong>intellexit</strong></span> <span class='ocrx_word' id='word_1_640' title='bbox 654 4874 781 4947; x_wconf 70' lang='lat' dir='ltr'><strong>(qua</strong></span> <span class='ocrx_word' id='word_1_641' title='bbox 808 4869 1061 4947; x_wconf 73' lang='lat' dir='ltr'><strong>loquendi</strong></span> <span class='ocrx_word' id='word_1_642' title='bbox 1086 4873 1293 4947; x_wconf 76' lang='lat' dir='ltr'><strong>ratione</strong></span> <span class='ocrx_word' id='word_1_643' title='bbox 1316 4869 1930 4947; x_wconf 13' lang='lat' dir='ltr'><strong>Ambrosiusepist.&gt;63,</strong></span> 
     </span>
    </p>
   </div>
   <div class='ocr_carea' id='block_1_88' title="bbox 340 4941 1931 5011">
    <p class='ocr_par' dir='ltr' id='par_1_88' title="bbox 340 4941 1931 5011">
     <span class='ocr_line' id='line_1_88' title="bbox 340 4941 1931 5011; baseline -0.003 -12"><span class='ocrx_word' id='word_1_644' title='bbox 340 4946 409 5000; x_wconf 85' lang='lat' dir='ltr'><strong>ad</strong></span> <span class='ocrx_word' id='word_1_645' title='bbox 441 4941 706 5007; x_wconf 49' lang='lat' dir='ltr'><strong>Vercelll,</strong></span> <span class='ocrx_word' id='word_1_646' title='bbox 742 4963 793 4998; x_wconf 91' lang='lat' dir='ltr'><strong>tt.</strong></span> <span class='ocrx_word' id='word_1_647' title='bbox 829 4941 931 5007; x_wconf 72' lang='lat'><strong>62,</strong></span> <span class='ocrx_word' id='word_1_648' title='bbox 966 4941 1076 5009; x_wconf 86' lang='lat' dir='ltr'><strong>ait,</strong></span> <span class='ocrx_word' id='word_1_649' title='bbox 1110 4942 1393 4997; x_wconf 71' lang='lat' dir='ltr'><strong>[labentem</strong></span> <span class='ocrx_word' id='word_1_650' title='bbox 1434 4942 1570 4995; x_wconf 81' lang='lat' dir='ltr'><strong>enim</strong></span> <span class='ocrx_word' id='word_1_651' title='bbox 1598 4942 1729 4995; x_wconf 81' lang='lat' dir='ltr'><strong>dixit</strong></span> <span class='ocrx_word' id='word_1_652' title='bbox 1757 4942 1931 5011; x_wconf 81' lang='lat' dir='ltr'><strong>ﬁlios,</strong></span> 
     </span>
    </p>
   </div>
   <div class='ocr_carea' id='block_1_89' title="bbox 342 5014 1932 5087">
    <p class='ocr_par' dir='ltr' id='par_1_89' title="bbox 342 5014 1932 5087">
     <span class='ocr_line' id='line_1_89' title="bbox 342 5014 1932 5087; baseline -0.005 -15"><span class='ocrx_word' id='word_1_653' title='bbox 342 5032 447 5072; x_wconf 84' lang='lat' dir='ltr'><strong>non</strong></span> <span class='ocrx_word' id='word_1_654' title='bbox 479 5016 812 5087; x_wconf 75' lang='lat' dir='ltr'><strong>facientem);</strong></span> <span class='ocrx_word' id='word_1_655' title='bbox 862 5015 971 5087; x_wconf 15' lang='lat' dir='ltr'><strong>sed;</strong></span> <span class='ocrx_word' id='word_1_656' title='bbox 1002 5025 1211 5083; x_wconf 86' lang='lat' dir='ltr'><strong>propter</strong></span> <span class='ocrx_word' id='word_1_657' title='bbox 1252 5014 1621 5087; x_wconf 84' lang='lat' dir='ltr'><strong>continentiam</strong></span> <span class='ocrx_word' id='word_1_658' title='bbox 1666 5015 1932 5087; x_wconf 67' lang='lat' dir='ltr'><strong>futurum,</strong></span> 
     </span>
    </p>
   </div>
   <div class='ocr_carea' id='block_1_90' title="bbox 340 5084 1934 5158">
    <p class='ocr_par' dir='ltr' id='par_1_90' title="bbox 340 5084 1934 5158">
     <span class='ocr_line' id='line_1_90' title="bbox 340 5084 1934 5158; baseline -0.002 -17"><span class='ocrx_word' id='word_1_659' title='bbox 340 5102 447 5158; x_wconf 86' lang='lat' dir='ltr'><strong>qua</strong></span> <span class='ocrx_word' id='word_1_660' title='bbox 471 5091 517 5141; x_wconf 75' lang='lat' dir='ltr'><strong>ei</strong></span> <span class='ocrx_word' id='word_1_661' title='bbox 548 5103 654 5143; x_wconf 89' lang='lat' dir='ltr'><strong>non</strong></span> <span class='ocrx_word' id='word_1_662' title='bbox 685 5084 811 5142; x_wconf 85' lang='lat' dir='ltr'><strong>licet</strong></span> <span class='ocrx_word' id='word_1_663' title='bbox 851 5084 1160 5155; x_wconf 88' lang='lat' dir='ltr'><strong>conjugium</strong></span> <span class='ocrx_word' id='word_1_664' title='bbox 1194 5087 1422 5158; x_wconf 84' lang='lat' dir='ltr'><strong>iterare,</strong></span> <span class='ocrx_word' id='word_1_665' title='bbox 1449 5085 1539 5153; x_wconf 91' lang='lat' dir='ltr'><strong>qui</strong></span> <span class='ocrx_word' id='word_1_666' title='bbox 1569 5084 1934 5158; x_wconf 86' lang='lat' dir='ltr'><strong>sacerdotium</strong></span> 
     </span>
    </p>
   </div>
   <div class='ocr_carea' id='block_1_91' title="bbox 341 5156 1935 5230">
    <p class='ocr_par' dir='ltr' id='par_1_91' title="bbox 341 5156 1935 5230">
     <span class='ocr_line' id='line_1_91' title="bbox 341 5156 1935 5230; baseline -0.003 -16"><span class='ocrx_word' id='word_1_667' title='bbox 341 5156 567 5230; x_wconf 64' lang='lat' dir='ltr'><strong>quaerit;</strong></span> <span class='ocrx_word' id='word_1_668' title='bbox 592 5167 685 5214; x_wconf 88' lang='lat' dir='ltr'><strong>aut</strong></span> <span class='ocrx_word' id='word_1_669' title='bbox 707 5160 761 5230; x_wconf 88' lang='lat' dir='ltr'><strong>si</strong></span> <span class='ocrx_word' id='word_1_670' title='bbox 782 5158 1183 5230; x_wconf 79' lang='lat' dir='ltr'><strong>iteravit,hanc</strong></span> <span class='ocrx_word' id='word_1_671' title='bbox 1203 5156 1521 5230; x_wconf 83' lang='lat' dir='ltr'><strong>dignitatem</strong></span> <span class='ocrx_word' id='word_1_672' title='bbox 1546 5171 1789 5226; x_wconf 89' lang='lat' dir='ltr'><strong>sperare.</strong></span> <span class='ocrx_word' id='word_1_673' title='bbox 1816 5157 1935 5210; x_wconf 85' lang='lat' dir='ltr'><strong>Mox</strong></span> 
     </span>
    </p>
   </div>
   <div class='ocr_carea' id='block_1_92' title="bbox 341 5228 1492 5298">
    <p class='ocr_par' dir='ltr' id='par_1_92' title="bbox 341 5228 1492 5298">
     <span class='ocr_line' id='line_1_92' title="bbox 341 5228 1492 5298; baseline -0.005 -12"><span class='ocrx_word' id='word_1_674' title='bbox 341 5228 614 5286; x_wconf 73' lang='lat' dir='ltr'><strong>laudatam</strong></span> <span class='ocrx_word' id='word_1_675' title='bbox 646 5229 918 5284; x_wconf 82' lang='lat' dir='ltr'><strong>Ambrosii</strong></span> <span class='ocrx_word' id='word_1_676' title='bbox 950 5228 1238 5298; x_wconf 84' lang='lat' dir='ltr'><strong>epistolam</strong></span> <span class='ocrx_word' id='word_1_677' title='bbox 1273 5228 1492 5281; x_wconf 70' lang='lat' dir='ltr'><strong>tidesis.</strong></span> 
     </span>
    </p>
   </div>
   <div class='ocr_carea' id='block_1_93' title="bbox 412 5297 1935 5371">
    <p class='ocr_par' dir='ltr' id='par_1_93' title="bbox 412 5297 1935 5371">
     <span class='ocr_line' id='line_1_93' title="bbox 412 5297 1935 5371; baseline 0.001 -17"><span class='ocrx_word' id='word_1_678' title='bbox 412 5299 439 5339; x_wconf 75' lang='grc' dir='ltr'>ἀ</span> <span class='ocrx_word' id='word_1_679' title='bbox 471 5302 699 5371; x_wconf 85' lang='lat' dir='ltr'><strong>Queso.,</strong></span> <span class='ocrx_word' id='word_1_680' title='bbox 728 5297 1002 5355; x_wconf 84' lang='lat' dir='ltr'><strong>canonum.</strong></span> <span class='ocrx_word' id='word_1_681' title='bbox 1052 5301 1120 5354; x_wconf 81' lang='lat' dir='ltr'><strong>At</strong></span> <span class='ocrx_word' id='word_1_682' title='bbox 1148 5299 1335 5356; x_wconf 71' lang='lat' dir='ltr'><strong>caueri</strong></span> <span class='ocrx_word' id='word_1_683' title='bbox 1375 5311 1566 5353; x_wconf 90' lang='lat' dir='ltr'><strong>omnes</strong></span> <span class='ocrx_word' id='word_1_684' title='bbox 1595 5297 1750 5364; x_wconf 88' lang='lat' dir='ltr'><strong>libri,</strong></span> <span class='ocrx_word' id='word_1_685' title='bbox 1774 5315 1935 5355; x_wconf 86' lang='lat' dir='ltr'><strong>cano-</strong></span> 
     </span>
    </p>
   </div>
   <div class='ocr_carea' id='block_1_94' title="bbox 341 5373 1111 5437">
    <p class='ocr_par' dir='ltr' id='par_1_94' title="bbox 341 5373 1111 5437">
     <span class='ocr_line' id='line_1_94' title="bbox 341 5373 1111 5437; baseline -0.006 -8"><span class='ocrx_word' id='word_1_686' title='bbox 341 5373 445 5437; x_wconf 82' lang='lat' dir='ltr'><strong>nis,</strong></span> <span class='ocrx_word' id='word_1_687' title='bbox 476 5376 562 5429; x_wconf 86' lang='lat' dir='ltr'><strong>vel</strong></span> <span class='ocrx_word' id='word_1_688' title='bbox 587 5374 844 5428; x_wconf 89' lang='lat' dir='ltr'><strong>mendose</strong></span> <span class='ocrx_word' id='word_1_689' title='bbox 870 5386 1111 5425; x_wconf 85' lang='lat' dir='ltr'><strong>canones.</strong></span> 
     </span>
    </p>
   </div>
   <div class='ocr_carea' id='block_1_95' title="bbox 420 5441 1937 5512">
    <p class='ocr_par' dir='ltr' id='par_1_95' title="bbox 420 5441 1937 5512">
     <span class='ocr_line' id='line_1_95' title="bbox 420 5441 1937 5512; baseline -0.003 -10"><span class='ocrx_word' id='word_1_690' title='bbox 420 5456 443 5482; x_wconf 80' lang='grc' dir='ltr'>θ</span> <span class='ocrx_word' id='word_1_691' title='bbox 475 5446 622 5502; x_wconf 70' lang='lat' dir='ltr'><strong>l‘nus</strong></span> <span class='ocrx_word' id='word_1_692' title='bbox 644 5461 675 5498; x_wconf 90' lang='lat' dir='ltr'><strong>e</strong></span> <span class='ocrx_word' id='word_1_693' title='bbox 703 5458 829 5497; x_wconf 88' lang='lat' dir='ltr'><strong>mss.</strong></span> <span class='ocrx_word' id='word_1_694' title='bbox 865 5444 1022 5496; x_wconf 82' lang='lat' dir='ltr'><strong>Colb.</strong></span> <span class='ocrx_word' id='word_1_695' title='bbox 1050 5457 1171 5497; x_wconf 90' lang='lat' dir='ltr'><strong>cum</strong></span> <span class='ocrx_word' id='word_1_696' title='bbox 1197 5441 1627 5512; x_wconf 75' lang='lat' dir='ltr'><strong>Quesn.,qua:..,</strong></span> <span class='ocrx_word' id='word_1_697' title='bbox 1652 5441 1937 5512; x_wconf 85' lang='lat' dir='ltr'><strong>pertrahat.</strong></span> 
     </span>
    </p>
   </div>
   <div class='ocr_carea' id='block_1_96' title="bbox 342 5510 1945 5584">
    <p class='ocr_par' dir='ltr' id='par_1_96' title="bbox 342 5510 1945 5584">
     <span class='ocr_line' id='line_1_96' title="bbox 342 5510 1945 5584; baseline -0.004 -13"><span class='ocrx_word' id='word_1_698' title='bbox 342 5514 539 5573; x_wconf 72' lang='lat' dir='ltr'><strong>Verius</strong></span> <span class='ocrx_word' id='word_1_699' title='bbox 580 5515 674 5570; x_wconf 91' lang='lat' dir='ltr'><strong>alii</strong></span> <span class='ocrx_word' id='word_1_700' title='bbox 716 5514 861 5575; x_wconf 87' lang='lat' dir='ltr'><strong>libri,</strong></span> <span class='ocrx_word' id='word_1_701' title='bbox 900 5514 1056 5582; x_wconf 87' lang='lat' dir='ltr'><strong>qui...</strong></span> <span class='ocrx_word' id='word_1_702' title='bbox 1085 5512 1408 5584; x_wconf 85' lang='lat' dir='ltr'><strong>pertrahunt.</strong></span> <span class='ocrx_word' id='word_1_703' title='bbox 1457 5510 1591 5566; x_wconf 83' lang='lat' dir='ltr'><strong>Cum</strong></span> <span class='ocrx_word' id='word_1_704' title='bbox 1635 5510 1945 5566; x_wconf 88' lang='lat' dir='ltr'><strong>misericor-</strong></span> 
     </span>
    </p>
   </div>
   <div class='ocr_carea' id='block_1_97' title="bbox 341 5584 1941 5656">
    <p class='ocr_par' dir='ltr' id='par_1_97' title="bbox 341 5584 1941 5656">
     <span class='ocr_line' id='line_1_97' title="bbox 341 5584 1941 5656; baseline -0.006 -13"><span class='ocrx_word' id='word_1_705' title='bbox 341 5586 459 5650; x_wconf 90' lang='lat' dir='ltr'><strong>dia,</strong></span> <span class='ocrx_word' id='word_1_706' title='bbox 492 5602 597 5656; x_wconf 86' lang='lat' dir='ltr'><strong>qua</strong></span> <span class='ocrx_word' id='word_1_707' title='bbox 642 5584 950 5641; x_wconf 88' lang='lat' dir='ltr'><strong>labentibus</strong></span> <span class='ocrx_word' id='word_1_708' title='bbox 992 5584 1293 5656; x_wconf 85' lang='lat' dir='ltr'><strong>porrigitur</strong></span> <span class='ocrx_word' id='word_1_709' title='bbox 1337 5598 1553 5649; x_wconf 91' lang='lat' dir='ltr'><strong>manus,</strong></span> <span class='ocrx_word' id='word_1_710' title='bbox 1607 5585 1941 5656; x_wconf 47' lang='lat' dir='ltr'><strong>conjuttgeng</strong></span> 
     </span>
    </p>
   </div>
   <div class='ocr_carea' id='block_1_98' title="bbox 341 5654 1943 5724">
    <p class='ocr_par' dir='ltr' id='par_1_98' title="bbox 341 5654 1943 5724">
     <span class='ocr_line' id='line_1_98' title="bbox 341 5654 1943 5724; baseline -0.003 -10"><span class='ocrx_word' id='word_1_711' title='bbox 341 5657 475 5714; x_wconf 85' lang='lat' dir='ltr'><strong>dum</strong></span> <span class='ocrx_word' id='word_1_712' title='bbox 507 5654 630 5714; x_wconf 80' lang='lat' dir='ltr'><strong>esse</strong></span> <span class='ocrx_word' id='word_1_713' title='bbox 678 5656 1039 5712; x_wconf 89' lang='lat' dir='ltr'><strong>admonemur</strong></span> <span class='ocrx_word' id='word_1_714' title='bbox 1061 5655 1348 5723; x_wconf 80' lang='lat' dir='ltr'><strong>judicium,</strong></span> <span class='ocrx_word' id='word_1_715' title='bbox 1380 5670 1486 5724; x_wconf 89' lang='lat' dir='ltr'><strong>quo</strong></span> <span class='ocrx_word' id='word_1_716' title='bbox 1515 5664 1771 5709; x_wconf 85' lang='lat' dir='ltr'><strong>caveatur</strong></span> <span class='ocrx_word' id='word_1_717' title='bbox 1800 5672 1866 5709; x_wconf 90' lang='lat' dir='ltr'><strong>ne</strong></span> <span class='ocrx_word' id='word_1_718' title='bbox 1906 5654 1943 5709; x_wconf 91' lang='lat' dir='ltr'><strong>ii</strong></span> 
     </span>
    </p>
   </div>
   <div class='ocr_carea' id='block_1_99' title="bbox 339 5728 1948 5800">
    <p class='ocr_par' dir='ltr' id='par_1_99' title="bbox 339 5728 1948 5800">
     <span class='ocr_line' id='line_1_99' title="bbox 339 5728 1948 5800; baseline -0.002 -17"><span class='ocrx_word' id='word_1_719' title='bbox 339 5733 544 5800; x_wconf 88' lang='lat' dir='ltr'><strong>quibus</strong></span> <span class='ocrx_word' id='word_1_720' title='bbox 594 5728 893 5799; x_wconf 88' lang='lat' dir='ltr'><strong>porrigitur</strong></span> <span class='ocrx_word' id='word_1_721' title='bbox 923 5743 1138 5791; x_wconf 81' lang='lat' dir='ltr'><strong>manus,</strong></span> <span class='ocrx_word' id='word_1_722' title='bbox 1172 5737 1485 5800; x_wconf 80' lang='lat' dir='ltr'><strong>currentem</strong></span> <span class='ocrx_word' id='word_1_723' title='bbox 1518 5730 1816 5800; x_wconf 82' lang='lat' dir='ltr'><strong>secundum</strong></span> <span class='ocrx_word' id='word_1_724' title='bbox 1846 5740 1948 5800; x_wconf 17' lang='lat' dir='ltr'><strong>‘ca-A</strong></span> 
     </span>
    </p>
   </div>
   <div class='ocr_carea' id='block_1_100' title="bbox 338 5796 1949 5870">
    <p class='ocr_par' dir='ltr' id='par_1_100' title="bbox 338 5796 1949 5870">
     <span class='ocr_line' id='line_1_100' title="bbox 338 5796 1949 5870; baseline -0.006 -6"><span class='ocrx_word' id='word_1_725' title='bbox 338 5796 509 5864; x_wconf 75' lang='lat' dir='ltr'><strong>tionis</strong></span> <span class='ocrx_word' id='word_1_726' title='bbox 537 5796 810 5860; x_wconf 78' lang='lat' dir='ltr'><strong>rationein</strong></span> <span class='ocrx_word' id='word_1_727' title='bbox 833 5813 1018 5857; x_wconf 84' lang='lat' dir='ltr'><strong>secum</strong></span> <span class='ocrx_word' id='word_1_728' title='bbox 1052 5797 1368 5868; x_wconf 74' lang='lat' dir='ltr'><strong>pertrahunt</strong></span> <span class='ocrx_word' id='word_1_729' title='bbox 1397 5796 1451 5854; x_wconf 87' lang='lat' dir='ltr'><strong>in</strong></span> <span class='ocrx_word' id='word_1_730' title='bbox 1490 5796 1728 5867; x_wconf 85' lang='lat' dir='ltr'><strong>ruinam,</strong></span> <span class='ocrx_word' id='word_1_731' title='bbox 1760 5804 1817 5856; x_wconf 86' lang='lat' dir='ltr'><strong>et</strong></span> <span class='ocrx_word' id='word_1_732' title='bbox 1841 5797 1949 5870; x_wconf 87' lang='lat' dir='ltr'><strong>ipsi</strong></span> 
     </span>
    </p>
   </div>
   <div class='ocr_carea' id='block_1_101' title="bbox 948 5893 1437 5959">
    <p class='ocr_par' dir='ltr' id='par_1_101' title="bbox 948 5893 1437 5959">
     <span class='ocr_line' id='line_1_101' title="bbox 948 5893 1437 5959; baseline -0.002 0"><span class='ocrx_word' id='word_1_733' title='bbox 948 5896 1227 5959; x_wconf 58' lang='lat' dir='ltr'><strong>Panos.</strong></span> <span class='ocrx_word' id='word_1_734' title='bbox 1259 5893 1437 5959; x_wconf 87' lang='lat' dir='ltr'><strong>XIII.</strong></span> 
     </span>
    </p>
   </div>
   <div class='ocr_carea' id='block_1_102' title="bbox 1958 4482 2011 4543">
    <p class='ocr_par' dir='ltr' id='par_1_102' title="bbox 1958 4482 2011 4543">
     <span class='ocr_line' id='line_1_102' title="bbox 1958 4482 2011 4543; baseline 0 0"><span class='ocrx_word' id='word_1_735' title='bbox 1958 4482 2011 4543; x_wconf 78' lang='grc' dir='ltr'><strong>Ι)</strong></span> 
     </span>
    </p>
   </div>
   <div class='ocr_carea' id='block_1_103' title="bbox 2126 3162 3648 3246">
    <p class='ocr_par' dir='ltr' id='par_1_103' title="bbox 2126 3162 3648 3246">
     <span class='ocr_line' id='line_1_103' title="bbox 2126 3162 3648 3246; baseline 0.013 -31"><span class='ocrx_word' id='word_1_736' title='bbox 2126 3166 2147 3206; x_wconf 76' lang='lat' dir='ltr'><strong>f</strong></span> <span class='ocrx_word' id='word_1_737' title='bbox 2187 3163 2485 3246; x_wconf 74' lang='lat' dir='ltr'><strong>Questtello</strong></span> <span class='ocrx_word' id='word_1_738' title='bbox 2512 3162 2736 3219; x_wconf 87' lang='lat' dir='ltr'><strong>dissert.</strong></span> <span class='ocrx_word' id='word_1_739' title='bbox 2768 3163 2856 3246; x_wconf 83' lang='lat' dir='ltr'><strong>I5_,</strong></span> <span class='ocrx_word' id='word_1_740' title='bbox 2886 3180 2937 3221; x_wconf 93' lang='lat' dir='ltr'><strong>c.</strong></span> <span class='ocrx_word' id='word_1_741' title='bbox 2968 3166 3021 3232; x_wconf 82' lang='lat'><strong>5,</strong></span> <span class='ocrx_word' id='word_1_742' title='bbox 3058 3184 3112 3246; x_wconf 77' lang='lat' dir='ltr'><strong>tt.</strong></span> <span class='ocrx_word' id='word_1_743' title='bbox 3150 3170 3239 3246; x_wconf 74' lang='lat' dir='ltr'><strong>ll),</strong></span> <span class='ocrx_word' id='word_1_744' title='bbox 3267 3172 3318 3226; x_wconf 93' lang='lat' dir='ltr'><strong>id</strong></span> <span class='ocrx_word' id='word_1_745' title='bbox 3348 3173 3648 3246; x_wconf 87' lang='lat' dir='ltr'><strong>objicienti,</strong></span> 
     </span>
    </p>
   </div>
   <div class='ocr_carea' id='block_1_104' title="bbox 2046 3234 3647 3315">
    <p class='ocr_par' dir='ltr' id='par_1_104' title="bbox 2046 3234 3647 3315">
     <span class='ocr_line' id='line_1_104' title="bbox 2046 3234 3647 3315; baseline 0.009 -25"><span class='ocrx_word' id='word_1_746' title='bbox 2046 3234 2170 3315; x_wconf 80' lang='lat' dir='ltr'><strong>Non</strong></span> <span class='ocrx_word' id='word_1_747' title='bbox 2202 3235 2410 3315; x_wconf 64' lang='lat' dir='ltr'><strong>memini</strong></span> <span class='ocrx_word' id='word_1_748' title='bbox 2438 3250 2518 3315; x_wconf 76' lang='lat' dir='ltr'><strong>me</strong></span> <span class='ocrx_word' id='word_1_749' title='bbox 2536 3251 2794 3315; x_wconf 50' lang='lat' dir='ltr'><strong>umquam</strong></span> <span class='ocrx_word' id='word_1_750' title='bbox 2820 3238 2985 3305; x_wconf 83' lang='lat' dir='ltr'><strong>legere</strong></span> <span class='ocrx_word' id='word_1_751' title='bbox 3000 3234 3275 3315; x_wconf 57' lang='lat' dir='ltr'><strong>epistolam</strong></span> <span class='ocrx_word' id='word_1_752' title='bbox 3306 3234 3507 3315; x_wconf 74' lang='lat' dir='ltr'><strong>antiqui</strong></span> <span class='ocrx_word' id='word_1_753' title='bbox 3544 3234 3647 3305; x_wconf 55' lang='lat' dir='ltr'><strong>ali:</strong></span> 
     </span>
    </p>
   </div>
   <div class='ocr_carea' id='block_1_105' title="bbox 2043 3304 3651 3377">
    <p class='ocr_par' dir='ltr' id='par_1_105' title="bbox 2043 3304 3651 3377">
     <span class='ocr_line' id='line_1_105' title="bbox 2043 3304 3651 3377; baseline 0.01 -17"><span class='ocrx_word' id='word_1_754' title='bbox 2043 3309 2194 3375; x_wconf 82' lang='lat' dir='ltr'><strong>cujus</strong></span> <span class='ocrx_word' id='word_1_755' title='bbox 2224 3306 2482 3375; x_wconf 86' lang='lat' dir='ltr'><strong>pontiﬁcis</strong></span> <span class='ocrx_word' id='word_1_756' title='bbox 2528 3304 2770 3373; x_wconf 81' lang='lat' dir='ltr'><strong>Romani,</strong></span> <span class='ocrx_word' id='word_1_757' title='bbox 2804 3304 2956 3377; x_wconf 76' lang='lat' dir='ltr'><strong>quam</strong></span> <span class='ocrx_word' id='word_1_758' title='bbox 2988 3304 3168 3365; x_wconf 66' lang='lat' dir='ltr'><strong>Romae</strong></span> <span class='ocrx_word' id='word_1_759' title='bbox 3220 3304 3440 3375; x_wconf 54' lang='lat' dir='ltr'><strong>datam.&#39;</strong></span> <span class='ocrx_word' id='word_1_760' title='bbox 3472 3322 3548 3374; x_wconf 83' lang='lat' dir='ltr'><strong>vel</strong></span> <span class='ocrx_word' id='word_1_761' title='bbox 3584 3304 3651 3375; x_wconf 86' lang='lat' dir='ltr'><strong>in</strong></span> 
     </span>
    </p>
   </div>
   <div class='ocr_carea' id='block_1_106' title="bbox 2043 3377 3649 3457">
    <p class='ocr_par' dir='ltr' id='par_1_106' title="bbox 2043 3377 3649 3457">
     <span class='ocr_line' id='line_1_106' title="bbox 2043 3377 3649 3457; baseline 0.01 -25"><span class='ocrx_word' id='word_1_762' title='bbox 2043 3377 2261 3457; x_wconf 73' lang='lat' dir='ltr'><strong>concilio</strong></span> <span class='ocrx_word' id='word_1_763' title='bbox 2308 3379 2686 3457; x_wconf 65' lang='lat' dir='ltr'><strong>episcoporum,</strong></span> <span class='ocrx_word' id='word_1_764' title='bbox 2734 3380 2788 3431; x_wconf 88' lang='lat' dir='ltr'><strong>in</strong></span> <span class='ocrx_word' id='word_1_765' title='bbox 2824 3381 2926 3457; x_wconf 74' lang='lat' dir='ltr'><strong>[ine</strong></span> <span class='ocrx_word' id='word_1_766' title='bbox 2954 3391 3174 3457; x_wconf 73' lang='lat' dir='ltr'><strong>notaret,</strong></span> <span class='ocrx_word' id='word_1_767' title='bbox 3206 3383 3516 3457; x_wconf 81' lang='lat' dir='ltr'><strong>Stephanus</strong></span> <span class='ocrx_word' id='word_1_768' title='bbox 3550 3393 3649 3448; x_wconf 85' lang='lat' dir='ltr'><strong>Ba-</strong></span> 
     </span>
    </p>
   </div>
   <div class='ocr_carea' id='block_1_107' title="bbox 2044 3449 3647 3520">
    <p class='ocr_par' dir='ltr' id='par_1_107' title="bbox 2044 3449 3647 3520">
     <span class='ocr_line' id='line_1_107' title="bbox 2044 3449 3647 3520; baseline 0.01 -17"><span class='ocrx_word' id='word_1_769' title='bbox 2044 3449 2219 3503; x_wconf 80' lang='lat' dir='ltr'><strong>luzius</strong></span> <span class='ocrx_word' id='word_1_770' title='bbox 2268 3463 2391 3520; x_wconf 89' lang='lat' dir='ltr'><strong>pag.</strong></span> <span class='ocrx_word' id='word_1_771' title='bbox 2435 3449 2596 3512; x_wconf 73' lang='grc'><strong>1554,</strong></span> <span class='ocrx_word' id='word_1_772' title='bbox 2653 3453 2899 3519; x_wconf 83' lang='lat' dir='ltr'><strong>exempla</strong></span> <span class='ocrx_word' id='word_1_773' title='bbox 2952 3451 3005 3506; x_wconf 91' lang='lat' dir='ltr'><strong>in</strong></span> <span class='ocrx_word' id='word_1_774' title='bbox 3056 3449 3374 3513; x_wconf 76' lang='lat' dir='ltr'><strong>memoriam</strong></span> <span class='ocrx_word' id='word_1_775' title='bbox 3426 3477 3647 3519; x_wconf 87' lang='lat' dir='ltr'><strong>revocat</strong></span> 
     </span>
    </p>
   </div>
   <div class='ocr_carea' id='block_1_108' title="bbox 2042 3520 3651 3604">
    <p class='ocr_par' dir='ltr' id='par_1_108' title="bbox 2042 3520 3651 3604">
     <span class='ocr_line' id='line_1_108' title="bbox 2042 3520 3651 3604; baseline 0.01 -32"><span class='ocrx_word' id='word_1_776' title='bbox 2042 3527 2156 3604; x_wconf 54' lang='lat' dir='ltr'><strong>tum</strong></span> <span class='ocrx_word' id='word_1_777' title='bbox 2205 3520 2452 3588; x_wconf 69' lang='lat' dir='ltr'><strong>epismlae</strong></span> <span class='ocrx_word' id='word_1_778' title='bbox 2493 3520 2799 3604; x_wconf 46' lang='lat' dir='ltr'><strong>IIor‘misda:</strong></span> <span class='ocrx_word' id='word_1_779' title='bbox 2850 3523 2917 3577; x_wconf 90' lang='lat' dir='ltr'><strong>ad</strong></span> <span class='ocrx_word' id='word_1_780' title='bbox 2969 3526 3320 3604; x_wconf 68' lang='lat' dir='ltr'><strong>Anastasium</strong></span> <span class='ocrx_word' id='word_1_781' title='bbox 3375 3531 3508 3603; x_wconf 91' lang='lat' dir='ltr'><strong>imp.</strong></span> <span class='ocrx_word' id='word_1_782' title='bbox 3556 3550 3651 3604; x_wconf 89' lang='lat' dir='ltr'><strong>per</strong></span> 
     </span>
    </p>
   </div>
   <div class='ocr_carea' id='block_1_109' title="bbox 2043 3591 3647 3673">
    <p class='ocr_par' dir='ltr' id='par_1_109' title="bbox 2043 3591 3647 3673">
     <span class='ocr_line' id='line_1_109' title="bbox 2043 3591 3647 3673; baseline 0.014 -34"><span class='ocrx_word' id='word_1_783' title='bbox 2043 3591 2553 3673; x_wconf 43' lang='lat' dir='ltr'><strong>Theopompumﬁt</strong></span> <span class='ocrx_word' id='word_1_784' title='bbox 2584 3591 2942 3673; x_wconf 79' lang='lat' dir='ltr'><strong>Severianum</strong></span> <span class='ocrx_word' id='word_1_785' title='bbox 2990 3597 3191 3662; x_wconf 63' lang='lat' dir='ltr'><strong>missae,</strong></span> <span class='ocrx_word' id='word_1_786' title='bbox 3242 3608 3352 3655; x_wconf 87' lang='lat' dir='ltr'><strong>tum</strong></span> <span class='ocrx_word' id='word_1_787' title='bbox 3400 3591 3647 3673; x_wconf 68' lang='lat' dir='ltr'><strong>epistdlze</strong></span> 
     </span>
    </p>
   </div>
   <div class='ocr_carea' id='block_1_110' title="bbox 2041 3661 3643 3737">
    <p class='ocr_par' dir='ltr' id='par_1_110' title="bbox 2041 3661 3643 3737">
     <span class='ocr_line' id='line_1_110' title="bbox 2041 3661 3643 3737; baseline 0.009 -19"><span class='ocrx_word' id='word_1_788' title='bbox 2041 3661 2269 3737; x_wconf 76' lang='lat' dir='ltr'><strong>Joannis</strong></span> <span class='ocrx_word' id='word_1_789' title='bbox 2299 3662 2365 3737; x_wconf 74' lang='lat' dir='ltr'><strong>II,</strong></span> <span class='ocrx_word' id='word_1_790' title='bbox 2409 3661 2475 3715; x_wconf 89' lang='lat' dir='ltr'><strong>ad</strong></span> <span class='ocrx_word' id='word_1_791' title='bbox 2524 3662 2890 3737; x_wconf 66' lang='lat' dir='ltr'><strong>Iustinianum</strong></span> <span class='ocrx_word' id='word_1_792' title='bbox 2936 3661 3244 3737; x_wconf 82' lang='lat' dir='ltr'><strong>augustum.</strong></span> <span class='ocrx_word' id='word_1_793' title='bbox 3278 3682 3388 3727; x_wconf 91' lang='lat' dir='ltr'><strong>tum</strong></span> <span class='ocrx_word' id='word_1_794' title='bbox 3415 3661 3643 3732; x_wconf 76' lang='lat' dir='ltr'><strong>aliarum</strong></span> 
     </span>
    </p>
   </div>
   <div class='ocr_carea' id='block_1_111' title="bbox 2043 3733 3644 3806">
    <p class='ocr_par' dir='ltr' id='par_1_111' title="bbox 2043 3733 3644 3806">
     <span class='ocr_line' id='line_1_111' title="bbox 2043 3733 3644 3806; baseline 0.006 -17"><span class='ocrx_word' id='word_1_795' title='bbox 2043 3734 2278 3789; x_wconf 87' lang='lat' dir='ltr'><strong>duarum</strong></span> <span class='ocrx_word' id='word_1_796' title='bbox 2307 3733 2555 3806; x_wconf 73' lang='lat' dir='ltr'><strong>Gregorii</strong></span> <span class='ocrx_word' id='word_1_797' title='bbox 2589 3734 2786 3803; x_wconf 83' lang='lat' dir='ltr'><strong>Magni,</strong></span> <span class='ocrx_word' id='word_1_798' title='bbox 2818 3751 2940 3806; x_wconf 73' lang='lat' dir='ltr'><strong>quae</strong></span> <span class='ocrx_word' id='word_1_799' title='bbox 2970 3733 3151 3794; x_wconf 74' lang='lat' dir='ltr'><strong>Roma:</strong></span> <span class='ocrx_word' id='word_1_800' title='bbox 3180 3743 3319 3796; x_wconf 77' lang='lat' dir='ltr'><strong>data:</strong></span> <span class='ocrx_word' id='word_1_801' title='bbox 3341 3746 3407 3798; x_wconf 87' lang='lat' dir='ltr'><strong>ad</strong></span> <span class='ocrx_word' id='word_1_802' title='bbox 3441 3748 3644 3803; x_wconf 74' lang='lat' dir='ltr'><strong>calcem</strong></span> 
     </span>
    </p>
   </div>
   <div class='ocr_carea' id='block_1_112' title="bbox 2042 3804 3646 3888">
    <p class='ocr_par' dir='ltr' id='par_1_112' title="bbox 2042 3804 3646 3888">
     <span class='ocr_line' id='line_1_112' title="bbox 2042 3804 3646 3888; baseline 0.006 -28"><span class='ocrx_word' id='word_1_803' title='bbox 2042 3816 2329 3888; x_wconf 50' lang='lat' dir='ltr'><strong>notantur.</strong></span> <span class='ocrx_word' id='word_1_804' title='bbox 2358 3804 2628 3888; x_wconf 76' lang='lat' dir='ltr'><strong>Praeterea</strong></span> <span class='ocrx_word' id='word_1_805' title='bbox 2657 3804 2933 3888; x_wconf 81' lang='lat' dir='ltr'><strong>quomodo</strong></span> <span class='ocrx_word' id='word_1_806' title='bbox 2963 3810 3079 3888; x_wconf 64' lang='lat' dir='ltr'><strong>{nec</strong></span> <span class='ocrx_word' id='word_1_807' title='bbox 3107 3812 3352 3888; x_wconf 65' lang='lat' dir='ltr'><strong>epistola</strong></span> <span class='ocrx_word' id='word_1_808' title='bbox 3354 3815 3501 3873; x_wconf 83' lang='lat' dir='ltr'><strong>Italis</strong></span> <span class='ocrx_word' id='word_1_809' title='bbox 3530 3821 3646 3888; x_wconf 89' lang='lat' dir='ltr'><strong>pri-</strong></span> 
     </span>
    </p>
   </div>
   <div class='ocr_carea' id='block_1_113' title="bbox 2043 3876 3640 3947">
    <p class='ocr_par' dir='ltr' id='par_1_113' title="bbox 2043 3876 3640 3947">
     <span class='ocr_line' id='line_1_113' title="bbox 2043 3876 3640 3947; baseline 0.011 -19"><span class='ocrx_word' id='word_1_810' title='bbox 2043 3893 2189 3931; x_wconf 90' lang='lat' dir='ltr'><strong>mum</strong></span> <span class='ocrx_word' id='word_1_811' title='bbox 2223 3876 2447 3945; x_wconf 87' lang='lat' dir='ltr'><strong>scripta,</strong></span> <span class='ocrx_word' id='word_1_812' title='bbox 2480 3887 2537 3931; x_wconf 87' lang='lat' dir='ltr'><strong>et</strong></span> <span class='ocrx_word' id='word_1_813' title='bbox 2557 3878 2701 3931; x_wconf 86' lang='lat' dir='ltr'><strong>Afris</strong></span> <span class='ocrx_word' id='word_1_814' title='bbox 2734 3880 3081 3947; x_wconf 84' lang='lat' dir='ltr'><strong>postmodum</strong></span> <span class='ocrx_word' id='word_1_815' title='bbox 3117 3876 3277 3937; x_wconf 84' lang='lat' dir='ltr'><strong>missa</strong></span> <span class='ocrx_word' id='word_1_816' title='bbox 3310 3884 3491 3942; x_wconf 66' lang='lat' dir='ltr'><strong>Romae</strong></span> <span class='ocrx_word' id='word_1_817' title='bbox 3518 3876 3640 3945; x_wconf 76' lang='lat' dir='ltr'><strong>data</strong></span> 
     </span>
    </p>
   </div>
   <div class='ocr_carea' id='block_1_114' title="bbox 2040 3948 3641 4024">
    <p class='ocr_par' dir='ltr' id='par_1_114' title="bbox 2040 3948 3641 4024">
     <span class='ocr_line' id='line_1_114' title="bbox 2040 3948 3641 4024; baseline 0.011 -25"><span class='ocrx_word' id='word_1_818' title='bbox 2040 3948 2345 4024; x_wconf 69' lang='lat' dir='ltr'><strong>inconcilio</strong></span> <span class='ocrx_word' id='word_1_819' title='bbox 2373 3948 2444 4024; x_wconf 71' lang='lat'><strong>80</strong></span> <span class='ocrx_word' id='word_1_820' title='bbox 2486 3948 2841 4024; x_wconf 36' lang='lat' dir='ltr'><strong>cpiscop‘orum</strong></span> <span class='ocrx_word' id='word_1_821' title='bbox 2878 3951 2943 4024; x_wconf 85' lang='lat' dir='ltr'><strong>ad</strong></span> <span class='ocrx_word' id='word_1_822' title='bbox 2976 3955 3180 4007; x_wconf 85' lang='lat' dir='ltr'><strong>calcem</strong></span> <span class='ocrx_word' id='word_1_823' title='bbox 3214 3966 3451 4024; x_wconf 86' lang='lat' dir='ltr'><strong>notatur,</strong></span> <span class='ocrx_word' id='word_1_824' title='bbox 3482 3959 3555 4016; x_wconf 88' lang='lat' dir='ltr'><strong>ita</strong></span> <span class='ocrx_word' id='word_1_825' title='bbox 3586 3973 3641 4017; x_wconf 85' lang='lat' dir='ltr'><strong>et</strong></span> 
     </span>
    </p>
   </div>
   <div class='ocr_carea' id='block_1_115' title="bbox 2040 4018 3639 4106">
    <p class='ocr_par' dir='ltr' id='par_1_115' title="bbox 2040 4018 3639 4106">
     <span class='ocr_line' id='line_1_115' title="bbox 2040 4018 3639 4106; baseline 0.008 -37"><span class='ocrx_word' id='word_1_826' title='bbox 2040 4018 2369 4106; x_wconf 22' lang='lat' dir='ltr'><strong>aliamdhoic</strong></span> <span class='ocrx_word' id='word_1_827' title='bbox 2394 4018 2632 4106; x_wconf 74' lang='lat' dir='ltr'><strong>similem</strong></span> <span class='ocrx_word' id='word_1_828' title='bbox 2676 4019 2907 4103; x_wconf 64' lang='lat' dir='ltr'><strong>Damasi</strong></span> <span class='ocrx_word' id='word_1_829' title='bbox 2943 4024 3229 4106; x_wconf 77' lang='lat' dir='ltr'><strong>epistolam</strong></span> <span class='ocrx_word' id='word_1_830' title='bbox 3261 4028 3315 4106; x_wconf 44' lang='grc' dir='ltr'><strong>ᾇ,</strong></span> <span class='ocrx_word' id='word_1_831' title='bbox 3352 4018 3486 4106; x_wconf 63' lang='lat' dir='ltr'><strong>quia</strong></span> <span class='ocrx_word' id='word_1_832' title='bbox 3513 4032 3639 4106; x_wconf 81' lang='lat' dir='ltr'><strong>Illy—</strong></span> 
     </span>
    </p>
   </div>
   <div class='ocr_carea' id='block_1_116' title="bbox 2040 4088 3642 4164">
    <p class='ocr_par' dir='ltr' id='par_1_116' title="bbox 2040 4088 3642 4164">
     <span class='ocr_line' id='line_1_116' title="bbox 2040 4088 3642 4164; baseline 0.011 -21"><span class='ocrx_word' id='word_1_833' title='bbox 2040 4090 2141 4164; x_wconf 70' lang='lat' dir='ltr'><strong>rici</strong></span> <span class='ocrx_word' id='word_1_834' title='bbox 2187 4088 2459 4164; x_wconf 80' lang='lat' dir='ltr'><strong>episcopis</strong></span> <span class='ocrx_word' id='word_1_835' title='bbox 2491 4090 2754 4160; x_wconf 90' lang='lat' dir='ltr'><strong>primario</strong></span> <span class='ocrx_word' id='word_1_836' title='bbox 2804 4088 3027 4164; x_wconf 82' lang='lat' dir='ltr'><strong>scripta.</strong></span> <span class='ocrx_word' id='word_1_837' title='bbox 3060 4095 3225 4150; x_wconf 86' lang='lat' dir='ltr'><strong>etiam</strong></span> <span class='ocrx_word' id='word_1_838' title='bbox 3271 4088 3642 4161; x_wconf 73' lang='lat' dir='ltr'><strong>Oriéutalihus</strong></span> 
     </span>
    </p>
   </div>
   <div class='ocr_carea' id='block_1_117' title="bbox 2040 4158 3638 4245">
    <p class='ocr_par' dir='ltr' id='par_1_117' title="bbox 2040 4158 3638 4245">
     <span class='ocr_line' id='line_1_117' title="bbox 2040 4158 3638 4245; baseline 0.003 -31"><span class='ocrx_word' id='word_1_839' title='bbox 2040 4158 2560 4245; x_wconf 33' lang='lat' dir='ltr'><strong>deittdett_t.isSant.-st,</strong></span> <span class='ocrx_word' id='word_1_840' title='bbox 2594 4166 2884 4245; x_wconf 69' lang='lat' dir='ltr'><strong>praenotari</strong></span> <span class='ocrx_word' id='word_1_841' title='bbox 2917 4158 3147 4245; x_wconf 65' lang='lat' dir='ltr'><strong>legituth</strong></span> <span class='ocrx_word' id='word_1_842' title='bbox 3175 4166 3485 4245; x_wconf 42' lang='lat' dir='ltr'><strong>Ernemplunt</strong></span> <span class='ocrx_word' id='word_1_843' title='bbox 3514 4158 3638 4245; x_wconf 55' lang='lat' dir='ltr'><strong>agn;</strong></span> 
     </span>
    </p>
   </div>
   <div class='ocr_carea' id='block_1_118' title="bbox 2043 4230 3633 4313">
    <p class='ocr_par' dir='ltr' id='par_1_118' title="bbox 2043 4230 3633 4313">
     <span class='ocr_line' id='line_1_118' title="bbox 2043 4230 3633 4313; baseline 0.01 -29"><span class='ocrx_word' id='word_1_844' title='bbox 2043 4230 2131 4284; x_wconf 86' lang='lat' dir='ltr'><strong>odi</strong></span> <span class='ocrx_word' id='word_1_845' title='bbox 2180 4230 2369 4286; x_wconf 80' lang='lat' dir='ltr'><strong>habin</strong></span> <span class='ocrx_word' id='word_1_846' title='bbox 2408 4230 2601 4313; x_wconf 66' lang='lat' dir='ltr'><strong>_Rom_ae</strong></span> <span class='ocrx_word' id='word_1_847' title='bbox 2636 4230 3008 4313; x_wconf 60' lang='lat' dir='ltr'><strong>episcoporum</strong></span> <span class='ocrx_word' id='word_1_848' title='bbox 3067 4238 3155 4293; x_wconf 81' lang='lat'><strong>93.</strong></span> <span class='ocrx_word' id='word_1_849' title='bbox 3195 4241 3271 4313; x_wconf 25' lang='lat' dir='ltr'><strong>Ald</strong></span> <span class='ocrx_word' id='word_1_850' title='bbox 3317 4230 3447 4298; x_wconf 60' lang='lat' dir='ltr'><strong>v&#39;cro</strong></span> <span class='ocrx_word' id='word_1_851' title='bbox 3490 4230 3633 4313; x_wconf 57' lang='lat' dir='ltr'><strong>quod</strong></span> 
     </span>
    </p>
   </div>
   <div class='ocr_carea' id='block_1_119' title="bbox 2042 4302 3638 4371">
    <p class='ocr_par' dir='ltr' id='par_1_119' title="bbox 2042 4302 3638 4371">
     <span class='ocr_line' id='line_1_119' title="bbox 2042 4302 3638 4371; baseline 0.009 -15"><span class='ocrx_word' id='word_1_852' title='bbox 2042 4317 2146 4356; x_wconf 90' lang='lat' dir='ltr'><strong>una</strong></span> <span class='ocrx_word' id='word_1_853' title='bbox 2179 4318 2287 4370; x_wconf 75' lang='lat' dir='ltr'><strong>prtB</strong></span> <span class='ocrx_word' id='word_1_854' title='bbox 2316 4318 2375 4354; x_wconf 89' lang='lat' dir='ltr'><strong>se</strong></span> <span class='ocrx_word' id='word_1_855' title='bbox 2406 4302 2510 4356; x_wconf 83' lang='lat' dir='ltr'><strong>fert</strong></span> <span class='ocrx_word' id='word_1_856' title='bbox 2543 4305 2593 4356; x_wconf 88' lang='lat' dir='ltr'><strong>itt</strong></span> <span class='ocrx_word' id='word_1_857' title='bbox 2634 4302 2832 4368; x_wconf 82' lang='lat' dir='ltr'><strong>lronte,</strong></span> <span class='ocrx_word' id='word_1_858' title='bbox 2863 4309 3089 4361; x_wconf 88' lang='lat' dir='ltr'><strong>alteram</strong></span> <span class='ocrx_word' id='word_1_859' title='bbox 3140 4310 3206 4361; x_wconf 87' lang='lat' dir='ltr'><strong>ad</strong></span> <span class='ocrx_word' id='word_1_860' title='bbox 3236 4313 3440 4367; x_wconf 90' lang='lat' dir='ltr'><strong>calcem</strong></span> <span class='ocrx_word' id='word_1_861' title='bbox 3480 4302 3638 4371; x_wconf 58' lang='lat' dir='ltr'><strong>e&#39;xhi-</strong></span> 
     </span>
    </p>
   </div>
   <div class='ocr_carea' id='block_1_120' title="bbox 2041 4372 3637 4446">
    <p class='ocr_par' dir='ltr' id='par_1_120' title="bbox 2041 4372 3637 4446">
     <span class='ocr_line' id='line_1_120' title="bbox 2041 4372 3637 4446; baseline 0.013 -24"><span class='ocrx_word' id='word_1_862' title='bbox 2041 4373 2171 4427; x_wconf 90' lang='lat' dir='ltr'><strong>bere</strong></span> <span class='ocrx_word' id='word_1_863' title='bbox 2199 4372 2327 4446; x_wconf 84' lang='lat' dir='ltr'><strong>quid</strong></span> <span class='ocrx_word' id='word_1_864' title='bbox 2354 4374 2656 4441; x_wconf 80' lang='lat' dir='ltr'><strong>repugnat?</strong></span> <span class='ocrx_word' id='word_1_865' title='bbox 2683 4376 2918 4430; x_wconf 82' lang='lat' dir='ltr'><strong>maxime</strong></span> <span class='ocrx_word' id='word_1_866' title='bbox 2944 4392 3065 4430; x_wconf 87' lang='lat' dir='ltr'><strong>cum</strong></span> <span class='ocrx_word' id='word_1_867' title='bbox 3099 4394 3220 4446; x_wconf 66' lang='lat' dir='ltr'><strong>quae</strong></span> <span class='ocrx_word' id='word_1_868' title='bbox 3252 4383 3316 4433; x_wconf 87' lang='lat' dir='ltr'><strong>ad</strong></span> <span class='ocrx_word' id='word_1_869' title='bbox 3345 4390 3637 4441; x_wconf 82' lang='lat' dir='ltr'><strong>auctorita-</strong></span> 
     </span>
    </p>
   </div>
   <div class='ocr_carea' id='block_1_121' title="bbox 2044 4443 3633 4515">
    <p class='ocr_par' dir='ltr' id='par_1_121' title="bbox 2044 4443 3633 4515">
     <span class='ocr_line' id='line_1_121' title="bbox 2044 4443 3633 4515; baseline 0.005 -18"><span class='ocrx_word' id='word_1_870' title='bbox 2044 4451 2151 4497; x_wconf 89' lang='lat' dir='ltr'><strong>tem</strong></span> <span class='ocrx_word' id='word_1_871' title='bbox 2177 4443 2575 4515; x_wconf 86' lang='lat' dir='ltr'><strong>conciliandam</strong></span> <span class='ocrx_word' id='word_1_872' title='bbox 2603 4446 2653 4497; x_wconf 90' lang='lat' dir='ltr'><strong>in</strong></span> <span class='ocrx_word' id='word_1_873' title='bbox 2678 4448 2854 4498; x_wconf 84' lang='lat' dir='ltr'><strong>fronte</strong></span> <span class='ocrx_word' id='word_1_874' title='bbox 2878 4443 3172 4515; x_wconf 72' lang='lat' dir='ltr'><strong>prmﬁgilur</strong></span> <span class='ocrx_word' id='word_1_875' title='bbox 3198 4462 3344 4511; x_wconf 83' lang='lat' dir='ltr'><strong>nota,</strong></span> <span class='ocrx_word' id='word_1_876' title='bbox 3387 4458 3633 4513; x_wconf 79' lang='lat' dir='ltr'><strong>eamdem</strong></span> 
     </span>
    </p>
   </div>
   <div class='ocr_carea' id='block_1_122' title="bbox 2040 4514 3635 4592">
    <p class='ocr_par' dir='ltr' id='par_1_122' title="bbox 2040 4514 3635 4592">
     <span class='ocr_line' id='line_1_122' title="bbox 2040 4514 3635 4592; baseline 0.012 -27"><span class='ocrx_word' id='word_1_877' title='bbox 2040 4514 2154 4583; x_wconf 87' lang='lat' dir='ltr'><strong>pari</strong></span> <span class='ocrx_word' id='word_1_878' title='bbox 2180 4516 2389 4592; x_wconf 70' lang='lat' dir='ltr'><strong>ratione</strong></span> <span class='ocrx_word' id='word_1_879' title='bbox 2411 4514 2708 4592; x_wconf 82' lang='lat' dir='ltr'><strong>ad__ca|cem</strong></span> <span class='ocrx_word' id='word_1_880' title='bbox 2734 4516 2931 4592; x_wconf 71' lang='lat' dir='ltr'><strong>rejecta</strong></span> <span class='ocrx_word' id='word_1_881' title='bbox 2958 4514 3232 4576; x_wconf 84' lang='lat' dir='ltr'><strong>conciliet.</strong></span> <span class='ocrx_word' id='word_1_882' title='bbox 3264 4521 3635 4592; x_wconf 75' lang='lat' dir='ltr'><strong>Papebrocius</strong></span> 
     </span>
    </p>
   </div>
   <div class='ocr_carea' id='block_1_123' title="bbox 2037 4584 3634 4668">
    <p class='ocr_par' dir='ltr' id='par_1_123' title="bbox 2037 4584 3634 4668">
     <span class='ocr_line' id='line_1_123' title="bbox 2037 4584 3634 4668; baseline 0.011 -29"><span class='ocrx_word' id='word_1_883' title='bbox 2037 4592 2219 4668; x_wconf 86' lang='lat' dir='ltr'><strong>autem</strong></span> <span class='ocrx_word' id='word_1_884' title='bbox 2242 4586 2291 4638; x_wconf 82' lang='lat' dir='ltr'><strong>in</strong></span> <span class='ocrx_word' id='word_1_885' title='bbox 2308 4584 2613 4668; x_wconf 37' lang='lat' dir='ltr'><strong>.PrOpilazo,</strong></span> <span class='ocrx_word' id='word_1_886' title='bbox 2640 4586 2857 4668; x_wconf 72' lang='lat' dir='ltr'><strong>pag._b‘_9</strong></span> <span class='ocrx_word' id='word_1_887' title='bbox 2878 4592 2932 4654; x_wconf 89' lang='lat' dir='ltr'><strong>d,</strong></span> <span class='ocrx_word' id='word_1_888' title='bbox 2948 4606 3133 4668; x_wconf 71' lang='lat' dir='ltr'><strong>novos</strong></span> <span class='ocrx_word' id='word_1_889' title='bbox 3156 4584 3412 4668; x_wconf 77' lang='lat' dir='ltr'><strong>consules</strong></span> <span class='ocrx_word' id='word_1_890' title='bbox 3433 4584 3634 4668; x_wconf 53' lang='lat' dir='ltr'><strong>sapius</strong></span> 
     </span>
    </p>
   </div>
   <div class='ocr_carea' id='block_1_124' title="bbox 2037 4657 3635 4736">
    <p class='ocr_par' dir='ltr' id='par_1_124' title="bbox 2037 4657 3635 4736">
     <span class='ocr_line' id='line_1_124' title="bbox 2037 4657 3635 4736; baseline 0.013 -28"><span class='ocrx_word' id='word_1_891' title='bbox 2037 4658 2319 4736; x_wconf 67' lang='lat' dir='ltr'><strong>anteanui</strong></span> <span class='ocrx_word' id='word_1_892' title='bbox 2360 4657 2957 4736; x_wconf 69' lang='lat' dir='ltr'><strong>exordium__puhlicari</strong></span> <span class='ocrx_word' id='word_1_893' title='bbox 3002 4662 3222 4736; x_wconf 77' lang='lat' dir='ltr'><strong>solitos,</strong></span> <span class='ocrx_word' id='word_1_894' title='bbox 3252 4666 3495 4736; x_wconf 88' lang='lat' dir='ltr'><strong>adeoque</strong></span> <span class='ocrx_word' id='word_1_895' title='bbox 3513 4657 3635 4728; x_wconf 56' lang='lat' dir='ltr'><strong>&#39;nec</strong></span> 
     </span>
    </p>
   </div>
   <div class='ocr_carea' id='block_1_125' title="bbox 2040 4726 3637 4814">
    <p class='ocr_par' dir='ltr' id='par_1_125' title="bbox 2040 4726 3637 4814">
     <span class='ocr_line' id='line_1_125' title="bbox 2040 4726 3637 4814; baseline 0.008 -29"><span class='ocrx_word' id='word_1_896' title='bbox 2040 4728 2238 4785; x_wconf 78' lang='lat' dir='ltr'><strong>Sit-icio</strong></span> <span class='ocrx_word' id='word_1_897' title='bbox 2266 4726 2521 4814; x_wconf 75' lang='lat' dir='ltr'><strong>_Januarii</strong></span> <span class='ocrx_word' id='word_1_898' title='bbox 2632 4731 2721 4784; x_wconf 92' lang='lat' dir='ltr'><strong>die</strong></span> <span class='ocrx_word' id='word_1_899' title='bbox 2752 4732 2961 4814; x_wconf 62' lang='lat' dir='ltr'><strong>igne-ms</strong></span> <span class='ocrx_word' id='word_1_900' title='bbox 2981 4731 3161 4814; x_wconf 62' lang='lat' dir='ltr'><strong>fuisse</strong></span> <span class='ocrx_word' id='word_1_901' title='bbox 3208 4726 3304 4804; x_wconf 81' lang='lat' dir='ltr'><strong>pro</strong></span> <span class='ocrx_word' id='word_1_902' title='bbox 3348 4726 3497 4814; x_wconf 71' lang='lat' dir='ltr'><strong>certo</strong></span> <span class='ocrx_word' id='word_1_903' title='bbox 3538 4726 3637 4814; x_wconf 61' lang='lat' dir='ltr'><strong>p0;</strong></span> 
     </span>
    </p>
   </div>
   <div class='ocr_carea' id='block_1_126' title="bbox 2039 4798 3637 4873">
    <p class='ocr_par' dir='ltr' id='par_1_126' title="bbox 2039 4798 3637 4873">
     <span class='ocr_line' id='line_1_126' title="bbox 2039 4798 3637 4873; baseline 0.011 -20"><span class='ocrx_word' id='word_1_904' title='bbox 2039 4815 2196 4873; x_wconf 78' lang='lat' dir='ltr'><strong>nens,</strong></span> <span class='ocrx_word' id='word_1_905' title='bbox 2232 4798 2526 4873; x_wconf 61' lang='lat' dir='ltr'><strong>chronigas</strong></span> <span class='ocrx_word' id='word_1_906' title='bbox 2558 4799 2677 4873; x_wconf 73' lang='lat' dir='ltr'><strong>illas</strong></span> <span class='ocrx_word' id='word_1_907' title='bbox 2720 4798 2873 4873; x_wconf 71' lang='lat' dir='ltr'><strong>notas</strong></span> <span class='ocrx_word' id='word_1_908' title='bbox 2916 4803 3145 4873; x_wconf 80' lang='lat' dir='ltr'><strong>rejiccre</strong></span> <span class='ocrx_word' id='word_1_909' title='bbox 3185 4798 3293 4862; x_wconf 82' lang='lat' dir='ltr'><strong>non</strong></span> <span class='ocrx_word' id='word_1_910' title='bbox 3328 4798 3555 4868; x_wconf 49' lang='lat' dir='ltr'><strong>dubitat.</strong></span> <span class='ocrx_word' id='word_1_911' title='bbox 3579 4827 3637 4871; x_wconf 87' lang='lat' dir='ltr'><strong>ut</strong></span> 
     </span>
    </p>
   </div>
   <div class='ocr_carea' id='block_1_127' title="bbox 2038 4870 3629 4953">
    <p class='ocr_par' dir='ltr' id='par_1_127' title="bbox 2038 4870 3629 4953">
     <span class='ocr_line' id='line_1_127' title="bbox 2038 4870 3629 4953; baseline 0.011 -30"><span class='ocrx_word' id='word_1_912' title='bbox 2038 4870 2390 4953; x_wconf 51' lang='lat' dir='ltr'><strong>adulterinas:</strong></span> <span class='ocrx_word' id='word_1_913' title='bbox 2422 4870 2529 4925; x_wconf 85' lang='lat' dir='ltr'><strong>Sed</strong></span> <span class='ocrx_word' id='word_1_914' title='bbox 2544 4871 2705 4953; x_wconf 43' lang='lat' dir='ltr'><strong>.ltunc</strong></span> <span class='ocrx_word' id='word_1_915' title='bbox 2734 4870 3113 4953; x_wconf 82' lang='lat' dir='ltr'><strong>Ttlleutoutius</strong></span> <span class='ocrx_word' id='word_1_916' title='bbox 3141 4888 3214 4933; x_wconf 89' lang='lat' dir='ltr'><strong>to.</strong></span> <span class='ocrx_word' id='word_1_917' title='bbox 3251 4879 3320 4943; x_wconf 83' lang='lat' dir='ltr'><strong>X,</strong></span> <span class='ocrx_word' id='word_1_918' title='bbox 3347 4898 3469 4953; x_wconf 84' lang='lat' dir='ltr'><strong>pag.</strong></span> <span class='ocrx_word' id='word_1_919' title='bbox 3502 4870 3629 4953; x_wconf 74' lang='lat'><strong>791,</strong></span> 
     </span>
    </p>
   </div>
   <div class='ocr_carea' id='block_1_128' title="bbox 2041 4942 3629 5025">
    <p class='ocr_par' dir='ltr' id='par_1_128' title="bbox 2041 4942 3629 5025">
     <span class='ocr_line' id='line_1_128' title="bbox 2041 4942 3629 5025; baseline 0.011 -32"><span class='ocrx_word' id='word_1_920' title='bbox 2041 4944 2259 5025; x_wconf 74' lang='lat' dir='ltr'><strong>refutat,</strong></span> <span class='ocrx_word' id='word_1_921' title='bbox 2283 4953 2335 4996; x_wconf 90' lang='lat' dir='ltr'><strong>et</strong></span> <span class='ocrx_word' id='word_1_922' title='bbox 2354 4942 2600 5025; x_wconf 74' lang='lat' dir='ltr'><strong>Ausonii.</strong></span> <span class='ocrx_word' id='word_1_923' title='bbox 2621 4946 2925 5025; x_wconf 82' lang='lat' dir='ltr'><strong>Saturnini,</strong></span> <span class='ocrx_word' id='word_1_924' title='bbox 2950 4960 3055 5002; x_wconf 89' lang='lat' dir='ltr'><strong>etc.</strong></span> <span class='ocrx_word' id='word_1_925' title='bbox 3070 4942 3629 5025; x_wconf 42' lang='lat' dir='ltr'><strong>exemplis-ostendit,</strong></span> 
     </span>
    </p>
   </div>
   <div class='ocr_carea' id='block_1_129' title="bbox 2042 5013 3633 5082">
    <p class='ocr_par' dir='ltr' id='par_1_129' title="bbox 2042 5013 3633 5082">
     <span class='ocr_line' id='line_1_129' title="bbox 2042 5013 3633 5082; baseline 0.009 -15"><span class='ocrx_word' id='word_1_926' title='bbox 2042 5023 2173 5068; x_wconf 80' lang='lat' dir='ltr'><strong>tunc</strong></span> <span class='ocrx_word' id='word_1_927' title='bbox 2192 5015 2336 5067; x_wconf 85' lang='lat' dir='ltr'><strong>circa</strong></span> <span class='ocrx_word' id='word_1_928' title='bbox 2366 5013 2493 5067; x_wconf 87' lang='lat' dir='ltr'><strong>anni</strong></span> <span class='ocrx_word' id='word_1_929' title='bbox 2518 5016 2798 5068; x_wconf 78' lang='lat' dir='ltr'><strong>dumtaxat</strong></span> <span class='ocrx_word' id='word_1_930' title='bbox 2824 5021 3025 5071; x_wconf 85' lang='lat' dir='ltr'><strong>exitum</strong></span> <span class='ocrx_word' id='word_1_931' title='bbox 3050 5013 3293 5076; x_wconf 75' lang='lat' dir='ltr'><strong>delecms</strong></span> <span class='ocrx_word' id='word_1_932' title='bbox 3317 5023 3481 5079; x_wconf 79' lang='lat' dir='ltr'><strong>fuisse</strong></span> <span class='ocrx_word' id='word_1_933' title='bbox 3502 5013 3633 5082; x_wconf 55' lang='lat' dir='ltr'><strong>con:</strong></span> 
     </span>
    </p>
   </div>
   <div class='ocr_carea' id='block_1_130' title="bbox 2041 5084 3635 5161">
    <p class='ocr_par' dir='ltr' id='par_1_130' title="bbox 2041 5084 3635 5161">
     <span class='ocr_line' id='line_1_130' title="bbox 2041 5084 3635 5161; baseline 0.011 -23"><span class='ocrx_word' id='word_1_934' title='bbox 2041 5084 2208 5161; x_wconf 80' lang='lat' dir='ltr'><strong>sules.</strong></span> <span class='ocrx_word' id='word_1_935' title='bbox 2261 5097 2462 5161; x_wconf 76' lang='lat' dir='ltr'><strong>eosque</strong></span> <span class='ocrx_word' id='word_1_936' title='bbox 2490 5084 2971 5161; x_wconf 6' lang='lat' dir='ltr'><strong>_Rogtn;e_Jauuarii</strong></span> <span class='ocrx_word' id='word_1_937' title='bbox 3000 5089 3033 5143; x_wconf 88' lang='lat'><strong>6</strong></span> <span class='ocrx_word' id='word_1_938' title='bbox 3064 5092 3152 5145; x_wconf 92' lang='lat' dir='ltr'><strong>die</strong></span> <span class='ocrx_word' id='word_1_939' title='bbox 3196 5095 3430 5161; x_wconf 86' lang='lat' dir='ltr'><strong>ignorari</strong></span> <span class='ocrx_word' id='word_1_940' title='bbox 3479 5098 3635 5155; x_wconf 81' lang='lat' dir='ltr'><strong>facile</strong></span> 
     </span>
    </p>
   </div>
   <div class='ocr_carea' id='block_1_131' title="bbox 2042 5155 3632 5231">
    <p class='ocr_par' dir='ltr' id='par_1_131' title="bbox 2042 5155 3632 5231">
     <span class='ocr_line' id='line_1_131' title="bbox 2042 5155 3632 5231; baseline 0.011 -23"><span class='ocrx_word' id='word_1_941' title='bbox 2042 5158 2312 5231; x_wconf 54' lang='grc' dir='ltr'><strong>ινοιυίε-ςςξΖ</strong></span> <span class='ocrx_word' id='word_1_942' title='bbox 2348 5155 2600 5231; x_wconf 45' lang='grc' dir='ltr'><strong>ρυοάμδί</strong></span> <span class='ocrx_word' id='word_1_943' title='bbox 2648 5158 2768 5231; x_wconf 83' lang='lat' dir='ltr'><strong>aliis</strong></span> <span class='ocrx_word' id='word_1_944' title='bbox 2808 5161 2968 5214; x_wconf 88' lang='lat' dir='ltr'><strong>annis</strong></span> <span class='ocrx_word' id='word_1_945' title='bbox 3011 5155 3257 5231; x_wconf 69' lang='lat' dir='ltr'><strong>contigii,</strong></span> <span class='ocrx_word' id='word_1_946' title='bbox 3315 5166 3632 5226; x_wconf 85' lang='lat' dir='ltr'><strong>nominatim</strong></span> 
     </span>
    </p>
   </div>
   <div class='ocr_carea' id='block_1_132' title="bbox 2042 5226 3637 5301">
    <p class='ocr_par' dir='ltr' id='par_1_132' title="bbox 2042 5226 3637 5301">
     <span class='ocr_line' id='line_1_132' title="bbox 2042 5226 3637 5301; baseline 0.013 -22"><span class='ocrx_word' id='word_1_947' title='bbox 2042 5226 2485 5301; x_wconf 14' lang='lat' dir='ltr'><strong>anno‘386,__quo</strong></span> <span class='ocrx_word' id='word_1_948' title='bbox 2518 5227 2788 5284; x_wconf 89' lang='lat' dir='ltr'><strong>llouorius</strong></span> <span class='ocrx_word' id='word_1_949' title='bbox 2809 5240 3042 5301; x_wconf 90' lang='lat' dir='ltr'><strong>quatuor</strong></span> <span class='ocrx_word' id='word_1_950' title='bbox 3078 5226 3343 5287; x_wconf 70' lang='lat' dir='ltr'><strong>ttteitsittnt</strong></span> <span class='ocrx_word' id='word_1_951' title='bbox 3375 5237 3553 5295; x_wconf 90' lang='lat' dir='ltr'><strong>infans</strong></span> <span class='ocrx_word' id='word_1_952' title='bbox 3580 5254 3637 5299; x_wconf 88' lang='lat' dir='ltr'><strong>et</strong></span> 
     </span>
    </p>
   </div>
   <div class='ocr_carea' id='block_1_133' title="bbox 2045 5297 3641 5371">
    <p class='ocr_par' dir='ltr' id='par_1_133' title="bbox 2045 5297 3641 5371">
     <span class='ocr_line' id='line_1_133' title="bbox 2045 5297 3641 5371; baseline 0.011 -18"><span class='ocrx_word' id='word_1_953' title='bbox 2045 5297 2282 5353; x_wconf 87' lang='lat' dir='ltr'><strong>Evodius</strong></span> <span class='ocrx_word' id='word_1_954' title='bbox 2336 5299 2573 5371; x_wconf 77' lang='lat' dir='ltr'><strong>Maximo</strong></span> <span class='ocrx_word' id='word_1_955' title='bbox 2623 5297 2858 5371; x_wconf 80' lang='lat' dir='ltr'><strong>tyranno</strong></span> <span class='ocrx_word' id='word_1_956' title='bbox 2901 5304 3148 5357; x_wconf 85' lang='lat' dir='ltr'><strong>uddtctus</strong></span> <span class='ocrx_word' id='word_1_957' title='bbox 3187 5308 3438 5363; x_wconf 76' lang='lat' dir='ltr'><strong>consules</strong></span> <span class='ocrx_word' id='word_1_958' title='bbox 3469 5297 3641 5370; x_wconf 83' lang='lat' dir='ltr'><strong>creati</strong></span> 
     </span>
    </p>
   </div>
   <div class='ocr_carea' id='block_1_134' title="bbox 2044 5370 3638 5442">
    <p class='ocr_par' dir='ltr' id='par_1_134' title="bbox 2044 5370 3638 5442">
     <span class='ocr_line' id='line_1_134' title="bbox 2044 5370 3638 5442; baseline 0.01 -20"><span class='ocrx_word' id='word_1_959' title='bbox 2044 5378 2190 5435; x_wconf 91' lang='lat' dir='ltr'><strong>sunt,</strong></span> <span class='ocrx_word' id='word_1_960' title='bbox 2239 5370 2659 5442; x_wconf 79' lang='lat' dir='ltr'><strong>concedendum</strong></span> <span class='ocrx_word' id='word_1_961' title='bbox 2697 5382 2781 5426; x_wconf 87' lang='lat' dir='ltr'><strong>est</strong></span> <span class='ocrx_word' id='word_1_962' title='bbox 2829 5375 3054 5428; x_wconf 90' lang='lat' dir='ltr'><strong>minime</strong></span> <span class='ocrx_word' id='word_1_963' title='bbox 3105 5377 3463 5436; x_wconf 91' lang='lat' dir='ltr'><strong>acceleratam</strong></span> <span class='ocrx_word' id='word_1_964' title='bbox 3514 5402 3638 5442; x_wconf 86' lang='lat' dir='ltr'><strong>esse</strong></span> 
     </span>
    </p>
   </div>
   <div class='ocr_carea' id='block_1_135' title="bbox 2047 5441 3641 5511">
    <p class='ocr_par' dir='ltr' id='par_1_135' title="bbox 2047 5441 3641 5511">
     <span class='ocr_line' id='line_1_135' title="bbox 2047 5441 3641 5511; baseline 0.014 -22"><span class='ocrx_word' id='word_1_965' title='bbox 2047 5455 2234 5497; x_wconf 88' lang='lat' dir='ltr'><strong>eorutn</strong></span> <span class='ocrx_word' id='word_1_966' title='bbox 2266 5441 2783 5511; x_wconf 85' lang='lat' dir='ltr'><strong>promulgationem.</strong></span> <span class='ocrx_word' id='word_1_967' title='bbox 2834 5443 3012 5498; x_wconf 84' lang='lat' dir='ltr'><strong>Visuri</strong></span> <span class='ocrx_word' id='word_1_968' title='bbox 3058 5459 3246 5500; x_wconf 89' lang='lat' dir='ltr'><strong>sumus</strong></span> <span class='ocrx_word' id='word_1_969' title='bbox 3273 5460 3326 5503; x_wconf 91' lang='lat' dir='ltr'><strong>et</strong></span> <span class='ocrx_word' id='word_1_970' title='bbox 3368 5451 3508 5509; x_wconf 87' lang='lat' dir='ltr'><strong>infra</strong></span> <span class='ocrx_word' id='word_1_971' title='bbox 3552 5441 3641 5511; x_wconf 50' lang='lat' dir='ltr'><strong>In;</strong></span> 
     </span>
    </p>
   </div>
   <div class='ocr_carea' id='block_1_136' title="bbox 2048 5511 3644 5585">
    <p class='ocr_par' dir='ltr' id='par_1_136' title="bbox 2048 5511 3644 5585">
     <span class='ocr_line' id='line_1_136' title="bbox 2048 5511 3644 5585; baseline 0.011 -19"><span class='ocrx_word' id='word_1_972' title='bbox 2048 5511 2574 5585; x_wconf 57' lang='lat' dir='ltr'><strong>nocentitepistolas</strong></span> <span class='ocrx_word' id='word_1_973' title='bbox 2599 5513 2669 5568; x_wconf 71' lang='lat'><strong>29</strong></span> <span class='ocrx_word' id='word_1_974' title='bbox 2700 5520 2757 5569; x_wconf 90' lang='lat' dir='ltr'><strong>ct</strong></span> <span class='ocrx_word' id='word_1_975' title='bbox 2794 5514 2889 5579; x_wconf 78' lang='lat' dir='ltr'><strong>3t,</strong></span> <span class='ocrx_word' id='word_1_976' title='bbox 2920 5520 3131 5571; x_wconf 90' lang='lat' dir='ltr'><strong>tametsi</strong></span> <span class='ocrx_word' id='word_1_977' title='bbox 3163 5518 3233 5573; x_wconf 77' lang='grc'><strong>27</strong></span> <span class='ocrx_word' id='word_1_978' title='bbox 3262 5521 3352 5576; x_wconf 90' lang='lat' dir='ltr'><strong>die</strong></span> <span class='ocrx_word' id='word_1_979' title='bbox 3398 5522 3644 5585; x_wconf 87' lang='lat' dir='ltr'><strong>Januarii</strong></span> 
     </span>
    </p>
   </div>
   <div class='ocr_carea' id='block_1_137' title="bbox 2049 5581 3643 5656">
    <p class='ocr_par' dir='ltr' id='par_1_137' title="bbox 2049 5581 3643 5656">
     <span class='ocr_line' id='line_1_137' title="bbox 2049 5581 3643 5656; baseline 0.012 -19"><span class='ocrx_word' id='word_1_980' title='bbox 2049 5584 2175 5656; x_wconf 84' lang='lat' dir='ltr'><strong>anni</strong></span> <span class='ocrx_word' id='word_1_981' title='bbox 2203 5581 2308 5638; x_wconf 75' lang='lat' dir='ltr'><strong>M7</strong></span> <span class='ocrx_word' id='word_1_982' title='bbox 2345 5581 2707 5656; x_wconf 64' lang='lat' dir='ltr'><strong>conscriptas,</strong></span> <span class='ocrx_word' id='word_1_983' title='bbox 2753 5596 2867 5653; x_wconf 83' lang='lat' dir='ltr'><strong>post</strong></span> <span class='ocrx_word' id='word_1_984' title='bbox 2912 5588 3230 5643; x_wconf 85' lang='lat' dir='ltr'><strong>consulatum</strong></span> <span class='ocrx_word' id='word_1_985' title='bbox 3261 5590 3537 5653; x_wconf 82' lang='lat' dir='ltr'><strong>Theodosii</strong></span> 
     </span>
    </p>
   </div>
   <div class='ocr_carea' id='block_1_138' title="bbox 2049 5653 3644 5727">
    <p class='ocr_par' dir='ltr' id='par_1_138' title="bbox 2049 5653 3644 5727">
     <span class='ocr_line' id='line_1_138' title="bbox 2049 5653 3644 5727; baseline 0.005 -19"><span class='ocrx_word' id='word_1_986' title='bbox 2049 5663 2097 5709; x_wconf 84' lang='lat' dir='ltr'><strong>et</strong></span> <span class='ocrx_word' id='word_1_987' title='bbox 2116 5653 2267 5708; x_wconf 83' lang='lat' dir='ltr'><strong>Junii</strong></span> <span class='ocrx_word' id='word_1_988' title='bbox 2292 5655 2473 5720; x_wconf 83' lang='lat' dir='ltr'><strong>Quarti</strong></span> <span class='ocrx_word' id='word_1_989' title='bbox 2488 5657 2823 5726; x_wconf 82' lang='lat' dir='ltr'><strong>cnttsignari.</strong></span> <span class='ocrx_word' id='word_1_990' title='bbox 2847 5656 3001 5724; x_wconf 85' lang='lat' dir='ltr'><strong>Quod</strong></span> <span class='ocrx_word' id='word_1_991' title='bbox 3023 5659 3224 5717; x_wconf 89' lang='lat' dir='ltr'><strong>indicio</strong></span> <span class='ocrx_word' id='word_1_992' title='bbox 3248 5673 3351 5726; x_wconf 88' lang='lat' dir='ltr'><strong>est,</strong></span> <span class='ocrx_word' id='word_1_993' title='bbox 3381 5653 3644 5727; x_wconf 55' lang='lat' dir='ltr'><strong>Innocen:</strong></span> 
     </span>
    </p>
   </div>
   <div class='ocr_carea' id='block_1_139' title="bbox 2052 5728 3646 5808">
    <p class='ocr_par' dir='ltr' id='par_1_139' title="bbox 2052 5728 3646 5808">
     <span class='ocr_line' id='line_1_139' title="bbox 2052 5728 3646 5808; baseline 0.013 -28"><span class='ocrx_word' id='word_1_994' title='bbox 2052 5728 2184 5808; x_wconf 69' lang='lat' dir='ltr'><strong>tium</strong></span> <span class='ocrx_word' id='word_1_995' title='bbox 2238 5736 2362 5808; x_wconf 74' lang='lat' dir='ltr'><strong>tunc</strong></span> <span class='ocrx_word' id='word_1_996' title='bbox 2406 5728 2670 5808; x_wconf 57' lang='lat' dir='ltr'><strong>temporis</strong></span> <span class='ocrx_word' id='word_1_997' title='bbox 2714 5743 2894 5787; x_wconf 86' lang='lat' dir='ltr'><strong>novos</strong></span> <span class='ocrx_word' id='word_1_998' title='bbox 2938 5732 3193 5788; x_wconf 90' lang='lat' dir='ltr'><strong>consules</strong></span> <span class='ocrx_word' id='word_1_999' title='bbox 3245 5732 3544 5797; x_wconf 90' lang='lat' dir='ltr'><strong>llonorium</strong></span> <span class='ocrx_word' id='word_1_1000' title='bbox 3590 5753 3646 5801; x_wconf 86' lang='lat' dir='ltr'><strong>et</strong></span> 
     </span>
    </p>
   </div>
   <div class='ocr_carea' id='block_1_140' title="bbox 2051 5795 2743 5869">
    <p class='ocr_par' dir='ltr' id='par_1_140' title="bbox 2051 5795 2743 5869">
     <span class='ocr_line' id='line_1_140' title="bbox 2051 5795 2743 5869; baseline -0.001 -14"><span class='ocrx_word' id='word_1_1001' title='bbox 2051 5795 2431 5855; x_wconf 85' lang='lat' dir='ltr'><strong>Constantium</strong></span> <span class='ocrx_word' id='word_1_1002' title='bbox 2446 5795 2743 5869; x_wconf 76' lang='lat' dir='ltr'><strong>ignorasse.</strong></span> 
     </span>
    </p>
   </div>
  </div>
