4120 6186
310 218 451 282 M65

1528 221 1888 281 EPISTOLE
1929 223 2016 280 ET
2058 218 2405 281 DECRETA.

3473 219 3613 288 “66

305 347 668 397 cucurrerunt
704 338 878 394 multo
923 340 1151 394 fratrum
1182 345 1238 392 et
1283 338 1743 394 consacerdutum
1775 353 1908 392 con-
1937 345 1982 401 Α
2015 348 2130 400 tur,
2164 338 2288 394 inde
2330 339 2556 410 insuper
2583 339 2652 394 ad
2682 338 2962 410 perﬁdiam
2993 339 3102 396 cito
3145 350 3446 411 corruunt;
3485 349 3609 416 quia

305 447 490 500 sensu,
517 433 703 487 uthac
729 441 913 486 vestra
937 431 1344 499 subscriptione
1377 431 1584 486 ﬁrmata
1618 430 1905 486 ecclesias-

305 525 396 581 tici
421 526 646 582 canonis
669 523 957 595 dispositio
981 540 1102 594 qua:
1121 525 1260 595 apud
1282 523 1518 578 Nicaeam
1545 533 1771 578 tractata
1800 532 1902 587 est,

305 619 627 676 conﬁrmata
669 632 773 674 suo
798 618 994 674 merito
1025 616 1402 672 fundatissima
1428 625 1816 685 permaneret:
1850 623 1910 669 ut

306 711 446 766 tales
490 710 742 764 videlicet
782 709 848 763 ad
881 709 1318 764 ecclesiasticum
1349 707 1596 762 ordinem
1628 706 1911 778 permitte-

309 817 499 861 rentur
523 804 806 869 accedere,
837 803 1027 874 quales
1059 802 1359 872 apnstoiica
1392 802 1705 874 auctoritas
1731 799 1906 870 jubet,

309 911 419 954 non
451 895 638 966 quales
662 896 810 961 dico,
840 895 927 951 vel
957 909 1053 951 eos
1099 897 1192 965 qui
1219 895 1440 966 cingulo
1481 893 1693 948 militiae
1737 906 1910 946 saecu-

309 985 442 1044 laris
490 988 694 1043 astricti
738 987 866 1042 olim
909 986 1129 1056 gloriati
1173 995 1318 1040 sunt.
1369 987 1469 1052 Qui
1519 993 1704 1056 po~tea
1747 999 1908 1054 quam

313 1097 510 1153 pompa
556 1081 805 1137 smculari
858 1079 1291 1144 exsultavernnt,
1335 1087 1428 1133 aut
1469 1079 1702 1148 negotiis
1733 1080 1913 1147 reipu-

309 1173 468 1230 bliete
518 1183 845 1244 optaverunt
885 1171 1144 1239 militare,
1191 1181 1285 1226 ant
1326 1187 1513 1227 curam
1548 1171 1730 1225 mundi
1777 1179 1916 1225 trac-

311 1271 448 1334 tare,
483 1265 728 1321 adhibita
773 1263 878 1318 sibi
907 1263 1266 1334 quorumdam
1311 1277 1499 1327 manu,
1549 1271 1604 1317 et
1636 1261 1913 1332 proximo-

311 1378 434 1419 rum
464 1361 649 1417 favore
679 1360 887 1429 stipati,
918 1359 973 1413 lti
1007 1359 1324 1428 frequenter
1349 1359 1673 1427 ingeruntur
1695 1356 1916 1409 auribus

311 1455 470 1520 meis,
517 1463 568 1507 ut
597 1453 840 1523 episcopi
872 1465 992 1506 esse
1037 1452 1268 1520 possint,
1313 1450 1405 1520 qui
1442 1466 1538 1518 per
1567 1448 1916 1503 traditionem

313 1558 367 1605 et
396 1547 775 1617 Evangelicam
805 1543 1147 1614 disciplinam
1173 1557 1295 1597 esse
1323 1558 1428 1595 nor.
1457 1527 1706 1610 possunt.
1737 1540 1918 1607 Quan-

315 1639 384 1694 tis
435 1638 540 1694 hoc
591 1637 878 1708 aﬁquoties
910 1645 1178 1691 certatum
1211 1645 1295 1688 est
1338 1622 1581 1688 viribus?
1630 1633 1737 1690 Sed
1785 1633 1918 1688 nihil

2012 428 2171 484 ﬁdem
2199 444 2383 486 veram
2407 431 2461 484 in
2490 429 2878 486 ecclesiasticis
2905 439 3019 486 toto
3039 433 3173 488 orbe
3197 436 3469 506 peregrini
3495 437 3601 492 dis-

2010 535 2135 576 cere
2163 536 2269 576 non
2304 535 2644 579 asseruntur.

2081 616 2210 672 Car.
2243 617 2331 674 Ill.
2374 649 2442 658 —
2465 620 2520 675 5.
2550 617 2634 672 Ne
2661 620 2786 692 legis
2816 619 2928 673 loco
2957 619 3179 674 ducatur
3205 623 3344 693 quod
3369 624 3524 678 semel
3551 643 3613 680 ac

2010 707 2234 762 secundo
2263 711 2539 764 necessitas
2564 711 2799 764 extorsit.
2829 709 2992 766 Certe
3021 713 3184 766 etiam
3215 713 3348 769 illud
3380 730 3489 770 non
3519 716 3620 772 fuit

2012 801 2564 869 prmtermittendum,
2583 811 2643 857 ut
2664 802 2807 874 quod
2827 804 2996 859 semel
3028 813 3120 859 aut
3144 807 3387 864 secundo
3420 825 3612 866 neces-

2013 891 2147 946 sitas
2163 892 2547 948 hrereticorum
2581 893 2765 950 intulit
2792 905 2983 952 contra
3015 899 3313 966 apostolica
3347 913 3617 970 praecepta

2013 984 2166 1038 velut
2206 985 2327 1056 lege
2355 986 2567 1041 licitum
2596 997 2617 1024 ε
2660 990 2894 1058 coepisse
2939 993 3232 1060 praesumi,
3283 995 3617 1067 neophytum

2019 1076 2073 1146 (l
2104 1077 2240 1132 Tim.
2271 1094 2329 1133 ill
2353 1120 2366 1144 ,
2400 1079 2472 1148 6)
2503 1080 2587 1134 vel
2620 1079 2816 1135 laicum
2842 1121 2856 1145 ,
2890 1080 2984 1151 qui
3031 1084 3186 1139 nullo
3239 1086 3622 1141 ecclesiastico

2019 1170 2231 1226 functus
2293 1173 2457 1228 fuerit
2512 1173 2729 1238 ofﬁcio,
2786 1174 3192 1233 inconsiderate
3244 1179 3331 1233 vcl
3398 1183 3625 1252 presby-

2019 1273 2194 1319 tertuu
2240 1266 2327 1320 vel
2354 1266 2640 1321 diaconum
2674 1266 2931 1323 ordinare
2961 1286 2973 1322 :
3000 1271 3154 1336 quasi
3196 1271 3452 1328 meliores
3478 1275 3628 1343 Apo-

2017 1357 2174 1411 stolis
2203 1358 2313 1413 sint
2332 1400 2345 1424 ,
2371 1374 2606 1428 quorum
2631 1360 2864 1414 audeant
2893 1368 3106 1416 mutare
3131 1375 3482 1433 prteceptum.
3512 1367 3576 1421 Et
3605 1365 3624 1404 τ

2019 1451 2107 1520 qui
2140 1466 2248 1505 non
2296 1451 2520 1519 didicit,
2552 1453 2660 1523 jam
2691 1452 2893 1510 docere
2925 1455 3296 1524 compellitur.
3331 1458 3408 1514 Ita
3442 1462 3628 1516 nullus

2019 1544 2294 1613 reperitur
2325 1544 2556 1599 idoneus
2589 1545 2952 1600 clericorum?
2982 1547 3094 1602 Nec
3147 1548 3286 1604 inter
3328 1550 3592 1607 diaconos
3614 1596 3628 1621 ,

2021 1651 2125 1691 nec
2152 1637 2296 1692 inter
2319 1638 2459 1692 alios
2488 1637 2720 1693 clericos
2751 1639 3048 1707 invenitur,
3083 1641 3176 1711 qui
3209 1643 3524 1699 sacerdotio
3546 1645 3627 1699 di~

317 1733 423 1789 tale
443 1732 618 1802 potuit
640 1733 666 1762 ⁸
690 1731 836 1792 elici.
867 1745 986 1798 qua:
1014 1729 1154 1782 ratio
1179 1743 1285 1781 non
1317 1728 1613 1797 compellit.
1654 1725 1828 1782 Etiam
1853 1728 1920 1784 de
1951 1725 1998 1785 B
2025 1741 2162 1797 guns
2214 1729 2510 1796 habeatur;
2545 1729 2640 1784 sed
2682 1730 2748 1785 ad
2781 1731 3291 1789 condemnationem
3318 1744 3344 1782 ε
3373 1735 3631 1794 Ecclesite

315 1825 614 1897 longinquo
640 1824 668 1863 1)
709 1824 929 1879 veniant
977 1821 1294 1886 ordinandi,
1339 1831 1399 1875 ut
1431 1821 1581 1892 digni
1626 1824 1840 1892 possint
1869 1831 1924 1876 et

316 1921 490 1993 plebis
513 1928 567 1973 et
595 1930 786 1973 nostro
809 1915 1020 1987 judicio
1052 1915 1426 1986 comprobari.

387 2010 514 2066 CAP.
539 2009 751 2065 11.-4.
779 2007 1024 2062 Monac/ti
1044 2006 1158 2079 vagi
1180 2005 1246 2059 ab
1265 2005 1538 2078 episc0pis,
1564 2015 1616 2058 ut
1639 2005 1921 2076 suntptibus

320 2113 566 2176 parcant,
597 2104 925 2159 ordinantur.
957 2102 1232 2168 Quantum
1286 2099 1532 2152 illicitum
1583 2098 1654 2152 sit
1703 2100 1830 2152 illud
1866 2111 1920 2165 ο,

319 2199 576 2254 aestimari
610 2213 715 2252 non
751 2203 956 2267 potest,
996 2205 1051 2248 ut
1075 2201 1427 2248 transeuntes
1459 2191 1598 2264 (sive
1628 2193 1918 2254 simulent,

317 2292 436 2347 sive
467 2291 570 2345 sint
608 2289 897 2352 monachi,
929 2286 1075 2358 quod
1104 2302 1167 2341 se
1196 2286 1530 2354 appellant),
1560 2303 1787 2354 quorum
1823 2301 1924 2340 nec

320 2384 482 2438 vitam
511 2397 804 2453 possumus
826 2380 970 2436 seire
997 2392 1098 2434 nec
1129 2380 1476 2448 baptismum,
1501 2393 1732 2447 quorum
1764 2377 1922 2434 ﬁdem

323 2476 653 2547 incognitam
688 2474 956 2529 habemus
985 2487 1085 2526 nec
1133 2472 1446 2540 probatam,
1479 2472 1648 2525 ιιοΙίιιῑ
1695 2474 1923 2540 sumpti-

321 2571 423 2626 bus
453 2569 748 2639 adjuvare,
777 2566 874 2622 sed
913 2566 1094 2620 statim
1138 2573 1232 2618 aut
1271 2564 1531 2619 diaconos
1580 2565 1785 2630 facere,
1834 2573 1928 2620 aut

321 2663 674 2734 presbyteros
717 2660 974 2714 ordinare
1005 2659 1295 2724 festinent,
1347 2665 1469 2718 aut,
1502 2656 1646 2727 quod
1675 2666 1759 2711 est
1803 2674 1926 2724 gra-

321 2756 461 2820 vius,
503 2754 791 2825 episcopos
834 2752 1175 2807 constituere
1209 2767 1316 2804 non
1344 2749 1659 2804 formident.
1697 2750 1928 2805 Charius

323 2848 464 2920 apud
493 2849 618 2904 illos
646 2847 760 2902 dari
792 2852 1067 2915 sumptum
1096 2841 1122 2880 τι
1154 2854 1237 2898 est
1270 2842 1610 2908 transeunti,
1651 2857 1809 2912 quam
1843 2857 1930 2896 sa-

323 2943 650 3001 cerdotium.
679 2940 797 2997 Non
833 2939 1062 3005 retenti,
1097 2938 1223 2995 inde
1254 2939 1308 2993 in
1337 2939 1650 3008 superbiam
1683 2937 1931 2992 exaltan-

326 3136 434 3177 non
467 3119 684 3190 quidem
719 3116 1026 3190 accepisse,
1058 3115 1152 3190 sed
1185 3115 1495 3190 multorum
1524 3113 1758 3190 fratrum
1803 3127 1932 3167 con-
1960 3112 2008 3176 C

327 3184 499 3249 sensti
519 3190 737 3246 dedisse
777 3184 1065 3258 signiﬁeat.
1109 3187 1376 3258 Quocirca
1410 3185 1632 3240 dubiutn
1673 3184 1791 3258 lere
1821 3200 1930 3240 non

328 3273 442 3329 est,
469 3265 596 3332 quin
622 3257 873 3332 proxime
906 3258 1311 3332 restituendum
1337 3257 1440 3319 sit,
1471 3268 1588 3310 ante
1611 3257 1679 3308 ad
1708 3266 1934 3332 uestrum

328 3327 684 3394 sancti—tatem,
718 3347 779 3386 ac
825 3327 1071 3385 librariis
1107 3329 1248 3383 incili
1301 3329 1456 3396 lapsu
1505 3329 1818 3397 pr;rpusit.io
1865 3327 1934 3380 ad

331 3406 614 3461 exciderit.
653 3406 723 3457 De
755 3403 836 3456 his
880 3411 1058 3455 autem
1094 3400 1289 3454 litteris
1335 3399 1388 3452 id
1435 3401 1576 3469 quod
1622 3399 1931 3468 subjicitur,

333 3477 578 3548 apprime
624 3475 876 3548 congruit
925 3471 1172 3541 epistolae
1212 3470 1524 3548 superiori,
1575 3482 1776 3548 utpote.
1814 3485 1937 3538 quas

333 3542 627 3603 nitiltorum
671 3542 1055 3615 episc0porutn
1077 3583 1090 3606 ,
1145 3545 1267 3596 scil.
1321 3545 1411 3609 80,
1441 3557 1716 3615 consensu
1748 3542 1814 3596 de
1846 3557 1935 3595 re-

336 3619 478 3690 gulis
520 3620 574 3672 in
605 3613 947 3690 ordinatione
991 3614 1314 3690 clericorum
1353 3613 1636 3669 servandis
1682 3623 1768 3669 est
1806 3627 1938 3668 cou-

339 3684 540 3758 scr‘tpta
559 3731 575 3754 ,
606 3687 759 3758 enjus
786 3687 1006 3742 decreta
1030 3684 1270 3739 Niczenis
1293 3695 1662 3758 consentanea
1697 3697 1851 3758 sunt,
1886 3693 1939 3758 et

339 3763 394 3817 in
422 3756 525 3830 qua
555 3756 876 3830 nominatim
910 3775 936 3809 a
972 3759 1120 3830 clero
1150 3766 1394 3830 arcetur,
1429 3757 1820 3830 quiicingulutn
1843 3756 1939 3808 mi?"

338 3828 752 3888 litiﬁswcularis
781 3829 1040 3883 habuerit.
1070 3828 1254 3897 Neque
1282 3829 1443 3883 etiam
1476 3829 1540 3881 ad
1575 3843 1700 3888 eos,
1731 3828 1823 3896 qui
1853 3843 1940 3881 va-

341 3904 564 3958 letudine
595 3903 828 3976 corporis
846 3910 948 3976 aut
972 3904 1108 3970 fessa
1130 3910 1280 3976 (etate
1307 3899 1588 3976 pr;rpcditi
1612 3900 1803 3976 adesse
1831 3915 1940 3951 non

339 3985 651 4045 potuerant,
683 3970 787 4028 alia
827 3972 896 4028 de
928 3986 1090 4025 causa
1119 3970 1332 4045 videtur
1362 3975 1548 4045 inissa.
1587 3971 1686 4023 nisi
1724 3978 1782 4022 ut
1813 3985 1941 4045 syn-

339 4040 552 4101 odicam
600 4040 1045 4100 censtitutionem
1091 4043 1493 4107 subscriptione
1532 4057 1626 4094 sua
1660 4040 1942 4096 ratatn'fu-

341 4128 566 4180 carent,
612 4126 672 4170 et.
717 4116 784 4170 ab
833 4115 1088 4170 omnibus
1136 4125 1384 4183 perpetua
1427 4114 1726 4166 istiusmodi
1774 4116 1944 4182 forma

344 4199 649 4259 servaretur.

420 4270 444 4297 ἰ
478 4254 691 4314 Merlin.
719 4273 782 4312 ac
807 4273 966 4322 mss.,
997 4257 1139 4328 eligi.
1175 4255 1327 4310 llunc
1354 4256 1530 4328 locum
1571 4255 1640 4306 ita
1678 4254 1942 4323 interpre-

345 4340 522 4387 tamur
551 4349 562 4385 :
594 4330 744 4386 Nihil
767 4344 954 4385 eorum
982 4372 995 4393 ,
1025 4327 1143 4397 qua:
1172 4330 1312 4381 ratio
1337 4327 1624 4380 admittere
1653 4340 1757 4378 non
1787 4339 1940 4397 eom-

343 4404 528 4475 pellit,
579 4403 701 4459 elici
745 4418 810 4475 ex
859 4396 1192 4475 tnepotuit.
1243 4401 1457 4475 Clarius
1509 4397 1647 4475 hic..
1679 4411 1836 4465 quam
1890 4396 1940 4449 itt

346 4467 579 4565 epistola
605 4469 1166 4565 superioritSircicius
1199 4471 1430 4565 er'illEill
1459 4511 1482 4553 ,⁸
1505 4467 1939 4565 nominee-orum
1967 4504 2022 4565 Β

346 4542 436 4617 qui
463 4545 662 4600 militia:
679 4542 1248 4617 sa'cutariscingututu
1275 4542 1540 4617 habuerint
1557 4581 1569 4603 ,
1597 4555 1702 4592 non
1727 4544 1936 4592 tantum

349 4612 442 4673 eos
466 4633 496 4672 a
519 4633 578 4672 se
607 4617 830 4686 intelligi
854 4655 868 4680 ,
892 4612 1061 4686 quiin
1089 4613 1280 4667 castris
1310 4612 1575 4686 stipendia
1603 4623 1936 4686 meruerunt,

349 4689 444 4745 sed
477 4697 534 4743 et
557 4703 652 4744 eos
680 4689 769 4759 qui
788 4683 1114 4759 reipublicae
1144 4685 1378 4759 negotiis
1398 4683 1652 4759 obstricti
1681 4691 1826 4759 sunt.

419 4759 447 4798 b
479 4761 589 4814 lloe
617 4754 730 4824 est,
765 4759 817 4814 ni
860 4754 1037 4820 fallor,
1071 4771 1098 4810 e
1138 4755 1323 4811 Sietlia
1348 4798 1359 4818 ,
1394 4754 1674 4819 Sardinia,
1707 4754 1940 4822 aliisque

349 4833 660 4903 regionibus
690 4845 811 4900 qua:
839 4829 904 4883 ad
953 4827 1180 4898 Romani
1223 4826 1805 4903 pontiﬁcis‘diuacesim
1844 4838 1948 4877 seu.

351 4898 616 4974 synodum
662 4898 934 4974 pertinent
957 4943 971 4966 ,
995 4913 1262 4974 quasque
1295 4898 1692 4974 sulnrrbicarias
1709 4904 1940 4974 nocant.

352 4965 406 5029 Si
435 4974 521 5030 cui
564 4965 692 5030 vero
738 4965 965 5026 veniret
993 4965 1054 5024 in
1098 4965 1334 5024 mentem
1364 5012 1375 5032 ,
1406 4971 1658 5024 Siricitttn
1709 4966 1812 5020 hoc
1839 4965 1940 5019 sibi

352 5049 621 5111 voluisse,
672 5056 730 5100 ut
774 5050 1040 5115 quotquot
1082 5041 1367 5115 ordinandi
1402 5048 1603 5115 essent.
1653 5038 1895 5115 episcopi
1925 5078 1939 5102 ,

356 5107 730 5180 undecuttitlue
785 5107 1008 5169 Romam
1059 5114 1344 5175 Vettirettt,
1400 5113 1647 5180 ipsistnct
1693 5107 1937 5162 confuta-

355 5199 502 5244 retur
536 5190 713 5244 Siricii
749 5187 948 5241 verbis.
979 5185 1032 5237 In
1067 5185 1162 5237 huc
1189 5185 1385 5253 quippe
1414 5184 1640 5249 epistola
1677 5182 1946 5235 fundatis-

355 5263 547 5315 simant
597 5273 917 5331 permanere.
959 5256 1112 5331 jubet
1155 5255 1506 5309 ecclesiastici
1549 5255 1779 5331 canonis
1819 5267 1948 5331 cott-

358 5324 692 5387 stittttitttt'ettt
723 5347 843 5400 quas
878 5324 1024 5400 apud
1057 5326 1288 5380 Nicaeam
1335 5335 1558 5379 tractata
1589 5333 1693 5400 est.
1744 5326 1817 5377 Ex
1863 5324 1950 5377 Ni-

357 5406 493 5457 cmni
522 5414 700 5457 autem
730 5398 852 5456 com
873 5399 948 5453 iiii
997 5398 1356 5467 dispositione
1384 5413 1447 5450 ac
1481 5398 1796 5465 praescripto
1827 5410 1949 5448 ean.

358 5473 394 5526 4
415 5485 468 5529 et
492 5475 545 5540 6,
578 5475 864 5542 episcopus
893 5469 1180 5524 ordinandi
1214 5480 1456 5542 potestas
1485 5483 1578 5536 per
1599 5481 1962 5542 _ttuatnquan_t-

361 5561 466 5611 que
497 5537 833 5611 provincia—tn
863 5542 928 5594 ad
966 5541 1444 5610 metropolitanum
1478 5537 1732 5611 pertinet.
1766 5537 1957 5611 Simile

362 5605 547 5740 italqnf
578 5625 660 5668 est
698 5618 800 5668 hoc
847 5605 1492 5682 decretum-superioris
1525 5607 1774 5678 epistolae
1819 5605 1966 5676 eapi-

365 5697 417 5740 tu
451 5705 482 5737 η
554 5725 565 5737 .

365 5687 482 5741 ιυιη
515 5687 565 5740 1.

445 5768 467 5796 ο
511 5755 748 5828 Supple,
779 5757 919 5826 quod
944 5773 976 5809 a
1005 5755 1271 5810 nonnullis
1301 5750 1656 5807 committitur.

2026 1823 2197 1878 laicus
2250 1823 2594 1894 postulatur?
2645 1824 2797 1893 Quod
2848 1841 2914 1881 ne
2970 1826 3063 1880 ﬁat
3107 1829 3280 1895 ultra,
3339 1831 3632 1889 admoneo.

2027 1915 2276 1970 Prtedico
2296 1960 2308 1980 ,
2341 1925 2398 1970 ut
2425 1931 2590 1970 uuam
2615 1917 2775 1971 ﬁdem
2813 1918 3078 1974 trahentes
3103 1961 3117 1985 ,
3172 1937 3346 1976 unum
3373 1925 3537 1979 etiam
3580 1927 3633 1982 in

2025 2008 2321 2062 traditione
2366 2007 2572 2063 sentire
2613 2008 2944 2071 debeamus.
2981 2012 3284 2080 probantes
3315 2031 3415 2070 nos
3445 2020 3638 2072 unani-

2028 2115 2144 2155 mes
2192 2109 2356 2172 atque.
2403 2102 2736 2169 concordes,
2776 2105 2988 2172 paciﬁci
3028 2104 3082 2159 in
3130 2105 3348 2163 Christo
3375 2117 3429 2163 et
3457 2110 3508 2164 in
3541 2111 3637 2166 ob—

2030 2195 2434 2249 servationibus
2482 2196 2798 2264 apostolicis
2849 2197 3051 2253 habere
3086 2199 3429 2256 cbaritatem.
3465 2203 3641 2258 Medio

2034 2288 2214 2355 itaque
2260 2287 2451 2352 Patre,
2499 2297 2555 2342 et
2606 2287 2884 2358 unigenito
2933 2290 3077 2344 Filio
3125 2293 3276 2361 ejus,
3331 2303 3385 2348 ct
3431 2295 3636 2366 Spiritu

2033 2389 2220 2434 sancto
2247 2423 2260 2445 ,
2303 2389 2360 2435 et
2398 2381 2559 2435 unius
2591 2382 2896 2437 divinitatis
2925 2383 3219 2453 Trinitate,
3251 2391 3550 2454 convenio,
3585 2402 3643 2446 ut

2034 2472 2086 2526 in
2117 2473 2199 2526 his
2231 2472 2368 2528 ﬁdes
2394 2473 2668 2528 catholica
2694 2483 2749 2529 et
2773 2475 3061 2545 disciplina
3089 2487 3272 2534 nostra
3302 2493 3640 2550 permaneat.

2033 2563 2142 2619 Nec
2169 2565 2460 2634 quisquam
2485 2575 2660 2633 putet,
2687 2577 2959 2636 tamquam
2985 2569 3364 2627 ordinationes
3392 2583 3644 2633 terrenas

2034 2655 2183 2719 ﬁeri,
2236 2671 2358 2710 eum
2418 2657 2646 2711 caeleste
2702 2657 2772 2712 sit.
2822 2659 3227 2727 sacerdotium,
3283 2672 3340 2718 ut
3394 2664 3645 2725 ﬁdelibus

2033 2751 2204 2820 gloria
2251 2759 2469 2804 maneat
2490 2746 2518 2785 h
2547 2749 3105 2821 dignitatis'cjusdent
3126 2795 3139 2819 ,
3170 2765 3224 2810 et
3250 2769 3375 2812 ante
3408 2759 3647 2814 tribunal

2035 2842 2239 2897 Christi
2269 2857 2334 2897 ex
2359 2840 2487 2897 hinc
2513 2857 2619 2896 non
2653 2841 2852 2898 habeat
2875 2843 3026 2914 quod
3050 2857 3290 2903 accuset.

2111 3110 2138 3149 ιὶ
2179 3110 2420 3191 V'_erbtttn
2450 3119 2566 3176 est,
2600 3113 2744 3181 quod
2777 3123 2804 3165 a‘
2854 3115 3016 3170 Crab.
3061 3129 3391 3191 expunctum
3435 3123 3646 3191 luerat,

2038 3193 2186 3260 et_ex_
2213 3183 2366 3260 Merl.
2393 3197 2458 3260 ac
2485 3197 2621 3260 mss._
2645 3195 2963 3260 revocatur,_
2985 3202 3092 3242 non
3125 3189 3190 3243 ad
3218 3204 3482 3260 sumptura
3504 3237 3516 3257 ,
3548 3183 3646 3252 sed

2037 3255 2104 3308 ad
2137 3255 2345 3309 charius
2374 3254 2720 3309 referendum
2755 3265 2840 3309 est
2869 3261 2916 3310 in
2952 3257 3095 3314 hunc
3119 3254 3380 3317 modum:
3415 3254 3640 3322 Charias

2038 3325 2280 3402 estapud
2305 3324 2427 3402 illos
2456 3327 2572 3379 dari
2603 3337 2868 3402 sumptum
2911 3335 3244 3398 transeunti,
3274 3344 3401 3399 etc.,
3437 3337 3488 3390 id
3519 3351 3600 3392 est
3630 3382 3644 3402 ,

2039 3399 2199 3475 vilius
2226 3397 2502 3475 aestimant
2527 3399 2898 3475 sacerdotium
2918 3442 2932 3465 ,
2970 3418 3128 3475 quam
3173 3397 3446 3474 smnpm-nt
3497 3397 3645 3475 perc;

2039 3469 2207 3536 grini.
2247 3467 2447 3522 Deinde
2476 3467 2607 3522 editi
2633 3510 2647 3533 ,
2694 3487 2850 3538 quam
2893 3467 3236 3528 sacerdotium
3285 3467 3387 3531 non
3431 3467 3645 3535 retento.

2041 3538 2178 3614 Inde
2203 3539 2589 3614 insuperbiam
2620 3540 2880 3614 excitatur
2909 3559 2928 3596 :
2955 3543 3358 3614 refragantibus-
3398 3567 3530 3605 mss.
3567 3551 3645 3607 ls-

2043 3612 2136 3664 tud
2168 3614 2236 3666 ita
2263 3610 2576 3693 intelligere
2606 3623 2727 3665 est:
2763 3613 3012 3693 Monachi
3043 3610 3129 3671 illi
3150 3634 3254 3693 non
3287 3624 3506 3693 retenti,
3538 3641 3646 3693 quo

2041 3698 2228 3736 eorum
2260 3681 2392 3735 ﬁdes
2421 3697 2482 3736 ac
2512 3697 2696 3736 mores
2722 3687 3042 3752 probentur;
3072 3689 3174 3742 sed
3195 3692 3379 3745 statim
3408 3681 3528 3748 cum
3555 3681 3644 3750 sa-

2043 3754 2304 3826 cerdotali
2333 3753 2502 3826 gradu
2534 3754 2764 3826 dimissi,
2783 3756 2906 3809 inde
2924 3758 2979 3810 in
3000 3760 3296 3826 superbiam
3324 3765 3646 3820 excitantur.

2183 3824 2502 3905 ln.vnlga-t.is
2550 3824 2895 3905 desideratur
2939 3824 3149 3905 erupisse
3175 3848 3194 3884 :
3239 3834 3381 3902 quod
3407 3849 3476 3889 ex
3509 3852 3641 3892 mss,

2045 3895 2386 3971 Callet-tionis
2409 3893 2564 3971 iliSp.
2594 3897 2930 3971 suppletnus.
2961 3893 3267 3956 Malleutus'
3288 3906 3517 3971 coepisset
3537 3949 3552 3969 ,
3581 3923 3644 3964 ac

2047 3976 2215 4044 totum
2243 3967 2384 4044 hunc
2409 3968 2585 4044 locum
2612 3969 2681 4020 ita
2703 3969 2809 4044 legi
2838 3987 2849 4020 :
2873 3987 2975 4044 non
3000 3972 3097 4044 [uit
3121 3967 3643 4044 pratermittendum,

2045 4038 2100 4092 id
2115 4038 2254 4114 quod
2276 4039 2433 4114 semel
2454 4048 2499 4090 et
2522 4040 2746 4114 secundo
2766 4042 3042 4095 necessitas
3065 4038 3424 4100 limi-elisorum
3446 4038 3641 4114 intulit,

2046 4111 2181 4163 velut
2207 4109 2314 4177 lege
2346 4110 2543 4179 licitum
2575 4126 2695 4189 esse
2719 4111 2829 4179 jam
2857 4115 3115 4189 cwpisset,
3150 4126 3328 4170 contra
3354 4109 3643 4189 apostolica

2046 4192 2398 4258 praceptaa
2425 4181 2700 4258 nonnullis
2745 4181 3022 4258 prtesuini,
3071 4181 3399 4258 neophytum'
3435 4193 3640 4247 scilicet

2048 4251 2144 4304 vel.
2181 4251 2334 4318 Quod
2387 4251 2473 4325 hic
2523 4253 2592 4306 de
2637 4251 2892 4323 neophyti
2941 4269 3037 4307 seu
3093 4251 3210 4310 laici
3241 4251 3644 4325 'ordinatione,

2048 4337 2206 4447 gnam
2275 4324 2655 4375 haereticorum
2707 4325 3003 4376 necessitas
3055 4326 3267 4390 intulit,
3317 4329 3538 4396 dicitur,
3589 4324 3642 4386 in

2101 4393 2320 4446 tttbrosii
2350 4393 2585 4446 maxime
2610 4393 3008 4447 ordinationem
3030 4396 3228 4447 cadere
3249 4399 3491 4447 videtur:
3520 4417 3642 4447 ιπη-

2101 4393 2320 4446 tubrosii
2350 4393 3008 4471 maxime-ordinationem
3030 4396 3228 4471 cadere
3249 4399 3494 4468 videtur;
3519 4393 3646 4471 pm-

2049 4465 2292 4533 deusque
2313 4472 2466 4517 cavet
2495 4461 2725 4517 Siricius
2741 4505 2755 4527 ,
2790 4479 2856 4518 ne
2883 4466 2983 4518 hoc
3003 4466 3248 4522 alterove
3272 4472 3435 4523 simili
3461 4461 3647 4528 ex'em-

2047 4536 2144 4617 plu.
2163 4537 2282 4603 quis
2309 4533 2561 4589 abutatur
2585 4533 2650 4586 ad
2687 4535 2820 4605 legis
2849 4537 2900 4589 in
2932 4535 3176 4591 Ecclesia
3219 4548 3456 4611 receptae
3482 4544 3646 4600 abro-

2041 4619 2335 4676 ganonenn

2124 4678 2139 4714 τ
2185 4677 2328 4731 lstud
2377 4687 2752 4742 argumentum
2801 4677 2969 4732 iusius
3019 4688 3212 4734 tractat
3260 4681 3584 4742 leestinus
3628 4687 3647 4742 l

2045 4751 2206 4820 epist.
2257 4748 2311 4814 4,
2345 4766 2396 4801 n.
2442 4748 2496 4801 4.
2552 4747 2853 4820 νίαεηιιιιδᾼ
2872 4751 3034 4802 etiam
3078 4767 3142 4806 ea
3175 4753 3242 4809 de
3290 4771 3348 4810 re
3393 4756 3648 4813 Zositnus

2046 4818 2205 4892 ep‘st.
2239 4820 2294 4884 9,
2318 4838 2394 4892 in.
2440 4821 2504 4884 2,
2538 4835 2638 4873 nec
2681 4836 2785 4874 non
2817 4818 2966 4874 Felix
2995 4821 3039 4876 ll
3065 4825 3226 4892 epist.
3256 4827 3322 4880 ad
3351 4828 3644 4883 Caesarium

2047 4891 2250 4949 Arelat.
2301 4891 2568 4959 Quocirca
2613 4891 2952 4964 Gregoriusl
3002 4891 3331 4964 ριέιίυθιιιιιηι
3360 4940 3374 4959 ,
3419 4901 3648 4956 cuilibet

2048 4965 2313 5036 visitatori
2366 4964 2550 5036 datum
2597 4974 2653 5015 ut
2693 4963 3072 5036 episeoporutu
3119 4970 3374 5022 electioni
3429 4973 3645 5036 praesit,

2050 5035 2305 5108 claudere
2332 5032 2584 5108 ξυιυς-ωε
2612 5035 2790 5086 verbis
2816 5051 2828 5086 :
2863 5033 3178 5108 Provisurus
3208 5050 3327 5092 ante
3352 5032 3522 5094 omnia
3547 5083 3560 5108 ,
3586 5032 3649 5096 ne

2051 5107 2118 5164 ad
2168 5108 2261 5160 hoc
2287 5103 2556 5182 cujuslibet
2587 5107 2984 5160 conversationis
3015 5125 3103 5182 seu
3135 5110 3302 5162 meriti
3351 5108 3500 5165 laico:
3530 5103 3649 5182 per-

2053 5195 2192 5234 sonte
2219 5178 2451 5244 aspirare
2474 5187 2814 5244 prwsumunt,
2842 5189 2888 5232 et
2913 5189 2966 5231 tu
2993 5179 3282 5244 periculum
3313 5178 3655 5238 ordinationis

2058 5261 2192 5313 tum,
2225 5252 2360 5319 quod
2391 5249 2558 5310 absit,
2592 5250 2848 5303 incurras.
2884 5249 3166 5304 Electores
3199 5263 3490 5309 antenrstc
3519 5259 3655 5308 atto-

2057 5321 2469 5395 qttieonsuevit
2494 5337 2510 5395 ξ
2537 5336 2706 5395 omnes
2737 5337 2876 5395 quos
2905 5336 2967 5395 ea:
3004 5321 3141 5373 vobis
3177 5322 3240 5375 de
3269 5323 3405 5377 lutea
3436 5343 3658 5395 persona

2062 5393 2322 5462 aspirasse
2347 5391 2651 5462 constiterit,
2674 5392 2755 5462 ab
2784 5391 2959 5458 ofﬁcio
2982 5401 3028 5444 ct
3069 5391 3445 5450 communione
3459 5399 3658 5452 alienos

2065 5460 2328 5535 faeiendos
2354 5463 2532 5535 procul
2558 5460 2715 5513 dubio
2745 5462 3001 5535 noveritis.

2141 5543 2164 5580 ε
2209 5534 2320 5609 lluc
2350 5533 2462 5609 est,
2499 5533 2552 5586 in
2581 5547 2770 5609 eorum
2800 5535 2890 5609 qui
2925 5534 3179 5609 Ecclesiae
3223 5537 3488 5609 obsequio
3536 5552 3663 5597 sunt

2072 5607 2385 5674 tttancipali,
2417 5620 2524 5681 uno
2556 5602 2724 5657 verbo
2749 5603 3270 5673 ecclesiasticorntn,
3293 5602 3547 5681 iniuriam
3567 5613 3664 5669 ἰιι-

2071 5695 2172 5749 que
2205 5676 2609 5749 contumeliam:

2147 5745 2170 5783 ιι
2217 5747 2272 5801 In
2308 5762 2414 5801 uno
2437 5761 2538 5800 ms.
2573 5745 2755 5813 Colb.,
2785 5747 3085 5803 diiiuitatis.
