4120 6186
495 263 628 320 1171

1757 262 2005 320 SANCTI
2031 262 2261 320 SlKICIl
2292 263 2497 320 ΡΑΡΔΕ

3657 261 3818 320 1172

488 400 619 439 nere
645 384 888 452 optimis,
911 383 1176 454 religione
1208 384 1517 453 praclaris,
1561 383 1629 437 ad
1675 387 1849 437 meam
1879 379 2093 435 humili-
2119 384 2169 444 Α
2195 388 2408 434 centem
2437 411 2449 440 .
2505 377 2845 448 Lcopardnm
2898 387 2952 432 et
2991 378 3389 445 Alexandrum,
3444 379 3538 449 qui
3583 379 3814 450 religio-

497 486 664 531 tatem
698 477 878 532 subito
901 475 1168 546 scriptura
1204 476 1456 532 horriﬁca
1487 475 1706 531 videtur
1727 489 1852 529 esse
1878 472 2056 528 delata
2083 489 2096 524 :

497 582 554 624 ut
583 571 908 625 sacerdotali
933 571 1139 639 judicio
1169 571 1384 627 detecta
1407 571 1612 626 divinae
1644 570 1747 641 legi
1772 567 2052 622 contraria
2081 607 2096 632 ,

499 663 732 732 spiritali
777 667 1049 721 sententia
1077 665 1378 720 deleretur.
1423 665 1532 720 Nos
1574 679 1706 719 sane
1729 672 1756 700 α
1790 663 2098 732 nuptiarum

496 765 622 810 vota
655 770 762 812 non
794 757 1156 827 aspernantes
1185 758 1513 828 accipimus,
1542 757 1740 827 quibus
1769 754 1798 793 ι)
1835 755 2102 809 velamine

497 850 874 905 intersumus:
905 851 1002 906 sed
1037 851 1301 922 virgines,
1331 867 1466 921 quas
1493 852 1696 920 nuptize
1745 858 1954 914 creant,
1993 849 2102 903 Deo

500 942 724 999 devotas
781 945 990 1013 majore
1049 945 1462 1001 honorificentia
1517 959 1886 1000 muneramus.
1937 943 2102 997 Facto

495 1035 661 1105 igitur
717 1037 1081 1109 presbyterio,
1130 1039 1377 1092 constitit
1428 1039 1694 1092 doctrina:
1753 1045 1989 1100 nostra},
2051 1034 2101 1088 id

501 1139 587 1185 est
617 1141 639 1170 ο
670 1131 996 1186 Cbrisﬁanaa
1026 1131 1152 1202 legi,
1186 1146 1309 1187 esse
1336 1131 1692 1185 contrariam.

573 1225 628 1278 4.
662 1221 892 1278 eresis
914 1239 1058 1279 nocte
1078 1225 1365 1278 incentor“
1396 1223 1735 1277 damnantur.
1777 1219 1936 1277 Unde
1960 1222 2106 1286 Apo-

503 1315 628 1370 Stoli
657 1316 832 1369 secuti
863 1325 1194 1385 praeceptum
1221 1314 1363 1380 (Gal.
1395 1331 1434 1380 l,
1461 1314 1538 1382 9),
1567 1311 1594 1350 ά
1619 1315 1744 1383 quia
1767 1313 1927 1368 aliter
1944 1327 2103 1382 quam

501 1406 648 1476 quod
675 1405 987 1474 accepimus
1007 1407 1428 1470 annuntiabant,
1454 1405 1696 1460 omnium
1722 1415 1965 1460 nostrum
1997 1413 2104 1458 tam

505 1497 950 1568 presbyterorum
995 1507 1052 1550 et
1082 1497 1462 1564 diaconorum,
1512 1512 1674 1566 quam
1725 1496 1890 1551 etiam
1941 1496 2107 1551 totius

503 1591 662 1657 cleri,
701 1599 723 1628 ο
749 1606 910 1645 unam
942 1593 1142 1646 scitote
1173 1591 1340 1647 fuisse
1389 1591 1738 1654 sententiam,
1773 1599 1832 1644 ut
1867 1589 2108 1645 Jovinia—

509 1697 630 1749 nus,
655 1680 672 1717 τ
699 1682 1028 1746 Auxentius,
1054 1682 1319 1746 Genialis,
1342 1682 1710 1743 Gcrminator,
1741 1681 1917 1746 Felix,
1939 1691 1961 1728 ϐ
1981 1680 2108 1735 Plo-

511 1777 677 1841 tinus,
721 1775 1050 1836 Martianus,
1108 1775 1400 1830 Januarius
1453 1785 1505 1828 et
1561 1774 1909 1844 Ingeniosus,
1957 1773 2045 1844 qui
2075 1768 2106 1808 λ
2136 1787 2183 1847 Β
2213 1823 2282 1860 un

501 1868 814 1923 incentores
839 1885 994 1922 nova:
1025 1871 1250 1924 Incresis
1280 1866 1333 1924 et
1364 1868 1713 1938 blaSpbemiaz
1738 1867 1939 1922 inventi
1961 1877 2109 1934 sunt,

506 1960 685 2015 divina
712 1963 980 2016 sententia
1008 1973 1059 2017 et
1093 1961 1504 2032 nostrojudicio
1533 1962 1584 2016 in
1613 1970 1933 2031 perpetuum
1959 1959 2113 2014 dam-

505 2055 614 2110 nati
639 2063 790 2110 extra
819 2056 1124 2111 Ecclesiam
1180 2064 1555 2112 remanerent.
1608 2053 1764 2122 Quod
1811 2053 2114 2109 custoditu-

503 2163 619 2204 ram
644 2150 994 2205 sanctitatem
1031 2161 1263 2206 vestram
1295 2166 1402 2204 non
1433 2148 1737 2220 ambigens,
1765 2147 1887 2202 haec
1913 2147 2112 2216 scripta

507 2242 682 2298 direxi
719 2259 813 2312 per
841 2243 1036 2299 fratres
1083 2253 1138 2299 et
1174 2243 1188 2279 ί
1224 2241 1707 2312 compresbyteros
1759 2255 1910 2294 mens
1953 2239 2116 2294 Cres-

511 2508 877 2580 Hieronymus
908 2507 1002 2563 lib.
1035 2517 1263 2565 icontra
1294 2509 1644 2564 Iovinianum
1686 2505 2099 2574 animadvertit,

516 2581 753 2635 haeretici
783 2580 944 2648 hujus
972 2581 1286 2644 scriptorum
1307 2593 1449 2636 tanta
1471 2580 1729 2634 barbaries
1762 2591 1834 2634 est
1861 2621 1874 2646 ,
1906 2589 1954 2634 et
1989 2589 2104 2632 tan-

516 2653 580 2705 tis
610 2653 759 2723 vitiis_
780 2652 1143 2718 sparcissimns
1180 2670 1344 2708 sermo
1373 2657 1646 2723 confusus,
1679 2661 1732 2705 ut
1760 2669 1852 2723 nec
1879 2651 2003 2722 quid
2028 2653 2105 2704 lo-

514 2733 722 2790 quatur,
747 2720 944 2787 inquit,
985 2740 1077 2777 nec
1125 2725 1310 2793 quibus
1353 2720 1670 2796 argumentis
1724 2721 1842 2776 velit
1885 2720 2104 2792 probare

515 2797 654 2866 quod
681 2797 926 2861 loquitur,
957 2801 1210 2866 potuerim
1237 2795 1538 2863 intelligere.
1564 2795 1760 2866 Neque,
1781 2796 1956 2864 magis
1981 2809 2105 2866 pro-

519 2865 753 2920 bandum
788 2866 930 2932 quod
961 2865 1102 2934 apud
1139 2868 1333 2922 Baron.
1372 2877 1428 2920 ut
1475 2868 1524 2920 iu
1577 2865 1713 2920 edit.
1749 2865 1904 2919 liuin.
1963 2865 2105 2919 obti-

519 2948 632 2996 net,
669 2937 920 3001 scriptura
964 2938 1211 2997 horriﬁca
1242 2940 1475 2992 videntur
1501 2954 1608 2992 esse
1650 2938 1824 2999 delati,
1857 2949 1975 2990 ut...
2011 2935 2102 2990 de-

519 3008 704 3060 tecti...
756 3007 1043 3060 deleantur.
1093 3009 1132 3063 E
1189 3009 1518 3063 ﬁdelissimis
1564 3010 1675 3062 illis
1724 3009 2051 3061 Christianis
2084 3048 2097 3067 ,

519 3079 608 3147 qui
642 3073 949 3132 horriﬁcam
975 3079 1245 3134 Joviniani
1290 3085 1614 3148 scripturam
1645 3081 1845 3133 Siricio
1883 3075 2102 3132 detule-

520 3153 648 3202 runl
674 3192 686 3211 ,
725 3153 1028 3216 pra-cipuus
1073 3153 1170 3203 fuit
1226 3152 1602 3206 Pammachius
1631 3192 1646 3216 ,
1679 3167 1839 3212 quem
1894 3149 2101 3216 idcirco

2199 484 2320 524 sum
2346 469 2580 524 officium
2615 470 2737 524 lidei
2767 471 2976 538 possint
3007 471 3200 542 spiritu
3218 471 3522 543 adimplere
3547 471 3809 527 ferventi.

2688 563 3022 618 EPISTOLA
3069 563 3184 620 VIII
3229 564 3291 630 i,

2204 674 2302 714 SEU
2325 673 2657 713 BESCRIPTUI
2683 673 2954 724 AIBBOSII,
2979 673 3322 724 Αιιοιιωιρυε
3345 675 3716 716 εριεεοιιοιιῦιι
3745 673 3815 716 Α)

2455 766 2686 806 SIMCIUM
2716 767 2888 806 ΡΑΡΑΙ
2915 767 2984 806 DE
3012 767 3182 807 CAUSA
3211 768 3562 810 SUPBADICTA.

2203 843 2466 898 Joriniani
2508 861 2568 896 ac
2609 846 2870 897 sociorum
2901 860 3099 898 errores
3125 856 3390 899 ncenmrt
3428 861 3491 899 ac
3534 845 3811 914 refellunt.

2279 938 2456 991 Primo
2483 937 2618 1006 quod
2655 939 2953 991 meritorum
2981 937 3175 1008 gradus
3221 937 3407 992 tollant
3441 947 3490 992 et
3520 937 3819 1010 virginitati

2273 1023 2475 1101 (caueat
2504 1032 2802 1104 conjugium
2829 1050 2846 1084 :
2874 1041 2981 1084 tum
3007 1033 3147 1101 quod
3179 1031 3365 1086 Maria:
3391 1033 3444 1085 in
3468 1041 3623 1098 partu
3650 1031 3820 1103 rr'rgi-

2279 1126 2488 1178 nitatem
2522 1133 2742 1196 negent;
2784 1124 2992 1188 deinde,
3022 1125 3164 1194 quod
3203 1126 3424 1198 jejuniis
3449 1126 3815 1181 adversentur.

2284 1217 2572 1282 Postremo,
2597 1218 2682 1271 ubi
2717 1227 2963 1272 notarunt
3000 1233 3179 1272 eorum
3217 1223 3281 1272 de
3327 1218 3518 1275 Christi
3546 1221 3819 1273 victimae

2276 1309 2579 1363 sententiast
2612 1308 2919 1363 Manichteis
2950 1308 3234 1382 suffragari
3254 1351 3268 1374 ,
3317 1310 3495 1366 δετεοῆ
3515 1313 3728 1383 judicio
3751 1311 3821 1365 de

2275 1419 2452 1456 eorum
2489 1402 2818 1455 damnatione
2845 1402 3196 1456 subscribam.
3331 1396 3334 1399 ’

2207 1494 2342 1544 Hanc
2379 1493 2637 1556 epistolam
2679 1492 2923 1541 Ambrosii
2954 1492 3081 1556 fide
3107 1493 3372 1556 adﬁngere
3401 1492 3624 1556 ejusdem
3657 1495 3818 1542 θυαε

2395 1553 2574 1617 Patris,
2603 1563 2718 1604 tom.
2750 1563 2928 1602 nostra;
2954 1553 3138 1605 Patrol.
3177 1553 3305 1614 XVI,
3331 1553 3624 1617 colfll‘zs.)

2335 1636 2644 1694 ΜΟΝΙΤοὶί
2687 1635 2750 1692 IN
2793 1632 3185 1693 EPISTULAM
3228 1637 3679 1704 SEQUENTE“.

2284 1733 2323 1787 Ι.
2369 1732 2507 1798 Quid
2532 1733 2888 1802 quwrendum.
2926 1761 2996 1802 7—
3032 1729 3186 1802 Circa
3221 1732 3358 1785 banc
3384 1731 3670 1802 epistolam
3702 1747 3814 1786 non

2288 1820 2317 1858 a
2343 1801 2554 1860 exsistit
2600 1803 2848 1874 quaestio.
2898 1801 3031 1874 Nam
3058 1812 3113 1855 et
3157 1801 3226 1856 dc
3263 1814 3487 1856 auctore
3519 1802 3642 1871 ejus
3669 1804 3816 1857 inter

2211 1876 2454 1934 eruditos
2491 1891 2594 1927 non
2621 1871 2899 1928 convenit.
2935 1871 3119 1943 Neque
3150 1875 3322 1940 major
3364 1883 3448 1927 est
3479 1874 3699 1927 illorum
3745 1875 3817 1927 dc

2213 1949 2448 2012 Bunoso,
2481 1945 2635 2015 cujus
2661 1945 2946 1999 occasione
2978 1947 3178 2013 scripta
3203 1952 3306 2007 est,
3337 1945 3650 1999 consensio.
3683 1944 3822 2012 Quis

2217 2019 2542 2099 cuim‘illius
2567 2031 2745 2099 error.
2789 2031 2888 2098 seu
2925 2017 3153 2099 crimen,
3184 2032 3304 2099 quin
3334 2017 3522 2099 scdes,_
3555 2031 3624 2068 an
3652 2019 3827 2099 etiam

2212 2093 2329 2160 ipsc
2359 2089 2524 2142 fuerit
2553 2089 2642 2158 qui
2674 2088 2739 2160 ab
2761 2087 3004 2160 antiquis
3024 2087 3444 2160 Bonusiacorum
3490 2087 3597 2141 dux
3633 2087 3821 2140 dictus

2215 2157 2317 2225 est,
2344 2157 2644 2230 ambigunt.
2677 2158 2758 2213 Ad
2790 2157 2906 2212 haec
2951 2159 3272 2230 illiustranda
3320 2159 3552 2229 primum
3603 2173 3825 2229 tempus

2213 2250 2319 2303 quo
2349 2234 2462 2302 ipsa
2494 2229 2691 2301 Scripta
2721 2239 2804 2284 est
2830 2229 3056 2300 epistola
3099 2245 3258 2284 nosse
3279 2230 3501 2298 juverit.

2211 2517 2391 2561 menta
2426 2498 2682 2574 produnt.

2281 2574 2306 2614 ά
2337 2573 2536 2643 Quesn.
2581 2591 2704 2630 cum
2749 2574 2964 2630 duobus
3022 2589 3153 2629 mss.
3183 2618 3197 2642 ,
3232 2590 3317 2628 eos
3343 2574 3469 2641 quid
3520 2573 3710 2631 aliud:
3761 2588 3825 2628 ac

2209 2649 2407 2704 (lc-inde
2435 2647 2654 2713 nullius,
2685 2647 2826 2716 quod
2856 2647 3044 2710 sciam,
3081 2646 3419 2714 exemplaris
3442 2646 3821 2709 auctoritate,

2209 2728 2335 2790 post
2378 2721 2598 2772 verbum
2629 2718 3006 2772 annuntiabant
3060 2717 3310 2786 subjicit,
3348 2718 3823 2770 excommunicati-

2209 2789 2340 2846 ntus.
2376 2789 2615 2844 (hnniam
2647 2806 2766 2860 ergo
2793 2799 3040 2843 nostrum.

2285 2874 2306 2898 σθ
2322 2861 2394 2916 lta
2411 2863 2516 2915 duo
2539 2846 2871 2930 antiquitatis
2892 2876 3021 2915 mss.
3048 2856 3203 2914 Culb.
3227 2869 3277 2913 et
3298 2846 3443 2913 l‘itb.
3464 2875 3586 2913 cum
3604 2858 3818 2926 Qucsn.

2210 2936 2279 2990 At
2295 2934 2456 2988 Crab.
2492 2931 2778 2986 etMerlin.
2804 2949 2868 2986 ex
2902 2947 3034 2985 mss.
3068 2932 3192 2986 rull.
3217 2932 3368 2998 llisp.
3395 2944 3446 2984 et
3478 2931 3629 2995 lsid.,
3662 2948 3823 2983 uuam

2209 3012 2399 3076 [actam
2425 3015 2756 3076 constetesse
2786 3003 3110 3058 sententiam.
3151 3000 3294 3076 Edit.
3329 3001 3516 3076 Bouh,
3564 3019 3669 3054 una
3708 3006 3825 3055 lata

2208 3073 2303 3149 fuit
2343 3077 2611 3149 sententia.
2661 3073 2796 3129 Lab.
2841 3118 2856 3142 ,
2903 3092 3007 3128 una
3047 3075 3296 3149 suscitata
3363 3075 3463 3149 fuit
3538 3077 3818 3149 sententiat

2212 3145 2345 3202 llinc
2379 3146 2724 3201 manifestum
2771 3156 2854 3200 est
2880 3158 3081 3200 cretum
3109 3145 3294 3211 illum,
3346 3145 3439 3215 qui
3497 3160 3527 3198 a
3577 3145 3821 3214 digniori

523 3215 1075 3299 Hieronymusepist.
1111 3223 1187 3299 Δ50
1218 3225 1295 3276 sic
1323 3223 1617 3290 alloquitur
1643 3219 1754 3299 :LTe
1786 3232 1899 3291 post
1933 3215 2107 3299 Domi-
2133 3223 2177 3286 C
2208 3221 2379 3299 gradu
2435 3218 2800 3299 presbyterium
2857 3216 3249 3299 appellabatur,
3309 3233 3432 3299 n_on_
3472 3217 3824 3299 presbyteris

522 3309 642 3344 uani
676 3293 892 3358 faciente
912 3335 926 3356 ,
958 3295 1044 3346 ille
1086 3295 1357 3347 damnatus
1388 3307 1458 3346 est
1488 3337 1498 3352 ,
1529 3293 1666 3359 quod
1708 3310 1866 3347 ausus
1899 3295 1962 3347 sit
1989 3309 2104 3363 per-

525 3372 690 3432 petua:
721 3365 1001 3435 virginitati
1029 3367 1411 3418 matrimonium
1441 3381 1757 3435 comparare.

599 3446 622 3469 ιι
658 3436 815 3504 l.ab.,
841 3437 1048 3500 nuptias
1078 3453 1178 3489 non
1209 3447 1560 3504 aspernanter.

595 3504 622 3542 ι)
654 3503 726 3558 ita
759 3523 886 3561 mss.
921 3507 987 3560 At
1015 3505 1143 3560 edit.
1187 3503 1340 3560 lium.
1375 3518 1430 3562 et
1483 3509 1680 3560 Baron.
1717 3547 1730 3570 ,
1764 3507 2109 3561 velaminiin-

522 3579 815 3646 terfuimas.
851 3577 940 3630 sed
973 3578 1222 3646 virginum
1242 3580 1448 3646 nuptias
1481 3577 1584 3633 Deo
1609 3578 1912 3632 (levatas...
1943 3575 2106 3631 Itono-

526 3647 961 3720 t'tttttttslblﬂl‘llll.
995 3645 1236 3702 etWCrab.
1257 3692 1271 3714 ,
1307 3645 1555 3720 relamine
1589 3650 1958 3720 interfuimus:
1984 3659 2110 3720 tum

525 3719 672 3770 solus
707 3714 914 3788 Merlin.
947 3720 1038 3773 sed
1070 3721 1289 3788 virgines
1326 3719 1431 3774 Deo
1460 3721 1688 3782 devotas,
1721 3714 1857 3782 etc.,
1889 3715 2109 3774 omissis

523 3789 724 3848 verbis.
756 3793 882 3860 quas
906 3793 1098 3866 nuntia:
1125 3803 1320 3845 creant.
1364 3792 1566 3846 Exinde
1611 3792 1748 3861 apud
1783 3789 1914 3866 Lab.
1966 3807 2112 3845 vene-

524 3877 721 3926 ramur,
761 3878 854 3930 pro
883 3863 1246 3918 maneremus:
1273 3881 1382 3931 quo
1407 3866 1584 3929 aptiUs
1624 3863 1936 3917 cititatiatur
1971 3877 2112 3916 incr-

525 3948 639 3996 ces,
669 3949 792 4003 qua:
824 3934 1116 4001 virginitati
1148 3946 1208 3989 ut
1239 3935 1460 4002 majoris
1501 3935 1676 3987 meriti
1709 3977 1723 3999 ,
1756 3935 1827 3988 ita
1855 3945 1908 3989 et
1939 3935 2112 3998 major

526 4004 779 4058 debetur.
815 4005 1028 4059 Minime
1060 4017 1242 4061 autem
1269 4006 1601 4059 admittenda
1631 4018 1714 4059 est
1745 4007 2063 4074 conjectura
2095 4047 2108 4069 ,

526 4088 629 4142 qua
670 4090 766 4142 pro
790 4077 1057 4140 velamine,
1089 4076 1250 4130 Crab.
1283 4094 1398 4129 vero
1422 4078 1593 4129 animo
1629 4076 1833 4142 titillet.
1871 4075 1936 4130 Ut
1966 4075 2111 4129 enim

527 4094 538 4123 ι
567 4091 629 4124 na
670 4091 766 4142 pro
790 4091 1057 4140 velamine,
1089 4091 1250 4130 prati.
1283 4094 1398 4129 vero
1422 4094 1593 4129 animo
1629 4091 1833 4130 m.~.ttet.
1871 4091 1936 4130 Ut
1966 4091 2110 4129 enim

527 4091 849 4198 Ambrosius
879 4145 1038 4208 epist.
1075 4149 1138 4199 l9
1170 4187 1183 4208 ,
1233 4147 1297 4200 ad
1330 4146 1580 4215 Vigilium
1613 4187 1626 4209 ,
1661 4163 1713 4198 n.
1745 4137 1806 4198 17
1836 4186 1850 4210 ,
1880 4146 2073 4215 scribit
2095 4181 2110 4207 ι

524 4215 696 4288 ipsum
718 4215 1013 4288 conjugiam
1045 4215 1292 4288 velamine
1337 4213 1646 4288 sacerdotali
1677 4226 1723 4288 et
1771 4213 2115 4288 benedictione

527 4286 846 4359 sancti/icuri
877 4297 1095 4359 oportet.
1132 4287 1242 4341 Hac
1273 4287 1487 4359 ratione
1527 4287 1855 4359 Javinianol,
1900 4286 2116 4356 nuptias

528 4357 597 4408 ab
628 4347 720 4429 iis,
754 4357 843 4426 qui
885 4347 1007 4410 illas
1049 4358 1400 4429 continentiae
1445 4347 1889 4428 postponeban't',
1931 4347 2116 4429 sperni

527 4425 869 4497 pracdicanti,
907 4440 1062 4498 reete
1087 4425 1313 4484 Siricius
1342 4425 1599 4498 occurrit.

603 4500 625 4536 δ
657 4499 810 4553 lieni.
853 4491 978 4565 ins.,
1012 4493 1204 4555 Christi
1235 4501 1355 4571 legi.
1390 4491 1525 4555 Tum
1560 4513 1712 4556 vetus
1741 4500 1896 4556 Colb.
1921 4542 1935 4566 ,
1963 4518 2119 4570 quos-

527 4569 648 4622 dam
684 4585 793 4623 esse
823 4573 1130 4626 contrarios.
1163 4569 1306 4626 Edit.
1333 4571 1491 4626 Rom.
1519 4583 1574 4627 et
1600 4571 1797 4628 concil.
1823 4589 1944 4627 cum
1977 4569 2115 4627 non-

528 4643 691 4694 nullis
717 4656 844 4694 mss.
884 4681 899 4707 ,

525 4707 666 4764 Pitb.
698 4715 906 4766 ne‘cnoa
946 4707 1142 4768 Navar.
1193 4727 1248 4768 et
1299 4716 1499 4782 Capite.
1529 4755 1546 4782 ,
1587 4731 1698 4769 esse
1749 4707 2066 4768 contrariam
2093 4755 2110 4782 ,

525 4782 854 4849 scripturam
883 4785 1094 4838 scilicet
1133 4793 1295 4851 quam
1343 4785 1722 4839 l’annnacliins
1769 4800 1832 4840 ac
1877 4786 2010 4840 socii
2042 4788 2112 4839 Ii-

527 4851 673 4906 bello
701 4852 886 4928 oblato
931 4851 1182 4928 damnari
1213 4857 1504 4928 petierant,
1534 4857 1578 4909 si
1613 4857 1784 4924 modo
1803 4858 1988 4910 divina:
2015 4857 2115 4928 legi

526 4927 787 4978 contraria
817 4923 1343 4994 deprehenderetur.
1372 4923 1468 4981 Cui
1501 4928 1748 4996 petitioni
1779 4923 2002 4982 Siricltts
2027 4923 2116 4983 ac-

525 4997 886 5069 qiiiiiiiodaiis
930 4996 1233 5065 judicium,
1281 5003 1457 5067 primo
1509 4999 1834 5069 scripturam
1881 4999 2114 5055 delatam

526 5064 837 5122 C/tristiuntv
869 5065 969 5136 legi
1003 5064 1320 5122 contrarian:
1349 5064 1702 5135 declaratfac
1727 5070 1926 5126 deinde
1949 5081 2005 5125 ut
2037 5082 2117 5125 ta-

524 5139 631 5193 lem
654 5140 940 5210 proscribit
971 5148 1026 5194 et
1053 5140 1294 5194 damnat.
1343 5141 1610 5207 Quocirca
1654 5142 1926 5211 glossema
1979 5143 2124 5211 sapit

527 5211 668 5278 quad
704 5211 841 5278 apud
875 5211 1078 5278 Quesn.
1129 5212 1408 5282 legimus,
1442 5230 1551 5266 esse
1580 5216 1896 5266 contrariam
1936 5229 2116 5282 eorum

526 5285 854 5344 Sententia-ni,
891 5298 992 5335 nec
1019 5279 1145 5337 alibi
1175 5279 1303 5337 illud
1327 5279 1543 5348 offendi.
1595 5284 1738 5336 Istud
1768 5299 1916 5348 vero,
1951 5280 2116 5339 Fat-to

521 5353 684 5422 igitur
718 5355 1054 5422 presbyterio,
1091 5355 1192 5408 hoc
1221 5367 1344 5408 esse
1378 5347 1519 5422 quod
1544 5395 1558 5420 ,
1589 5347 1917 5424 congregato
1958 5356 2116 5424 igitur

525 5424 659 5496 cleri
683 5437 975 5496 conventu,
1005 5426 1115 5493 jam
1149 5426 1200 5479 in
1233 5429 1518 5494 epistulam
1551 5426 1608 5480 ii
1643 5425 1867 5491 Liberii,
1901 5430 1990 5496 qui
2019 5444 2113 5480 ca-

528 5492 650 5546 dem
691 5492 1173 5564 presbyterii’voce
1222 5492 1280 5550 et
1333 5497 1526 5551 eodem
1580 5498 1860 5551 intellectu
1915 5492 2106 5566 utitur,

524 5565 961 5639 observavimus.
988 5565 1248 5639 Romanis
1269 5579 1447 5622 autem
1470 5568 1815 5638 pontificibus
1841 5584 1998 5638 quam
2027 5568 2108 5639 fa-

529 5638 744 5710 miliare
776 5636 941 5710 fuerit
973 5653 1094 5691 eum
1127 5638 1229 5710 hoc
1261 5649 1427 5704 cuna,
1459 5636 1510 5694 iu
1545 5655 1705 5710 quem
1746 5636 1911 5693 ctiain
1950 5636 2107 5709 pere-

524 5707 714 5767 grinus
763 5707 1052 5776 episcopos
1097 5709 1309 5763 admitti
1354 5728 1469 5765 nius
1527 5707 1677 5777 erat,
1735 5707 2107 5767 ecclesiastica

529 5777 745 5846 negotia
786 5779 1211 5850 communicare,
1247 5791 1426 5838 vetera
1455 5799 1575 5856 qua:
1612 5797 1906 5858 supersunt
1933 5787 2108 5840 moni-

2209 3287 2361 3352 sulis,
2387 3291 2481 3343 sed
2511 3287 2672 3345 etiam
2702 3289 2942 3343 diatouis
2963 3304 3026 3344 ac
3052 3287 3275 3353 reliquis
3300 3287 3512 3343 clericis
3535 3288 3815 3342 interdum

2209 3361 2543 3417 constitisse.

2287 3432 2303 3471 ί
2336 3432 2390 3486 In
2424 3447 2554 3486 mss.
2586 3440 2645 3486 ut
2673 3429 2812 3500 apud
2841 3430 3105 3484 Isidorum
3139 3429 3344 3500 lliSpal.
3376 3430 3470 3485 lib.
3520 3428 3587 3483 de
3633 3429 3817 3502 Scrip.

2211 3505 2346 3560 cccl.
2377 3520 2427 3559 c.
2458 3504 2511 3566 5,
2539 3513 2594 3558 et
2623 3503 2832 3557 Merlin.
2868 3504 3168 3556 Ausentius.

2284 3587 2307 3623 δ
2341 3576 2429 3631 Sic
2462 3591 2594 3629 mss.
2627 3590 2822 3644 magno
2853 3589 3129 3630 consensu
3177 3590 3300 3628 cum
3348 3571 3481 3644 edit.
3541 3571 3706 3644 Rom.
3762 3583 3822 3628 et

2211 3646 2414 3714 Quesn.
2446 3651 2510 3699 At
2542 3645 2697 3701 Rem.
2723 3641 2778 3700 et
2803 3645 3062 3699 Ambros.
3092 3644 3396 3701 Frontinus.
3435 3643 3633 3699 Baron.
3672 3641 3823 3699 Pon-

2213 3721 2374 3782 tinus,
2407 3725 2458 3772 et
2491 3717 2556 3772 ad
2587 3732 2757 3787 marg.
2791 3716 3099 3771 Frontinus.

2233 3859 2236 3862 _
2287 3789 2313 3825 ιι
2341 3776 2566 3862 Veteres
2595 3776 2734 3843 coll:
2763 3787 2918 3862 Hist):
2941 3789 3158 3862 codices
3183 3787 3430 3862 Laudun.
3472 3776 3818 3862 etﬁoviom.

2216 3859 2425 3916 nconon
2460 3861 2707 3930 plerique
2738 3857 3024 3914 coll.'lsid.
3060 3877 3180 3915 cum
3222 3859 3372 3914 Merl.
3418 3869 3472 3928 et
3519 3857 3684 3914 Clah.
3732 3877 3825 3913 ac-

2213 3929 2473 3988 centores.
2521 3929 2670 3986 Rem.
2729 3940 2947 3985 actores.
3002 3931 3350 4002 Antiquiures
3396 3931 3554 3987 Colb.
3615 3932 3728 3985 duo
3769 3943 3826 3987 et

2216 4003 2359 4057 Pitb.
2391 4019 2511 4057 cum
2537 4004 2740 4068 Quesn.
2770 4011 3024 4056 auctores.

2295 4072 2498 4142 iApud
2547 4074 2768 4138 Baron.,
2821 4085 2877 4126 ut
2940 4076 2990 4128 iu
3039 4075 3171 4129 edit.
3225 4076 3410 4137 liom.,
3470 4073 3821 4144 presbyteros.

2216 4145 2530 4216 Lectionem
2564 4145 3167 4216 cainpresbyteroskquze
3195 4156 3518 4200 casterOi-mn
3566 4147 3824 4204 codicum

2217 4225 2320 4281 est,
2355 4215 2533 4286 firmat
2564 4211 2998 4286 antiquusvusus.
3031 4211 3202 4271 [mmo
3233 4229 3285 4271 et
3311 4216 3560 4270 diaconis
3590 4219 3824 4286 loquens

2220 4285 2555 4357 Augustinus
2577 4328 2591 4352 ,
2624 4285 2718 4341 eos
2749 4289 2909 4341 etiam
2942 4289 3287 4343 caudiaconos
3331 4289 3578 4341 vocabat.
3629 4285 3708 4341 lia
3770 4289 3823 4342 in

2219 4361 2442 4428 epistola
2469 4358 2586 4427 ejus
2618 4357 2742 4420 149,
2771 4359 2835 4410 ad
2873 4357 3181 4419 Paulinum.
3236 4377 3288 4411 n.
3324 4360 3373 4420 1,
3402 4360 3586 4429 legere
3616 4371 3724 4418 est,
3760 4360 3827 4412 de

2221 4429 2547 4500 perrentione
2599 4440 2704 4484 tam
2777 4445 3024 4500 prospera
3094 4431 3272 4500 fratris
3321 4442 3367 4484 et
3419 4430 3830 4500 compresbgteri

2222 4499 2384 4555 nostri
2418 4499 2596 4572 Quinti
2621 4519 2639 4565 ;
2658 4509 2727 4572 et
2771 4499 2918 4566 mox,
2951 4499 3220 4556 occasione
3265 4502 3364 4572 ﬁlii
3413 4511 3458 4554 et
3511 4499 3828 4572 condiaconi

2225 4573 2387 4626 nostri
2419 4571 2618 4642 Ruﬁni.
2656 4570 2722 4624 Et
2759 4571 2824 4623 ad
2852 4573 3056 4626 calcem
3083 4569 3326 4641 ejusdem
3359 4573 3631 4640 epistolm.
3681 4569 3830 4625 Con-

942 4660 1048 4714 esse
1075 4645 1355 4697 contraria.
1400 4643 1590 4698 Verius
1635 4646 1888 4713 antiquus
1937 4645 2112 4698 Codex
2144 4620 2197 4680 D
2223 4644 2471 4714 diaconus
2501 4620 2669 4696 buten:
2697 4651 2865 4695 noster
2904 4620 3288 4714 l’et'eyri‘mts...
3341 4620 3569 4697 ntindum
3615 4620 3828 4697 ionica.

2222 4717 2362 4770 vit...
2386 4713 2863 4785 Compresbyterum
2896 4713 3573 4770 Paulinum...salutamus.
3601 4714 3833 4781 Epism-

2225 4787 2304 4840 Ias
2329 4800 2508 4838 autem
2545 4785 2665 4846 191,
2693 4786 3102 4853 compresbytero
3132 4787 3281 4840 Sixto
3310 4827 3324 4852 ,
3354 4797 3409 4841 et
3444 4786 3546 4842 192
3565 4829 3578 4848 ,
3605 4787 3832 4839 condia-

2224 4874 2352 4911 cono
2375 4854 2810 4921 C(elestiiioﬂ‘l‘z
2854 4867 2908 4911 et
2945 4854 3073 4919 224,
3113 4859 3430 4912 condiacono
3457 4857 3832 4925 Quodvultdeo

2224 4931 2446 4983 inscribi
2475 4929 2726 4998 legimus.
2762 4927 2835 4980 lta
2867 4935 2914 4981 et
2941 4947 2967 4979 a
3001 4931 3234 4984 concilio
3266 4928 3678 4996 Cartliaginensi
3722 4931 3836 4982 ini-

2223 4997 2300 5054 tio
2329 4993 2666 5071 epistotfead
2697 4993 3073 5054 Innocentium
3107 5000 3125 5054 1
3156 5002 3386 5055 Orosius
3438 4993 3836 5071 cbmprcsbyter

2223 5069 2552 5142 appellatur.
2584 5069 2921 5137 LeOpardum
2947 5072 3089 5124 tituli
3131 5071 3394 5134 Pastoris,
3427 5088 3493 5125 ex
3525 5088 3632 5140 quo
3660 5069 3837 5128 et'Si-

2221 5146 2388 5197 ricius
2419 5145 2470 5195 in
2505 5142 2646 5196 Petri
2677 5143 3406 5214 sedumassuinptusl'uerat.
3437 5147 3832 5214 presbyterum

2219 5215 2516 5275 exstitisse,
2554 5227 2617 5267 ac
2643 5227 2843 5266 nomen
2877 5213 3021 5268 illius
3051 5213 3350 5268 etiamnum
3381 5215 3433 5269 iu
3459 5213 3641 5268 tabula
3673 5231 3834 5267 mar-

2221 5300 2404 5338 morea
2437 5281 2706 5337 asservari
2737 5275 3002 5340 Baronius
3034 5295 3241 5340 monet.

2294 5357 2306 5404 i
2359 5355 2414 5408 ln
2445 5355 2682 5426 editione
2712 5355 2951 5426 Romana
2985 5371 3014 5410 e
3048 5356 3279 5426 vulgatis
3313 5357 3580 5410 Ambrosii
3611 5357 3835 5411 codici-

2219 5425 2318 5497 bus
2351 5428 2578 5492 repetita
2608 5425 2798 5480 fuerat.
2833 5423 2891 5480 In
2924 5423 3199 5481 veteribus
3231 5431 3347 5496 ejus
3379 5427 3606 5492 codicis,
3654 5443 3831 5497 quem

2218 5495 2546 5570 Quesoellus
2575 5499 2831 5570 vu‘gavit,
2863 5495 3270 5570 exemplaribus,
3291 5514 3412 5568 cap.
3444 5499 3534 5556 51.
3577 5514 3642 5570 ac
3675 5495 3834 5553 non-

2217 5570 2379 5623 nullis
2405 5569 2526 5623 aliis
2557 5567 2885 5623 asservatur.
2918 5567 3192 5625 Proxima:
3221 5567 3398 5640 Siricii
3431 5569 3677 5640 epistola:
3708 5590 3833 5628 nun

2219 5640 2375 5710 longe
2407 5651 2548 5711 post,
2582 5656 2703 5694 cum
2731 5641 3018 5696 Mediolani
3045 5652 3231 5712 ageret
3257 5633 3601 5697 Theodosius
3647 5643 3838 5710 impc-

2218 5716 2387 5777 t'ator,
2437 5712 2678 5782 adeoque
2733 5730 2874 5769 anno
2913 5715 3019 5772 388
3072 5725 3167 5772 aut
3219 5717 3346 5785 589,
3401 5727 3458 5769 ut
3511 5715 3716 5772 Manilo
3772 5716 3835 5775 in

2216 5787 2504 5858 epistolam
2535 5789 2870 5858 superiorem
2903 5789 3280 5861 probavimus,
3312 5788 3578 5862 rescripta
3603 5797 3706 5847 est.
