4120 6186
474 239 615 303 1175

1697 245 1943 304 SANCTI
1984 244 2210 305 SlRlCil
2252 245 2457 304 ΡΑΡΛΕ

3638 242 3787 301 1176

465 362 663 433 plicat,
724 381 744 415 ι
779 361 996 418 Christo
1042 362 1342 418 divinitatis
1390 362 1655 418 honorem
1723 362 1992 419 adimunt.
2030 380 2050 415 ι
2086 363 2138 423 Α
2162 362 2355 417 vincia:
2386 361 2738 430 metropolita
2770 375 2866 419 seu
2910 364 3115 433 primas
3145 371 3267 418 erat
3290 346 3502 429 ,rcausa
3542 374 3570 413 a
3600 358 3786 416 Thes-

466 434 625 491 Uude
668 444 723 489 et
770 434 1102 503 Augustinus
1151 435 1219 489 de
1270 434 1463 489 horum
1495 434 1873 489 haereticorum
1919 436 2059 489 duce

465 507 614 573 loqui
642 506 764 572 jure
790 507 1003 560 videtur
1023 549 1037 567 ,
1070 521 1191 561 cum
1227 505 1443 576 Elpidio
1474 506 1676 561 Christi
1720 506 2057 561 divinitatem

468 578 708 647 neganti,
743 578 1026 645 ipsumque
1053 578 1119 631 ad
1150 578 1449 641 Bonosum,
1484 588 1541 631 ut
1571 579 1661 646 qui
1706 578 1773 633 ad
1811 578 2059 633 eamdem

467 650 793 703 sententiam
814 650 1240 709 nersuadendam
1260 660 1451 718 potens
1472 650 1876 714 esset,mittenti
1899 649 2058 718 epist.

466 720 577 775 242
627 720 924 776 rescribit:
963 740 982 772 ι
1040 721 1419 776 Libentissime
1468 722 1766 788 amplector
1823 723 2063 777 benevo-

467 792 690 846 lentiam
722 801 891 856 tuam,
926 793 1067 862 quod
1094 810 1179 846 me
1210 793 1423 847 Bonoso
1444 801 1500 848 et
1527 792 1736 855 Jasoni,
1759 801 1815 845 ut
1845 793 2058 856 scribis,

468 862 802 918 doctissimis
834 865 987 927 viris,
1013 866 1176 918 etiam
1210 874 1356 918 trans
1386 879 1533 917 mare
1567 864 1783 918 mittere
1810 863 2063 933 dignatus

467 949 529 991 es
560 934 625 988 ad
656 934 1016 1003 reportandas
1045 950 1113 989 ex
1148 950 1335 989 eorum
1368 936 1821 998 disputatiOnibus
1868 936 2061 989 uberes

467 1006 696 1060 fruetus.
736 1025 754 1057 ι
793 1006 924 1060 lude
953 1009 1115 1060 etiam
1146 1006 1403 1075 colligere
1437 1008 1559 1061 licet
1585 1049 1598 1069 ,
1635 1016 1761 1060 tunc
1799 1006 2065 1072 supersu-

467 1089 575 1133 tem
612 1076 780 1130 fuisse
828 1078 1246 1132 lneresiareham
1281 1080 1427 1132 illum
1454 1120 1468 1143 ,
1499 1092 1621 1132 cum
1652 1077 1766 1130 haec
1809 1076 2054 1143 Augusti-

470 1165 572 1202 nus
603 1150 884 1203 sCriheret.
915 1151 1075 1204 Certe
1104 1164 1171 1203 ex
1200 1149 1365 1204 Variis
1398 1149 1503 1203 illis
1532 1148 1857 1203 testimoniis
1890 1150 2066 1202 Bono-

470 1236 588 1274 squ
621 1221 853 1290 aliquem
904 1221 1183 1275 exstitisse
1234 1229 1485 1284 constat,
1516 1224 1604 1290 qui
1638 1220 2062 1290 Bonosiacomm

471 1302 637 1345 secta:
666 1289 861 1345 nomen
919 1292 1098 1355 dedit;
1135 1303 1294 1363 atque
1337 1293 1433 1345 hos
1482 1289 1613 1363 cum,
1656 1289 2067 1363 Hebionitisac

476 1363 821 1417 Paulianistis
867 1361 1220 1429 recensitos,’
1253 1379 1531 1429 novosque
1562 1362 1914 1415 Photiuiauos
1947 1361 2068 1416 ideo

472 1434 648 1488 dictos
679 1449 831 1496 esse,
861 1436 981 1504 quia
1014 1434 1215 1503 pariter
1260 1450 1383 1488 cum
1416 1435 1523 1488 illis
1553 1433 1769 1487 Christo
1807 1432 2068 1487 divinita-

470 1517 580 1559 tem
611 1504 944 1561 adimebant.
979 1508 1138 1573 Atqui
1171 1507 1214 1560 is
1244 1522 1399 1560 error
1435 1522 1540 1559 non
1568 1505 1706 1558 alius
1735 1514 1819 1558 est
1846 1520 1873 1557 a
1909 1504 2073 1573 perli-

474 1577 561 1630 dia
614 1576 962 1644 Judzrorum,
1015 1593 1175 1647 quam
1238 1578 1454 1631 Bonoso
1511 1576 1740 1647 Siricius
1798 1575 2065 1647 attribuit.

471 1647 657 1717 Neque
687 1650 848 1719 igitur
878 1646 1299 1703 Bonosiacorum
1338 1649 1442 1702 dux
1475 1649 1612 1719 alius
1643 1646 1812 1719 videri
1844 1646 2008 1701 debet
2039 1662 2067 1699 a

474 1718 721 1786 Bonoso,
748 1736 908 1789 quem
941 1719 1086 1774 idem
1132 1735 1266 1787 papa
1299 1718 1669 1789 reprehendit.
1704 1718 1972 1785 Quocirca
2018 1725 2074 1771 et

475 1792 798 1845 Ambrosius
846 1791 940 1845 lib.
988 1792 1057 1845 de
1108 1790 1283 1845 lnstit.
1338 1794 1473 1861 virg.
1526 1800 1839 1861 perpetuam
1890 1789 2074 1844 Maria:

474 1863 843 1931 virginitatem
891 1862 1152 1917 adversus
1201 1862 1413 1931 objecta
1466 1860 1699 1925 Bonosi,
1750 1875 1909 1928 quem
1966 1876 2074 1914 non

474 1934 733 2003 appellat,
766 1934 861 1988 sed
907 1934 1037 1988 satis
1078 1942 1267 2001 aperte
1297 1934 1581 1997 designat,
1609 1948 1639 1986 a
1671 1933 1850 2002 capite
1882 1932 1914 1986 5
1946 1931 2011 1984 ad
2041 1932 2074 1986 9

473 2016 745 2067 astruens,
776 2021 895 2075 cap.
933 2006 1021 2071 ll),
1056 2008 1109 2060 11
1148 2020 1212 2060 ac
1244 2006 1423 2061 medio
1454 2005 1543 2063 12.
1572 2007 1935 2075 aequalitatem
1960 2003 2077 2057 Tri-

472 2078 662 2131 nitatis
691 2086 746 2131 et
792 2073 1051 2133 deitatem
1100 2076 1219 2132 Filii
1270 2079 1649 2147 impugnantes
1694 2073 1977 2147 confutat,
2014 2090 2079 2128 ac

473 2148 695 2201 tandem
744 2149 860 2217 ipsa
910 2152 1105 2218 capitis
1136 2147 1206 2202 l2
1237 2145 1511 2217 postrema
1543 2156 1692 2215 parte
1722 2145 1790 2200 ad
1817 2161 2078 2201 asseren-

476 2219 599 2274 dam
632 2220 816 2274 Maria:
848 2217 1212 2291 integritatem
1242 2220 1383 2275 redit
1411 2236 1423 2272 :
1460 2234 1559 2274 nec
1580 2218 1873 2291 quidquam
1903 2217 2080 2291 addit,

474 2291 622 2343 unde
654 2306 761 2344 non
794 2288 1017 2346 eosdem
1073 2292 1356 2346 haereticos
1382 2306 1413 2345 a
1444 2305 1504 2344 se
1554 2288 1819 2344 confutari
1855 2288 2076 2344 iudicet.

473 2361 746 2415 Proclivis
794 2376 927 2417 sane
972 2364 1016 2417 is
1056 2371 1175 2415 erat
1205 2363 1414 2431 lapsus,
1442 2371 1501 2415 ut
1530 2362 1620 2429 qui
1656 2360 1825 2414 semel
1880 2360 2024 2414 ﬁlios
2052 2376 2083 2416 e

480 2431 646 2486 Maria
678 2444 989 2500 procreatos
1019 2433 1343 2501 divulgarat.
1374 2448 1441 2486 eo
1471 2431 1911 2500 progrederetur,
1940 2441 2000 2485 ut
2026 2442 2083 2485 et

477 2501 756 2557 Christum
807 2520 911 2557 non
960 2506 1119 2558 aliter
1172 2512 1390 2567 natum,
1437 2503 1684 2571 adeoque
1720 2521 1737 2551 ι
1799 2503 2079 2556 hominem

477 2588 826 2628 communem
872 2590 939 2629 ex
970 2576 1134 2630 Maria
1183 2584 1239 2629 et
1286 2574 1487 2644 Josepb
1539 2581 1721 2627 uatum
1756 2592 1775 2625 ι
1809 2588 1931 2627 cum
1975 2572 2081 2629 lle-

476 2646 646 2700 bioiie
677 2654 735 2699 et
763 2644 967 2702 Jodacis
1002 2646 1346 2710 pra-dicaret.
1441 2665 1451 2674 ~

555 2715 689 2791 Villi.
712 2715 963 2791 _Bonosus
987 2718 1311 2774 Sardicenst's
1343 2717 1931 2791 episcopusicensendus.
1962 2716 2082 2772 Jam

480 2804 611 2844 vero
638 2790 680 2843 si
712 2789 960 2845 BonOsus
994 2806 1131 2845 unus
1160 2800 1273 2856 est,
1307 2788 1405 2845 cur
1434 2790 1578 2845 hunc
1604 2788 1944 2844 Sardicensis
1988 2802 2083 2857 po-

479 2860 609 2925 tius,
639 2876 800 2930 quam
834 2861 1153 2916 Νειῑςείιδιιιιι
1188 2862 1433 2916 ecclesiae
1464 2864 1779 2929 episcopum
1814 2875 1921 2913 non
1963 2859 2085 2914 exi-

479 2933 785 3003 stimemus;
804 2948 925 2987 cum
955 2934 1105 2987 Marii
1122 2932 1456 2997 Mercatoris,
1473 2934 1562 3003 qui
1591 2932 1923 3001 temporibus
1939 2932 2084 2988 illius

478 3002 637 3066 vixit,
670 3004 811 3058 adsit
838 3003 1040 3059 diserta
1072 3006 1368 3059 auctoritas
1405 3002 1784 3059 Sardicensem
1812 3018 1935 3057 eum
1983 3018 2081 3071 ap-

478 3073 764 3144 pellantis.
798 3091 897 3130 nec
931 3077 1243 3131 testimonio
1278 3087 1384 3130 tam
1426 3084 1617 3144 aperto
1669 3087 1886 3143 tamque
1930 3076 2081 3144 gravi

524 3144 776 3215 uidquam
805 3147 1005 3216 opponi
1035 3150 1231 3205 valeat.
1264 3148 1367 3201 nisi
1399 3162 1543 3202 mera
1572 3146 1887 3214 conjectura
1910 3189 1923 3209 ,
1954 3146 2081 3199 inde
2109 3148 2155 3210 C

526 3225 667 3282 ucta,
697 3219 839 3288 quod
874 3219 1118 3274 Bonosus
1161 3217 1497 3273 Naissitanos
1536 3218 1764 3273 clericos
1795 3218 2080 3272 ordinasse

483 3287 726 3353 dicatur,
749 3300 805 3345 et
834 3290 1026 3344 alienae
1058 3290 1320 3345 Ecclesia:
1354 3291 1589 3346 clericos
1616 3289 1875 3343 ordinare
1916 3304 2083 3343 cano-

481 3373 583 3412 nes
632 3362 988 3428 prohibeant?
1016 3362 1121 3417 Sed
1163 3378 1229 3416 eo
1262 3362 1431 3415 levior
1460 3373 1544 3416 est
1591 3360 1679 3414 illa
1728 3360 2077 3429 conjectura.

484 3430 626 3503 quod
662 3431 932 3495 Bonosus,
958 3450 1065 3503 quo
1098 3434 1281 3503 plures
1310 3433 1415 3488 sibi
1442 3435 1677 3487 sociaret
1703 3473 1718 3498 ,
1753 3443 1891 3487 teste
1926 3434 2083 3485 Inno-

483 3501 666 3556 centio
694 3505 853 3571 epist.
886 3501 985 3569 l7,
1007 3522 1061 3559 ιι.
1098 3501 1187 3567 12,
1221 3522 1239 3554 ι
1278 3507 1475 3573 passim
1506 3512 1562 3558 et
1589 3506 1707 3558 sine
1738 3503 1844 3557 ulla
1874 3504 2083 3558 discus-

487 3573 642 3626 sione
689 3577 1062 3631 ordinationes
1110 3576 1330 3631 illicitas
1363 3577 1615 3631 faciebat.
1652 3595 1671 3628 ι
1706 3575 2085 3629 PostnIaSsent

484 3642 650 3717 etiam
682 3662 940 3707 canones.
976 3658 1033 3702 ut
1058 3649 1103 3703 si
1136 3648 1383 3701 Bonosus
1427 3646 1768 3702 Naissitanus
1796 3647 2084 3717 i-pisc0pus

482 3716 804 3780 exstitisset,
830 3733 992 3773 causa
1021 3720 1137 3785 ejus
1169 3719 1235 3773 ad
1260 3718 1645 3773 Sardicensem
1676 3716 1987 3787 praesulem,
2026 3728 2084 3772 ut

486 3789 962 3860 metropolitanum
1013 3791 1184 3857 ipsius
1207 3832 1221 3855 ,
1257 3805 1361 3844 non
1410 3790 1476 3843 ad
1506 3790 1713 3843 vicinos
1760 3792 2083 3860 episcopos,

485 3856 814 3931 deferretur.
848 3860 924 3914 Ita
953 3864 1097 3916 enim
1143 3864 1342 3917 summi
1377 3862 1663 3931 pontifices
1703 3856 1897 3915 causas
1918 3904 1932 3923 ,
1954 3856 2087 3928 'qu:e

484 3929 628 4003 forte
652 3931 707 4003 in
735 3935 979 3989 ecclesiis
1011 3934 1183 3988 Daciae
1212 3929 1646 3995 Mediterraneaa,
1680 3934 1857 3987 Daciae
1888 3933 2093 4003 Ripen-

486 4002 585 4066 sis,
616 4002 837 4071 Moesiae,
866 4017 1000 4072 etc.,
1034 4006 1381 4060 oborirentur
1402 4046 1415 4066 .
1449 4004 1928 4061 'l‘hessalonicensi
1962 4002 2094 4073 epi-

488 4086 659 4145 scopo
703 4077 819 4129 vice
868 4094 961 4130 sua
1013 4077 1424 4145 cognoscendas
1464 4076 1895 4139 commiserunt,
1926 4087 1986 4129 ut
2040 4076 2093 4130 id

500 4143 703 4215 t_salvo
726 4160 911 4200 earum
941 4143 1177 4215 primatu
1214 4168 1233 4199 ι
1283 4147 1398 4202 fieri
1449 4148 1690 4210 vellent,
1725 4157 1781 4199 ut
1826 4147 2094 4200 Innocen-

488 4211 597 4266 tius
621 4220 781 4285 epist.
814 4219 904 4279 15,
936 4211 1002 4272 ad
1038 4218 1257 4281 Rufum,
1288 4235 1341 4271 ιι.
1375 4218 1429 4279 5.
1463 4217 1744 4285 conceptis
1776 4219 1962 4272 verbis
1990 4226 2099 4273 tes-

489 4292 652 4339 tatur.
687 4287 1029 4345 Sardicensis
1084 4297 1266 4344 autem
1305 4288 1582 4359 episc0pi,
1611 4289 1701 4359 qui
1750 4287 1926 4344 Daciae
1973 4305 2099 4361 pro-

2163 433 2497 489 salonicenci
2534 434 2825 505 episcopo,
2872 436 2963 505 qui
3025 453 3044 487 ι
3098 434 3241 489 inler
3295 436 3445 505 ipsos
3506 433 3784 505 primates

2164 506 2389 575 primus,
2426 524 2446 558 ι
2483 514 2534 559 ιιι
2566 504 2913 561 Innocentius
2941 506 3063 561 loco
3091 507 3260 560 citato
3294 504 3561 575 loquitur,
3594 504 3783 558 fuerat

2164 579 2495 632 constitutus
2518 618 2533 642 ,
2562 577 2817 643 cognosci
2859 576 3068 632 debuit.
3102 577 3214 631 Hoc
3257 575 3423 644 igitur
3456 575 3643 646 Anysii
3686 575 3783 642 jus

2165 646 2436 716 integrum
2484 649 3030 721 servavitCanuana
3084 647 3347 721 synodus,
3378 662 3520 721 cum
3575 646 3785 721 Bonosi

2165 734 2384 774 causam
2429 719 2495 774 ad
2544 735 2668 774 eum
2720 719 2933 775 detulit.
2976 719 3146 775 Simul
3191 730 3247 775 et
3291 719 3481 774 eadem
3532 720 3786 788 synodus

2166 791 2498 855 canonibns,
2532 792 2623 859 qui
2670 792 3295 861 episcopornmjudices
3344 805 3451 846 non
3499 805 3531 843 e
3561 800 3788 844 remota

2167 862 2445 929 provincia
2468 903 2482 922 .
2514 862 2607 917 sed
2641 879 2670 916 c
2713 862 2891 917 vicina
2923 864 3049 932 eligi
3086 864 3308 925 volunt,
3344 862 3789 929 nominatimque

2170 933 2235 987 14
2262 931 2606 988 Antiocheno
2638 942 2695 987 et
2737 935 2767 986 7
2796 931 3108 989 Sardiceusi
3160 934 3332 1003 gessit
3370 947 3577 987 morem
3604 974 3618 990 .
3654 947 3788 987 cum

2174 1022 2193 1055 ‹
2216 1009 2484 1077 precipue
2513 1004 2832 1077 Macedones
2845 1007 3084 1077 {\HYSlO
3105 1006 3317 1073 judices
3342 1004 3784 1077 adiungivoluit.

2243 1075 2330 1129 IX.
2374 1077 2554 1146 Anysii
2583 1075 2828 1129 adversus
2856 1075 3170 1131 Bon’osiacos
3188 1077 3544 1145 judicium.—
3586 1075 3791 1146 Anysii

2168 1146 2439 1215 quodnam
2490 1149 2652 1201 fuerit
2693 1148 2955 1216 judicium
2988 1163 3054 1203 ex
3087 1148 3384 1202 lnnocentii
3426 1147 3676 1211 epistolis
3708 1146 3785 1200 16

2169 1227 2225 1271 et
2254 1218 2318 1271 l7
2348 1219 2739 1283 comperimus.
2780 1217 2986 1287 Nempe
3034 1222 3104 1272 ita
3134 1219 3412 1274 damnavit
3460 1218 3740 1271 Bouosum
3769 1259 3789 1281 ,

2169 1296 2232 1343 ut
2262 1290 2293 1342 ii
2327 1288 2415 1358 qui
2448 1290 2515 1343 ab
2550 1290 2642 1343 illo
2672 1288 2887 1344 fuerant
2910 1290 3184 1355 ordinati,
3217 1292 3262 1343 si
3298 1308 3318 1341 ι
3352 1289 3614 1343 damnato
3662 1291 3794 1357 ejus

2170 1373 2361 1414 errore
2393 1360 2595 1415 vellent
2622 1361 2876 1432 Ecclesia:
2902 1362 3166 1432 copulari,
3199 1362 3435 1415 libenter
3464 1360 3797 1428 reciperen-

2173 1439 2281 1485 tur.
2320 1450 2338 1482 ι
2383 1433 2500 1498 Quo
2550 1447 2615 1486 ex
2659 1431 2867 1500 judicio
2915 1431 3081 1503 recte
3109 1433 3422 1503 observavit
3456 1432 3793 1503 concilium

2173 1503 2495 1557 Arelatense
2526 1518 2559 1556 ll
2582 1542 2597 1566 ,
2629 1517 2751 1557 can.
2789 1504 2875 1566 l7,
2916 1502 3262 1558 manifestum
3295 1518 3421 1558 esse
3451 1502 3794 1557 Bonosiacos

2180 1590 2198 1624 ι
2239 1574 2289 1627 in
2319 1574 2585 1629 Trinitate
2641 1574 2922 1643 baptizari.
2958 1594 2976 1627 ι
3014 1574 3358 1643 Quapropter
3406 1574 3550 1629 idem
3600 1575 3799 1628 conci-

2175 1644 2306 1699 lium
2356 1644 2482 1700 licet
2513 1645 2865 1700 Photiuiaeos
2893 1647 3007 1700 sive
3039 1646 3404 1701 Paulianistas
3432 1655 3487 1700 et
3517 1644 3799 1700 Bonosia-

2178 1730 2273 1770 cos
2308 1735 2325 1767 ι
2359 1732 2427 1771 ex
2461 1717 2652 1771 eodem
2692 1733 2883 1771 errore
2910 1717 3192 1773 venientes
3228 1736 3247 1769 ι
3280 1725 3567 1787 agnoscat,
3602 1728 3796 1771 tamen

2181 1787 2531 1842 Photiniacos
2562 1804 2659 1842 seu
2687 1788 3048 1843 Paulianistas
3085 1808 3103 1840 ι
3143 1788 3405 1855 baptizari
3434 1798 3731 1857 oportere;
3767 1807 3789 1839 ι

2181 1859 2514 1914 Bouosiacos
2538 1875 2693 1923 vero,
2723 1878 2740 1911 ι
2777 1862 2820 1913 si
2856 1863 3172 1927 interrogati
3207 1861 3368 1915 fidem
3422 1869 3675 1913 nostram
3726 1875 3800 1913 ex

2183 1938 2295 1984 toto
2321 1930 2485 1985 corde
2516 1931 2754 1985 confessi
2785 1931 3005 1995 fuerint,
3030 1947 3152 1986 cum
3185 1932 3485 1987 chrismate
3513 1941 3567 1984 et
3593 1946 3801 1985 manus

2182 2001 2529 2069 itnpositione
2562 2003 2613 2056 in
2649 2002 2891 2056 Ecclesia
2918 2003 3259 2071 recipiendos
3295 2022 3314 2054 ι
3350 2001 3617 2056 decrevit.
3658 2001 3800 2056 Tam

2182 2073 2413 2127 spleoini
2465 2083 2645 2128 autem
2692 2073 2898 2143 judicio
2946 2090 3053 2128 non
3109 2082 3262 2129 stans
3308 2074 3583 2133 Bonosus,
3616 2088 3801 2127 novos

2182 2143 2415 2198 clericos
2447 2144 2829 2212 undecumque
2860 2145 3117 2200 ordinare
3142 2188 3158 2210 ,
3193 2146 3359 2199 immo
3389 2145 3656 2214 quosdam
3680 2144 3799 2213 jam

2185 2215 2237 2268 in
2274 2215 2512 2270 Ecclesia
2559 2216 2826 2272 catholica
2877 2218 3157 2272 ordinatos
3210 2218 3406 2271 iterata
3451 2215 3803 2270 ordinatione

2182 2288 2560 2343 contaminare
2604 2304 2710 2341 non
2752 2287 2996 2352 destitit;
3028 2303 3148 2358 quae
3194 2302 3455 2342 novarum
3507 2287 3800 2357 perturba-

2188 2359 2417 2421 tionum,
2447 2368 2501 2412 et
2530 2358 2883 2427 epistolarum
2915 2358 2981 2413 16
3006 2370 3059 2414 el
3119 2360 3188 2413 17
3216 2359 3515 2413 Innocentii
3541 2399 3555 2418 ,
3605 2370 3663 2411 ut
3723 2358 3801 2412 ibi

2186 2429 2352 2484 visuri
2378 2444 2585 2493 sumus,
2611 2444 2775 2484 causa
2803 2440 2855 2483 et
2885 2431 3103 2484 occasio
3124 2430 3241 2484 fuit.
3269 2430 3325 2484 lu
3355 2431 3439 2484 his
3466 2430 3605 2483 forte
3629 2430 3803 2496 proli-

2186 2501 2368 2555 xiores
2417 2501 2724 2554 videbimur
2749 2518 2761 2553 :
2792 2501 2889 2556 sed
2918 2516 3099 2570 operte
3141 2502 3373 2570 pretium
3397 2502 3651 2555 duximus
3681 2516 3803 2555 rem

2187 2571 2255 2624 ab
2280 2572 2508 2625 eruditis
2538 2572 2778 2626 nondum
2808 2570 2939 2626 satis
2970 2575 3291 2627 extricatam
3322 2573 3619 2639 etplicare,
3656 2573 3807 2626 unde

2187 2654 2241 2697 et
2274 2643 2548 2712 praedictis
2577 2642 2879 2699 Innocentii
2912 2646 3159 2712 epistolis
3188 2644 3279 2699 lux
3305 2643 3578 2713 aﬂ’ulgeat.

2776 2758 3109 2815 EPISTOLA
3150 2757 3225 2814 1X
3240 2800 3255 2825 ,

2189 2868 2366 2909 SIRICII
2396 2868 2544 2907 ΡΛΡᾸΞ
2576 2868 2643 2906 ΑΙ)
2684 2866 2911 2907 ΛΝϊὸιυΙί
2953 2864 3489 2907 τιιεεελιοιιιρειιςει
3536 2864 3816 2914 λιιοδριιε.

2706 2958 2936 2998 ILLYRICI
2969 2958 3274 2999 EPISCOPOS.

2190 3061 2413 3118 Siricius
2427 3061 2492 3115 de
2520 3060 2723 3115 Bonoso
2742 3060 3045 3115 sententiam
3066 3068 3302 3130 rogatus,
3328 3075 3433 3113 non
3460 3058 3570 3112 vult
3602 3058 3775 3113 dicere
3789 3076 3809 3110 :

2257 3154 2348 3207 sed
2361 3169 2487 3221 quos
2506 3151 2756 3221 Capuana
2771 3152 2998 3223 synodus
3017 3152 3060 3206 ei
3064 3151 3274 3223 judices
3296 3151 3580 3223 delegerat,
3598 3166 3809 3204 munere

2255 3261 2349 3298 suo
2365 3244 2576 3314 defungi
2584 3245 2752 3316 jubet.
2779 3242 2945 3297 Illum
2968 3244 3183 3297 interim
3201 3245 3262 3297 ob
3284 3259 3516 3297 errorem
3533 3243 3595 3296 de
3619 3239 3807 3296 Μαι-ἔω

2238 3336 2363 3407 [illis
2374 3337 2504 3391 meri
2509 3346 2558 3389 to
2570 3336 2933 3405 reprehensum
2946 3345 3098 3405 atque
3110 3337 3317 3390 horrori
3332 3334 3801 3406 fuisseconﬁrutat.

2188 3430 2572 3485 Dilectissimis
2598 3437 2624 3465 ι
2648 3428 2913 3483 fratribus
2942 3428 3143 3485 Auvsm
3175 3438 3231 3484 et
3276 3428 3494 3483 caeteris
3535 3424 3806 3497 episcopis

2428 3539 2525 3594 per
2548 3522 2576 3563 ι)
2608 3524 2889 3595 Illyricum
2922 3522 3262 3590 constitutis,
3296 3522 3556 3579 Suucws.

2266 3642 2316 3695 1.
2335 3638 2540 3694 Bonoso
2568 3649 2615 3693 et
2640 3641 2752 3709 eius
2779 3638 3162 3694 accusatoribus
3170 3638 3376 3710 judices
3400 3639 3604 3694 dati.—
3622 3638 3800 3692 Acce-

2192 3734 2247 3805 pi
2275 3744 2297 3772 ε
2330 3734 2541 3789 litteras
2577 3742 2791 3789 vestras
2814 3732 2882 3788 de
2909 3733 3127 3788 Bouoso
3168 3734 3460 3805 episcopo,
3489 3734 3688 3804 quibus
3720 3734 3808 3789 vel

2198 3842 2297 3896 pro
2326 3826 2574 3891 veritate,
2606 3825 2690 3879 vel
2723 3842 2821 3895 pro
2851 3825 3141 3892 modesua,
3184 3838 3427 3881 nostram
3474 3826 3804 3880 sententiam

2196 3920 2465 3975 sciscitari
2498 3919 2767 3974 voluistis.
2819 3918 2928 3975 Sed
2971 3936 3093 3974 cum
3144 3918 3455 3987 bujusmodi
3483 3918 3641 3973 fuerit
3666 3932 3807 3972 con-

2198 4012 2310 4066 cilii
2338 4011 2640 4081 Capuensis
2686 4011 2988 4081 judicium,
3026 4023 3086 4067 ut
3114 4011 3333 4067 finitimi
3385 4013 3598 4067 Bonoso
3639 4021 3811 4082 atque

2197 4104 2314 4175 ejus
2345 4104 2752 4160 accusatoribus
2776 4105 2993 4175 judices
3022 4106 3419 4171 tribuerentur,
3443 4116 3499 4161 et
3528 4107 3809 4176 praecipue

2201 4196 2560 4261 Macedones,
2610 4199 2849 4267 quicum
2898 4199 3159 4269 episcopo
3198 4198 3684 4255 Thessalonicensi
3738 4198 3808 4253 de

2204 4289 2322 4361 ejus
2354 4287 2515 4345 factis
2580 4288 2721 4346 velt1
2763 4301 3162 4362 cognoscerent
3207 4310 3221 4347 :
3274 4290 3610 4348 advertimus
3662 4292 3811 4363 quod

567 4438 595 4466 ι
622 4427 680 4483 ln
714 4427 1086 4483 Bellovacensi
1120 4426 1349 4496 aliisque
1384 4439 1515 4496 mss.
1550 4424 1696 4479 nulla
1743 4424 2090 4494 praamittitur
2120 4430 2174 4490 D
2198 4425 2347 4481 dices
2372 4426 2441 4481 ab
2469 4426 2703 4482 accusati
2732 4437 3182 4483 accusatorumve
3225 4428 3356 4485 sede
3387 4438 3497 4485 tam
3527 4438 3773 4486 remotos
3794 4470 3809 4494 .

495 4502 778 4569 inscriptio
804 4516 898 4554 seu
929 4499 1204 4554 salutatio.
1246 4494 1302 4552 [ιι
1336 4513 1445 4569 uno
1481 4494 1635 4569 Colb.
1665 4506 1720 4551 et
1748 4498 1922 4551 altero
1962 4497 2092 4569 olim

493 4567 724 4626 Tbuano
751 4582 953 4635 exstat,
983 4570 1285 4625 Ambrosius
1316 4568 1645 4641 TheOphilo:
1674 4568 1874 4637 quibus
1902 4567 2097 4641 verbis

495 4644 550 4695 iu
583 4645 784 4708 priscis
822 4642 1098 4697 Ambrosii
1142 4638 1475 4696 editionibus
1520 4640 1739 4694 additur
1779 4649 1828 4693 et
1878 4638 2091 4709 Anysiu.

496 4712 649 4766 Hanc
672 4721 851 4766 autem
885 4712 1299 4779 inscriptionem
1344 4712 1413 4766 ab
1460 4710 1780 4778 antiquariis
1827 4709 2097 4778 adjectum

489 4782 903 4850 suspicabamur
927 4784 993 4838 ad
1018 4785 1370 4838 imitationem
1410 4783 1658 4850 epistolae
1713 4782 1784 4837 56
1826 4783 2096 4836 Ambrosii

493 4856 563 4909 ad
608 4853 989 4921 Theophilum.
1022 4856 1154 4907 Cum
1199 4855 1345 4908 enim
1389 4854 1510 4922 ejus
1534 4868 1745 4917 causte,
1782 4867 1902 4918 quae
1948 4854 2096 4908 sedis

496 4925 850 4982 Antiocbeua:
881 4924 1051 4994 gratia
1086 4926 1371 4995 Evagrium
1404 4927 1545 4977 inter
1582 4932 1636 4977 et
1671 4922 1987 4978 Flavianum
2015 4925 2097 4977 in-

492 4998 831 5061 tercedebat,
862 4999 1256 5067 cognoscendm
1281 4997 1370 5065 jus
1399 4996 1701 5065 TheOphilo
1742 5007 1903 5064 atque
1930 4995 2098 5067 Egy-

499 5069 625 5137 ptiis
657 5069 929 5137 episcopis
959 5083 989 5121 a
1020 5066 1271 5135 Capuaua
1320 5067 1528 5137 synodo
1573 5067 1922 5121 commissum
1973 5066 2097 5123 cSSe

497 5141 549 5194 iu
580 5138 812 5208 epistola
846 5140 936 5193 illa
967 5138 1037 5193 56
1063 5139 1330 5208 legerent;
1364 5139 1430 5191 ad
1453 5138 1703 5193 eumdem
1730 5137 2093 5206 Theophilum

490 5211 562 5265 ab
590 5210 781 5266 eadem
823 5211 1031 5282 synodo
1060 5211 1291 5264 delatam
1320 5224 1442 5264 esse
1466 5224 1646 5282 causa:
1686 5209 1884 5282 Bonosi
1911 5211 2097 5277 cogni-

498 5283 703 5336 tionem
724 5325 737 5348 ,
772 5279 935 5348 atque
963 5285 1030 5336 ab
1062 5282 1352 5335 Ambrosio
1379 5295 1440 5333 ea
1473 5280 1540 5333 de
1568 5296 1627 5333 re
1666 5281 1733 5333 ad
1771 5279 1919 5331 illum
1953 5296 2096 5335 nunc

496 5353 659 5407 scribi
689 5354 1047 5423 collegerunt.
1076 5353 1181 5410 Sed
1206 5352 1523 5407 manifestus
1550 5366 1735 5405 eorum
1754 5364 1932 5423 error.
1958 5348 2093 5406 Nam

496 5439 677 5478 causa:
709 5420 867 5493 hujus
911 5424 1279 5495 cognitionem
1325 5424 1567 5495 Anysio,
1601 5439 1705 5475 non
1752 5420 2091 5490 Theophilo,

493 5496 841 5550 commissam
870 5493 1002 5550 esse
1023 5513 1086 5551 ex
1115 5495 1416 5551 Innocentii
1450 5493 1699 5563 epistolis
1729 5504 1939 5547 certum
1966 5503 2049 5547 est
2078 5512 2091 5548 :

495 5576 551 5621 et
578 5567 1087 5637 Anysiogprazcipue
1114 5568 1432 5622 Macedonas
1457 5569 1762 5635 episc0pos,
1795 5580 1901 5637 non
1934 5563 2095 5637 Egy-

497 5635 725 5704 ptios,a
771 5635 1025 5707 Capuana
1072 5639 1281 5707 synodo
1329 5641 1382 5693 in
1414 5638 1517 5693 hoc
1549 5638 1766 5707 negotio
1810 5635 2096 5704 adjunctus

500 5721 621 5760 esse
651 5710 764 5765 hac
814 5710 926 5778 ipsa
973 5711 1202 5779 epistola
1257 5725 1355 5765 n05
1407 5709 1587 5764 docet.
1622 5712 1763 5765 Sane
1790 5707 2095 5779 disciplinae

498 5776 880 5835 ecclesiasticae
929 5776 1150 5850 peritior
1179 5792 1294 5835 erat
1322 5781 1411 5835 illa
1443 5783 1705 5851 synodus,
1735 5788 1894 5851 quam
1931 5787 1987 5833 ιιι
2007 5776 2095 5850 ju-

2205 4508 2263 4552 ut
2292 4506 2449 4552 erant
2472 4496 2730 4567 Aﬁgyptii.
2765 4499 2937 4553 daret.

2277 4568 2467 4643 bilinc
2494 4569 2753 4643 colligere
2790 4581 2873 4643 est
2917 4570 3125 4642 Anysio
3155 4573 3484 4643 permissum
3531 4572 3719 4638 fuisse,
3751 4584 3809 4627 ιιι

2201 4655 2269 4694 ex
2302 4639 2543 4715 illyrico‘
2577 4640 2711 4693 alios
2741 4656 2769 4694 a
2798 4639 3185 4697 Macedonibus
3224 4643 3332 4715 sibi
3368 4644 3421 4698 in
3458 4645 3561 4700 hoc
3596 4644 3807 4715 judicio

2200 4710 2454 4785 sociaret.
2485 4710 2622 4785 Hinc
2652 4721 2706 4785 et
2747 4728 2870 4766 mox
2909 4716 3165 4785 prwcipue
3210 4713 3539 4781 Macedones,
3569 4710 3677 4772 non
3700 4717 3809 4771 soli

2197 4783 2409 4851 judices
2433 4782 2621 4837 tributi
2649 4782 2921 4839 dicuntur.

2240 4860 2295 4891 ὀ
2328 4854 2385 4908 Iit
2417 4854 2688 4907 Ambrosii
2740 4870 2876 4909 nova
2926 4856 3188 4925 editione,
3222 4873 3289 4913 ex
3360 4868 3607 4915 veterum
3656 4861 3813 4916 corii-

2200 4938 2320 4995 cum
2357 4926 2486 4987 lide,
2514 4925 2763 4994 epistolae
2795 4927 2952 4995 hujus
2978 4927 3188 4984 initium
3216 4930 3287 4983 ita
3319 4933 3635 4985 restitutum
3672 4943 3759 4987 est
3790 4951 3804 4987 :

2200 4993 2279 5048 De
2310 4996 2510 5050 Βοηοεο
2551 4993 2819 5066 diruistis
2862 4993 3123 5068 episcopo.
3171 5000 3482 5056 Editiouum
3540 5002 3807 5068 aliarum,

2198 5069 2396 5193 qllliléils
2411 5076 2467 5123 et
2494 5068 2737 5122 llolsteo.
2767 5071 3064 5138 consentit,
3084 5071 3296 5141 plenior
3322 5075 3433 5129 visa
3460 5075 3725 5131 estlectio
3751 5087 3811 5131 et

2201 5155 2252 5193 ιιι
2284 5156 2297 5193 ι
2345 5153 2443 5193 ιον.

2201 5148 2443 5193 llllilel‘.

2270 5208 2296 5246 ιι
2321 5209 2380 5264 lu
2417 5225 2519 5265 ms.
2548 5210 2940 5286 Lo_ugi-_-Pontis
2973 5212 3062 5268 hic
3090 5214 3548 5286 additurscriptis.
3579 5218 3635 5274 lu
3681 5217 3810 5273 aliis

2197 5291 2377 5356 autem
2410 5281 2686 5356 nonnullis
2712 5284 3055 5339 desideratur
3082 5286 3181 5341 vel.
3211 5287 3278 5341 Et
3322 5281 3453 5344 illud
3494 5290 3804 5356 adjecmtu,

2198 5362 2254 5407 et
2285 5352 2423 5406 istud
2453 5366 2805 5422 suppressum
2836 5360 3180 5424 suspicamur
3209 5361 3526 5415 temeritate
3555 5352 3809 5415 librario;

2198 5440 2341 5497 rum.
2358 5425 2447 5497 qui
2463 5426 2640 5479 Siricii
2658 5436 2894 5481 mentem
2910 5444 3015 5480 non
3033 5431 3485 5495 assequebantur.
3505 5434 3621 5488 lloc
3633 5431 3807 5497 enim,

2198 5495 2251 5550 ni
2283 5495 2460 5575 fallor,
2495 5497 2596 5575 sibi
2626 5499 2739 5551 vult
2765 5514 2779 5551 :
2809 5508 2867 5551 ιιι
2892 5500 2955 5551 de
2984 5500 3133 5575 factis
3162 5503 3273 5575 ejus
3299 5544 3315 5567 ,
3366 5505 3410 5556 si
3441 5521 3546 5558 ttou
3588 5495 3809 5575 judica¥

2199 5576 2320 5646 rem
2344 5568 2750 5625 delinitivamve
2800 5572 3125 5646 sontentiam
3172 5568 3451 5646 dicerent,
3484 5576 3559 5630 vel
3589 5568 3677 5646 (id
3715 5586 3809 5632 est

2197 5638 2411 5713 saltem)
2440 5652 2819 5713 cognoscerent.
2860 5640 3042 5712 Neque
3088 5658 3218 5699 vero
3263 5645 3368 5699 alia
3411 5638 3733 5702 conditione
3774 5665 3806 5704 a

2198 5709 2452 5789 Capitalia
2496 5709 2704 5783 synodo
2756 5709 3393 5789 Ιξιιιοειίοειιιετιᾼιιγείο
3438 5728 3493 5774 et
3526 5720 3807 5789 episcopis

2196 5780 2413 5851 Illyrici,
2446 5780 2605 5854 quam
2632 5794 2733 5853 qua
2766 5783 2982 5856 Evagrii
3013 5798 3068 5841 et
3109 5780 3351 5845 Flaviani
3397 5780 3808 5864 Theophilo'ct
