4120 6186
361 238 498 298 1177

1560 251 1925 313 ΕΡΙΒΤΟΕᾸΞ
1962 257 2053 315 ΕΤ
2094 252 2442 320 DECRETA.

3486 274 3655 346 11178

354 355 515 454 nobis
537 356 816 429 judicandi
864 358 1035 417 forma
1077 372 1391 435 competere
1436 380 1545 423 non
1575 378 1781 440 posset.
1811 370 1948 427 Nam
1977 379 2033 442 Α
2058 388 2338 447 peceatum
2365 381 2550 438 mundi
2580 382 2820 451 tolleret,
2851 354 3226 454 pronuntiavit
3257 389 3423 449 etiam
3466 391 3535 449 de
3567 393 3654 449 in-

353 450 398 505 si
432 450 641 523 integra
691 462 838 508 esset
887 453 1049 511 hodie
1096 457 1370 529 synodus,
1400 470 1549 517 recte
1598 462 1667 518 de
1702 465 1799 534 iis,
1827 481 1951 538 quae

352 545 766 616 comprehendit
794 559 1096 606 vestrorum
1126 552 1450 625 scriptorum
1501 556 1707 624 series,
1758 558 1953 615 decer-

354 654 635 695 neremus.
672 641 923 699 Vestrum
945 653 1029 700 est
1056 646 1241 717 igitur,
1274 649 1365 717 qui
1398 647 1501 705 hoc
1532 651 1819 721 recepistis
1862 653 1952 723 ju-

353 732 576 801 dicium,
614 737 941 792 sententiam
972 737 1117 795 ferre
1143 740 1211 796 de
1240 742 1514 809 omnibus,
1549 759 1649 799 nec
1680 746 1953 817 refugien-

352 824 405 881 di
440 826 522 883 vel
569 828 819 884 elabendi
869 830 955 886 vel
1003 836 1411 890 accusatoribus
1451 836 1535 891 vel
1568 848 1824 893 accusato
1852 853 1949 895 co-

351 919 495 990 piam
525 918 676 976 dare.
714 920 897 977 Vicem
923 922 1067 979 enitn
1098 926 1290 997 synodi
1323 928 1610 999 recepistis
1634 969 1649 997 ,
1701 944 1839 1000 quos
1878 930 1947 986 ad

351 1014 771 1069 examinandum
799 1016 1039 1088 synodus
1068 1018 1255 1090 elegit.

420 1103 475 1158 2.
505 1103 743 1162 Bonosus
768 1109 1091 1165 interdictam
1119 1113 1216 1167 sibi
1238 1114 1506 1169 ecclesiam
1531 1116 1821 1188 irrumpere
1861 1132 1947 1171 co-

348 1201 544 1271 gitans,
566 1200 630 1255 ab
650 1200 923 1258 Ambrosio
946 1204 1298 1263 dissuadetur.
1327 1238 1399 1248 —
1421 1208 1665 1282 Denique
1691 1226 1815 1266 cum
1843 1212 1949 1267 Bo-

350 1306 516 1348 nosus
546 1294 840 1365 episcopus
872 1308 991 1367 post
1018 1297 1284 1368 judicium
1331 1312 1571 1358 vestrum
1607 1303 1840 1360 misisset
1878 1304 1945 1359 ad

348 1382 571 1439 fratrem
604 1398 853 1441 nostrum
904 1390 1277 1460 Ambrosium,
1332 1394 1425 1464 qui
1469 1394 1586 1465 ejus
1613 1396 1945 1454 sententiam

346 1482 685 1549 consuleret,
717 1492 743 1520 α
777 1484 1127 1541 interdictam
1156 1488 1259 1543 sibi
1306 1488 1599 1544 ecclesiam
1638 1492 1947 1561 irrumpere

351 1581 516 1642 atque
545 1574 789 1645 ingredi;
821 1591 1146 1646 responsum
1176 1588 1262 1634 est
1302 1579 1349 1635 ei
1372 1620 1385 1645 ,
1416 1580 1561 1647 quod
1607 1581 1741 1635 nihil
1772 1591 1945 1638 teme-

347 1668 577 1724 randum
606 1669 767 1738 foret,
801 1670 897 1727 sed
946 1673 1127 1727 omnia
1162 1673 1413 1729 modeSte
1441 1716 1455 1740 ,
1492 1676 1770 1746 patienter
1799 1718 1813 1742 ,
1852 1693 1943 1731 or-

2058 472 2314 542 tegritate
2341 476 2626 532 materna?
2658 479 2763 533 Aut.
2789 479 2919 551 quid
2968 480 3116 537 aliud
3163 481 3405 555 dicitur,
3450 488 3555 543 nisi
3600 495 3661 545 ut

2055 563 2275 621 claudat
2297 582 2395 623 sua
2429 584 2521 625 ora
2556 568 2809 641 perﬁdia,
2838 582 2893 628 et
2922 574 3288 641 obmuteseat,
3325 594 3394 634 ne
3424 588 3657 636 matrem

2056 655 2273 714 Domini
2306 660 2487 731 aliquo
2515 663 2711 720 audeat
2738 673 3011 723 temerare
3047 668 3335 725 convicio?
3363 671 3543 728 Testis
3574 682 3659 730 est

2054 765 2182 822 ergo
2210 753 2351 809 idem
2375 756 2607 823 arbiter,
2637 758 2779 815 idem
2810 763 3044 818 materni
3094 764 3320 833 pudoris
3358 775 3607 823 assertor
3634 808 3653 835 ,

2052 844 2199 915 quod
2223 845 2553 917 desponsata
2610 851 2773 908 fuerit
2806 854 2931 909 viro
2980 857 3366 913 tantummodo
3402 857 3604 928 Josepb
3639 902 3655 924 ,

2054 936 2204 992 nulla
2235 948 2414 995 tamen
2438 942 2744 1015 conjngal'ts
2770 947 2951 1002 coitus
2978 949 3381 1006 consuetudine
3406 952 3509 1007 tori
3532 952 3659 1023 jura

2052 1032 2375 1101 cognoverit
2398 1033 2616 1105 (Matth.
2648 1053 2686 1103 t,
2724 1037 2834 1108 18).
2868 1038 3059 1111 Neque
3090 1043 3239 1098 enim
3273 1058 3393 1099 eam
3436 1059 3663 1116 suscep-

2055 1132 2229 1178 tttram
2259 1140 2323 1181 ex
2355 1125 2563 1196 Joseplt
2590 1128 2734 1185 ﬁlios
2762 1147 2792 1185 a
2818 1131 2918 1187 viri
2949 1133 3239 1191 consortio
3270 1150 3532 1207 separare
3557 1153 3659 1192 vo-

2052 1217 2259 1273 luisset.
2293 1219 2399 1275 Sed
2427 1222 2472 1276 si
2505 1222 2606 1277 hoc
2644 1237 2836 1294 parum
2883 1236 2961 1281 est
2982 1268 2997 1293 ,
3028 1226 3240 1283 addidit
3275 1231 3653 1287 testimonium

2054 1303 2430 1384 Ev'angelista,
2488 1317 2675 1371 dicens
2728 1320 2876 1389 quod
2931 1324 3161 1393 suscepit
3206 1339 3320 1377 eam
3369 1323 3660 1394 discipulus

2056 1418 2077 1445 ο
2106 1408 2159 1461 in
2186 1424 2281 1461 sua
2301 1407 2493 1480 (Ibid.,
2534 1410 2648 1480 50).
2696 1411 2969 1483 Numquid
2994 1429 3128 1485 ergo
3157 1414 3454 1471 divortium
3487 1415 3661 1472 fecit?

2051 1500 2315 1570 numquid
2362 1517 2390 1554 a
2439 1501 2559 1557 viro
2609 1502 2834 1559 abduxit
2880 1513 3045 1576 atque
3077 1506 3341 1562 abstulit?
3382 1507 3529 1578 Ergo
3566 1508 3661 1579 qni

2051 1591 2156 1648 hoc
2208 1593 2337 1664 lcgit
2368 1594 2418 1647 in
2473 1594 2793 1665 Evangelia,
2840 1597 3117 1667 quomodo
3153 1600 3309 1668 quasi
3362 1602 3660 1672 naufragus

2051 1684 2246 1740 titubat
2274 1695 2329 1741 et
2360 1685 2620 1743 fluctuat?
2650 1688 2762 1745 Hoc
2784 1704 2916 1761 ergo
2948 1699 3330 1748 testamentum
3361 1694 3455 1749 lilii
3479 1703 3568 1750 est
3589 1694 3660 1750 de

347 1760 477 1818 dine
513 1764 756 1834 gerenda
783 1806 800 1830 ,
841 1781 1020 1835 neque
1076 1776 1266 1822 contra
1328 1769 1657 1824 sententiam
1702 1779 1939 1825 vestram
1972 1794 2021 1853 Β
2046 1778 2238 1833 matris
2271 1778 2606 1849 integritate,
2635 1782 2749 1836 haec
2779 1760 2963 1838 Maria:
2985 1782 3449 1855 locuplesintegri
3491 1785 3662 1856 pudo-

350 1858 669 1913 tentandum
699 1860 938 1931 aliquid;
965 1872 1024 1918 ut
1053 1863 1198 1935 quod
1226 1864 1509 1921 videretur
1542 1867 1943 1939 vobisjustitize

349 1953 666 2018 convenire,
698 1957 1044 2023 statueretis,
1069 1958 1270 2029 quibus
1311 1959 1453 2015 Itane
1494 1962 1736 2032 synodus
1768 1961 1938 2018 dede-

350 2052 436 2097 rat
457 2045 865 2101 auctoritatem.
910 2046 1039 2104 Ideo
1070 2049 1302 2119 primum
1333 2061 1451 2117 est,
1485 2061 1542 2107 ttt
1580 2052 1613 2107 ii
1647 2052 1897 2123 judicent
1926 2094 1941 2119 ,

348 2135 548 2205 quibus
567 2136 849 2205 judicandi
881 2138 1111 2195 facultas
1133 2150 1219 2197 est
1249 2141 1409 2196 data:
1442 2159 1539 2199 vos
1568 2145 1714 2199 enim
1750 2146 1939 2212 totius,

349 2235 409 2280 ut
430 2229 776 2298 scripsimus,
806 2232 1001 2303 synodi
1040 2233 1159 2289 vice
1186 2234 1523 2301 decernitis;
1570 2251 1670 2292 nos
1697 2238 1849 2309 quasi
1876 2253 1943 2293 ex

348 2321 541 2393 synodi
574 2324 901 2379 auctoritate
924 2325 1172 2395 judicare
1202 2345 1309 2383 non
1341 2332 1619 2385 convenit.

420 2415 475 2470 3.
504 2412 699 2471 Bonosi
728 2433 871 2472 error
920 2419 984 2472 de
1032 2420 1157 2489 ﬁliis
1190 2420 1394 2477 Μανίας.
1430 2422 1633 2480 Judwis
1670 2429 1827 2498 favet.
1868 2458 1940 2468 —

350 2506 495 2563 Sane
523 2523 630 2564 non
662 2524 949 2579 possumus
996 2528 1195 2584 negare
1224 2515 1293 2570 de
1324 2516 1509 2573 Maria:
1546 2518 1675 2574 ﬁliis
1702 2520 1825 2591 jure
1854 2536 1945 2577 re-

354 2601 707 2671 prehensum,
738 2606 1041 2676 meritoque
1065 2618 1303 2665 vestram
1347 2614 1696 2669 sanctitatem
1739 2615 1942 2672 abhor-

352 2694 549 2757 ruisse,
580 2696 725 2766 quod
751 2712 818 2753 ex
860 2697 1053 2754 eodem
1084 2707 1238 2758 utero
1277 2703 1562 2773 virginali,
1596 2721 1661 2760 ex
1705 2722 1815 2777 quo
1852 2722 1944 2763 se-

348 2787 586 2844 cundum
607 2804 827 2846 carnem
847 2790 1097 2849 Christus
1129 2804 1289 2850 natus
1316 2807 1399 2852 est
1426 2837 1442 2865 ,
1483 2799 1624 2854 alius
1652 2812 1841 2869 partus
1863 2801 1943 2857 ef-

351 2879 504 2938 fusus
531 2884 621 2938 sit.
647 2883 832 2955 Neque
857 2888 1001 2942 enim
1028 2889 1286 2959 elegisset
1311 2892 1571 2949 Dominus
1596 2893 1755 2951 Jesus
1790 2898 1940 2952 nasci

352 2990 449 3045 per
472 2976 763 3047 virginem,
790 2978 837 3035 si
868 2994 986 3035 eam
1010 2982 1314 3052 judicasset
1368 2996 1475 3040 tant
1510 2987 1939 3045 incontinentem

352 3068 490 3137 fore,
522 3084 579 3125 ut
602 3072 734 3128 illud
762 3076 1006 3145 genitale
1044 3076 1317 3134 Dominici
1350 3082 1631 3151 corporis,
1667 3080 1815 3137 illam
1846 3098 1945 3139 au-

353 3164 462 3219 lam
502 3164 670 3238 Regis
725 3172 957 3237 aeterni,
1022 3172 1353 3229 concubitus
1416 3174 1688 3231 humanib
1740 3181 2019 3249 seminec

351 3259 757 3330 coinqttinaret.
785 3262 889 3331 Qui
922 3266 1064 3319 enim
1101 3265 1202 3321 hoc
1234 3271 1467 3334 astruit,
1496 3268 1629 3324 nihil
1661 3270 1809 3325 aliud
1842 3270 1947 3325 nisi

352 3355 635 3423 perfidiam
668 3356 981 3412 .Iudrcornm
1015 3362 1207 3414 astruit
1236 3402 1250 3427 ,
1277 3364 1367 3432 qui
1424 3361 1617 3418 dicunt
1656 3379 1779 3419 eum
1834 3380 1943 3418 non

349 3446 592 3515 potuisse
625 3448 773 3503 nasci
802 3464 869 3506 ex
899 3451 1131 3521 virgine.
1184 3452 1314 3507 Nam
1341 3454 1388 3509 si
1419 3453 1562 3509 hanc
1608 3456 1884 3526 accipiant
1915 3470 1945 3509 a

346 3538 732 3595 sacerdotibus
753 3544 1161 3610 auctoritatem,
1192 3558 1251 3599 ttt
1276 3546 1527 3602 videatur
1566 3547 1731 3604 Maria
1758 3559 1946 3620 partus

348 3630 555 3687 fudisse
588 3632 877 3702 plurimos,
905 3637 1113 3705 majore
1142 3638 1325 3693 studio
1372 3642 1661 3696 veritatem
1694 3640 1819 3697 ﬁdei
1846 3658 1941 3699 ex-

346 3739 591 3795 pugnare
621 3726 986 3783 contendent.

412 3817 792 3891 LRefutatur.
824 3852 893 3861 —
934 3821 1005 3877 Et
1045 3823 1133 3879 ubi
1184 3835 1267 3879 est
1308 3825 1445 3879 illud
1481 3826 1629 3897 quod
1674 3828 1941 3896 scriptum

343 3924 451 3976 est,
485 3910 703 3968 dicente
725 3912 959 3969 Domino
999 3915 1066 3969 ad
1117 3925 1346 3971 matrem
1378 3917 1446 3973 de
1500 3918 1709 3975 Joanne
1763 3919 1944 3974 Evan-

343 4004 565 4075 gelista,
598 4004 814 4072 Mulier,
840 4024 956 4061 ecce
982 4009 1123 4079 ﬁlius
1154 4018 1309 4063 tuus:
1340 4020 1393 4065 et
1421 4025 1614 4066 rursus
1659 4011 1726 4066 ad
1768 4011 1942 4067 Joan-

345 4111 470 4152 nem
491 4097 557 4153 de
588 4098 754 4154 Maria
789 4143 803 4163 ,
852 4100 988 4157 Ecce
1031 4114 1196 4157 mater
1242 4114 1332 4158 tua
1395 4104 1555 4179 (Vide
1608 4108 1847 4163 Ambros.
1879 4109 1943 4163 de

343 4187 521 4245 Instit.
554 4192 683 4261 virg.
709 4208 756 4247 c.
782 4192 837 4260 7,
869 4211 920 4249 n.
949 4193 1040 4260 46,
1073 4198 1124 4249 in
1145 4194 1303 4253 Joan.
1325 4214 1416 4253 XIX
1446 4240 1462 4264 ,
1491 4199 1584 4263 26,
1633 4198 1729 4270 27)
1753 4201 1775 4254 ?
1796 4200 1939 4268 Quid

340 4284 445 4342 sibi
477 4285 620 4342 istud
653 4286 789 4355 vult,
819 4288 964 4359 quod
1005 4304 1127 4346 cum
1154 4291 1205 4346 itt
1235 4306 1403 4347 cruce
1437 4292 1697 4347 Dominus
1723 4293 1937 4363 positus

2047 1871 2124 1925 ris
2165 1869 2459 1926 Itrereditas
2482 1913 2498 1938 ,
2543 1872 2629 1927 bie
2659 1874 2821 1929 totius
2850 1875 2971 1929 finis
3012 1876 3522 1933 consummationis.
3556 1876 3664 1933 De-

2048 1970 2213 2040 nique
2246 1970 2350 2027 hoc
2402 1972 2581 2042 dixit,
2612 1984 2668 2029 et
2723 1975 2908 2029 emisit
2958 1974 3215 2045 spiritum
3268 1988 3661 2031 consummans

2046 2078 2211 2120 omne
2236 2067 2557 2137 mysterium
2592 2066 2736 2123 bono
2761 2066 2865 2123 ﬁne
2886 2068 3130 2138 pietatis.

2120 2157 2172 2211 5.
2205 2157 2454 2213 Ecclesia:
2470 2161 2696 2231 regimen
2721 2161 3069 2215 commissum.
3098 2192 3169 2202 —
3196 2161 3453 2231 Legimus
3481 2162 3647 2217 etiam

2049 2258 2102 2305 et
2127 2251 2307 2304 omnia
2344 2252 2714 2320 pereurrimus
2743 2252 2826 2307 vel
2855 2253 2922 2307 de
2952 2268 3042 2320 eo,
3076 2253 3223 2324 quod
3260 2252 3421 2309 fratri
3452 2263 3644 2310 nostro

2049 2352 2103 2397 et
2131 2346 2458 2414 coepiscopo
2488 2344 2658 2400 Basso
2686 2345 2740 2399 in
2765 2347 3108 2401 consortium
3152 2345 3409 2417 regendae
3450 2346 3647 2401 Eccle-

2048 2435 2146 2489 sia:
2171 2432 2198 2471 ιι
2230 2435 2388 2490 datus
2416 2445 2503 2491 est
2524 2437 2783 2505 Senecio,
2827 2438 2913 2493 vel
2938 2437 3006 2493 de
3033 2439 3253 2493 cteteris
3270 2436 3415 2493 unde
3441 2446 3642 2495 vestrtc

2048 2544 2294 2586 normam
2323 2542 2709 2602 exspectamus
2736 2534 3049 2588 sentcntiae.

2222 2675 2536 2734 MONITUM
2576 2676 2644 2731 IN
2688 2676 3103 2747 SEQUENTES
3130 2676 3479 2735 CANONES.

2125 2794 2163 2847 Ι.
2197 2793 2347 2849 Unde
2392 2803 2439 2848 et
2485 2811 2644 2865 aquo
2674 2796 2981 2864 prodierint.
3011 2827 3083 2836 —
3126 2795 3170 2851 E
3225 2796 3416 2852 codice
3460 2796 3656 2852 Fossa-

2052 2866 2214 2931 tensi,
2248 2865 2338 2936 qtti
2386 2881 2528 2921 nunc
2580 2866 2634 2921 in
2667 2867 2985 2921 Colbertina
3015 2868 3350 2923 bibliotheca
3404 2881 3655 2923 asserva-

2053 2945 2161 3009 tur,
2194 2951 2404 3009 necnon
2434 2954 2500 2990 ex
2536 2938 2757 3009 antiqua
2791 2938 2998 3009 codicis
3027 2939 3299 2994 Pithmani
3326 2940 3655 2995 colleCIione

2052 3008 2284 3076 primum
2310 3008 2498 3063 Jacobi
2521 3008 2804 3064 Sirmnndi
2833 3026 2998 3079 opera
3030 3010 3160 3066 editi
3201 3022 3330 3065 sunt
3361 3020 3659 3080 sequentes

2051 3094 2315 3152 canones.
2343 3080 2451 3135 Eos
2480 3080 2598 3145 ille,
2622 3082 2748 3151 quia
2778 3096 2888 3152 quo
2918 3092 3165 3150 tempore
3193 3082 3402 3138 conditi
3428 3082 3652 3144 fuerint,

2054 3150 2471 3217 deprehendere
2526 3150 2678 3207 certo
2731 3150 2835 3206 non
2897 3154 3109 3217 valuit,
3140 3154 3207 3206 ad
3253 3154 3463 3209 calcent
3526 3153 3657 3209 to.I

2052 3221 2426 3278 Conciliorum
2457 3222 2649 3279 Gallia:
2674 3224 3003 3293 rejiciendos
3030 3225 3208 3278 duxit.
3251 3223 3357 3279 Uhi
3404 3238 3535 3277 vero
3563 3240 3657 3280 eo—

2051 3310 2172 3349 rum
2202 3295 2578 3363 antiquitatem
2623 3297 2877 3364 probavit
2908 3295 2994 3349 his
3021 3296 3227 3360 verbis,
3264 3314 3283 3348 t
3318 3293 3658 3363 Antiquissi-

2048 3380 2170 3419 mos
2202 3380 2424 3433 prorsus
2452 3380 2576 3421 esse
2610 3377 2725 3420 tum
2752 3367 3152 3432 exemplarium
3186 3374 3430 3421 vetustas
3461 3367 3652 3431 docet,

2051 3446 2165 3491 tum
2191 3438 2305 3505 ipsa
2335 3438 2596 3499 maxime,
2624 3454 2746 3507 qua:
2768 3439 2961 3507 priscis
2988 3437 3251 3493 Ecclesia:
3277 3439 3499 3492 sreculis
3523 3452 3656 3492 con-

2046 3518 2271 3579 gruunt,
2304 3508 2650 3580 decretorum
2697 3520 3021 3580 argumenta
3071 3509 3431 3573 conﬁrmant;
3476 3528 3494 3560 s
3533 3509 3652 3578 ipse

2046 3582 2265 3634 demum
2293 3594 2450 3634 suam
2484 3579 2554 3635 de
2610 3579 2830 3635 illorum
2873 3591 3098 3635 auctore
3143 3582 3521 3649 conjecturam
3572 3580 3654 3634 sic

2047 3651 2331 3721 proponit:
2395 3669 2412 3703 t
2451 3651 2518 3705 Et
2588 3652 2937 3707 decretorum
2996 3663 3179 3707 autem
3228 3662 3285 3707 et
3338 3652 3653 3721 scriptionis

2048 3722 2223 3777 fortna
2250 3738 2359 3777 non
2406 3722 2667 3776 abhorret
2708 3723 2776 3776 ab
2821 3724 3078 3790 epistolis
3125 3723 3427 3778 Innocentii
3476 3738 3649 3792 pztptt‘.

2048 3794 2229 3863 Quare
2252 3808 2359 3848 non
2394 3795 2572 3848 inanis
2598 3794 2830 3865 fortasse
2858 3795 3046 3865 opinio
3079 3794 3242 3848 fuerit
3265 3836 3279 3859 ,
3326 3795 3372 3865 si
3401 3797 3524 3864 quis
3547 3797 3645 3847 lto-

2050 3882 2171 3919 rutn
2202 3875 2479 3920 auctorem
2528 3864 2679 3920 illum
2727 3864 2896 3920 fuisse
2936 3866 3220 3934 conjiciat.
3260 3884 3282 3917 ι
3318 3864 3468 3919 Hane
3515 3866 3651 3919 tanti

2050 3936 2154 3991 viri
2186 3936 2558 4005 conjecturam
2587 3946 2810 3991 secutus
2853 3936 3126 4001 Labhens,
3161 3951 3401 3990 canones
3430 3936 3650 3990 eosdem

2052 4007 2355 4063 Innocentii
2384 4007 2634 4076 epistolis
2663 4008 2871 4077 primus
2893 4006 3242 4077 subjecit.Ita
3266 4007 3432 4062 etiam
3463 4008 3645 4069 nobis,

2050 4094 2175 4133 cum
2205 4094 2303 4134 eos
2345 4080 2569 4136 omnino
2616 4081 2897 4149 praeterire
2953 4078 3177 4133 tnittitne
3205 4080 3369 4134 liceat
3404 4118 3418 4143 ,
3472 4078 3652 4133 nullus

2049 4152 2217 4221 prima
2253 4149 2435 4205 fronte
2463 4151 2805 4206 commodior
2828 4152 2977 4206 visus
3001 4162 3123 4206 erat
3155 4150 3315 4205 locus
3337 4191 3352 4217 ,
3382 4164 3491 4221 quo
3522 4149 3649 4207 illos

2047 4221 2311 4277 exhibere
2340 4223 2668 4277 valeremus.

2119 4291 2182 4346 II.
2213 4291 2413 4348 Eorum
2433 4305 2698 4348 auctorem
2720 4291 2891 4349 Leone
2909 4292 3251 4361 antiquiorem
3276 4309 3483 4347 esse.——
3503 4292 3647 4349 Sane

341 4494 609 4571 @gyptiis
654 4496 949 4571 episcOpis,
1013 4498 1307 4555 commissa
1368 4498 1639 4571 censenda
1707 4509 1812 4571 est.
1867 4502 1937 4555 At
1964 4501 2017 4561 D
2041 4499 2282 4570 episcopi
2311 4498 2508 4571 Illyrici
2543 4498 2784 4571 Bonoso,
2816 4498 2991 4571 donec
3018 4510 3239 4571 causam
3264 4496 3410 4571 illius
3428 4496 3643 4571 plenius

341 4567 702 4641 Theophilum
744 4568 817 4622 ita
860 4569 1160 4639 alloquitur
1196 4570 1520 4626 Ambrosius
1557 4572 1718 4641 epist.
1745 4570 1835 4635 56,
1881 4581 1941 4626 ttt

341 4640 443 4712 ipsi
466 4654 534 4712 ac
558 4640 721 4712 sociis
740 4655 969 4695 examen
996 4644 1175 4709 potius
1195 4657 1356 4711 quam
1382 4640 1752 4697 decretorium
1791 4642 1939 4712 judi-

338 4710 482 4766 cium
505 4710 811 4783 delegatutn
838 4712 1007 4766 fuisse
1029 4710 1249 4766 indit-et.
1276 4713 1401 4768 11ωο
1444 4728 1609 4783 porro
1653 4710 1805 4769 inter'
1833 4714 1937 4768 alia

338 4786 389 4837 ei
421 4781 610 4836 scribit
642 4800 654 4834 :
688 4782 827 4837 Sane
874 4783 1200 4850 referendum
1247 4781 1561 4839 arbitramur
1588 4786 1655 4839 ad
1707 4795 1942 4839 sanctum

340 4858 553 4922 fratrem
580 4863 813 4926 nostrum
853 4852 1102 4908 Romana:
1144 4858 1456 4910 sacerdotem
1504 4857 1765 4921 ecclesiis;
1813 4873 1944 4926 quo-

338 4925 869 4999 niumprtcsumimus
912 4942 970 4979 ea
1000 4937 1048 4979 le
1086 4926 1483 4999 judicaturum,
1512 4944 1627 4995 qua:
1667 4925 1832 4981 etiam
1866 4926 1944 4980 illi

340 4996 611 5060 displicere
656 4996 1237 5069 neqttea_nt....iut'cum
1281 4999 1335 5051 id
1377 5013 1574 5069 gestum
1603 5016 1710 5054 esse
1754 5016 1945 5069 cogno-

340 5069 558 5121 verimus
586 5065 965 5135 quod'ecclesia
1003 5068 1237 5123 Romana
1280 5065 1423 5123 haud
1452 5070 1603 5125 dubie
1641 5065 1944 5138 comproba-

336 5140 485 5211 tterit,
520 5138 623 5211 freti
646 5145 872 5208 fructum
919 5139 1215 5211 Itujnsmodi
1263 5157 1518 5197 EXAIINIS
1564 5142 1937 5211 adipiscamur.

336 5209 876 5283 Certelnnocentius
903 5209 1129 5281 epistola
1161 5212 1213 5273 1.
1242 5212 1307 5266 ad
1340 5212 1603 5283 Anysinm
1625 5209 1746 5277 ,ita
1774 5230 1834 5267 se
1860 5212 1937 5266 illi

336 5283 403 5336 ad
431 5282 787 5356 imitationem
818 5282 1028 5337 Damasi
1069 5298 1133 5337 ac
1169 5283 1349 5356 Siricii
1373 5327 1389 5349 ,
1412 5286 1587 5339 omnia
1607 5302 1723 5356 qua:
1752 5286 1805 5339 in
1834 5283 1939 5339 illis

338 5353 569 5423 partibus
594 5362 921 5426 gererentur.
956 5355 1312 5426 cegnoscenda
1366 5356 1573 5411 tradere
1620 5353 1887 5426 significat
1917 5396 1932 5419 ,

338 5434 396 5498 ut
423 5438 487 5498 ea
513 5426 606 5498 vel
627 5424 693 5476 ab
725 5424 847 5491 ipso
872 5424 1154 5498 finiantur,
1186 5426 1271 5481 vel
1317 5426 1362 5479 si
1392 5442 1499 5481 non
1531 5424 1837 5498 potuissent
1877 5426 1938 5480 ﬁ-

340 5494 463 5557 niri,
494 5494 638 5549 sedis
677 5494 989 5566 apostolica:
1009 5496 1216 5566 judicio
1234 5539 1249 5558 ,
1274 5512 1345 5552 eo
1371 5494 1675 5561 referente,
1704 5512 1938 5553 serven-

339 5576 463 5640 tu_r._
477 5565 934 5640 quemadmodum
966 5565 1023 5623 et
1046 5584 1112 5623 ex
1141 5568 1387 5640 ejusdem
1419 5584 1574 5640 papze
1608 5569 1837 5639 epistola
1879 5569 1934 5637 9,

335 5635 403 5690 ad
429 5634 644 5702 Rufum,
670 5635 951 5695 discimus.

412 5710 439 5740 ⁸
466 5706 863 5785 supplendum.
894 5726 963 5785 an
1000 5710 1209 5785 deberet
1240 5753 1253 5777 ,
1281 5714 1367 5785 vel
1415 5711 1790 5785 quidsimile.
1837 5711 1936 5768 Hie

338 5775 514 5836 notari
548 5775 770 5837 'videtur
800 5776 1120 5851 praecedens
1172 5775 1449 5854 quoddam
1481 5784 1748 5854 judicium
1775 5826 1789 5851 ,
1826 5800 1935 5855 quo

2043 4568 2462 4640 cognovissent,
2510 4569 2742 4623 ecclesia
2774 4584 2869 4623 sna
2909 4568 3327 4635 interdicentes,
3360 4568 3481 4638 ejus
3507 4570 3649 4639 regi-

2046 4658 2170 4696 men
2204 4642 2374 4696 Basso
2397 4655 2460 4693 ac
2488 4640 2781 4695 Senecioni
2812 4640 3209 4695 commiserint.

2116 4712 2145 4752 ι)
2180 4711 2257 4766 Ita
2293 4711 2536 4767 Holsten.
2571 4714 2639 4766 At
2668 4711 2809 4779 apud
2838 4715 3121 4775 Ambros.,
3147 4711 3385 4767 seminis.

2124 4796 2144 4822 ε
2173 4782 2329 4853 Apud
2376 4782 2621 4837 Holsten.
2651 4825 2665 4848 ,
2694 4784 2745 4836 in
2776 4798 2946 4836 suam.
2995 4782 3219 4838 Rectius
3266 4782 3321 4836 in
3364 4798 3463 4837 sua
3502 4783 3644 4853 apud

2049 4854 2441 4919 Ambrosium,
2471 4855 2564 4922 qtti
2596 4869 2695 4909 nec
2731 4853 2893 4912 aliter
2935 4856 3077 4909 hunc
3131 4855 3311 4909 locum
3357 4855 3474 4923 ipse
3516 4855 3649 4918 legit

2052 4939 2167 4982 tum
2199 4926 2293 4980 lih.
2344 4925 2577 4980 Exltort.
2623 4926 2819 4991 virgin.
2862 4940 2915 4981 c.
2959 4925 3013 4988 5,
3047 4942 3101 4980 tt.
3133 4926 3204 4981 53
3232 4968 3247 4991 ,
3297 4936 3406 4979 tutn
3436 4924 3532 4979 lib.
3575 4926 3646 4981 de

2047 4998 2223 5053 Instit.
2250 4998 2388 5065 virg.
2421 5012 2473 5051 c.
2502 4997 2555 5054 7.
2588 5014 2641 5051 n.
2666 4997 2777 5055 18.
2826 4997 2916 5051 ubi
2963 5009 3016 5051 et
3067 4999 3214 5051 itlutn
3249 4996 3330 5052 sic
3372 4994 3644 5065 explicat:

2051 5069 2175 5124 Non
2198 5064 2375 5139 utique
2405 5067 2642 5122 Christus
2692 5070 2912 5139 faciebat
2955 5069 3272 5130 divortium,
3326 5083 3427 5120 non
3470 5064 3645 5139 Maria

2051 5086 2250 5124 nonut
2311 5086 2375 5122 ue
2405 5086 2642 5122 euristus
2692 5086 2912 5139 jaciecat
2955 5086 3272 5130 atvornum,
3326 5086 3427 5120 non
3470 5086 3640 5120 maria

2043 5086 2366 5208 relinquant
2392 5140 2579 5192 virum.
2614 5139 2721 5194 Sed
2752 5156 2868 5219 cum
2894 5156 2994 5219 quo
3022 5142 3165 5219 virgo
3194 5136 3640 5219 nant'ritnsdcbe-

2045 5214 2152 5276 bat,
2185 5228 2339 5283 quam
2363 5228 2478 5265 cum
2506 5227 2584 5272 co,
2601 5228 2750 5282 quem
2774 5213 2868 5280 lilii
2898 5211 3174 5277 Ita'redem,
3200 5211 3511 5280 integritatis
3542 5211 3641 5263 sci-

2044 5295 2119 5339 ret
2146 5300 2257 5339 esse
2280 5283 2587 5338 custodem?

2114 5356 2143 5397 ἀ
2168 5354 2510 5411 Sardicensis
2548 5354 2822 5421 videlicet,
2865 5370 2984 5422 qum
3015 5353 3231 5408 Bonoso
3261 5351 3439 5406 fuerat
3475 5352 3643 5405 inter-

2041 5426 2209 5481 dicta.
2235 5427 2466 5481 Senecio
2494 5435 2673 5479 autem
2705 5425 2792 5480 hic
2820 5437 3170 5479 memoratus.
3198 5424 3339 5478 forte
3370 5425 3415 5477 is
3442 5422 3608 5476 fuerit
3626 5464 3640 5485 ,

2039 5513 2202 5567 quem
2240 5497 2592 5553 Innocentius
2617 5496 2778 5565 epist.
2816 5495 2883 5550 13
2912 5538 2928 5562 ,
2959 5496 3023 5550 ad
3078 5495 3319 5558 Rufum,
3353 5494 3541 5567 laudat
3585 5504 3645 5547 ut

2040 5566 2271 5625 summa:
2312 5567 2640 5623 maturitatis
2679 5568 2877 5621 virum.
2929 5567 3202 5623 llabetntts
3260 5576 3317 5622 et
3352 5566 3641 5632 epismlatu

2035 5639 2312 5696 Caelestini
2344 5641 2409 5694 ad
2439 5639 2732 5707 episcopos
2764 5638 2982 5711 Illyrici,
3016 5639 3159 5697 inter
3186 5654 3325 5712 quos
3370 5637 3635 5694 Senecio-

2040 5712 2123 5770 nis
2156 5728 2353 5770 nomen
2387 5720 2733 5767 recensetur.
