4120 6186
512 205 650 264 H79

1764 209 2007 268 SANGTI
2048 209 2272 268 SIRICﬂ
2313 210 2516 268 ΡΛῬᾸΞ

507 322 853 378 manifestum
905 335 983 379 est
1042 327 1261 381 decreta
1315 339 1412 383 seu
1473 341 1732 393 responsa
1789 341 1911 380 esse
1949 325 2095 380 sedis
2125 327 2406 390 Aealcem
2439 328 2766 396 scriptorum
2795 327 2956 393 huius
3007 325 3322 394 pontiﬁcis,
3363 326 3542 382 donec
3596 328 3812 382 certius

511 396 852 464 :qin‘tolieae,
879 407 1007 463 'qurc
1041 401 1191 466 prius
1232 414 1259 451 a
1304 396 1474 452 Gallis
1526 399 1801 468 epiSt-opis
1848 399 2095 452 con-«ulta

507 467 704 538 luerit;
731 479 906 534 emine
923 470 1167 535 paetoad
1194 480 1439 524 noStrum
1465 467 1777 523 institutum
1797 471 2099 538 pertinere.

515 536 717 609 Deinde
748 553 846 591 nec
884 539 1012 593 illud
1045 547 1349 595 incertum.
1383 540 1684 595 Romanum
1728 536 1879 595 illum
1925 541 2106 609 ponti»

513 605 670 660 licem
699 650 712 667 .
742 623 770 661 ιι
799 625 906 676 quo
936 613 1254 674 prodierunt
1284 654 1298 676 ,
1332 610 1515 667 Leone
1547 629 1671 667 esse
1711 605 2100 677 antiquiorem.

515 678 668 732 Tunc
703 681 868 738 enim.
905 693 959 736 ιιι
991 700 1055 738 ex
1090 699 1317 737 numero
1341 685 1374 738 5
1399 686 1595 753 liquet,
1627 685 1834 738 conditi
1881 692 2007 738 sunt
2049 683 2101 736 hi

509 763 753 804 canones
783 793 798 815 ,
845 765 968 806 ctrm
1027 755 1270 808 Romana
1317 755 1556 810 Ecclesia
1605 757 1750 809 solos
1799 769 1830 810 e
1886 754 2104 809 clericis

514 821 831 895 episcopos,
861 828 1211 895 presbyteros
1247 838 1411 893 atque
1455 828 1719 882 diaconos
1752 827 2104 880 continenti-te

515 891 634 967 lege
656 891 1077 966 cuti5triiigere't.
1108 899 1269 966 Atqui
1299 891 1500 953 Leuitis
1531 899 1887 967 temporibus,
1919 897 2102 952 Leone

518 964 636 1030 ipso
667 973 806 1020 teste
834 964 995 1032 epist.
1030 970 1117 1034 Ib,
1144 964 1209 1024 ad
1242 968 1610 1032 Anastasinm,
1642 964 1697 1023 ιι.
1732 969 1794 1034 7,
1822 987 1840 1020 ι
1877 985 1945 1023 ne
1977 968 2106 1023 sub-

517 1035 759 1107 tliacanis
780 1039 999 1107 quidem
1040 1042 1373 1094 connubiuni
1425 1043 1642 1094 carnale
1689 1041 2030 1095 conceditur.
2076 1058 2094 1091 ι

518 1105 687 1181 lonno
732 1105 839 1163 istc
865 1125 1003 1180 papa
1051 1113 1170 1166 loco
1201 1115 1366 1165 citato
1412 1112 1492 1165 sic
1526 1113 1774 1181 loquitur
1801 1153 1816 1175 ,
1847 1120 1908 1165 ut
1927 1110 2106 1164 conti-

519 1179 717 1253 nentia:
748 1179 1199 1240 subdiacouorutn
1221 1183 1390 1252 legem
1415 1198 1520 1238 u0n
1551 1179 1678 1252 ipse
1700 1187 1908 1253 primus
1935 1185 2102 1246 ferre,

518 1247 613 1324 sed
641 1253 706 1302 ah
735 1253 1048 1324 aliisilatam
1076 1269 1128 1308 et
1165 1247 1398 1322 usu'jatn
1453 1247 1727 1324 receptam
1777 1255 1993 1308 ﬁrmare
2023 1253 2105 1306 iu-

521 1321 816 1394 b-lligatur.
839 1323 907 1376 Et
929 1325 1144 1394 quidem
1173 1326 1227 1380 in
1251 1321 1452 1379 Codice
1475 1321 1596 1380 can;
1621 1325 1772 1380 Eccl.
1800 1324 1938 1380 Afri.
1972 1339 2020 1380 c.
2047 1325 2101 1387 4,

522 1391 811 1466 faustinus
835 1391 1138 1466 Potentiam
1165 1397 1426 1452 Ecclesiae
1442 1400 1754 1466 episcopus,
1779 1412 1844 1450 ac
1869 1397 2100 1462 primum

523 1463 780 1536 Boniltcii
824 1465 1185 1536 Itleiudequc
1214 1469 1496 1524 Caelestiui
1550 1463 1758 1536 legatus
1789 1511 1801 1532 ,
1847 1468 2104 1524 Al’ricauo

522 1535 573 1588 in
603 1537 838 1592 cuncilio
870 1538 1074 1593 dixisse
1101 1535 1473 1593 memoratur:
1511 1561 1528 1591 ι
1568 1535 1745 1594 Placet
1786 1549 1843 1592 Ill
1883 1541 2100 1605 cpisco-

522 1619 653 1675 pus,
697 1612 979 1680 presbyter
1030 1621 1085 1665 et
1136 1611 1437 1677 diaconus,
1475 1613 1559 1666 vel
1612 1613 1702 1681 qui
1755 1619 2100 1664 sacramenta

519 1686 884 1743 contrectant,
915 1681 1190 1749 pudicitiae
1221 1683 1475 1736 custodes
1507 1685 1572 1736 ab
1605 1684 1866 1737 nitoribus
1895 1696 1954 1735 se
1988 1682 2104 1734 abs-

2208 399 2334 467 qnid
2364 397 2642 466 aﬂ‘ulgvret
2664 441 2680 462 ,
2712 415 2821 453 non
2863 409 3166 467 pra-nman
3213 398 3332 467 ejus
3381 399 3603 454 nomine
3627 441 3643 462 ,
3670 398 3810 467 reji~

2209 471 2434 526 ciendos
2457 471 2806 524 dnxera‘mus.
2839 469 3041 524 Verum
3066 469 3153 523 ubi
3205 471 3270 523 ad
3303 469 3644 539 singulorum
3679 486 3812 524 exa-

2205 551 2332 595 nteu
2382 543 2659 604 venimus,
2707 550 2822 596 tam
2871 543 3040 595 multa
3099 543 3406 610 reperimus
3437 557 3557 604 qum
3606 540 3810 596 Sit-icio

2209 612 2526 680 specialiter
2551 623 2892 681 conﬂuant,
2924 621 2984 666 ut
3008 613 3085 666 illi
3117 613 3216 668 hos
3263 615 3447 682 negari
3487 629 3594 668 non
3635 627 3805 682 posse

2211 698 2435 753 prorsus
2470 684 2622 738 nobis
2654 699 2970 753 persuasum
3011 683 3196 740 fuerit.
3251 685 3433 739 Primo
3461 685 3687 754 quidem
3727 685 3810 739 his

2208 755 2512 809 canonibus
2552 756 2903 827 tratlitionum
2959 754 3399 820 commendatio,
3447 756 3812 827 quemadmo-

2208 827 2335 880 dum
2363 828 2414 879 in
2443 827 2671 896 epistola
2695 827 2729 881 6
2766 826 2945 881 Siricii
2973 869 2985 889 ,
3017 827 3365 895 pra-mittitur
3394 870 3408 890 ,
3439 826 3490 881 et
3539 829 3811 882 adversus

2207 912 2323 961 eos,
2353 901 2444 967 qui
2477 912 2644 951 novas
2687 898 2954 952 inducunt
2981 899 3396 952 observationes
3430 940 3444 962 ,
3493 899 3639 953 idem
3671 899 3812 952 Mot-

2211 968 2333 1022 ιιι(ιεί
2365 985 2411 1024 v.
2446 970 2499 1027 9.
2535 969 2685 1024 locus
2716 971 3003 1040 utrobique
3034 971 3342 1023 adhibetur.
3388 971 3591 1026 Deinde
3641 980 3704 1024 ut
3755 970 3809 1025 in

2207 1041 2434 1109 cpistola
2470 1057 2498 1094 v
2525 1082 2538 1106 ,
2569 1059 2622 1094 ιι.
2659 1057 2713 1106 ι,
2769 1058 2981 1094 rursum
3022 1043 3252 1095 Siricius
3293 1041 3613 1097 traditiones
3651 1056 3810 1094 com-

2201 1112 2493 1175 inendans,
2525 1125 2720 1166 se‘n'on
2752 1125 2881 1166 nava
2897 1121 3158 1181 prwccpttz
3202 1114 3511 1180 impenere,
3550 1112 3647 1166 sed
3688 1121 3808 1181 qua:

2205 1185 2494 1250 apostolica
2523 1195 2571 1238 et
2601 1195 2806 1252 panum
2831 1184 3197 1237 wnotitutioue
3241 1194 3358 1237 sunt
3383 1189 3662 1238 constituta
3711 1187 3808 1238 lir-

2209 1269 2358 1308 tnare
2382 1256 2700 1324 profitetur;
2735 1256 2808 1308 ita
2841 1255 2953 1308 illic
2983 1256 3204 1324 singulis
3235 1257 3666 1326 prepositionibu:
3687 1271 3804 1310 non

2207 1326 2628 1396 consﬁtutiones
2658 1341 2808 1379 nova!
2836 1366 2852 1390 ,
2885 1327 2978 1379 sed
3037 1329 3280 1396 antiqute
3330 1328 3633 1380 traditiones
3682 1330 3807 1380 red-

2207 1393 2386 1450 denda
2410 1395 2686 1452 dicuntur.
2717 1397 2902 1451 Tertio
2930 1393 3236 1452 locutiones
3281 1399 3332 1452 in
3379 1398 3462 1451 his
3492 1398 3803 1452 caminibus

2205 1466 2503 1521 identidem
2551 1468 3036 1538 deprehenduntur
3079 1468 3279 1524 Siricio
3338 1469 3683 1538 pecoliares,
3745 1478 3803 1523 ut

2207 1554 2311 1606 qua
2335 1540 2400 1592 de
2426 1556 2482 1591 re
2513 1556 2611 1608 pro
2633 1556 2827 1607 quare;
2855 1541 3156 1610 rclurrissimi
3204 1556 3329 1595 cum
3371 1541 3628 1610 adjuncto
3667 1542 3804 1594 mihi

2212 1625 2310 1680 pro
2350 1611 2582 1676 simplici
2635 1625 2766 1664 voce
2813 1609 3153 1677 charissimi;
3204 1609 3444 1665 remissio
3472 1622 3800 1679 peccatorum

2211 1697 2307 1745 pro
2334 1680 2605 1747 baptismo.
2639 1683 2914 1736 Przeterca
2942 1681 3173 1737 Siricius
3205 1682 3270 1737 ad
3302 1683 3597 1737 servandas
3625 1683 3800 1736 tradi-

521 1751 751 1824 t_iuea_tnt,
789 1770 808 1802 ι
839 1741 1047 1824 Quibus
1074 1756 1256 1808 Verbis
1285 1756 1326 1808 si
1351 1753 1708 1823 adjungatuns
1732 1756 1831 1807 ista
1860 1753 2100 1820 ejusdem
2135 1741 2181 1800 Β
2211 1741 2385 1807 tiones
2403 1741 2688 1809 'monendo
2707 1762 2770 1808 et
2789 1753 3033 1822 rogando
3053 1755 3232 1820 potius
3251 1769 3408 1824 quam
3430 1753 3804 1823 praecipiendo

521 1818 736 1891 (Indicis
759 1836 881 1888 cap.
915 1823 1016 1879 25:
1053 1843 1072 1876 ι
1112 1825 1318 1879 Placuit
1341 1818 1482 1891 quod
1509 1818 1564 1881 et
1612 1827 1663 1879 in
1713 1818 1948 1880 diversis
1976 1839 2106 1876 con-

521 1890 663 1944 ciliis
689 1886 955 1948 ﬁrmatum
979 1906 1084 1961 est,
1111 1909 1164 1949 ut
1188 1886 1528 1957 subdiaconi,
1555 1898 1646 1966 qui
1674 1912 1825 1950 sacra
1850 1894 2106 1966 mysteria

523 1972 969 2042 eunti-octauum
1014 1969 1226 2042 diaconi
1284 1978 1338 2021 et
1381 1964 1717 2042 presbyteri,
1748 1970 1860 2042 sed
1893 1964 1948 2021 et
1993 1964 2110 2034 epi-

525 2036 694 2109 scopi.
721 2041 1017 2092 secundum
1047 2039 1231 2109 priora
1259 2036 1480 2103 statuta,
1510 2036 1579 2094 ab
1603 2040 1864 2094 uxoribus
1892 2054 1950 2090 se
1977 2053 2111 2091 cou-

527 2107 733 2180 tineant
761 2123 775 2171 ;
811 2129 831 2159 ι
863 2113 1026 2180 etiam
1053 2107 1423 2165 subdiaconus
1452 2113 1805 2166 continentia:
1827 2112 1943 2180 lege
1971 2109 2110 2162 obli-

523 2179 733 2248 gandus
759 2193 883 2235 esse
937 2173 1231 2236 Faustinus
1269 2199 1334 2236 ex
1379 2181 1638 2236 Romana:
1678 2173 1934 2236 Ecclesﬁe
1981 2196 2111 2250 prae-

526 2251 734 2318 seripto
761 2265 824 2305 ac
852 2263 1006 2308 more
1035 2255 1315 2308 censuisse
1337 2255 1627 2309 videbitur.
1647 2253 2106 2307 DiSsimulandutn

528 2330 706 2374 tamen
734 2337 840 2378 non
872 2333 977 2388 est,
1008 2328 1058 2378 in
1085 2339 1295 2379 canone
1331 2326 1364 2379 5
1388 2324 1837 2393 Carthagineusis
1866 2339 1898 2377 v
1928 2323 2112 2377 Conci-

531 2393 625 2455 lii,
666 2395 808 2466 unde
871 2395 1116 2462 proxima
1171 2396 1329 2449 verba
1390 2399 1442 2450 in
1493 2396 1748 2451 Codicem
1790 2394 2110 2466 prosilit-tum

527 2464 782 2516 translata
811 2477 960 2531 snnt,
991 2468 1194 2518 nullam
1227 2466 1686 2520 subdiaconoruni
1729 2464 1843 2519 ﬁeri
1879 2465 2112 2519 mentio-

528 2549 649 2588 nem
669 2575 684 2598 ,
719 2535 813 2588 sed
841 2539 1165 2604 simpliciter
1190 2537 1406 2590 haberi:
1439 2557 1457 2589 ι
1504 2538 1713 2593 Placuit
1741 2536 2031 2605 episcopos
2055 2544 2110 2589 ct

527 2608 872 2680 presbyteros
922 2623 976 2663 et
1023 2609 1317 2674 diaconos,
1365 2608 1666 2664 secundum
1725 2610 1938 2680 propria
1999 2607 2111 2678 (aut

527 2678 726 2749 prima)
774 2688 974 2736 statuta
1023 2683 1192 2736 etiam
1239 2684 1305 2733 ab
1337 2683 1598 2735 uxoribus
1643 2695 1701 2734 se
1749 2678 2053 2734 Continere.
2085 2695 2104 2729 ›

530 2747 598 2804 Ut
627 2759 682 2804 ut
705 2747 819 2816 est,
867 2754 1058 2808 saltem
1099 2753 1462 2807 indubitatum
1513 2750 1958 2821 manet,Leouis
1995 2764 2112 2804 (evo

526 2823 747 2876 minime
772 2838 1092 2880 concessum
1119 2841 1244 2878 esse
1275 2826 1628 2879 subdiaconus
1656 2826 1882 2878 carnale
1921 2821 2112 2889 conjm

525 2893 688 2965 gium.
728 2895 861 2961 Ipsis
887 2898 1054 2951 etiam
1085 2896 1257 2953 Gallis
1284 2913 1402 2950 eam
1449 2899 1655 2965 legem,
1697 2911 1800 2963 qua
1827 2895 2112 2963 presbyte-

526 2963 621 3026 ris,
654 2967 900 3022 ιιιιιοοιιίε
928 2984 992 3022 ac
1038 2967 1396 3022 subdiaconis
1429 2963 1625 3022 uxores
1671 2965 1906 3021 ducendi
1940 2966 2109 3018 licen—

527 3033 597 3086 tia
631 3049 878 3105 negatur,
913 3042 1115 3094 sa-cnlo
1144 3055 1173 3091 v
1203 3054 1266 3092 ac
1312 3039 1570 3109 deinceps
1617 3040 1901 3106 probatam
1931 3045 2111 3109 atque

527 3120 626 3158 usu
659 3123 930 3176 receptam
959 3111 1144 3173 fuisse,
1168 3110 1333 3165 ﬁdem
1369 3106 1576 3166 laciunt
1601 3111 1894 3164 concilium
1931 3106 2108 3164 Vene-

527 3181 694 3251 ticum
714 3196 860 3234 anno
880 3181 988 3238 465
1011 3184 1254 3237 habitum
1277 3197 1400 3236 can.
1421 3199 1458 3236 ιι
1483 3223 1497 3246 ,
1536 3183 1847 3251 Agatheuse
1869 3193 1991 3233 can.
2011 3178 2108 3251 ξε),

525 3248 920 3307 Anrelianense
943 3271 997 3309 ιιι
1025 3271 1147 3308 can.
1180 3254 1244 3319 ‘2,
1281 3248 1673 3309 Attrcliaueiise
1715 3269 1743 3305 ν
1767 3267 1888 3306 can.
1921 3251 1976 3315 4,
2007 3250 2114 3305 Tu-

527 3337 760 3375 ronense
787 3340 823 3378 ιι
851 3343 971 3380 can.
1014 3327 1098 3387 10,
1132 3336 1186 3378 et
1213 3324 1663 3380 Antisiodorense
1689 3340 1813 3378 can.
1839 3323 1930 3378 ΞΟ.

599 3393 686 3446 III.
735 3394 971 3452 Conone:
997 3400 1117 3451 illos
1158 3399 1236 3451 vel
1266 3397 1568 3450 Innocentio
1599 3398 1673 3450 vel
1703 3395 1896 3451 Siricio
1926 3391 2114 3445 ascribi

525 3481 691 3534 posse.
725 3496 796 3506 —
823 3467 941 3523 lam
975 3486 1103 3524 vero
1129 3471 1174 3524 si
1193 3472 1468 3524 SUbﬂCSuS
1505 3484 1742 3522 canones
1779 3468 1845 3521 ad
1878 3481 1938 3520 ea
1967 3480 2116 3519 sum-

530 3551 740 3608 morum
822 3543 1172 3607 pontilicum,
1225 3544 1313 3603 qui
1367 3540 1608 3594 Leonem
1671 3545 2110 3608 pratcesserunt,

527 3607 728 3675 Scripta
755 3626 853 3666 seu
885 3613 1105 3667 decreta
1135 3615 1414 3678 exigamus
1441 3629 1454 3676 ;
1487 3627 1581 3664 eos
1613 3607 1877 3665 innnllos
1911 3609 2112 3676 magis,

527 3693 686 3746 quain
713 3686 882 3737 autin
907 3685 1299 3745 Innocentium,
1325 3686 1600 3739 autetiam
1625 3685 1677 3738 in
1695 3681 1952 3739 Siricium
1979 3693 2114 3733 oon-

529 3754 715 3806 venire
745 3756 1238 3824 deprehendetnus.
1281 3760 1442 3810 Certe
1485 3757 1624 3810 etin
1677 3756 1764 3809 his
1814 3751 2116 3824 cauonibus

529 3838 582 3876 η.
617 3824 674 3891 5,
696 3836 754 3880 et
799 3817 850 3882 iii
878 3829 1177 3884 Innocentii
1207 3828 1436 3896 epistola
1463 3827 1522 3894 2,
1551 3843 1611 3881 ιι.
1659 3825 1756 3885 1‘2.
1806 3824 1998 3878 eadem
2047 3817 2116 3876 de

528 3898 645 3966 lege
674 3903 1030 3958 continentize
1056 3900 1440 3958 sacerdotibus
1471 3910 1635 3967 atque
1675 3897 1925 3952 diaconis
1979 3908 2117 3963 pra->—

530 3974 731 4038 scripta
767 3974 1071 4030 traduntur.
1103 3973 1246 4028 Idem
1276 3975 1442 4026 etiam
1472 3970 1541 4025 de
1569 3969 1871 4034 virginibus
1922 3967 2117 4021 velatis

530 4053 620 4091 ειιιι
654 4059 724 4096 no
751 4066 758 4094 .
787 4049 975 4098 νειειὶς
1000 4062 1121 4116 qua:
1151 4059 1179 4097 a
1210 4045 1492 4112 proposito
1514 4044 1844 4116 exciderint,
1870 4048 1929 4116 _et
1953 4041 2006 4091 in
2033 4038 2115 4116 his

531 4117 832 4168 canouibus
854 4132 910 4169 n.
940 4107 1136 4179 seu,
1166 4107 1222 4170 et
1252 4107 1457 4168 iri-mox
1495 4112 1637 4167 dicta
1689 4112 1916 4179 epistola
1950 4127 2003 4160 ιι.
2054 4107 2116 4162 l5

531 4190 588 4234 et
639 4185 702 4236 Iti
734 4190 1067 4257 prtccipitur.
1121 4187 1252 4241 Item
1283 4186 1558 4257 quomodo
1606 4182 1798 4257 horum
1847 4193 2115 4257 concitum

533 4252 1054 4329 auctor’sacerdotio
1087 4252 1337 4329 indignos
1359 4256 1600 4329 iudicat,
1630 4255 1714 4329 vel
1741 4274 1761 4308 ι
1797 4252 2119 4329 qui_tuilita-

536 4329 668 4382 verit
696 4331 804 4396 jam
831 4328 1002 4386 ﬁ-lelis
1028 4325 1231 4386 militia}
1266 4325 1540 4394 sazculari,
1573 4347 1592 4380 ι
1629 4327 1712 4382 vel
1740 4345 1758 4379 ι
1789 4325 1877 4395 qui
1899 4325 1990 4395 jus
2010 4336 2119 4396 saa-

531 4399 635 4452 culi
669 4395 1063 4467 exercuerunt;
1105 4421 1123 4454 ι
1155 4404 1225 4455 ita
1261 4402 1608 4456 Innocentius
1632 4401 1796 4470 epist.
1829 4399 1885 4458 3.
1919 4414 1973 4451 ιι.
1999 4395 2032 4450 8
2063 4400 2119 4470 et

533 4470 621 4532 ιυ,
649 4475 718 4526 ad
739 4473 1028 4529 clericatus
1047 4475 1313 4528 honorem
1337 4468 1702 4527 admittendos
1731 4480 1926 4542 negat,
1955 4487 1975 4520 ι
2020 4468 2113 4542 qui

536 4553 658 4616 post
687 4556 960 4615 acceptam
989 4548 1239 4616 baptismi
1265 4545 1495 4615 gratiam
1523 4544 1579 4597 in
1611 4540 1822 4598 forensi
1849 4540 2120 4616 exercita—

537 4615 681 4667 tione
710 4612 910 4670 versati
931 4612 1075 4680 sunt,
1115 4635 1134 4670 ι
1169 4612 1310 4671 δυιῖ
1337 4621 1428 4685 qui
1461 4625 1582 4685 post
1619 4618 1946 4684 baptismum
1979 4612 2120 4685 mili:

535 4688 752 4742 laverit.
797 4705 816 4739 ι
871 4687 1105 4744 Rursum
1137 4701 1192 4743 et
1243 4683 1388 4749 quod
1431 4683 1485 4743 in
1515 4683 1706 4742 eadem
1732 4687 1962 4756 epistola
2000 4700 2057 4756 ιι.
2089 4683 2122 4737 6

535 4756 796 4812 adversus
819 4763 1111 4815 nonnullos
1127 4761 1381 4825 edicitur,
1413 4759 1505 4828 qui
1533 4755 1824 4828 episcopos
1851 4755 2042 4810 alienis
2069 4758 2122 4809 in

540 4827 796 4883 Ecclesiis
825 4833 1112 4885 ordinandi
1167 4827 1488 4899 potestatem
1534 4827 1924 4899 usurpaverant
1952 4863 1968 4895 ,
1996 4842 2120 4880 cunt

537 4899 749 4967 iisquae
797 4903 935 4955 intra
967 4921 1022 4956 η.
1058 4904 1123 4956 I8
1170 4903 1644 4972 reprehenduntur
1691 4901 1940 4971 apprime
1993 4913 2123 4953 con-

536 4975 724 5044 sentit.
758 4972 828 5026 At
859 4975 974 5030 inec
999 4983 1318 5044 argumenta
1348 4974 1664 5028 Innocentio
1699 4989 1808 5027 non
1853 4974 1924 5025 ita
1955 4983 2122 5041 pecu-

539 5043 691 5097 liaria
718 5056 866 5108 sunt,
892 5057 948 5101 ut
987 5058 1042 5101 et
1073 5043 1130 5099 in
1163 5045 1417 5102 Siricium
1464 5063 1567 5098 nou
1611 5045 1790 5098 minus
1835 5054 1959 5112 apte
1989 5057 2122 5096 cou-

538 5115 779 5170 veniant.
809 5117 1015 5189 Siquid
1041 5120 1204 5172 etiam
1250 5132 1314 5171 ex
1345 5118 1464 5172 loco
1492 5158 1507 5184 ,
1533 5132 1689 5186 quem
1717 5118 1770 5171 hi
1798 5125 2037 5189 canones
2067 5116 2121 5168 in

540 5189 838 5260 archetypo
874 5186 1116 5246 obtinent
1148 5232 1161 5255 ,
1193 5190 1467 5243 conﬁcere
1513 5189 1670 5252 licet;
1704 5203 1846 5260 cum
1887 5186 2122 5260 Telense

542 5274 638 5312 seu
669 5256 994 5328 Telcptense
1021 5264 1336 5323 Concilium,
1370 5261 1473 5314 hoc
1495 5269 1579 5313 est
1627 5259 1909 5326 epi~tolani
1941 5256 2122 5328 Siricii

541 5346 606 5380 eo
637 5329 690 5384 in
719 5327 954 5388 concilio
983 5335 1177 5389 lectam
1211 5333 1457 5402 proxime
1497 5331 1817 5402 excipiant,
1873 5327 2123 5402 nonnihil

545 5402 670 5456 inde
701 5407 960 5460 momenti
993 5400 1227 5472 accedit,
1257 5417 1366 5475 quo
1389 5417 1484 5458 eos
1511 5401 1810 5457 sel-Siricio
1840 5402 1923 5455 vel
1965 5400 2125 5454 luno-

538 5477 722 5530 cenlio
750 5479 1103 5533 ascribamus.

618 5547 703 5599 IV.
738 5550 927 5604 Siricio
948 5549 1241 5604 tribuendos
1266 5565 1392 5602 esse.
1425 5578 1495 5588 -—
1523 5546 1638 5602 Utri
1680 5560 1810 5600 vero
1837 5559 2023 5599 eorum
2041 5553 2128 5596 at-

547 5622 816 5676 tribuendi
850 5632 1064 5689 essent,
1103 5624 1336 5690 primum
1381 5621 1715 5675 eruditorum
1758 5617 1965 5686 judicio
2005 5631 2129 5684 per-

555 5694 875 5750 mis-eramus
908 5738 923 5762 ,
977 5695 1147 5750 immo
1173 5696 1298 5761 quia
1332 5692 1608 5751 Sirmondi
1642 5690 1953 5761 Labbcique
2000 5703 2127 5762 seu:

556 5763 720 5847 tentia
769 5765 822 5820 in
862 5758 1089 5846 gratiam
1142 5758 1436 5823 Innocentii
1496 5758 1875 5838 praeluserat,
1909 5775 2002 5819 cos
2056 5758 2126 5826 ad

2143 4516 2197 4576 1)

2217 1824 2476 1894 inducere
2515 1827 2676 1880 solet.
2715 1844 2734 1877 ι
2771 1824 2924 1890 Quod
2955 1841 3022 1879 ne
3054 1825 3142 1880 ﬁat
3173 1827 3336 1892 ultra,
3369 1846 3389 1878 ι
3425 1828 3601 1894 inquit
3630 1829 3801 1894 epist.

2213 1893 2268 1959 6,
2297 1911 2348 1968 ιι.
2383 1897 2435 1958 5,
2473 1915 2491 1948 ι
2529 1897 2820 1950 admoneo.
2853 1915 2871 1947 ι
2908 1897 2972 1950 Et
3000 1899 3160 1964 epist.
3191 1899 3248 1961 5,
3299 1913 3354 1951 n.
3391 1898 3460 1952 δε
3491 1893 3803 1968 (ϐοἰιιιιιιὶο

2215 1967 2354 2019 natis
2385 1975 2564 2021 autem
2597 1980 2651 2020 et
2680 1967 2990 2021 inﬁdelibus
3017 1968 3150 2021 nihil
3180 1969 3459 2022 mundum.
3490 1967 3602 2035 Qua
3648 1967 3717 2023 de
3742 1985 3804 2024 re

2213 2037 2427 2110 hortor,
2461 2054 2654 2093 moneo
2684 2081 2698 2101 ,
2735 2052 2868 2108 rogo
2893 2081 2905 2096 .
2939 2038 3180 2110 tollatur
3213 2041 3320 2094 hoc
3359 2039 3739 2110 opprobrium.
3773 2059 3796 2091 ι

2217 2108 2349 2163 lluic
2369 2120 2548 2165 autem
2574 2113 2711 2163 mori
2736 2109 2976 2164 concinit
2997 2111 3140 2180 quod
3173 2112 3228 2164 in
3253 2113 3340 2165 his
3362 2108 3664 2166 canonibus
3679 2127 3744 2166 ιι.
3765 2112 3804 2166 6

2213 2180 2497 2235 audimus:
2535 2201 2552 2232 ι
2592 2181 2982 2248 Quamobrem,
3028 2182 3158 2236 mihi
3195 2182 3501 2238 charissimi
3538 2224 3552 2247 ,
3609 2183 3806 2247 hujus-

2216 2251 2359 2325 tnodi
2393 2252 2706 2306 hominibus
2749 2252 3114 2322 coinquinatis
3145 2263 3200 2308 et
3253 2254 3561 2308 inﬁdelibus
3604 2264 3807 2325 myste-

2217 2323 2352 2394 rium
2387 2325 2478 2378 Dei
2507 2325 2731 2380 credere
2753 2341 2856 2377 non
2898 2337 3170 2392 oportere,
3204 2328 3555 2380 veneratione
3585 2323 3805 2394 religio-

2215 2393 2300 2447 nis
2332 2395 2445 2461 ipsa
2466 2395 2750 2452 suadente.
2783 2411 2981 2449 moneo.
3018 2414 3036 2448 ι
3065 2397 3201 2464 Quis
3231 2400 3394 2452 etiam
3437 2398 3488 2451 in
3528 2397 3608 2450 his
3639 2393 3805 2450 cauo-

2215 2467 2371 2520 nibus
2393 2482 2447 2519 n.
2479 2470 2532 2522 9.
2565 2469 2663 2520 irta
2695 2467 2892 2520 edicit:
2929 2485 2947 2518 ι
2987 2469 3392 2522 Catholicnrum
3423 2469 3804 2538 episc0porum

2216 2551 2375 2589 unam
2404 2539 2798 2592 confessiom-nt
2825 2555 2946 2592 esse
2962 2539 3162 2592 debere
3193 2540 3489 2608 apostolica
3514 2540 3806 2608 disciplina

2213 2611 2521 2676 Composuit
2554 2611 2698 2678 (fort.
2733 2609 3112 2680 commonuit).
3145 2611 3203 2666 Si
3236 2627 3366 2681 ergo
3397 2626 3498 2665 una
3535 2611 3670 2666 ﬁdes
3694 2622 3806 2678 est,

2215 2693 2437 2734 manere
2467 2681 2623 2735 debet
2649 2691 2704 2733 et
2738 2697 2840 2734 una
2891 2683 3138 2748 traditio,
3179 2685 3225 2736 si
3279 2697 3388 2736 una
3433 2684 3648 2736 traditio
3675 2693 3756 2736 est
3789 2725 3806 2748 ,

2217 2767 2316 2824 una
2341 2753 2498 2804 debet
2525 2753 2806 2824 disciplina
2827 2768 2926 2824 per
2947 2770 3135 2806 omnes
3155 2753 3416 2809 ecclesias
3436 2753 3750 2808 custodiri?
3783 2773 3806 2806 ο

2216 2821 2404 2876 Nonne
2436 2827 2548 2892 ipse
2581 2823 2793 2878 videtur
2823 2821 2942 2878 esse
2979 2824 3205 2880 Siricius
3237 2868 3252 2888 ,
3295 2826 3384 2895 qui
3411 2824 3598 2879 eadem
3646 2839 3815 2895 pres-

2213 2896 2328 2967 sius
2359 2896 2522 2962 epist.
2575 2896 2628 2956 6,
2675 2911 2728 2947 ιι.
2777 2896 2849 2960 5,
2894 2895 3218 2967 perstringit
3265 2900 3316 2950 in
3366 2897 3507 2950 hunc
3541 2899 3808 2953 modum:

2217 2980 2238 3015 ι
2271 2965 2513 3019 Praedico
2541 2976 2598 3019 ut
2626 2980 2786 3020 unam
2822 2967 2980 3021 ﬁdem
3011 2965 3274 3021 habentes
3303 3011 3314 3026 .
3343 2983 3510 3020 unum
3545 2969 3710 3020 etiam
3754 2967 3810 3022 ii

2216 3035 2513 3091 traditione
2565 3039 2773 3092 sentire
2829 3039 3163 3093 debeamus?
3203 3060 3221 3093 ι
3253 3039 3490 3109 Longius
3523 3051 3671 3094 esset
3692 3053 3813 3092 om-

2217 3109 2322 3168 nia,
2357 3109 2408 3161 iit
2432 3109 2629 3176 quibus
2658 3109 2713 3162 hi
2735 3125 2975 3163 canunes
2997 3118 3160 3180 atque
3192 3115 3312 3166 aliae
3342 3112 3525 3166 Stricii
3561 3109 3812 3180 epismla:

2217 3181 2580 3250 concutiunt,
2611 3180 2695 3234 hic
2717 3181 3004 3248 subjicere.
3031 3182 3204 3237 Pauca
3227 3183 3323 3236 ista
3355 3191 3812 3250 prasinonetrasse

2217 3249 2350 3302 satis
2379 3264 2479 3304 crtt
2514 3293 2527 3314 ,
2577 3268 2685 3320 quo
2716 3254 2943 3320 quisque
2995 3253 3208 3306 facilius
3240 3254 3304 3307 ad
3344 3249 3807 3322 deprehendenda

2215 3332 2412 3378 caetera
2467 3323 2706 3377 atiimunt
2761 3323 3029 3380 advertat.
3060 3328 3191 3390 Quae
3237 3334 3421 3379 autem
3478 3325 3532 3377 hi
3573 3337 3808 3378 canones

2217 3393 2472 3446 exhibent
2501 3393 2696 3451 Siricio
2721 3395 3148 3464 Innocentinque
3188 3399 3269 3451 vel
3310 3397 3362 3452 in
3403 3396 3589 3450 verbis
3640 3397 3716 3450 vel
3751 3395 3806 3448 iu

2217 3467 2503 3519 Sententiis
2526 3471 2853 3529 conittttttiia,
2888 3467 2974 3520 illa
2999 3481 3064 3522 eo
3091 3467 3284 3535 pmiori
3314 3468 3437 3536 jure
3462 3465 3527 3520 ad
3555 3467 3809 3522 Sirirtum

2215 3537 2528 3608 referuntur
2555 3569 2571 3603 -,
2604 3539 2746 3606 quod
2789 3541 2834 3590 is
2867 3536 3240 3592 Innocentium
3295 3542 3605 3604 pnrccssit,
3648 3545 3809 3608 atque

2217 3606 2362 3670 hunc
2395 3623 2587 3678 papam
2617 3611 2683 3662 ab
2707 3611 2796 3662 illo
2823 3620 3040 3663 constat
3069 3611 3234 3664 multa
3262 3626 3385 3666 esse
3409 3606 3731 3664 mutuatum.

2297 3679 2352 3730 V.
2372 3680 2448 3732 An
2463 3683 2539 3734 Itis
2554 3680 2830 3734 canonibtts
2851 3680 3530 3749 deﬁniaturquamtioiquam
3548 3679 3811 3734 Innocen-

2219 3752 2320 3803 tius
2341 3761 2410 3802 att
2435 3755 2660 3805 nondum
2685 3771 2714 3805 a
2739 3751 3018 3824 majoribus
3049 3755 3337 3822 deﬁnitam.
3355 3752 3656 3817 —Movcre
3678 3749 3812 3806 illud

2222 3834 2419 3892 posest,
2447 3825 2725 3894 quomodo
2756 3823 3072 3886 Innocentio
3091 3827 3250 3895 epist.
3281 3829 3337 3889 6,
3365 3840 3413 3878 c.
3433 3825 3482 3886 5,
3506 3825 3812 3892 qna-stione

2214 3897 2493 3961 Mmosita
2523 3913 2673 3958 super
2704 3897 2805 3960 his,
2831 3897 2917 3966 qui
2948 3908 3059 3964 post
3084 3896 3390 3964 baptismum
3418 3895 3815 3948 administrave-

2219 3976 2358 4030 runt,
2383 3978 2428 4019 et
2459 3979 2548 4020 aut
2569 3977 2822 4020 tormenta
2850 3968 2961 4020 sola
2990 3978 3348 4032 exercuerunt,
3381 3979 3462 4019 aut
3488 3968 3640 4019 etiam
3667 3967 3816 4033 capi-

2221 4039 2374 4106 talem
2415 4041 2670 4105 protulere
2710 4041 3049 4103 sententiam,
3087 4041 3418 4106 respondere
3449 4039 3690 4100 licuerit,
3741 4036 3819 4091 D’e

2219 4105 2299 4161 his
2328 4107 2460 4162 nihil
2485 4111 2700 4181 legimus
2727 4117 2756 4161 lt
2787 4110 3066 4179 majoribus
3090 4105 3381 4181 deﬁnitum,
3415 4111 3457 4164 'si
3492 4109 3687 4166 Siricio
3717 4107 3817 4181 nos

2219 4177 2580 4234 attribuannis
2602 4177 2940 4246 canonesﬁu
2969 4177 3166 4250 quibus
3187 4179 3380 4236 similis
3401 4181 3637 4248 quastio
3663 4197 3719 4233 ιι.
3749 4177 3817 4233 ιδ

2219 4251 2440 4306 delinita
2473 4252 2741 4308 videatur.
2770 4254 2826 4308 Si
2861 4266 3037 4308 tamen
3086 4255 3306 4322 propius
3351 4268 3441 4308 res
3470 4251 3817 4322 dispiciatur,

2223 4324 2273 4395 in
2327 4333 2552 4394 utraque
2601 4330 2899 4395 quwstione
2943 4342 3048 4378 non
3100 4325 3230 4378 levis
3279 4335 3362 4379 est
3405 4323 3814 4376 dissimilitudo.

2222 4394 2352 4467 Nam
2386 4397 2452 4449 de
2478 4397 2543 4451 iis
2572 4394 2662 4466 qui
2693 4397 3228 4462 administravcrunt,
3257 4398 3306 4450 itt
3340 4395 3567 4467 epistola
3596 4395 3817 4462 quidem

2225 4465 2524 4522 Innocentii
2570 4465 2747 4521 utrum
2787 4469 2852 4520 ad
2903 4469 3344 4522 communionem
3371 4465 3386 4533 ,
3415 4467 3468 4521 in
3513 4465 3594 4519 his
3635 4475 3817 4526 autem

2224 4540 2520 4592 caminibus
2557 4553 2624 4592 an
2651 4540 2813 4593 etiam
2860 4539 2925 4592 ad
2970 4540 3333 4608 episcopalem
3371 4538 3689 4608 dignitatem
3726 4540 3822 4590 ad-

2225 4610 2475 4665 utittettdi
2505 4613 2632 4671 sint,
2666 4623 2906 4680 rogatur.
2945 4611 2998 4665 Ιιι
3024 4611 3216 4665 iisdem
3248 4610 3410 4665 etiam
3441 4610 3564 4662 illos
3598 4609 3818 4662 uotiuisi

2225 4696 2344 4735 acta
2395 4681 2705 4751 paenitentia
2749 4682 3010 4737 altaribus
3063 4682 3350 4736 sociandos
3391 4681 3676 4744 docemur,
3709 4694 3818 4751 non

2227 4753 2348 4807 ideo
2391 4750 2706 4808 nominatim
2747 4755 2870 4822 quia
2917 4753 3166 4821 iudiciale
3205 4768 3405 4809 munus
3439 4750 3817 4813 exercuerim,

2226 4825 2321 4878 Sed
2353 4828 2474 4894 quia
2509 4827 2646 4880 ludis
2676 4841 2739 4878 ac
2768 4824 3094 4890 Spectaculis
3135 4824 3530 4893 superstitiosis
3559 4822 3824 4878 interfue-

2229 4899 2333 4950 rint
2361 4907 2453 4950 aut
2478 4898 2637 4951 etiam
2669 4896 3004 4966 prmiuerint.
3035 4897 3143 4950 Sed
3173 4909 3226 4949 et
3258 4913 3320 4950 ex
3351 4898 3565 4950 diversa
3594 4910 3822 4962 respou-

2226 4967 2386 5022 dcndi
2419 4969 2625 5022 ratione
2658 4969 2938 5037 utriusque
2965 4968 3153 5036 scripti
3194 4984 3298 5022 non
3331 4983 3497 5020 unum
3539 4977 3824 5020 auctorem

2224 5055 2346 5095 esse
2390 5039 2548 5094 facile
2576 5041 2834 5109 arguitur.
2887 5041 3016 5093 Nam
3053 5041 3398 5094 innocentius
3423 5037 3654 5092 delinire
3683 5037 3824 5109 nihil

2224 5113 2385 5164 audet
2411 5129 2423 5164 ε
2455 5113 2506 5166 in
2538 5111 2622 5164 his
2650 5108 2830 5165 autem
2859 5111 3161 5166 canonibus
3192 5114 3266 5165 nil
3298 5109 3626 5178 relinquitur
3669 5108 3827 5163 iude-

2225 5183 2457 5238 liuitum.

2305 5254 2386 5308 \‘I.
2433 5254 2549 5321 Qua
2593 5256 2831 5309 cautione
2857 5256 3096 5326 castigati
3125 5255 3247 5308 sint.
3273 5252 3535 5326 ——Quare
3564 5253 3689 5326 licet
3719 5252 3830 5326 iu.-

2229 5327 2394 5396 pet-ita
2425 5327 2717 5381 scribentis
2757 5339 2946 5381 manus
2985 5321 3409 5396 conscriptionis
3435 5323 3598 5389 hujus
3625 5321 3828 5377 faciem

2234 5413 2343 5452 non
2373 5412 2559 5466 parum
2591 5399 2897 5461 fiedaverit,
2933 5415 3039 5451 non
3073 5400 3142 5451 ita
3173 5397 3495 5452 detorinavit
3527 5406 3738 5450 tamen.
3775 5407 3830 5446 ut

2233 5471 2452 5540 agnosci
2494 5474 2707 5538 penitus
2751 5486 2858 5524 non
2909 5470 3104 5523 valeat.
3151 5466 3537 5540 Castigatiorcs
3579 5467 3829 5530 aulica,

2230 5539 2428 5610 quibus
2477 5543 2912 5606 emacularetur,
2959 5541 3282 5596 Sit-tuondus
3326 5539 3697 5600 desideravit;
3731 5540 3829 5592 sed

2233 5611 2426 5667 horum
2453 5629 2555 5681 ope
2583 5613 2873 5667 destitutus
2903 5613 3176 5667 abstinere
3204 5611 3412 5680 nequiit
3438 5619 3652 5671 manus,
3678 5623 3828 5678 quo-

2231 5685 2412 5740 minus
2435 5687 2693 5740 uonnulla
2721 5686 2790 5740 de
2813 5700 2914 5739 suo
2949 5693 3141 5740 sanam
3171 5684 3452 5738 niteretur.
3487 5681 3685 5735 Verum
3714 5693 3830 5734 non

2229 5757 2284 5814 in
2315 5759 2568 5818 omnibus
2607 5756 2738 5828 felix
2781 5756 2883 5814 fuit
2925 5763 3152 5824 coimus
3188 5755 3356 5813 illius.
3385 5754 3736 5827 Quapmpter
3763 5751 3831 5810 ad
