4120 6186
360 198 500 259 M85

1570 186 1931 256 ΕΡιετοιΑε
1966 188 2057 253 ET
2098 191 2448 252 DECRETA.

3515 189 3663 251 ιιιςσ

360 310 599 365 nentiam
625 308 949 379 praedicare,
990 308 1076 367 vel
1117 307 1353 365 suadere
1372 315 1583 364 castum
1615 309 1797 364 cubile
1837 324 1959 363 ser-
1988 316 2042 375 Α
2066 307 2135 362 ab
2161 307 2303 362 escis
2327 318 2544 378 quoque
2564 320 2626 362 se
2653 304 2873 377 purgari
2896 303 3121 361 volunt:
3146 312 3202 361 et
3222 317 3309 362 me
3331 304 3661 378 interrogas,

358 417 511 467 vare,
539 402 583 456 si
634 403 749 473 ipse
778 403 979 458 sarculo
1006 402 1179 473 magis
1237 400 1435 457 inslilit
1483 399 1627 455 ﬁlios
1670 415 1957 470 generare,

358 510 517 565 quam
545 494 658 549 Deo
687 494 711 547 ?
729 493 925 562 Adam,
952 495 1042 567 qui
1068 502 1400 563 praeceptum
1430 508 1538 547 non
1568 492 1963 563 servavit,eje-

354 597 474 643 ctus
502 588 647 643 foras
673 588 1007 658 paradisum,
1035 589 1211 643 caruit
1242 602 1413 658 regno
1436 585 1591 659 (Gen.
1626 603 1706 648 ιιι.
1732 588 1830 655 9.5)
1860 602 1875 652 ;
1905 593 1962 641 et

355 681 828 753 praevaricatorem
882 689 1041 751 putas
1067 695 1229 750 posse
1254 680 1322 734 ad
1348 693 1515 749 regna
1558 678 1803 734 caelestia
1835 694 1958 749 per—

356 776 545 830 venire
573 774 596 827 ?
627 774 709 828 0b
756 789 919 845 quam
974 788 1089 829 rem
1138 772 1341 827 Paulus
1371 772 1503 827 dicit
1539 788 1552 826 :
1590 770 1690 825 Vos
1712 774 1830 845 jam
1857 787 1960 825 non

357 866 478 921 estis
508 867 561 920 in
586 882 759 929 carne,
787 864 879 919 sed
922 866 973 918 in
1005 866 1193 935 spiritu
1225 864 1403 936 (Rom.
1436 880 1552 929 vm,
1578 865 1677 931 9);
1709 874 1763 919 et
1786 862 1912 917 item
1940 880 1955 917 :

357 955 427 1010 Et
451 958 541 1027 qui
556 956 741 1010 habent
771 957 1067 1023 uxores,ita
1098 957 1200 1009 sint
1220 956 1369 1027 quasi
1400 972 1500 1010 non
1526 955 1747 1009 habeant
1768 954 1811 1026 (Ι
1833 954 1955 1009 Cor.

360 1063 458 1115 vlt,
492 1048 589 1118 ‘29)
620 1049 749 1102 'lAn
779 1050 870 1119 qui
924 1050 1182 1119 populutn
1216 1049 1445 1122 (Supple
1478 1048 1577 1121 sic)
1607 1050 1878 1113 hortatur,
1904 1056 1960 1104 et

357 1143 537 1199 lcvitis
564 1154 620 1198 et
644 1142 1022 1199 sacerdotibus
1054 1142 1357 1209 blandiens,
1389 1142 1662 1198 licentiam
1694 1142 1963 1212 praeberet

356 1250 495 1307 opus
526 1235 789 1291 exhibere
816 1235 1062 1302 carnale,
1089 1233 1235 1290 idem
1264 1235 1382 1304 ipse
1412 1236 1601 1290 dicens
1630 1250 1643 1286 :
1676 1233 1743 1288 Et
1789 1234 1961 1287 carnis

356 1343 536 1383 curam
566 1344 629 1382 ne
657 1328 881 1398 feceritis
911 1328 965 1382 in
997 1328 1425 1400 concupiscentiis
1448 1326 1631 1399 (Rom.
1661 1342 1781 1391 xm,
1814 1324 1905 1396 14)
1940 1340 1956 1391 ;

356 1428 414 1478 et
441 1420 566 1476 alibi
601 1437 614 1472 :
657 1420 853 1476 Vellem
877 1430 1049 1475 autem
1080 1436 1255 1475 omnes
1282 1421 1357 1474 sic
1388 1436 1497 1474 esse
1524 1422 1656 1473 sicut
1687 1435 1765 1472 me
1788 1421 1959 1491 ipsum

359 1513 405 1586 (l
422 1512 543 1569 Cor.
566 1529 663 1581 vn,
692 1512 795 1585 7)?
820 1513 922 1582 Qui
950 1512 1155 1567 militat
1175 1512 1423 1579 Christo,
1455 1512 1547 1583 qui
1581 1513 1631 1565 in
1661 1510 1795 1567 sede
1822 1510 1960 1566 resi-

358 1609 451 1665 det
478 1609 751 1681 magistri,
780 1610 871 1681 qui
913 1608 1118 1663 militia:
1141 1607 1485 1679 disciplinam
1519 1622 1624 1662 non
1654 1615 1838 1678 potest
1864 1620 1958 1661 cu-

360 1702 613 1758 stodire‘!

432 1794 485 1850 6.
522 1794 798 1850 [dolorum
856 1795 1079 1850 cultores
1128 1794 1396 1849 dcemoniis
1427 1793 1625 1848 litaturi
1649 1836 1664 1857 ,
1695 1792 1961 1847 continen-

361 1893 486 1946 tiam
517 1892 615 1947 sibi
644 1892 985 1965 imperabant.
1023 1894 1098 1949 De
1145 1891 1228 1947 his
1254 1895 1439 1964 itaque
1474 1893 1647 1947 tribus
1681 1893 1960 1964 gradibus,

359 2000 497 2055 quos
526 1984 754 2056 legimus
782 1988 832 2039 in
857 1984 1182 2057 Scripturis,
1222 2001 1252 2040 a
1280 1986 1551 2041 ministris
1595 1986 1691 2041 Dei
1746 1985 1964 2041 mundi-

360 2081 437 2135 tia
469 2087 742 2151 prwcepta
772 2088 858 2134 est
884 2079 1192 2146 observari,
1217 2079 1725 2148 quibusnccessitas
1748 2094 1965 2150 semper

360 2172 415 2229 in
450 2182 701 2243 promptu
729 2180 835 2227 est.
866 2174 973 2226 Aut
998 2172 1143 2227 enim
1188 2171 1457 2242 baptisma
1507 2171 1833 2229 tradendum
1855 2182 1963 2238 est,

359 2274 455 2320 aut
480 2266 761 2320 ollerenda
796 2274 923 2319 sunt
953 2263 1221 2319 sacriﬁcia
1250 2263 1417 2335 (Vide
1449 2264 1609 2320 Siric.
1644 2267 1799 2337 epist.
1831 2267 1882 2329 1,
1915 2282 1962 2319 c.

361 2364 417 2429 7,
451 2374 497 2417 et
528 2361 715 2417 Innoc.
747 2378 829 2433 ep.
874 2362 943 2429 6,
996 2380 1050 2416 n.
1082 2362 1161 2432 2).
1194 2361 1469 2433 Numquid
1528 2361 1840 2418 immundus
1866 2377 1966 2417 au-

361 2472 453 2513 sus
482 2457 585 2511 erit
614 2456 994 2512 contaminare
1018 2456 1165 2527 quod
1193 2465 1443 2511 sanctum
1470 2466 1576 2523 est,
1607 2456 1825 2527 quando
1844 2472 1966 2525 qua:

363 2558 551 2605 sancta
595 2559 741 2617 sunt,
778 2548 988 2604 sanctis
1034 2559 1221 2604 saneta
1249 2549 1421 2604 sunt?
1447 2548 1695 2620 Denique
1742 2549 1843 2617 illi,
1874 2551 1965 2621 qui

365 2642 419 2697 in
454 2641 653 2712 templo
681 2640 945 2695 sacriﬁcia
976 2639 1298 2706 oll'erebant,
1321 2650 1377 2695 ut
1406 2640 1591 2695 mundi
1621 2648 1826 2705 essent,
1854 2651 1967 2695 toto

366 2750 510 2791 anno
541 2746 567 2772 ει
590 2736 643 2790 in
678 2735 900 2805 templo,
934 2735 1051 2790 solo
1075 2734 1475 2789 observationis
1500 2735 1716 2799 merito,
1752 2749 1967 2805 perma-

367 2829 591 2895 nebant,
619 2827 814 2884 domus
831 2841 958 2881 suas
992 2827 1209 2898 penitus
1231 2826 1565 2882 nescientes.
1598 2826 1761 2881 Certe
1794 2826 1967 2881 idolo-

368 2921 545 2984 latrae,
569 2928 631 2975 ut
682 2919 993 2988 impietates
1038 2928 1357 2981 exerceant,
1391 2928 1446 2973 et
1494 2917 1837 2973 daan'ionibus
1869 2917 1969 2972 im-

367 3015 595 3081 molent,
649 3014 923 3083 imperant
949 3012 1055 3068 sibi
1085 3014 1482 3068 continentiam
1535 3011 1880 3077 muliebrem,
1912 3022 1967 3067 et

2063 399 2107 454 si
2137 400 2402 455 sacerdos
2432 399 2527 454 Dei
2553 398 2695 466 veri,
2744 400 3015 469 spiritalia
3059 398 3342 455 oblaturus
3369 399 3656 466 sacriﬁcia,

2064 503 2322 564 purgatus
2365 501 2629 564 perpetuo
2677 481 2875 549 debeat
2904 507 3046 558 esse,
3097 508 3165 548 an
3200 502 3344 548 totus
3399 494 3453 548 in
3492 507 3658 548 carne

2062 590 2241 644 carnis
2270 604 2457 644 curam
2488 589 2684 645 debeat
2713 588 2897 645 facere
2923 590 2946 643 ’ἔ
2974 590 3031 645 Si
3080 589 3397 645 commixtio
3427 589 3662 661 pollutio

2062 694 2166 750 est,
2194 686 2382 755 utique
2413 685 2673 741 sacerdos
2700 694 2849 741 stare
2878 684 3042 741 debet
3065 684 3132 740 ad
3164 684 3403 741 ofﬁcium
3436 684 3664 741 caeleste

2062 786 2419 846 praeparatus,
2450 778 2544 848 qui
2587 792 2687 847 pro
2717 778 2909 834 alienis
2960 777 3199 849 peccatis
3238 788 3321 834 cst
3351 779 3655 848 postulatu-

2062 883 2191 932 rus;
2219 884 2287 923 ne
2316 869 2433 940 ipse
2472 869 2784 926 inveniatur
2815 870 3094 941 indignus.
3120 869 3256 925 Nam
3302 871 3345 925 si
3377 870 3444 925 ad
3493 871 3667 927 laicos

2061 959 2264 1015 dicitur
2292 978 2305 1013 :
2340 961 2599 1016 Abstinete
2624 980 2711 1017 vos
2754 964 2824 1017 ad
2874 974 3093 1034 tempus,
3124 973 3180 1017 ut
3211 966 3397 1019 vacetis
3444 966 3667 1021 orationi

2062 1050 2104 1122 (Ι
2139 1051 2260 1107 Cor.
2291 1069 2386 1119 vtt,
2420 1052 2499 1124 5),
2528 1065 2583 1108 et
2624 1053 2701 1108 illi
2731 1063 3004 1110 creatura:
3032 1054 3265 1125 utiqueb
3311 1058 3667 1127 generatione

2060 1146 2411 1211 deserviunt;
2445 1146 2761 1203 sacerdotes
2793 1148 2902 1203 tale
2930 1156 3161 1219 possunt
3204 1149 3409 1205 habere
3435 1164 3666 1218 nomen,

2061 1242 2316 1296 meritum
2365 1242 2575 1298 habere
2630 1256 2736 1297 non
2785 1253 3049 1313 possunt.
3072 1241 3229 1310 Quod
3284 1244 3328 1297 si
3360 1243 3432 1297 ita
3483 1252 3670 1310 est,et

2061 1344 2351 1404 permanet
2402 1334 2781 1404 pra'sumptio,
2814 1344 3031 1404 oportet
3057 1345 3081 1373 θ
3110 1337 3222 1404 jam
3278 1337 3665 1407 episcoporum

2061 1428 2145 1483 vel
2179 1428 2628 1499 presbyterorum
2654 1438 2746 1483 aut
2773 1428 3132 1483 diaconorum
3156 1428 3293 1484 disci
3322 1444 3392 1485 ne
3411 1444 3534 1485 cum
3569 1446 3669 1499 pu-

2061 1521 2402 1577 blicanorum
2432 1522 2539 1577 vita
2569 1520 2790 1577 sociari.
2816 1520 3207 1589 Quamobrem,
3235 1522 3368 1576 mihi
3399 1519 3426 1559 ά
3457 1522 3666 1579 charis-

2061 1612 2546 1685 simi,hujusmodi
2602 1614 2917 1669 hominibus
2971 1613 3335 1685 coirqttinatis
3359 1622 3415 1670 et
3438 1614 3671 1671 inﬁdeli-

1989 1700 2038 1761 B
2065 1708 2185 1773 bus,
2222 1709 2274 1763 in
2300 1708 2497 1779 quibus
2542 1707 2851 1763 sanctitudo
2906 1709 3157 1779 corporis
3212 1724 3310 1779 per
3340 1710 3584 1767 illuviem
3614 1718 3670 1766 et

2065 1801 2517 1858 incontinentiam
2545 1802 2761 1857 videtur
2792 1815 2917 1857 esse
2960 1800 3189 1871 polluta,
3214 1803 3540 1873 mysterium
3574 1802 3671 1859 Dei

2066 1894 2293 1950 credere
2318 1908 2424 1948 non
2448 1894 3090 1964 oportere,veneratione
3113 1893 3397 1965 religionis
3416 1894 3530 1965 ipsa
3544 1911 3671 1951 sua-

2067 1986 2253 2054 dente,
2285 2000 2508 2042 moneo.
2541 1986 2652 2041 Hos
2682 1985 2828 2040 enim
2855 1995 2910 2040 et
2941 1985 3247 2055 ratiojusta
3276 1986 3536 2042 secernit.
3561 1989 3672 2044 Au-

2068 2077 2218 2133 diant
2264 2088 2415 2134 certe
2457 2096 2471 2133 :
2504 2078 2761 2145 Quoniam
2810 2093 2932 2132 caro
2971 2086 3019 2131 et
3072 2079 3285 2150 sanguis
3315 2095 3531 2150 regnum
3570 2077 3670 2135 Dei

2069 2189 2173 2227 non
2206 2173 2562 2243 possidebunt,
2589 2188 2754 2244 neque
2772 2172 3039 2243 corruptio
3064 2174 3526 2247 incorruptelam(l
3544 2174 3667 2232 Cor.

2068 2279 2161 2328 xv,
2222 2262 2339 2336 50).
2392 2264 2459 2319 Et
2507 2263 2672 2319 audet
2713 2265 3000 2336 presbyter
3028 2274 3121 2320 aut
3163 2265 3427 2322 diaconus
3455 2268 3672 2323 anima-

2070 2356 2202 2413 lium
2248 2372 2402 2414 more
2458 2359 2748 2428 subjacerc
2800 2367 2823 2395 ι’
2852 2358 3240 2416 contendere?

2143 2452 2195 2504 7.
2224 2450 2361 2505 Eunt
2389 2452 2478 2523 qui
2506 2452 2681 2522 ﬁdelis
2709 2454 2896 2508 militat
2946 2453 3136 2508 saeculo
3154 2495 3169 2521 ,
3201 2455 3265 2509 ab
3288 2455 3543 2525 injustitia
3570 2472 3673 2512 non

2070 2558 2178 2597 esse
2205 2542 2507 2598 immunem.
2540 2542 2673 2598 Item
2702 2544 2772 2599 de
2812 2559 2899 2611 eo,
2924 2548 3015 2617 qui
3056 2545 3369 2601 militaverit
3389 2546 3500 2618 jam
3534 2547 3673 2605 ﬁde-

2070 2635 2139 2691 lis
2171 2635 2378 2691 militia:
2409 2637 2682 2703 steculari,
2710 2640 2908 2694 notitia
2938 2650 3025 2695 est
3072 2640 3216 2711 quod
3248 2651 3431 2697 utatur
3463 2644 3677 2713 publica

2070 2732 2345 2787 libertate.
2376 2731 2509 2798 Quis
2528 2732 2675 2788 enim
2700 2742 2879 2803 potest
2902 2733 3057 2788 illum
3086 2734 3403 2791 custodire?
3432 2738 3553 2807 quis
3575 2755 3675 2795 ne-

2069 2839 2201 2895 gare
2230 2824 2318 2879 vel
2374 2824 2711 2895 spectaculis
2763 2826 3109 2893 interfuisse,
3138 2827 3225 2884 vel
3256 2830 3500 2897 pecunia:
3527 2832 3677 2887 utili-

2072 2927 2183 2972 tate
2212 2915 2501 2987 impulsum
2526 2917 2830 2974 aviolentia
2853 2928 2907 2975 ct
2932 2918 3195 2989 iniustitia
3219 2922 3517 2980 immunem
3553 2938 3677 2981 esse

2079 3007 2095 3047 τ
2125 3024 2235 3065 non
2270 3010 2561 3080 potuisse?

370 3181 439 3236 ad
467 3178 855 3233 custodiendam
878 3177 1205 3239 viduitatem,
1228 3176 1541 3231 servandam
1562 3176 1762 3229 maritis
1786 3176 1964 3246 ﬁdem,
1993 3175 2039 3239 C
2073 3175 2175 3237 dit,
2192 3175 2303 3247 jam
2341 3176 2593 3246 episcopis
2623 3175 2701 3229 vel
2735 3175 3045 3247 presbyteris
3072 3186 3162 3230 aut
3194 3178 3426 3234 diaconis
3456 3181 3581 3247 dici,
3610 3198 3675 3239 ne

370 3269 523 3323 quam
552 3251 851 3323 ipsegpriori
890 3250 1132 3318 coniugio
1181 3265 1285 3302 non
1326 3250 1655 3323 reservaverit
1686 3250 1854 3323 :Aqnia
1888 3249 1969 3301 ni-

371 3320 570 3379 mirum
606 3321 749 3375 debet
802 3326 1201 3391 praeponderare
1224 3323 1327 3373 vita
1349 3320 1656 3384 sacerdotis,
1683 3320 1813 3372 sicut
1835 3334 1970 3390 prat-

373 3394 629 3463 ponderat
666 3394 857 3465 gratia.

447 3474 473 3502 ιι
497 3460 748 3519 Siricium
771 3465 932 3532 epist.
964 3464 1015 3529 ‘I,
1043 3479 1097 3516 ιι.
1129 3463 1184 3529 9,
1206 3464 1315 3533 jam
1345 3461 1651 3517 audivimus
1680 3462 1869 3517 eadem
1902 3460 1970 3517 de

373 3550 537 3592 causa
560 3537 639 3590 sic
660 3534 1020 3590 disserentem
1052 3553 1063 3587 :
1092 3534 1197 3589 Cur
1224 3535 1379 3587 etiam
1406 3534 1587 3604 procul
1608 3550 1639 3585 a
1667 3535 1773 3586 suis
1803 3534 1972 3587 domi-

372 3608 488 3672 bus,
510 3623 649 3660 anno
678 3606 801 3659 vicis
828 3622 957 3660 suae.
1006 3606 1055 3659 in
1088 3607 1279 3672 templo
1303 3604 1538 3658 habitare
1556 3605 1696 3676 jussi
1734 3616 1856 3659 sunt
1885 3622 1973 3658 sa-

373 3680 606 3734 cerdotes
628 3679 653 3731 ?
681 3676 793 3731 Hac
839 3677 1075 3730 videlicet
1098 3678 1319 3739 ratione,
1363 3692 1425 3729 ne
1460 3678 1537 3730 vel
1566 3692 1679 3729 cum
1727 3677 1973 3731 uxoribus

374 3759 582 3822 possent
638 3748 845 3801 carnale
901 3762 1135 3802 exercere
1165 3748 1544 3822 commercium,
1576 3757 1627 3800 ut
1650 3748 1973 3822 conscientia:

375 3817 671 3892 integritate
700 3818 1325 3893 fulgentes,‘acceptabile
1358 3819 1462 3873 Deo
1490 3834 1675 3893 munus
1704 3817 1970 3893 u/[errent.

375 3894 454 3949 Ex
479 3889 545 3948 eo
566 3893 754 3955 etiam,
781 3889 922 3959 quod
972 3890 1041 3945 de
1084 3891 1423 3946 sacerdotum
1468 3890 1751 3960 gentilium
1796 3889 1975 3944 cnnti-

377 3963 562 4019 nentia
592 3962 899 4033 subjicitur,
935 3962 1240 4033 illustratur
1288 3960 1433 4033 quod
1467 3962 1772 4033 idcmpapa
1808 3961 1975 4027 epist.

377 4036 435 4101 5,
464 4035 581 4098 n.5,
608 4030 869 4089 adversus
892 4032 1297 4087 incontinentes
1322 4031 1528 4087 Citriin
1558 4030 1834 4086 miltisll'OS
1864 4033 1976 4087 elo-

378 4107 587 4177 quitur,
612 4114 772 4177 atque
796 4110 870 4158 ait
903 4120 917 4157 :
948 4102 1302 4177 Tollaturhoc
1327 4103 1684 4177 approbrium,
1716 4103 1856 4171 quod
1882 4120 1975 4177 ροτ

381 4172 478 4231 test
500 4179 626 4249 jure
646 4172 801 4249 etiam
830 4174 1090 4249 gentilitas
1118 4190 1378 4249 accusare.
1397 4175 1467 4227 Et
1488 4174 1537 4227 id
1558 4172 1803 4249 quidem,
1832 4172 1974 4242 quod

378 4243 528 4303 nunc
548 4248 788 4317 apertius
817 4243 1451 4317 esplicat,conﬁrmatnr
1481 4254 1592 4317 tum
1613 4244 1696 4317 his
1725 4243 1979 4317 Clemen-

382 4320 455 4374 tis
499 4314 803 4374 Alexantlr.
853 4316 949 4371 lib.
979 4333 1037 4372 ιιι
1063 4316 1270 4372 Strnm.
1303 4330 1423 4385 pag.
1481 4315 1628 4385 Λάϐε
1654 4314 1756 4381 Qui
1799 4316 1976 4370 colunt

380 4390 543 4457 idola,
590 4407 622 4443 a
671 4390 797 4443 cibis
841 4398 891 4441 et
923 4404 1100 4443 venere
1144 4383 1523 4441 abstinent..."
1574 4383 1747 4457 Magis
1773 4402 1978 4456 quoque

381 4478 520 4517 cura:
549 4471 646 4525 est,
667 4462 755 4528 qui
778 4460 991 4530 angelos
1017 4459 1194 4512 colunt
1222 4468 1267 4511 et
1296 4458 1579 4522 daemones,
1603 4456 1832 4530 simula
1846 4459 1976 4530 pina

381 4545 430 4587 et
458 4526 704 4587 animatis
725 4540 774 4586 et
797 4526 945 4585 rebus
974 4530 1227 4584 abstinere
1255 4530 1515 4593 venereis;
1546 4535 1656 4582 tum
1703 4527 1820 4581 istis
1846 4526 1973 4583 Por-

383 4603 564 4677 phyrii
598 4605 690 4677 ιιι).
726 4618 779 4677 tv
817 4604 887 4677 die
908 4600 1123 4655 AhSIin.
1163 4617 1176 4653 :
1208 4598 1435 4677 Tempus
1464 4614 1607 4665 vero,
1630 4598 1772 4677 quod
1805 4603 1979 4677 requi-

382 4670 517 4730 ritur
543 4675 612 4729 ad
642 4675 1010 4743 perfectionem
1039 4688 1305 4725 sacrorum
1363 4672 1579 4743 rituum,
1630 4670 1830 4743 aliquot
1860 4671 1977 4725 die-

382 4764 499 4801 rum
527 4741 883 4816 complectitur
908 4758 1199 4816 numerum,
1239 4742 1385 4816 aliud
1430 4742 1639 4813 quidem
1669 4741 1906 4816 duorum
1932 4752 1980 4797 et

419 4812 751 4887 uadraginta,
804 4814 951 4869 aliud
991 4815 1087 4867 hoc
1114 4814 1388 4869 constituto
1422 4812 1636 4868 termino
1662 4812 1861 4887 brevius
1903 4816 1982 4868 vel

407 4884 639 4963 ongiusF;
667 4889 800 4942 inter
817 4902 946 4963 quos
990 4897 1183 4963 septem
1213 4902 1491 4963 numquam
1522 4884 1981 4963 praetermittuutur

385 4955 517 5022 dies,
547 4961 671 5031 quin
694 4955 921 5031 (omnino
956 4957 1021 5010 sit
1049 4955 1124 5031 eis
1164 4955 1459 5031 (Aigyptiis
1490 4956 1890 5031 sacerdotibus)
1919 4956 1982 5011 ab

386 5027 627 5085 animatis
648 5029 1028 5093 abstinendum,
1056 5028 1176 5082 item
1206 5030 1268 5081 ab
1296 5027 1586 5082 enmiolere
1612 5036 1659 5080 et
1682 5027 1937 5097 legumine
1961 5044 1981 5093 ;

386 5106 477 5158 sed
506 5102 735 5157 omnium
760 5101 986 5155 maxime
1013 5116 1044 5151 a
1072 5099 1439 5154 consuetudine
1470 5099 1707 5168 feminea:
1760 5099 1976 5153 veneris.

389 5173 528 5229 Vide
553 5173 755 5231 Julian.
792 5173 922 5241 imp.
977 5169 1073 5226 Or.
1103 5175 1160 5237 5,
1208 5186 1327 5240 pag.
1376 5169 1501 5226 525.
1553 5168 1661 5225 Sed
1716 5171 1799 5223 vel
1856 5171 1982 5224 hinc

387 5261 552 5300 nemo
608 5260 712 5299 non
763 5241 1192 5307 animadvertit,
1265 5251 1463 5308 quanta
1514 5243 1582 5296 sit
1646 5243 1896 5310 cpistola:
1952 5242 1977 5295 1

388 5316 610 5384 Siricii,
653 5330 866 5371 necnon
921 5314 1125 5384 quintae
1165 5318 1220 5367 et
1274 5311 1468 5368 horum
1518 5327 1789 5368 canonum
1848 5328 1983 5368 con-

386 5403 599 5443 SCDSIO.

460 5457 647 5519 1>Apntl
673 5457 779 5513 Sir.
793 5498 808 5520 .
822 5454 1461 5525 generationiJletinemu
1474 5471 1499 5509 s
1520 5469 1645 5509 cum
1660 5454 1979 5526 archetypo,

391 5533 739 5599 generatione,
781 5527 1221 5598 vocabulumque
1250 5537 1498 5581 creatura:
1547 5528 1599 5581 in
1650 5525 1815 5580 dandi
1856 5525 1985 5581 Casu

391 5602 765 5667 intelligimus.

469 5683 491 5710 ο
526 5672 600 5726 Ita
624 5671 1001 5741 archetypum,
1035 5669 1319 5741 nisiiquod
1372 5669 1424 5724 in
1455 5684 1521 5723 eo
1570 5667 1652 5741 bis
1700 5676 1878 5723 exstat
1906 5668 1989 5721 di-

393 5744 533 5807 scine
557 5759 674 5798 cum
691 5739 1106 5817 publicanorum.
1149 5740 1355 5797 Locum
1388 5744 1530 5796 hunc
1566 5739 1732 5797 Sirm.
1766 5742 1837 5794 ita
1875 5740 1991 5795 edi-

2074 3264 2188 3300 cunt
2207 3246 2597 3319 publicanorum
2613 3248 2713 3300 vita
2735 3246 3013 3322 socientur.
3042 3247 3208 3322 Magis
3220 3251 3285 3304 ad
3308 3252 3498 3322 synodi
3524 3246 3677 3310 men-

2075 3328 2183 3373 tem
2216 3334 2339 3372 eum
2374 3327 2444 3373 ita
2468 3323 2790 3394 castigatum
2831 3320 3096 3394 exhibere
3123 3320 3389 3389 licuisset,
3421 3324 3537 3394 jam
3567 3327 3676 3394 epi-

2073 3406 2386 3463 δσορονιιηι,
2435 3389 2850 3463 presbyterorum
2874 3401 2962 3463 aut
3001 3392 3340 3463 diaconorum
3394 3389 3673 3452 discrimen

2074 3460 2188 3514 cum
2204 3460 2617 3535 publicanorum
2634 3462 2737 3515 vita
2760 3462 2971 3535 sociari.
3007 3461 3122 3517 Hoc
3146 3472 3249 3525 est,
3283 3465 3327 3519 si
3374 3468 3671 3535 episcopis,

2074 3533 2408 3606 presbyteris
2444 3542 2537 3606 aut
2566 3532 2813 3606 diaconis
2867 3532 3261 3606 incontinentis
3314 3532 3673 3606 per—mittitur,

2073 3613 2289 3677 oportet
2316 3603 2506 3677 illosin
2530 3603 2723 3659 eodem
2752 3604 2965 3659 vivendi
2994 3621 3195 3677 genere
3220 3603 3343 3662 cum
3370 3603 3677 3677 publicanis

2074 3673 2292 3729 scciari.
2326 3673 2467 3729 Infra
2510 3684 2714 3737 autem,
2751 3692 2807 3730 ιι.
2850 3678 2883 3731 8
2914 3717 2930 3742 ,
2977 3673 3284 3747 publicanus
3334 3673 3569 3736 sumitur
3614 3692 3677 3738 ut

2073 3747 2286 3801 solutus
2331 3760 2361 3800 a
2412 3748 2571 3818 lege,
2620 3756 2677 3801 et
2726 3748 2776 3802 ei
2829 3748 3125 3817 opponitur
3176 3751 3268 3820 qui
3323 3752 3557 3807 observat
3603 3755 3677 3809 le-

2113 3833 2209 3873 em.

2113 3836 2209 3873 em.

2076 3836 2107 3889 g
2147 3889 2173 3924 ει
2202 3888 2307 3961 Pro
2318 3887 2496 3961 verbo
2514 3888 2828 3961 cltart'ssinti,
2856 3889 2906 3943 in
2929 3889 3229 3961 archetypo
3251 3901 3429 3947 exstat
3451 3903 3579 3951 nota
3596 3913 3674 3952 cc.

2077 3976 2239 4031 qualn
2272 3959 2597 4015 Sirmondus
2626 3970 2805 4015 contra
2850 3959 3267 4032 interpretatus,
3322 3973 3496 4019 totum
3532 3966 3679 4023 hunc

2078 4033 2259 4087 locum
2294 4041 2503 4103 mutare
2534 4043 2695 4102 atque
2726 4032 3063 4103 interpolare
3090 4044 3314 4089 coactus
3336 4048 3419 4091 est
3448 4038 3499 4092 in
3533 4037 3677 4095 hunc

2079 4104 2298 4180 modum
2325 4120 2346 4180 ε
2372 4101 2743 4180 ibit-contra
2765 4101 3062 4180 hujusmodi
3091 4103 3324 4180 Itomines
3371 4109 3677 4180 coinquina-

2080 4184 2156 4249 tos
2183 4184 2229 4228 et
2252 4174 2511 4249 inﬁdeles,
2536 4176 2590 4228 in
2635 4174 3153 4249 quibus’sanctitudo
3174 4179 3408 4243 corporis
3438 4174 3527 4249 per
3555 4181 3680 4236 tllu-

2078 4247 2207 4299 viem
2232 4246 2732 4320 et_incontinentiant
2784 4248 2983 4320 videtur
3022 4264 3134 4301 esse
3164 4250 3387 4320 polluta,
3418 4246 3679 4320 negotium

2079 4326 2174 4392 est,
2207 4316 2561 4392 tu_libus(q_t_t:e
2595 4318 2697 4371 tria
2738 4320 2899 4372 verba
2936 4318 3017 4392 _de
3048 4316 3172 4372 suo
3198 4319 3452 4386 atldidit),
3480 4316 3679 4392 'rnystc-

2077 4388 2212 4439 rium
2237 4384 2333 4439 Dei
2360 4386 2497 4438 credi
2530 4402 2631 4440 non
2652 4397 2906 4455 aportere.
2935 4389 2992 4442 In
3024 4401 3211 4443 nostra
3234 4384 3420 4445 autem
3440 4384 3677 4449 lectione

2079 4472 2201 4511 cum
2233 4456 2299 4510 ad
2331 4456 2612 4527 archetypi
2647 4458 2807 4512 ﬁdem
2842 4472 3065 4526 prorsus
3090 4470 3277 4514 exacta
3299 4460 3390 4522 sit,
3423 4463 3555 4518 nihil
3582 4464 3680 4519 de-

2081 4528 2431 4583 sideraudum
2460 4537 2654 4581 restat.
2682 4527 2793 4583 Nec
2824 4538 3031 4584 temere
3063 4529 3151 4586 hic
3194 4546 3226 4584 a
3276 4531 3435 4587 nobis
3482 4535 3679 4591 lectum

2081 4614 2203 4654 esse
2232 4597 2357 4671 mihi
2409 4598 2723 4671 charissimi,
2752 4599 2945 4655 suadet
2999 4600 3133 4656 illud
3162 4602 3410 4671 epistolae
3438 4606 3472 4660 6
3499 4604 3683 4664 Siricii

2083 4685 2137 4725 ιι.
2163 4671 2197 4724 5
2216 4689 2227 4723 ;
2247 4668 2333 4749 De
2353 4686 2485 4749 quo,_
2509 4669 2799 4749 charissimi
2822 4671 2974 4749 mihi,
2996 4681 3135 4749 ante,
3161 4668 3271 4728 etc.
3303 4676 3482 4744 Atque
3512 4676 3678 4749 hujus

2082 4744 2296 4811 generis
2323 4741 2653 4796 locutionem
2686 4743 2866 4798 Siricii
2916 4746 3191 4813 propriam
3238 4759 3363 4800 esse
3394 4741 3685 4805 conﬁrmat

2083 4813 2279 4867 similis
2326 4813 2571 4880 ejusdem
2603 4814 2764 4883 epist.
2797 4815 2853 4877 7,
2886 4830 2941 4868 ιι.
2976 4816 3011 4871 5
3040 4832 3053 4869 :
3086 4815 3202 4884 Qua
3243 4816 3309 4870 de
3335 4835 3392 4873 re
3447 4836 3683 4876 necessu.

2084 4884 2218 4961 rium
2240 4884 2367 4961 satis
2393 4884 2512 4961 fuit,
2539 4884 2861 4961 dilectissimi
2898 4887 3047 4955 mihi,
3093 4904 3211 4958 quia
3248 4887 3332 4942 hic
3357 4901 3499 4961 gesta
3541 4904 3681 4948 sunt.

2086 4954 2271 5028 Porro
2288 4956 2429 5028 sicut
2458 4956 2691 5025 simplex
2725 4974 2753 5011 c
2783 4964 2933 5014 recte
2959 4954 3305 5028 interpretari
3331 4954 3456 5015 licet
3484 4962 3684 5017 charis-

2085 5027 2231 5102 sime,
2262 5026 2334 5079 ita
2357 5025 2553 5102 dupla}
2580 5043 2635 5079 ce
2680 5043 2782 5102 pro
2808 5044 2941 5102 voce
2986 5025 3278 5102 clsar'issimi
3329 5035 3565 5102 positum
3594 5035 3681 5090 in-

2086 5098 2332 5175 telligere
2365 5107 2468 5175 est.
2512 5097 2755 5175 Nutariis
2774 5101 2921 5175 enim
2959 5101 3026 5175 Aid
3054 5117 3154 5155 usu
3189 5097 3358 5175 venit,
3384 5115 3440 5175 ut
3473 5105 3679 5175 littera,

2085 5184 2205 5243 quae
2235 5167 2469 5243 simple;
2494 5184 2682 5225 vocem
2712 5172 2971 5243 singulari
3006 5186 3231 5227 numero
3262 5172 3557 5243 signiﬁcat,
3588 5167 3683 5243 ge;

2086 5241 2289 5317 minata
2316 5241 2561 5317 eatndem
2593 5256 2781 5317 vocem
2808 5241 3022 5317 'plurali
3052 5258 3280 5299 numero
3308 5241 3684 5317 designetJta

2086 5312 2140 5365 in
2181 5310 2559 5390 Consularibus
2615 5315 2759 5390 notis
2810 5310 3042 5385 simplex
3074 5332 3100 5368 ι·
3155 5330 3251 5384 pro
3298 5310 3455 5379 viro,‘
3480 5319 3680 5390 duplex

2087 5397 2183 5453 pro
2213 5384 2333 5436 viris
2363 5384 2522 5438 scribi
2554 5386 2715 5439 solet.

2166 5464 2187 5489 ο
2214 5454 2441 5521 Supple,
2474 5455 2813 5524 corruptioni,
2860 5456 3071 5511 scilicet
3107 5457 3310 5514 carnis.
3358 5460 3685 5519 Sirmondus

2093 5539 2194 5597 pro
2221 5526 2548 5601 contendere,
2577 5528 2857 5581 substituit
2879 5530 3191 5601 contentioni
3222 5545 3240 5583 :
3266 5542 3468 5601 prmter
3489 5534 3685 5593 arche-

2095 5608 2206 5679 typi
2227 5597 2402 5679 tidem
2431 5610 2493 5679 ac
2530 5612 2748 5651 sensum
2777 5599 3061 5654 orationis.

2175 5666 2550 5746 rParticulattt
2607 5680 2939 5746 negat-tem,
2995 5686 3119 5746 qua:
3173 5674 3227 5746 in
3284 5688 3386 5729 ms.
3444 5674 3682 5746 deerat,

2098 5739 2262 5797 Sirm.
2294 5739 2583 5811 supplevit.
2612 5738 2751 5797 Vide
2772 5738 3074 5799 Innocentii
3096 5745 3383 5818 epistolam
3413 5747 3472 5818 2,
3503 5766 3559 5805 ιι.
3593 5738 3681 5810 ιιζ
