4120 6186
481 235 616 298 1191

1774 232 2023 294 SANCTI
2060 231 2287 293 SIRICII
2327 228 2533 294 PAPE

3647 230 3801 293 1199.

482 357 883 430 indulgentiam
928 362 1303 428 peccatorum,
1335 369 1461 412 cum
1486 353 1609 427 quis
1640 353 1827 410 szeculi
1884 352 2079 409 militia
2107 353 2162 417 Α
2187 353 2349 410 fuerit
2382 370 2396 409 :
2436 354 2481 411 si
2513 367 2652 411 vero
2670 350 3002 421 correxerit,
3035 351 3322 411 aboleatur
3339 349 3485 426 quod
3516 369 3803 427 praesum-

479 452 649 507 l'uerit
675 459 698 487 ο
728 450 1019 521 gloriatus,
1048 447 1137 505 vel
1176 448 1331 504 illum
1358 447 1451 519 qui
1481 461 1722 518 purpura
1767 453 1824 502 et
1849 443 2086 501 fascibus

477 544 644 601 fuerit
681 543 1011 611 delectatus,
1034 542 1104 598 ad
1131 540 1504 599 sacerdotium
1546 540 1725 612 aliqua
1778 538 2084 611 irruptione

478 639 704 696 minime
744 636 959 693 admitti
991 635 1309 707 jusserunt.
1344 633 1557 692 Meritis
1582 634 1730 690 enim
1753 642 1810 689 et
1829 632 2087 690 observa-

480 730 723 790 tionibus
756 731 895 801 legis
925 728 992 785 ad
1022 727 1330 785 istiusmodi
1356 726 1638 798 dignitatis
1667 726 1881 783 culmen
1930 740 2087 782 acce-

482 827 639 891 dunt,
664 840 774 880 non
800 822 1044 880 Simonis
1091 822 1343 894 pecunia,
1389 820 1477 877 vel
1520 820 1695 893 gratia
1724 819 1846 892 quis
1886 818 2088 890 poterit

484 916 804 992 pervenire,
828 926 924 971 aut
945 915 1129 973 favore
1152 914 1424 986 populari.
1450 912 1567 969 Non
1596 913 1741 970 enim
1764 912 1890 983 quid
1918 926 2091 983 popu-

485 1012 572 1069 lus
598 1010 857 1075 velit,sed
887 1008 1018 1081 quid
1044 1008 1368 1079 evangelica
1386 1005 1698 1077 disciplina,
1728 1005 2086 1077 perquiritur.

486 1101 651 1160 Plebs
678 1111 806 1157 tunc
828 1100 993 1157 habet
1021 1098 1654 1170 testimonium,quoties
1678 1097 1705 1136 ι)
1733 1097 1800 1153 ad
1823 1097 1971 1169 digni
1989 1096 2094 1152 ali-

485 1198 643 1271 cujus
673 1196 952 1263 meritum,
977 1192 1412 1267 ﬁreprehendens
1455 1208 1644 1249 auram
1686 1191 1928 1258 favoris,
1983 1191 2090 1246 im-

489 1290 653 1363 pertit
667 1332 681 1344 .

563 1382 654 1437 14.
695 1381 953 1437 Auunculi
1002 1380 1085 1436 sui
1137 1396 1354 1437 uxorem
1404 1380 1589 1436 ducere
1617 1395 1719 1435 non
1749 1380 1924 1435 licere.
1959 1376 2093 1434 Item

488 1475 559 1534 de
583 1490 654 1532 eo
676 1475 771 1547 qui
814 1472 1079 1531 avunculi
1106 1474 1194 1529 sui
1250 1488 1479 1529 uxorem
1528 1472 1774 1530 duxerit.
1826 1470 2095 1543 Avunculi

487 1570 655 1626 tiliam
687 1568 897 1626 ducere
919 1583 1027 1625 non
1072 1567 1202 1623 licet
1228 1584 1242 1621 :
1276 1568 1535 1639 quoniam
1576 1565 1775 1622 similis
1798 1579 1964 1621 causa
1995 1578 2095 1635 ge-

490 1661 738 1721 nerando
763 1676 862 1733 per
884 1661 1089 1732 gradus
1117 1660 1289 1731 patris
1316 1659 1564 1716 extranei
1605 1665 1888 1730 separatur
1930 1663 2097 1727 atque

2190 456 2341 516 ptum
2371 454 2457 503 est
2486 488 2502 515 ,
2547 455 2607 504 ut
2655 445 2826 519 possit
2875 446 3266 504 reconciliatus
3291 455 3542 503 nostrum
3586 446 3801 503 habere

2186 540 2545 597 consortium.

2262 632 2350 688 15.
2387 631 2473 687 Ne
2498 632 2623 688 laici
2644 633 2714 688 ad
2742 634 3099 706 episwpatum
3128 634 3494 704 provehantur.
3526 634 3603 690 De
3645 634 3801 691 ordi-

2188 726 2502 783 nationibus
2528 725 2764 784 maxime
2794 727 3195 784 observandum
3218 737 3325 792 est,
3358 739 3413 784 ut
3434 743 3661 800 semper
3683 729 3800 785 cle-

2189 818 2288 875 rici
2313 830 2335 857 °
2364 818 2499 874 ﬁant
2549 818 2817 892 episcopi.
2849 820 2942 877 Sic
2984 820 3128 877 enim
3171 820 3436 892 scriptum
3480 831 3567 878 est
3599 839 3613 875 :
3647 821 3723 876 Et
3743 820 3803 875 Isi

2190 914 2356 984 primo
2405 913 2721 985 probentur,
2770 924 2818 969 et
2845 916 2922 969 sic
2979 915 3269 970 ministrent
3318 915 3363 985 (I
3393 914 3527 970 Tim.
3558 916 3799 985 nt,-16).

2191 1008 2292 1075 Qui
2322 1022 2428 1063 non
2461 1008 2720 1078 probatur
2745 1018 2996 1079 tempore
3026 1009 3357 1080 praecedenti
3392 1010 3444 1065 in
3468 1009 3671 1066 minori
3718 1008 3806 1064 of-

2194 1098 2319 1155 ﬁcio
2348 1099 2713 1168 ministrasse,
2741 1100 3017 1172 quomodo
3070 1101 3408 1173 prmponitur
3435 1102 3631 1157 clero?
3673 1100 3801 1157 Non

2193 1200 2279 1248 est
2317 1191 2587 1261 auditum,
2640 1193 2872 1250 necdum
2901 1206 3149 1267 tyronem
3204 1195 3437 1250 militum
3497 1195 3801 1264 imperium

2195 1284 2529 1355 suscepisse.
2558 1284 2609 1340 Is
2639 1300 2775 1358 ergo
2801 1286 2969 1343 debet
2998 1286 3138 1353 ﬁeri,
3168 1304 3328 1358 quem
3370 1297 3525 1355 :ctas,
3551 1295 3803 1358 tempus,

2196 1379 2452 1435 meritum
2482 1378 2855 1448 commendat,
2878 1391 2935 1436 et
2966 1381 3099 1436 vita.
3127 1380 3236 1437 Aut
3283 1396 3455 1453 quare
3497 1380 3805 1451 Apostolus

2199 1468 2537 1543 neophytum
2565 1469 2820 1542 prohibet
2846 1470 3013 1544 (Ibid.
3045 1471 3125 1544 6),
3155 1481 3212 1529 et
3240 1472 3351 1529 cito
3396 1486 3594 1528 manus
3632 1470 3805 1527 alicui

2197 1565 2405 1638 imponi
2430 1581 2537 1621 non
2565 1567 2836 1637 permittit
2863 1566 2907 1640 (Ι
2932 1566 3071 1623 Tim.
3097 1584 3150 1634 v,
3179 1567 3330 1640 22m

2269 1657 2357 1714 16.
2394 1656 2480 1712 Ne
2513 1657 2762 1731 migretur
2789 1659 2854 1714 de
2881 1659 3101 1714 ecclesia
3128 1659 3197 1713 ad
3223 1660 3509 1716 ecclesiam.
3550 1689 3623 1701 —
3666 1660 3807 1717 Item

484 1765 755 1829 purgatur
787 1772 803 1810 :
837 1764 988 1812 retro
1012 1762 1198 1811 autem
1223 1754 1407 1811 redire
1432 1753 1517 1809 fas
1540 1767 1649 1809 non
1681 1761 1784 1808 est.
1824 1749 1958 1807 Nam
2004 1747 2098 1821 qui
2126 1746 2174 1807 B
2201 1752 2271 1810 de
2296 1751 2383 1809 bis
2411 1752 2503 1823 qui
2535 1752 2605 1809 de
2637 1752 2867 1809 ecclesia
2911 1752 2976 1808 ad
3019 1754 3307 1810 ecclesiam
3349 1762 3636 1810 transeunt
3662 1754 3812 1825 jussi

486 1858 668 1908 torum
698 1849 870 1923 patris
906 1850 991 1907 vel
1021 1852 1216 1905 matris
1268 1848 1477 1905 violare
1528 1846 1962 1920 praesumpserit,
1987 1858 2094 1901 non

487 1944 594 2003 hoc
622 1945 959 2017 conjugium,
985 1943 1081 2000 sed
1123 1942 1414 1999 fornicatio
1443 1940 1774 1997 nominatur.

560 2043 810 2115 Quisque
830 2053 1016 2098 tamen
1058 2051 1253 2096 contra
1285 2054 1528 2097 canones
1556 2038 1889 2109 apostolicos
1919 2035 2100 2094 facere

486 2136 867 2209 usurpaverit,
921 2133 1226 2207 privandus
1274 2142 1361 2189 est
1388 2129 1721 2196 sacerdotio,
1751 2128 1798 2186 si
1847 2128 2098 2201 pertinax

560 2282 588 2310 ι
617 2269 876 2341 Quaedam
900 2279 985 2341 est
1006 2283 1114 2325 non
1137 2268 1301 2341 modo
1318 2269 1742 2341 sententiarum,
1768 2267 1863 2323 sed
1884 2274 1949 2341 et
1970 2282 2094 2341 ver:

488 2338 687 2401 barum
713 2340 1008 2398 consensio
1037 2342 1090 2395 in
1123 2341 1207 2394 bis
1257 2340 1436 2397 Siricii
1493 2342 1658 2408 epist.
1705 2339 1763 2403 6,
1798 2356 1856 2395 n.
1880 2340 1916 2395 5
1947 2356 1960 2392 :
1990 2338 2095 2405 Qui

492 2416 702 2486 cingulo
732 2413 938 2467 militite
954 2411 1223 2467 stecularis
1244 2412 1444 2486 astricti
1463 2412 1587 2486 olim
1609 2411 1823 2486 gloriati
1837 2420 1982 2486 sunt,
2004 2410 2094 2478 qui

490 2478 669 2557 pos'tea
681 2500 849 2557 quam
873 2482 1345 2557 pompausazculari
1378 2478 1762 2557 exsultaverunt
1805 2478 1910 2551 (his
1931 2496 2002 2557 se,
2034 2489 2093 2534 ut

490 2551 616 2612 inox
661 2551 970 2619 dicebatur,
997 2552 1180 2625 quibus
1209 2551 1377 2606 denuo
1428 2553 1850 2625 renuntiaverunt
1887 2552 2093 2605 socian-

491 2632 592 2696 tes)
614 2639 706 2681 aut
728 2625 947 2698 negotiis
975 2623 1275 2698 reipublicae
1283 2632 1591 2698 optauerant
1614 2623 1859 2698 militare,
1878 2632 1969 2676 aut
1997 2638 2091 2675 cu-

489 2694 601 2754 rant
631 2694 814 2752 mundi
839 2705 1086 2759 tractare,
1114 2695 1352 2749 adhibita
1377 2695 1473 2748 sibi
1520 2694 1868 2765 quorumdam
1913 2709 2092 2759 manu,

492 2779 543 2827 et
572 2769 928 2839 proximorum
959 2771 1135 2837 [avare
1158 2767 1358 2837 stipati,
1384 2765 1440 2820 Ιιὶ
1467 2766 1759 2839 frequenter
1789 2767 2096 2839 ingeruntur

491 2837 705 2897 auribus
733 2841 881 2901 meis,
901 2850 956 2892 ut
975 2839 1201 2909 episcOpi
1228 2853 1336 2893 esse
1355 2838 1574 2909 possint.
1600 2837 1965 2909 Hicquazrere
1985 2844 2093 2909 est,

492 2912 588 2968 ubi
627 2911 830 2966 Nicteni
859 2910 1052 2965 Patres
1112 2907 1597 2978 hujusmudiviros
1636 2907 1706 2962 ad
1752 2908 2097 2962 sacerdotium

494 2984 671 3047 aliqua
690 2982 982 3053 irruptione
1002 2980 1216 3053 minime
1231 2980 1435 3053 admitti
1450 2980 1728 3053 jusserint.
1762 2978 1818 3034 Id
1849 2979 2093 3053 quidem,

498 3054 644 3124 quod
676 3049 900 3109 Nicreno
953 3066 1165 3124 canone
1193 3051 1229 3124 2
1260 3049 1520 3124 adversus
1572 3052 1875 3121 neopltytos
1900 3049 2094 3124 prrecif

497 3120 665 3196 pitur,
693 3125 957 3196 adversus
980 3121 1297 3196 illosetiam
1340 3121 1515 3196 videri
1535 3132 1715 3191 potest
1733 3120 1966 3196 dictum.
1983 3120 2091 3196 Sed

498 3191 545 3253 ei
570 3197 681 3251 illic
729 3195 906 3267 aliqua
932 3194 1155 3267 irruptio
1186 3194 1235 3247 id
1265 3201 1351 3267 est
1375 3193 1518 3261 quod
1552 3207 1896 3267 praepropera
1942 3191 2093 3247 festi-

498 3268 673 3333 natio,
712 3262 825 3322 non
866 3262 1236 3321 dubitabimus
1265 3265 1353 3320 hic
1382 3262 1655 3320 recenseri
1706 3262 2092 3319 Sardicensem

498 3354 765 3395 canunem
797 3338 865 3393 1⁸5
889 3352 1052 3395 quem
1081 3348 1134 3392 et
1162 3337 1214 3392 in
1241 3334 1609 3391 Morbacensis
1630 3334 1955 3391 .monaSIerii
2000 3349 2096 3389 ve-

500 3419 619 3467 tere
647 3410 836 3465 codice
888 3406 1164 3462 Niccenttm
1204 3408 1543 3479 inscriptum;
1571 3408 2000 3479 observavimus.
2035 3406 2093 3460 In

499 3482 607 3537 boc
651 3484 851 3553 quippe
878 3494 1108 3545 canone,
1138 3481 1228 3549 qui
1260 3477 1472 3553 Graecis
1514 3477 1758 3553 decimus
1781 3487 1871 3553 est
1896 3519 1912 3543 ,
1963 3477 2095 3547 legi-

502 3568 625 3609 mus
654 3548 684 3606 ε’
704 3548 766 3608 Si
788 3548 926 3621 forte
951 3561 1041 3604 aut
1088 3548 1245 3614 diues,
1278 3560 1367 3604 aut
1398 3548 1734 3621 scholasticus
1755 3550 1819 3603 de
1844 3551 1980 3619 (ora,
2008 3559 2097 3602 aut

500 3640 566 3681 ea:
585 3620 1032 3679 administratione
1060 3623 1329 3693 episwpus
1358 3622 1517 3692 fuerit
1545 3620 1855 3692 postulatus,
1910 3630 1971 3693 ut
1994 3636 2099 3674 non

501 3697 650 3766 prius
676 3694 944 3766 ordinetur
965 3692 1135 3749 nisi...
1185 3709 1277 3763 per
1324 3694 1535 3766 longum
1574 3701 1773 3766 tempus
1803 3692 2098 3766 examinata

501 3762 569 3822 sit
596 3766 717 3833 vita,
739 3776 788 3821 et
817 3765 999 3820 merita
1024 3762 1219 3836 fuerint
1240 3762 1930 3836 comprobata.Sitnoniacm
1962 3763 2099 3817 labis

500 3837 907 3908 corruptionem
954 3834 1159 3908 pariter
1201 3845 1353 3908 notat
1377 3835 1518 3891 idem
1546 3834 1872 3908 Sardicense
1917 3836 2101 3890 conci-

500 3909 632 3965 lium
677 3907 802 3965 can.
832 3908 908 3973 2,
957 3907 1051 3963 ubi
1098 3910 1210 3963 ait:
1242 3907 1371 3962 Cum
1414 3907 1747 3979 manifestum
1785 3910 1851 3963 sit
1875 3909 2103 3979 potuisse

502 3996 696 4053 paucos
750 3980 979 4053 pigenda
1009 3987 1057 4034 et
1104 3981 1334 4053 mercede
1377 3978 1756 4053 corrumpi"...
1797 3978 2103 4053 ut’clama-

503 4049 619 4105 rent
671 4049 1014 4105 in'Ecclesia
1047 4090 1061 4115 ,
1112 4060 1159 4104 et
1212 4052 1383 4122 ipsum
1428 4059 1598 4118 petere
1636 4049 1932 4104 viderentur
1988 4050 2099 4118 epi-

504 4137 739 4192 scopum.

577 4187 606 4230 δ
631 4187 1050 4246 Restituendum
1075 4188 1291 4244 videtur
1318 4189 1517 4258 quoties
1536 4188 1591 4242 id
1622 4189 1692 4242 ad
1718 4189 1864 4261 digni
1878 4191 2103 4261 alicujus

507 4264 771 4325 meritum,
824 4261 1077 4333 repellens
1118 4276 1301 4313 auram
1337 4260 1553 4329 favoris.
1581 4260 1833 4333 impertit.
1879 4260 2107 4332 Qutsque

505 4334 630 4407 (ceu
661 4332 931 4407 Quisquis)
966 4341 1133 4407 tamen
1150 4344 1331 4407 contra
1354 4348 1575 4407 canones
1599 4334 1910 4407 apostolicos
1938 4335 2107 4407 [acere

508 4402 859 4471 usurpaverit,
906 4402 1125 4473 rejectis
1166 4402 1547 4470 intermediis,
1600 4403 1676 4458 uti
1732 4405 2105 4471 praediximus,

2205 1856 2331 1903 sunt
2358 1845 2579 1912 haberi,
2612 1846 2768 1918 quasi
2808 1846 3002 1903 relicta
3050 1862 3221 1904 uxore
3251 1846 3317 1903 ad
3348 1846 3584 1903 alienam
3620 1862 3815 1903 arces-

2206 1941 2408 2009 serint;
2432 1941 2578 2012 quod
2601 1942 2923 2012 impunitum
2954 1955 3076 1998 esse
3105 1957 3213 1998 non
3240 1942 3432 2013 possit.
3451 1941 3639 1998 Talem
3693 1944 3813 2013 epi-

2206 2049 2469 2105 scopum,
2506 2035 2813 2091 invasorem
2843 2033 3069 2105 pudoris
3090 2034 3249 2091 alieni
3272 2077 3287 2102 ,
3328 2034 3645 2107 episcOpatu
3697 2036 3814 2105 pri-

2208 2128 2324 2185 vari
2352 2127 2381 2165 ἀ
2403 2128 2709 2199 jusserunt.

2200 2265 2565 2347 licis'sariptis
2585 2268 2674 2324 vel
2699 2268 2967 2347 exemplis
2996 2270 3257 2347 nitantur.
3280 2270 3387 2340 Ipsi
3404 2271 3809 2347 Nicanipatres

2201 2352 2324 2393 can.
2352 2337 2408 2405 2,
2440 2337 2549 2409 quo
2578 2354 2701 2409 quae
2722 2339 2777 2394 in
2826 2337 3147 2396 ordinandis
3174 2337 3371 2398 recens
3396 2345 3463 2398 ad
3492 2337 3645 2402 liden'i
3668 2364 3812 2405 con-

2202 2410 2374 2484 versis
2395 2425 2485 2479 per
2513 2411 2865 2484 necessitatem
2891 2424 2979 2466 aut
3021 2413 3157 2467 alias
3185 2417 3483 2484 urgentibus
3508 2416 3809 2476 hominibus

2202 2480 2447 2562 adversus
2494 2482 3153 2562 e_cclesiasticam_regulam
3183 2480 3323 2562 facta
3372 2490 3807 2562 sunt,_deioceps

2203 2552 2558 2630 lierivetant,
2598 2553 2803 2630 decreti
2830 2554 2914 2610 sui
2956 2552 3107 2630 lianc
3138 2552 3405 2630 rationem
3452 2552 3803 2630 subjicioni:

2206 2621 2261 2677 Μ
2267 2625 2489 2700 anifesta
2506 2626 2742 2700 estenim
2762 2628 3047 2699 apostolica
3068 2629 3350 2700 scriptura,
3371 2646 3485 2700 qua:
3502 2621 3652 2699 dicit,
3673 2633 3807 2689 Non

2205 2694 2540 2766 neopltytum.
2562 2694 2727 2750 Iidem
2752 2694 2935 2767 patres
2961 2716 3083 2754 can.
3115 2700 3148 2756 9
3174 2694 3234 2754 et
3265 2700 3351 2763 10.
3379 2694 3431 2755 ut
3450 2694 3651 2758 similia
3679 2709 3805 2761 loca

2205 2767 2442 2831 mittam,
2480 2767 2711 2837 alicujus
2760 2769 3007 2825 criminis
3054 2771 3339 2827 convictos
3368 2787 3395 2825 a
3423 2774 3568 2829 clero
3612 2793 3806 2832 remo-

2202 2847 2333 2894 vent
2359 2854 2371 2889 :
2397 2839 2520 2914 quia
2552 2839 2680 2893 tales
2701 2842 2881 2914 regula
2906 2858 3009 2914 non
3057 2842 3285 2897 admittit
3309 2859 3328 2897 :
3357 2844 3474 2901 ideo
3496 2861 3629 2901 vero
3661 2850 3811 2906 tales

2202 2924 2231 2962 a
2262 2908 2442 2986 regula
2462 2925 2557 2986 seu
2590 2908 2777 2986 regula
2804 2913 3176 2986 ecclesiastica
3203 2929 3308 2968 non
3332 2916 3545 2971 admitti
3573 2919 3804 2986 docent,

2202 2983 2325 3059 quia
2353 2981 2491 3059 quod
2519 2982 2969 3059 inreprehensibile
2983 2994 3058 3059 es_t
3085 2985 3181 3059 (ex
3208 2989 3530 3059 praescripto
3551 2981 3804 3059 Apostoli

2203 3050 2978 3133 iri-eprehensibiletn'volentis)
3013 3050 3251 3133 Ecclesia
3280 3050 3537 3133 catholica
3550 3050 3802 3133 defendit.

2204 3125 2279 3178 Eo
2319 3133 2476 3192 pacto
2498 3139 2621 3181 cum
2670 3122 2927 3205 Nicatore,
2959 3122 3090 3205 'tum
3122 3128 3255 3205 huic
3288 3129 3552 3205 Romana:
3594 3122 3805 3205 synodo

2196 3210 2500 3275 synonyma
2550 3205 2679 3251 sunt
2730 3200 2935 3275 regula,
2969 3200 3319 3275 ecclesiastica
3348 3203 3553 3273 regula,
3586 3200 3803 3275 aposto-

2194 3267 2296 3321 lica
2316 3268 2599 3338 scriptura,
2632 3272 2933 3338 apostolica:
2973 3272 3297 3340 traditiones,
3326 3281 3382 3328 et
3407 3267 3682 3344 apostolici
3706 3294 3799 3331 ca-

2195 3353 2375 3393 ηοηεε.

2236 3421 2292 3491 ,ο
2327 3409 2441 3491 Hoo
2466 3418 2633 3466 estut
2678 3412 2952 3491 episcopi‘
2973 3428 3005 3469 e
3053 3414 3383 3491 clericorum
3416 3432 3671 3485 numero,
3704 3420 3799 3477 ubi

2197 3479 2287 3563 (lii)
2318 3481 2637 3563 probentur,
2666 3479 2775 3539 non
2822 3479 3147 3563 e'laicorum
3206 3489 3368 3543 turba
3423 3479 3795 3548 assumantur.

2198 3550 2684 3627 Ilisconseutanea
2731 3566 2857 3613 sunt
2888 3571 3009 3627 quae
3035 3556 3311 3616 Nicmnum
3344 3564 3636 3617 concilium
3671 3580 3795 3618 can.

2197 3623 2254 3690 2,
2279 3623 2607 3701 Sardicense
2659 3641 2782 3681 can.
2836 3623 2925 3701 13,
2971 3628 3201 3701 Siricius
3230 3638 3345 3686 tum
3384 3632 3542 3701 epiSt.
3572 3635 3599 3689 1
3636 3650 3697 3691 n.
3732 3638 3801 3691 i5

2199 3702 2256 3773 et
2284 3695 2372 3773 11,
2405 3701 2771 3773 tutnmaxime
2790 3700 3076 3773 epist.6_n.
3100 3701 3136 3756 2
3156 3703 3275 3766 etii,
3296 3695 3644 3773 praecipiunt.
3669 3708 3803 3762 Arn-

2200 3765 2478 3841 brosius_e
2520 3767 2661 3822 laico
2690 3765 2976 3841 cpiscopus
3004 3771 3179 3828 factus
3208 3765 3609 3833 ordinationem
3639 3792 3795 3834 suam

2202 3838 2960 3965 gétlornodost’sscusetﬁidein
2989 3843 3220 3914 epistola
3251 3848 3418 3917 ipsius
3446 3848 3538 3913 65,
3570 3850 3639 3905 ad
3668 3850 3797 3906 Ver-

2202 3924 2355 3973 cett.,
2388 3926 2444 3965 11.
2482 3924 2574 3965 ῧὶ).

2275 3982 2301 4018 (ι
2323 3983 2389 4037 Et
2410 3981 2499 4037 hic
2526 3982 2750 4039 indicari
2778 3985 3345 4045 videturSardicensis
3368 4005 3549 4046 canon
3583 3993 3634 4048 1.
3659 3992 3798 4049 Nam

2203 4051 2578 4137 liceti‘ii‘caeno
2597 4069 2813 4137 canone
2841 4056 2910 4111 15
2938 4070 3226 4124 caveatur,
3258 4077 3326 4115 ne
3352 4064 3477 4129 quis
3501 4066 3800 4134 episcomts

2205 4124 2278 4204 de
2301 4125 2525 4204 civitate
2550 4126 2603 4179 in
2634 4126 2910 4204 civitatem
2943 4137 3211 4193 transeat,
3241 4124 3581 4204 nequaquam
3612 4124 3796 4193 tamen

2202 4196 2357 4279 jubet
2380 4194 2571 4279 eadem
2602 4198 2895 4279 synodus,
2927 4204 3308 4279 ttt_translatu_s
3330 4194 3654 4278 epismpatu
3686 4211 3803 4279 pri-

2206 4277 2364 4349 vetur
2382 4308 2397 4333 ,
2430 4268 2525 4323 sed
2558 4277 2624 4349 ut
2644 4268 2870 4349 propriae
2891 4273 3131 4349 ecclesia:
3158 4268 3459 4330 restituatur
3497 4268 3552 4333 in
3577 4268 3803 4349 qua'or-

2208 4339 2431 4419 dinatas
2466 4351 2563 4395 est.
2596 4339 2666 4396 At
2709 4339 2803 4419 nec
2826 4341 3017 4419 inicum
3047 4349 3456 4401 communionem
3495 4339 3679 4407 habeat
3703 4355 3803 4419 qui

2211 4412 2330 4466 talis
2359 4418 2434 4464 est
2454 4452 2469 4477 ,
2498 4426 2672 4467 canon
2705 4412 3043 4490 sardicensis
3073 4419 3335 4490 pracipit.
3373 4419 3454 4474 Ad
3494 4421 3641 4478 hunc
3660 4412 3800 4490 quo-

507 4487 632 4559 post
656 4478 1009 4559 quaestionem
1034 4491 1101 4559 Διι.
1127 4474 1574 4559 propositam.
1610 4474 1722 4559 Hoc
1751 4477 1871 4559 loco
1910 4477 1979 4531 ita
2010 4491 2098 4530 re-
2125 4489 2175 4549 ι)
2201 4498 2308 4559 quc
2336 4474 2601 4538 canonem
2634 4499 2734 4559 pro
2764 4484 2985 4559 Nicgeno
3006 4474 3255 4559 babituni
3284 4474 3557 4559 respicere
3573 4474 3801 4551 videtur

509 4546 724 4611 'stituto.
760 4548 916 4603 valde
954 4556 1108 4602 nutat
1141 4546 1418 4602 Hincmari
1451 4546 1547 4602 lib.
1580 4562 1644 4600 LV
1668 4546 1944 4617 Capitum,
1973 4562 2095 4617 cap.

505 4620 600 4683 21,
629 4636 684 4693 p.
716 4617 845 4693 475,
874 4627 1251 4693 argumentum
1274 4659 1292 4685 ,
1350 4632 1459 4688 quo
1487 4617 1967 4693 Cltalgedonenses
2006 4634 2099 4673 ca-

508 4689 703 4751 nones,
735 4690 1018 4759 trigesimo
1048 4700 1243 4761 octavo
1283 4700 1537 4758 excepto,
1560 4705 1588 4742 a
1611 4689 1877 4760 Gregorio
1908 4690 2103 4761 Magno

508 4770 764 4830 receptus
801 4761 927 4815 inde
953 4760 1170 4828 probari
1208 4768 1385 4831 putat,
1421 4762 1563 4829 quod
1590 4761 1634 4815 is
1661 4776 1793 4831 papa
1820 4760 2015 4817 Itomil.
2037 4762 2104 4817 17

509 4834 566 4889 in
593 4832 805 4903 Evang.
830 4847 886 4885 ιι.
911 4831 979 4885 15
1008 4843 1221 4886 asserat
1252 4847 1266 4884 :
1302 4831 1458 4903 Sacri
1507 4847 1728 4885 canones
1754 4832 2104 4887 Simoniacam

513 4902 1044 4975 hwresimdamnant,
1065 4911 1116 4957 et
1137 4918 1224 4975 eos
1252 4902 1541 4975 sacerdotio
1556 4903 1751 4968 privari
1772 4905 2103 4975 principium,

508 4977 598 5047 qui
628 4974 716 5047 de”
747 4972 1031 5047 largiendis
1071 4973 1339 5047 ordinibus
1390 4975 1625 5047 pretium
1654 4972 2100 5047 quaerunt—Quod

509 5044 756 5118 enimibi
784 5044 1227 5118 archiepiscopus
1254 5044 1406 5118 idem
1439 5044 1688 5114 subjicit':
1726 5044 1892 5102 Nulla
1915 5048 2104 5118 quippe

507 5117 739 5189 synodus
766 5133 829 5172 ea:
847 5116 946 5171 hac
982 5131 1038 5170 re
1060 5115 1285 5189 decrevit
1306 5118 1571 5189 judicium
1606 5128 1793 5188 prwter
1821 5115 2106 5173 Chalcedo-

509 5186 666 5243 neme
683 5189 985 5250 concilium,
1011 5203 1076 5242 ex
1113 5186 1373 5259 IIOCAIOéoi
1391 5186 1680 5259 refellitur.
1715 5190 2099 5259 Apostolorum

510 5273 728 5330 quoque
748 5275 957 5315 canone
971 5260 1065 5323 50,
1088 5258 1179 5329 qui
1202 5255 1410 5314 Graecis
1433 5258 1505 5314 28
1520 5268 1626 5326 cst,
1650 5255 1973 5317 Simoniacze
1993 5260 2103 5316 hac-

512 5344 703 5387 reseus
725 5330 805 5385 rei
834 5331 1146 5387 sacerdotio
1177 5330 1477 5400 privantur.

580 5401 700 5458 Non
733 5401 874 5476 nunc
901 5413 1079 5458 tamen
1107 5400 1675 5476 canonem,‘sed_eatn
1721 5402 1902 5476 potius
1944 5418 2100 5476 regu-

510 5472 619 5529 Iam
652 5488 715 5529 ac
742 5473 990 5539 formam,
1012 5488 1173 5545 qnam
1210 5473 1486 5543 apostolus
1513 5472 1708 5545 Petrus
1738 5473 1979 5531 Simonis
2007 5472 2101 5532 ne-

510 5545 739 5616 quitiam
798 5548 999 5601 acriter
1032 5544 1387 5613 increpando
1440 5544 1702 5602 Ecclesia:
1767 5546 2097 5615 sequendam

513 5616 867 5688 praescripsit,
892 5632 1149 5671 canonum
1176 5617 1575 5688 apostolicornm
1603 5620 1821 5673 nomine
1844 5617 1931 5673 hic
1960 5620 2102 5675 indi-

516 5686 630 5741 cari
674 5689 1052 5760 existimarim.
1107 5686 1367 5760 Superius
1423 5688 1733 5760 apostolicas
1798 5690 2099 5746 traditiones

519 5758 815 5831 nuncupari
845 5760 1150 5816 audivimus
1168 5758 1420 5817 Nicaenos
1445 5758 1705 5829 canones,
1732 5761 1856 5834 quia
1880 5771 2101 5835 aposto-

2205 4557 2572 4636 llieronyntus
2601 4556 2762 4626 epist.
2813 4556 2906 4636 8:5,
2952 4558 3018 4613 ad
3063 4562 3340 4636 Oceanum
3360 4556 3388 4627 ,V
3426 4564 3516 4636 ubi
3566 4567 3793 4633 scribit,

2205 4628 2301 4702 Itoc
2427 4624 2650 4702 Nicaena'
2692 4628 2892 4702 synodo
2930 4645 2962 4682 a
2992 4631 3223 4699 patribus
3264 4624 3374 4688 esse
3402 4634 3696 4702 decretum,
3732 4624 3800 4693 ne

2206 4701 2270 4775 de
2296 4695 2401 4775 alia
2416 4697 2492 4775 od
2516 4696 2677 4751 aliam
2713 4695 3291 4775 ecclesiam-episcopus
3322 4695 3700 4775 transferatur}
3732 4728 3800 4764 ne

2205 4768 2474 4840 virginalis
2498 4772 2831 4850 paupercula:
2855 4768 3097 4850 societate
3111 4768 3405 4850 contempta
3421 4777 3626 4834 ditioris
3639 4768 3801 4835 adul-

2207 4849 2550 4920 ter-tenuaterat
2576 4843 2867 4920 amplesus.
2902 4842 2978 4898 lbi
3006 4855 3156 4901 certe
3183 4842 3430 4920 concinit
3470 4851 3564 4906 ille
3591 4851 3800 4909 Doctor

2209 4913 2294 4968 bis
2322 4912 2436 4966 Usii
2465 4912 2517 4965 in
2556 4927 2681 4966 mox
2712 4912 2861 4968 dicto
2882 4929 3094 4972 canone
3127 4934 3139 4969 :
3169 4915 3300 4973 Cum
3329 4920 3505 4975 nullas
3529 4923 3585 4976 in
3614 4923 3711 4977 hac
3739 4941 3800 4979 re

2203 4984 2442 5038 inventus
2462 4983 2525 5057 sit
2552 4983 2821 5057 episcOpus
2839 5026 2855 5050 ,
2885 4990 2976 5057 qui
2996 4986 3059 5040 dc
3087 4992 3285 5053 maiore
3304 4992 3507 5047 civitate
3529 4995 3597 5048 ad
3621 4996 3801 5049 mino-

2203 5071 2312 5110 rem
2341 5054 2599 5108 transiret.
2631 5053 2858 5110 Rullttus
2884 5053 3100 5125 quidem
3124 5060 3399 5117 Nicasnum
3422 5078 3690 5120 canonem
3726 5067 3800 5124 15

2204 5127 2278 5203 ita
2312 5125 2501 5203 Latine
2526 5126 2797 5203 convertit
2825 5127 2949 5203 :‘Ne
2989 5129 3052 5203 de
3087 5131 3321 5203 inferiori
3348 5135 3552 5190 civitate
3574 5136 3645 5190 ad
3673 5155 3797 5191 ma-

2196 5195 2660 5280 jorem‘ecclesinm
2688 5199 2911 5280 transire
2935 5200 3051 5280 quis
3085 5195 3309 5280 ambiat,
3340 5207 3445 5280 sive
3472 5205 3748 5280 episcopus
3774 5253 3793 5273 ,

2204 5266 2308 5322 sive
2337 5266 2810 5354 etiamialins.‘Sed
2842 5271 2910 5326 ab
2938 5266 3054 5354 ipso
3083 5274 3251 5354 verba
3278 5266 3513 5354 inferiori"
3539 5291 3592 5336 et
3622 5266 3800 5354 δὺο]οί

2204 5355 2315 5392 rem
2331 5337 2401 5419 de
2423 5351 2524 5393 suo
2547 5338 2753 5407 addita,
2785 5356 2881 5396 seu
2913 5337 3152 5419 potiuse
3177 5337 3490 5419 Sardi'censi
3522 5337 3737 5407 canone
3766 5356 3791 5409 1

2208 5415 2437 5492 repetita
2484 5423 2816 5492 esse__nemo
2866 5415 3165 5486 negaverit.
3200 5416 3340 5492 Vide
3367 5420 3493 5477 Julii
3542 5423 3799 5492 lepisto—

2210 5481 2315 5536 lam
2335 5496 2359 5564 μ
2381 5522 2396 5547 ,
2418 5496 2572 5564 num.
2684 5483 2855 5539 Porro
2880 5481 3070 5542 uxores
3097 5488 3532 5564 pontiﬁcumdici
3552 5481 3798 5550 ecclesias

2209 5567 2307 5636 nso
2335 5552 2388 5607 in
2417 5551 2659 5610 Ecclesia
2682 5570 2897 5636 semper
2923 5551 3226 5636 recepiutn.
3243 5551 3367 5636 Hoc
3394 5562 3603 5622 diserte
3626 5567 3799 5623 docet

2207 5623 2573 5697 Hieronymus
2613 5623 2844 5697 epistola
2875 5623 3116 5686 laudata.
3148 5630 3262 5687 Hoc
3309 5632 3553 5691 Romana
3598 5650 3796 5695 nostra

2206 5696 2447 5782 synodus
2480 5696 2954 5782 conﬁrmantiiam
2986 5702 3070 5782 _oh
3112 5718 3228 5759 rem
3254 5703 3585 5782 Novatianus
3612 5725 3645 5763 a
3676 5708 3794 5782 Cy-

2207 5768 2403 5838 priano
2426 5768 2589 5839 epist.
2619 5768 2677 5837 3,
2704 5768 2773 5826 ad
2801 5768 3138 5841 Cornelium,
3189 5790 3246 5831 ιι.
3298 5777 3357 5847 1,
3401 5778 3699 5837 adulteram
3722 5768 3799 5846 ἰι
