4120 6186
340 258 488 321 “9'5

1542 252 1902 313 EPISTOLIE
1944 252 2034 310 ET
2076 253 2394 313 DECRETA
2406 297 2418 309 .

3500 258 3643 316 1194

412 371 548 428 Car.
580 368 672 425 Vl.
697 396 770 411 -—
795 370 886 425 17.
918 366 1005 423 Ne
1028 367 1205 424 clerici
1241 368 1308 423 ab
1336 366 1575 440 episcopo
1597 381 1693 420 suo
1724 365 1911 439 objecti
1928 404 1944 429 ,
1977 368 2022 429 Α
2051 366 2167 422 rius
2194 366 2558 438 possessionis
2585 365 2869 435 invaserit,
2890 382 3016 424 reus
3046 367 3322 424 violentiae
3343 368 3644 439 judicatur.

344 462 410 517 ab
431 461 555 517 aliis
575 462 893 532 recipiantur
919 469 1008 515 aut
1032 468 1448 525 promoveantur.
1475 488 1546 499 -—-
1575 457 1707 513 Item
1737 457 1805 512 de
1826 457 1941 513 cle-

346 554 481 610 ricis
519 553 711 610 alienis
748 568 817 609 ex
857 551 1070 624 synodo
1100 551 1413 621 frequenter
1439 559 1525 606 est
1554 546 1943 620 pertractatum

348 654 514 719 atque
538 645 853 712 ﬁrmatums
890 653 948 702 et
971 645 1112 702 ratio
1143 644 1291 717 justa
1325 643 1684 713 constringit,
1715 643 1948 699 clericos

325 742 594 813 _abjectos
642 741 712 799 de
755 740 989 798 ecclesia
1029 741 1100 796 ab
1137 741 1397 813 episcOpo
1442 755 1577 806 suo,
1610 754 1711 795 nec
1750 739 1946 793 laicam

351 834 795 891 communionem
834 834 1091 905 accipere
1142 849 1306 906 posse
1360 835 1412 890 in
1463 833 1641 890 aliena
1691 831 1948 900 ecclesia,

355 926 586 1003 (Supple
623 926 796 1001 quod)
833 926 1217 984 confirmatum
1273 927 1790 998 manilestatumque
1829 934 1950 991 est,

356 1020 572 1093 quando
597 1021 760 1076 etiam
801 1021 1106 1088 innocens,
1154 1021 1274 1077 sine
1305 1020 1505 1077 litteris
1548 1019 1791 1089 episcopi
1836 1016 1954 1082 sui,

355 1114 440 1170 vel
469 1114 735 1181 formata,
787 1114 841 1171 in
891 1115 1070 1171 aliena
1128 1114 1361 1171 ecclesia
1409 1130 1518 1170 non
1560 1119 1742 1184 potest
1769 1109 1960 1167 minis-

356 1216 505 1266 trare
532 1208 686 1281 (νῆά.
721 1207 879 1264 Siric.
908 1209 1062 1277 epist.
1097 1208 1154 1274 5,
1185 1222 1236 1264 c.
1270 1209 1305 1264 5
1336 1217 1392 1264 et
1421 1206 1501 1276 6).
1534 1206 1591 1263 Si
1624 1207 1747 1276 quis
1774 1213 1958 1259 autem

357 1304 411 1360 in
442 1304 696 1369 iniuriam
735 1302 1043 1358 sacerdotis
1085 1303 1190 1358 hoc
1220 1301 1399 1357 facere
1424 1299 1865 1372 praesumpserit,
1904 1305 1961 1353 et

358 1395 778 1451 condemnatum
807 1394 1068 1450 clericum
1098 1396 1380 1463 suscipere
1404 1393 1489 1448 vel
1515 1404 1845 1463 promovere
1865 1403 1961 1443 vo.

360 1488 552 1555 luerit,
584 1489 723 1544 sciat
772 1502 833 1543 se
876 1487 1313 1543 communicasse
1350 1484 1594 1557 peccatis
1641 1484 1868 1549 alienis,
1907 1491 1964 1538 et

362 1581 663 1639 incurrisse
707 1581 1039 1638 sententiam
1082 1579 1366 1650 Apostoli,
1405 1580 1497 1652 qui
1540 1579 1644 1642 ait,
1688 1592 1812 1633 reos
1841 1590 1965 1631 esse

363 1692 466 1731 non
493 1676 662 1730 solum
698 1676 789 1743 qui
834 1678 1032 1743 faciunt
1077 1682 1267 1730 contra
1314 1673 1513 1744 legem,
1553 1674 1644 1727 sed
1683 1672 1840 1727 etiam
1879 1671 1968 1742 qui

2047 459 2188 528 Quid
2216 461 2491 517 curritur?
2526 461 2654 533 quid
2700 461 3010 530 leSIinatur,
3042 473 3104 518 ut
3133 463 3318 535 regula
3361 465 3652 520 ecclesias—

2052 554 2158 610 tica
2206 556 2593 611 conculcetur?
2633 555 2808 628 Leges
2856 555 3110 613 humanae
3151 566 3452 615 tenentur:
3484 567 3539 614 et
3568 557 3656 614 di-

2052 648 2175 702 vina
2217 659 2486 719 praecepta
2520 657 2970 707 contemnuntur.
3012 650 3268 708 Praesens
3305 652 3519 723 gladius
3548 651 3659 707 for-

2055 741 2291 798 midatur
2321 752 2378 799 et
2409 744 2724 815 temporalis
2770 760 2929 815 paena
2962 762 2975 799 :
3005 745 3189 801 divina
3231 762 3365 802 vero
3396 746 3658 815 vindicta,

2055 850 2176 905 qua:
2217 835 2381 892 habet
2423 836 2671 893 ﬂammas
2699 837 2964 909 gehennae
3014 849 3341 911 perpetuas,
3367 836 3397 878 ἀ
3428 841 3662 912 negligi-

2057 936 2166 984 tur.
2196 928 2458 986 V'ideritis
2506 947 2629 1000 qua:
2679 934 3037 1005 praesumptio
3080 933 3297 991 fecerit.
3334 935 3412 990 Ex
3460 934 3568 991 hoc
3617 935 3667 990 si

2059 1024 2182 1094 quis
2229 1024 2284 1078 in
2337 1022 2512 1079 aliena
2542 1023 2767 1081 dioecesi
2826 1042 2991 1081 ausus
3038 1026 3205 1084 fuerit
3258 1028 3662 1084 ordinationem

2060 1115 2243 1172 facere
2274 1130 2611 1187 przesumere
2632 1160 2648 1185 ,
2681 1119 2821 1174 sciat
2845 1133 2907 1175 se
2936 1119 3006 1175 de
3038 1131 3185 1177 statu
3212 1136 3313 1177 suo
3340 1136 3501 1191 posse
3530 1122 3644 1191 peri
3670 1156 3674 1161 θ

2061 1209 2243 1265 clitari
2267 1252 2282 1276 ,
2311 1211 2402 1281 qui
2428 1211 2663 1267 alienam
2697 1213 2990 1270 ecclesiam
3017 1214 3279 1273 invadere
3306 1232 3672 1288 prasnmpse-

2063 1303 2154 1386 rit.
2184 1302 2301 1358 Non
2329 1313 2352 1340 θ
2380 1314 2466 1359 est
2492 1306 2759 1361 smculare
2797 1308 3002 1378 aliquid
3026 1348 3041 1373 ,
3079 1325 3188 1364 non
3220 1318 3350 1364 sunt
3382 1312 3673 1365 mundana:

2064 1396 2768 1464 promotiones.Audiamus
2786 1399 3117 1469 Apostolum
3145 1400 3417 1457 dicentem
3444 1422 3456 1456 ε
3480 1404 3675 1458 Manus

2068 1492 2169 1545 cito
2215 1492 2411 1545 nemini
2455 1492 2797 1561 imposueris,
2848 1511 3012 1565 neque
3049 1496 3508 1552 communicaveris
3553 1514 3647 1567 pec

2073 1583 2204 1637 catis
2232 1584 2418 1637 alienis
2443 1601 2461 1637 :
2490 1592 2538 1637 te
2558 1586 2729 1656 ipsum
2761 1594 2959 1639 castum
2988 1588 3190 1641 custodi
3233 1588 3279 1659 (l
3302 1587 3442 1644 Tim.
3469 1606 3526 1652 γ.
3553 1590 3672 1662 ΞΞ).

2072 1676 2129 1733 Si
2162 1677 2412 1748 legantur
2439 1678 2639 1748 scripta
2661 1720 2676 1745 ,
2731 1687 2790 1733 et
2828 1678 2991 1734 timor
3023 1679 3241 1735 divinus
3273 1681 3347 1736 sit
3378 1684 3430 1736 in
3479 1684 3676 1751 nobis,

362 1775 688 1826 consentiunt
725 1769 1033 1842 facientibus
1060 1768 1239 1839 (Rom.
1266 1785 1305 1831 ι.
1342 1769 1461 1840 32).
1491 1767 1645 1825 Unde
1687 1767 1971 1823 dimitten-
1999 1769 2048 1829 B
2074 1771 2254 1825 omnia
2285 1771 2541 1826 scandala
2572 1782 2828 1841 poterunt
2852 1775 3123 1843 separari,
3150 1782 3207 1830 et
3231 1775 3563 1830 nnanimitas
3589 1792 3687 1846 per

367 1864 605 1920 duniest
632 1864 985 1920 conscientiae
1016 1863 1196 1930 illius,
1236 1862 1327 1933 qui
1359 1864 1429 1918 de
1455 1878 1557 1919 suo
1590 1861 1796 1917 clerico
1822 1859 1971 1930 judi-

368 1957 535 2024 cavit,
567 1958 749 2011 sciens
778 1956 923 2026 quod
954 1956 1026 2012 de
1051 1954 1261 2024 judicio
1290 1953 1408 2025 ejus
1441 1953 1587 2009 Deus
1612 1953 1683 2007 sit
1701 1950 1974 2023 judicatu-

369 2049 541 2105 rusin
592 2059 894 2119 posterum.
938 2048 1081 2103 Audi
1139 2046 1429 2101 Dominum
1477 2045 1791 2110 dicentem,
1845 2042 1977 2108 Qua:

373 2142 510 2199 enim
541 2142 694 2197 vultis
716 2151 772 2195 ut
801 2141 997 2212 faciant
1023 2140 1163 2195 vobis
1192 2138 1457 2205 homines,
1487 2137 1668 2192 eadem
1696 2146 1746 2192 et
1776 2152 1864 2191 vos
1895 2139 1976 2205 {a-

371 2237 473 2292 cite
500 2236 607 2291 illis
629 2235 846 2306 (Matth.
879 2251 976 2301 vn,
1012 2235 1122 2303 η).
1159 2234 1299 2301 Quid
1327 2234 1381 2288 in
1413 2231 1666 2303 iniuriam
1703 2230 1888 2286 fratris
1924 2239 1979 2286 et

370 2328 784 2387 consacerdmis
826 2328 1103 2384 armaris?
1129 2327 1263 2383 Cum
1301 2327 1444 2382 enim
1476 2341 1604 2382 reus
1648 2340 1757 2380 non
1798 2326 1975 2381 solum

373 2423 671 2495 suscipitur
718 2422 1003 2479 clericusa
1051 2419 1329 2489 abjectus,
1377 2419 1475 2474 sed
1527 2419 1695 2474 etiam
1748 2432 1975 2487 promo-

375 2527 568 2579 vetur,
616 2515 852 2585 injustus
886 2513 1165 2585 iudicatur
1217 2511 1529 2582 episcopus.
1582 2510 1696 2566 Hoc
1747 2512 1978 2581 quiSque

378 2609 527 2674 facit,
559 2607 700 2664 sciat
725 2622 783 2662 se
807 2622 839 2662 a
868 2605 1280 2662 Catliolicorum
1320 2604 1586 2660 societate
1610 2601 1640 2641 ι)
1668 2604 1940 2658 seclusum
1959 2642 1975 2669 ,

376 2711 436 2761 et
462 2703 906 2759 communionem
938 2700 1088 2757 sedis
1128 2698 1451 2770 apostolica;
1482 2712 1595 2753 non
1638 2696 1842 2752 habere
1866 2695 1979 2766 jam

380 2810 566 2868 posse.

452 2889 545 2945 18.
576 2887 646 2943 In
675 2889 845 2944 alieno
883 2888 1147 2943 territorio
1189 2886 1546 2942 ordinationes
1589 2884 1851 2940 celebrare
1880 2900 1985 2939 non

382 2983 555 3041 licere.
586 3013 658 3024 —
687 2981 829 3038 Illud
861 2991 1126 3053 praeterea
1172 2981 1309 3035 satis
1348 2994 1514 3051 grave
1552 2987 1669 3044 est,
1703 2987 1761 3034 et
1790 2988 1983 3033 contra

382 3078 749 3148 episcopalem
796 3074 1232 3131 moderationem
1275 3074 1424 3130 sedis
1463 3072 1816 3142 apostolicae,
1848 3085 1980 3127 suos

2072 1877 2266 1918 omnes
2297 1862 2496 1918 lratres
2527 1863 2737 1933 placida
2773 1864 3044 1935 plenaque
3075 1867 3305 1921 caritate
3335 1868 3669 1924 consistere.

2150 1955 2239 2011 19.
2276 1954 2359 2009 Ne
2409 1956 2532 2009 laici
2573 1957 2637 2010 ab
2675 1957 2924 2025 episcopo
2970 1974 3064 2012 suo
3114 1960 3579 2026 cxcommunicati,
3619 1961 3685 2016 ab

2075 2048 2181 2104 alio
2225 2049 2278 2102 in
2322 2048 2517 2103 clerum
2568 2050 2937 2122 provehantur.
2961 2081 3028 2091 --
3062 2051 3334 2109 Praeterea
3367 2054 3536 2110 etiam
3562 2054 3690 2111 laici

2077 2142 2335 2198 dicuntur
2361 2158 2392 2197 a
2419 2146 2812 2200 communione
2842 2145 3059 2216 cognita
3094 2160 3256 2200 causa
3285 2146 3508 2207 seclusi.
3542 2159 3597 2202 et
3624 2149 3693 2203 ab

2077 2234 2187 2290 alio
2232 2236 2493 2306 episcopo
2542 2237 2735 2292 clerici
2792 2235 2919 2291 laeti
2954 2238 3099 2293 :lioc
3143 2238 3257 2307 jam
3307 2255 3476 2309 super
3522 2255 3688 2296 omne

2079 2330 2285 2384 malum
2326 2339 2433 2385 est.
2470 2330 2625 2386 Unde
2668 2340 2761 2385 aut
2807 2332 3062 2387 conventi
3106 2333 3390 2403 corrigunt
3431 2334 3524 2404 qui
3556 2334 3685 2390 talia

2081 2423 2199 2477 ausi
2228 2432 2356 2476 sunt
2385 2422 2593 2488 facere,
2621 2422 2696 2476 ita
2730 2433 2786 2477 ut
2817 2433 3208 2479 removeantur
3234 2426 3432 2493 quibus
3464 2426 3691 2497 indigne

2079 2515 2217 2571 ordo
2246 2516 2482 2571 collatus
2509 2525 2633 2579 est,
2666 2527 2764 2571 aut
2813 2516 2880 2571 ad
2929 2531 3031 2571 nos
3059 2519 3278 2573 nomina
3312 2534 3501 2573 eorum
3544 2519 3700 2576 defe-

2081 2619 2275 2665 rantur
2292 2651 2308 2673 ,
2334 2618 2395 2663 ut
2417 2610 2660 2666 sciamus
2679 2623 2708 2663 a
2736 2608 2937 2678 quibus
2959 2625 3061 2665 nos
3088 2610 3369 2665 abstinere
3390 2611 3696 2669 debeamus

2085 2700 2316 2770 (Concil.
2344 2699 2554 2755 Νέρωνι.
2589 2714 2642 2754 c.
2676 2700 2756 2770 5).

2154 2793 2245 2850 20.
2297 2793 2445 2849 Sciat
2495 2808 2628 2863 ergo
2675 2802 2859 2849 vestra
2909 2792 3237 2862 sinceritas,
3281 2797 3425 2867 quod
3476 2797 3523 2854 si
3578 2798 3695 2857 Ι]ωο

2085 2888 2268 2944 omnia
2296 2903 2399 2944 suo
2428 2888 2624 2943 ordine
2669 2896 2729 2942 nt
2768 2897 2919 2942 certa
2964 2899 3092 2943 sunt
3119 2887 3138 2926 τ
3171 2890 3557 2958 observentur,
3592 2908 3699 2949 nec

2090 2982 2235 3038 Deus
2275 2980 2603 3048 oli‘enditur,
2672 2995 2772 3035 nec
2818 2979 3116 3036 si-hismala
3167 2995 3544 3050 generantur,
3599 3001 3702 3039 nec

2088 3074 2329 3132 haereses
2381 3074 2658 3129 cxsismnt
2690 3089 2703 3128 :
2734 3072 2831 3127 sed
2895 3071 3083 3126 dicent
3134 3070 3363 3138 Gentes,
3433 3076 3696 3145 quoniam

383 3168 524 3226 lines
546 3169 849 3235 excedere,
874 3168 943 3224 ad
974 3168 1210 3223 alienam
1243 3166 1469 3223 tendere
1490 3167 1811 3237 regionem,
1839 3163 1985 3218 festi-
2012 3153 2059 3218 C
2090 3183 2219 3225 vere
2243 3167 2386 3223 Deus
2418 3168 2470 3220 in
2502 3165 2663 3220 nobis
2690 3172 2778 3220 est
2802 3162 3056 3218 Christus
3086 3164 3348 3219 Dcininus
3390 3176 3577 3221 noster
3603 3168 3697 3238 qui

385 3277 521 3318 nare
542 3302 558 3329 ,
598 3261 975 3317 ordinationes
1005 3260 1294 3316 celebrare
1318 3271 1340 3299 ε
1381 3259 1672 3328 prazceptis
1703 3267 1983 3327 metrOpo-

385 3354 618 3412 litanum
642 3358 962 3425 episcOpum
996 3368 1106 3409 non
1139 3353 1464 3424 permittere
1506 3352 1559 3406 in
1608 3366 1706 3406 sua
1762 3349 1990 3406 dimcesi

386 3462 493 3505 una
530 3462 657 3503 cum
696 3445 891 3503 vicinis
932 3445 1241 3519 episcOpis,
1273 3446 1417 3501 sicut
1468 3458 1704 3500 cccxvnr
1749 3441 1993 3513 episcopi

388 3538 823 3604 conﬁrmarunt,
856 3547 967 3593 tres
1004 3537 1093 3594 vel
1129 3553 1197 3593 eo
1237 3536 1473 3607 amplius
1511 3536 1830 3592 sacerdOtes
1869 3535 1992 3604 epi-

390 3646 620 3704 scopum
645 3630 904 3688 ordinare
931 3631 1158 3696 debere,
1176 3631 1263 3685 vel
1281 3630 1583 3698 subrogare
1612 3629 1993 3701 dignissimum

391 3723 549 3798 (Viri.
582 3724 738 3795 epist.
774 3739 793 3777 ι
826 3721 989 3777 Sirio.
1024 3737 1080 3777 n.
1114 3720 1228 3793 14).
1256 3721 1315 3778 Si
1346 3721 1468 3792 quis
1497 3731 1650 3777 certe
1686 3722 1826 3776 lines
1856 3719 1995 3775 alte—

393 3882 716 3938 contrarium
735 3886 912 3948 caput,
935 3883 994 3933 et
1017 3875 1182 3947 epist.
1209 3874 1298 3933 52.
1320 3883 1482 3945 atque
1510 3874 1665 3948 alibi,
1688 3874 1898 3948 adulter
1921 3881 2003 3927 at—

398 3970 498 4026 que
535 3946 826 4026 extraneos
857 3946 1129 4026 episcopus
1175 3948 1475 4026 vocitatur,
1524 3946 1647 4026 quia
1697 3946 2002 4002 Romanam

399 4016 693 4081 ecclesiam
726 4016 972 4091 legitimo
999 4019 1367 4091 ejusysponso
1394 4016 1658 4073 Cornelio
1686 4034 1742 4091 ra
1754 4032 1881 4087 pere
1908 4032 2005 4071 vo-

402 4094 569 4151 lebat.
599 4087 805 4161 Eadem
825 4091 895 4146 de
920 4087 1083 4147 causa
1108 4087 1537 4161 Chrysostomus
1563 4089 1705 4158 apud
1733 4092 1994 4161 Innocen-

406 4169 545 4220 tium
581 4163 746 4233 epist.
776 4160 833 4226 4,
868 4178 923 4216 n.
951 4162 1012 4227 Ξ,
1037 4176 1160 4233 cum
1193 4160 1885 4233 TheophiloAlexandrino
1914 4174 2009 4233 ex-

404 4232 677 4310 postulat,
701 4234 844 4310 quod
858 4232 1479 4310 _Qonst~.intinopoli_tana
1511 4245 1633 4310 cum
1665 4232 2009 4310 ecclesiasic

410 4299 622 4380 ageret,
642 4299 792 4380 quasi
820 4303 979 4380 vidua
1004 4299 1253 4380 essetnec
1282 4302 1580 4380 episcopum
1593 4300 1848 4380 ﬁnderet.
1872 4299 2009 4380 Hinc

413 4371 645 4434 adulteri
656 4371 888 4431 vocitati
918 4382 1047 4429 sunt
1067 4374 1335 4445 episcopi,
1359 4374 1450 4442 qui
1474 4379 1569 4445 aut
1593 4371 1645 4425 in
1674 4371 1900 4445 alterius
1930 4372 2009 4424 in-

412 4457 676 4506 vaserunt
706 4447 1021 4507 ecclesiam,
1054 4442 1141 4499 aut
1171 4442 1392 4515 priipria
1424 4443 1612 4498 relicta
1643 4442 1817 4515 aliam
1840 4455 2005 4515 occu-

413 4531 633 4595 parun}.
660 4517 827 4587 Cujus
851 4518 929 4573 rei
959 4511 1211 4595 exempla
1241 4515 1423 4595 legere
1449 4520 1534 4595 est
1559 4513 1878 4595 inconcilio

416 4583 520 4649 'sub
561 4583 871 4646 Mena’oet.
924 4603 976 4654 ι,
1034 4602 1091 4658 p.
1124 4583 1230 4645 ⁷19,
1275 4583 1331 4641 εὶ
1371 4588 1424 4639 in
1453 4586 1838 4658 Vigiliipapm
1864 4583 2010 4658 _epi-

418 4664 562 4720 stola
592 4662 683 4725 19,
715 4672 822 4716 etc.
866 4660 974 4715 Sed
1028 4656 1340 4714 luculentus
1387 4667 1475 4712 est
1518 4672 1580 4711 ea
1633 4656 1703 4711 de
1756 4671 1815 4711 re
1863 4656 2015 4710 locus

420 4732 813 4793 Aleitandrinae
855 4729 1051 4803 synodi
1102 4743 1248 4783 anno
1293 4727 1400 4784 540
1447 4727 1670 4795 habitas,
1699 4728 1812 4798 jam
1854 4740 2017 4797 supra

421 4822 550 4880 pag.
577 4803 689 4880 §64
722 4812 839 4880 not.
869 4820 911 4880 a_
934 4804 1161 4880 relatus.

498 4868 527 4914 ἶ
572 4876 739 4932 Sirm.
789 4875 1007 4927 clericus
1056 4873 1356 4925 alienus....
1408 4868 1525 4923 Hoc
1572 4871 1898 4940 quicumque.
1947 4868 2025 4922 Ex

428 4949 733 5025 archetypo
777 4944 936 4999 Coll).
993 4947 1390 5025 ιςρξμιιιιιῐιμιςὶἰ
1430 4942 1648 5025 clericus
1699 4944 2026 5025 trajectus"...

432 5019 551 5075 Hoc
577 5009 825 5088 quisque,
859 5015 1018 5086 quasi
1043 5013 1161 5088 lioc
1179 5014 1438 5088 quisquis.
1473 5012 1542 5088 Ut
1568 5009 1773 5088 cterici
1799 5012 1870 5067 ab
1917 5009 2034 5088 epi-

432 5081 603 5158 scopo
636 5081 738 5142 suo
768 5081 1078 5158 abjnictiab
1119 5081 1243 5139 aliis
1275 5098 1382 5139 non
1412 5085 1774 5158 recipiantur,
1817 5081 2034 5137 consli-

435 5154 598 5217 tnunt
625 5162 922 5215 concilium
954 5156 1231 5213 Niczennm
1259 5170 1382 5210 ean.
1410 5154 1443 5208 5
1473 5167 1530 5209 et
1558 5156 1890 5210 SardicenSo
1912 5168 2033 5207 can.

437 5233 528 5289 16.
557 5233 691 5288 Item
724 5230 1001 5285 Nicaenum
1042 5231 1338 5283 concilium
1370 5240 1495 5281 can.
1532 5227 1597 5281 17
1624 5237 1678 5282 et
1715 5226 2044 5282 Sardicense

439 5319 564 5360 can.
604 5302 671 5357 18
701 5310 758 5357 et
784 5302 874 5363 19.
913 5301 1177 5355 clericum
1202 5298 1426 5353 alterius
1464 5298 1581 5351 sine
1609 5298 1850 5367 episcopi
1876 5297 2048 5363 ipsius

440 5388 717 5431 consensu
735 5370 1044 5440 promoveri
1064 5387 1159 5426 seu
1174 5370 1413 5440 ordinari
1435 5368 1750 5437 prohibent,
1767 5380 2051 5437 ratamque

443 5442 647 5501 haberi
678 5439 872 5496 nolunt
900 5440 1210 5510 huiusmodi
1240 5439 1669 5510 ordinationem.

521 5513 551 5552 ι’
586 5513 641 5567 lu
671 5514 936 5579 vulgatis,
971 5509 1255 5567 exclusum.
1305 5509 1669 5564 ReStituimns
1695 5525 1762 5564 ex
1816 5523 1946 5579 ms.,
1977 5523 2055 5579 sco

454 5577 987 5667 clus_um:“l.egnnus
1040 5583 1094 5665 in
1122 5584 1431 5667 lsnperiore
1483 5579 1666 5663 Siricii
1724 5577 2057 5667 epismlla'5,

455 5672 519 5713 ιι.
553 5655 630 5710 4:
662 5656 721 5712 Si
743 5649 860 5724 quis
888 5669 1011 5708 sane
1051 5649 1268 5723 inﬂatus
1296 5660 1460 5706 mente
1500 5652 1669 5706 carnis
1714 5666 1843 5716 suae,
1876 5649 1939 5703 ab
1969 5649 2065 5703 hac

457 5728 678 5784 canonis
707 5727 910 5781 ratione
933 5726 1148 5779 voluerit
1176 5725 1402 5796 evagari,
1428 5725 1557 5777 sciat
1590 5739 1644 5779 se
1673 5741 1705 5777 (ι
1729 5731 1909 5779 nostra
1930 5736 2069 5776 com-

467 5801 716 5859 mnnione
742 5799 1017 5854 seclusum.

759 5960 779 5979 κ
801 5894 1079 5957 Panos.
1130 5891 1306 5953 XIII.

2091 3261 2226 3317 vivit
2255 3270 2309 3316 et
2338 3267 2573 3329 regnata
2599 3258 2741 3328 apud
2794 3255 3010 3311 Patrem
3062 3271 3187 3312 cum
3228 3256 3438 3327 Spiritu
3471 3268 3697 3325 sancto,

2096 3355 2150 3410 in
2176 3360 2383 3409 afterna'
2410 3350 2609 3406 Saecula
2634 3349 2986 3404 smculorum.
3018 3349 3217 3405 Amen.

2171 3498 2448 3552 Praeterea
2496 3492 2619 3547 duae
2665 3500 2795 3547 sunt
2834 3490 3113 3564 Ambrosii
3157 3493 3400 3564 episcopi
3445 3495 3705 3552 Mediolao

2098 3570 2321 3629 nensis.
2341 3568 2547 3623 scilicet
2576 3564 2647 3621 85
2667 3574 2723 3619 et
2751 3564 2840 3629 86,
2871 3563 3074 3618 Siricio
3102 3563 3382 3635 inscripta:
3407 3566 3703 3624 laiiiiliares

2099 3642 2369 3712 epistolae,
2410 3653 2480 3712 es
2513 3638 2711 3712 quibus
2753 3644 2958 3712 quanta
3004 3634 3083 3689 illi
3129 3634 3348 3704 praesuli
3391 3654 3512 3693 cum
3568 3657 3706 3710 pupa

2101 3708 2292 3770 nostro
2321 3709 2566 3765 amicitia
2594 3708 3003 3772 intercesserit,
3034 3716 3221 3776 posset
3247 3712 3595 3778 comprobari
3613 3708 3703 3777 {si

2182 3881 2214 3942 οῖ
2236 3869 2342 3923 Pro
2372 3865 2641 3942 praeceptis
2663 3862 2868 3942 ,__quod
2897 3858 3562 3942 arclietypum_mendose
3591 3886 3705 3942 pra:

2110 3958 2171 3999 se
2197 3941 2328 4003 fert,
2353 3935 2634 3994 substiiuit
2664 3935 2856 4001 Sirin.,
2887 3951 2996 4002 pra:
3020 3941 3239 3990 cwleris.
3260 3937 3380 3992 Pari
3406 3942 3527 4008 jure
3554 3935 3712 3998 resti-

2113 4025 2268 4069 tuere
2297 4012 2487 4064 liceret
2518 4008 2822 4077 prwsertim,
2849 4019 2943 4059 ant
2968 4023 3299 4078 presumere.
3342 4010 3478 4064 Tum
3512 4013 3709 4070 deinde

2112 4081 2409 4153 legendum
2431 4081 2669 4144 videtur,
2693 4079 3357 4153 metropolitanoepiscopo
3378 4100 3481 4136 non
3500 4086 3711 4153 permit-

2113 4149 2273 4213 tente.
2305 4152 2417 4208 Nisi
2444 4153 2585 4205 forte
2616 4150 2739 4218 quis
2778 4155 2936 4221 malit
2965 4149 3239 4204 admittere
3266 4149 3364 4219 pro
3394 4149 3708 4221 permittere.

2114 4228 2171 4281 ln
2203 4224 2397 4280 Galliis
2436 4231 2620 4293 autem
2666 4221 2769 4276 sub
2815 4219 3035 4293 initium
3089 4223 3273 4277 saeculi
3305 4238 3361 4276 iv
3395 4219 3570 4293 quam
3606 4230 3715 4281 tre-

2112 4311 2287 4368 qui-us
2314 4300 2468 4368 esset
2495 4292 2901 4368 ordinationum
2935 4291 3123 4368 vitium
3154 4292 3297 4368 qtiod
3324 4291 3469 4348 nunc
3493 4311 3716 4352 coerce-

2114 4360 2227 4429 t'ur,
2248 4365 2405 4420 testis
2433 4372 2514 4417 est
2538 4360 2897 4415 Taurinensis
2931 4360 3176 4430 synodus
3204 4362 3347 4416 intra
3377 4380 3579 4419 annum
3609 4370 3715 4423 398

2115 4448 2171 4495 et
2203 4436 2327 4500 503,
2354 4434 2562 4496 habita,
2589 4447 2714 4486 can.
2738 4432 2792 4495 5,
2826 4431 2914 4485 ubi
2937 4440 3173 4501 quatuor
3199 4433 3440 4503 episcOpi
3471 4439 3535 4491 de
3563 4454 3716 4491 usur-

2116 4509 2324 4578 patione
2347 4504 2575 4578 quadam
2597 4504 2653 4556 in
2675 4503 2998 4578 ordinatione
3019 4504 3346 4578 sacerdotum
3374 4508 3443 4559 ad
3466 4508 3715 4564 invidiam

2116 4573 2388 4635 uocantur.
2427 4574 2562 4630 Vide
2587 4573 2882 4629 concilium
2906 4575 3236 4631 Arelatense
3262 4577 3329 4644 ll,
3362 4592 3485 4633 can.
3518 4579 3574 4648 5,
3609 4585 3642 4636 δ
3663 4590 3719 4638 et

2193 4720 2221 4759 ει
2265 4719 2504 4776 Verbum
2540 4716 2838 4793 negligitur,
2874 4716 3025 4793 quod
3072 4717 3128 4771 in
3159 4719 3458 4793 archetypo
3483 4721 3661 4789 deest,
3692 4741 3723 4781 e

2125 4795 2293 4851 Sirm.
2343 4786 2695 4845 mutuantur.—
2728 4787 2824 4841 Vel
2874 4786 3030 4859 illud,
3071 4799 3164 4843 aut
3215 4808 3318 4845 non
3352 4786 3586 4859 ii—ntetur,
3625 4786 3723 4850 seu

2127 4864 2526 4940 spernitur,aut
2550 4859 2681 4930 quid
2713 4859 2893 4914 simile
2927 4858 3157 4915 librario
3195 4865 3464 4919 excidisse
3498 4858 3726 4934 planum

2131 4949 2213 4994 est
2224 4974 2239 4989 .

2212 5016 2235 5043 θ
2271 5005 2365 5060 His
2395 5003 2562 5058 aliine
2591 5010 2675 5056 est
2702 5000 2849 5071 quod
2892 5000 3118 5058 Siricius
3145 5003 3306 5072 epist.
3339 5005 3393 5063 6.
3428 5008 3531 5062 sub
3562 5008 3728 5065 linem

2139 5077 2370 5137 scribit:
2403 5074 2513 5129 Nec
2555 5074 2826 5145 quisquam
2881 5085 3023 5139 putet
3076 5085 3338 5143 tamquam
3384 5079 3734 5138 ordinatione;

2144 5162 2371 5208 terrenas
2392 5146 2532 5217 ﬁeri,
2564 5144 2681 5198 cum
2712 5144 2915 5197 caeleste
2941 5145 3005 5217 sit
3033 5147 3401 5217 sac_erdotinm.

2223 5219 2241 5259 ί
2269 5214 2402 5276 Istis
2415 5232 2516 5273 nec
2537 5218 2805 5271 absimilis
2836 5226 2962 5288 sunt
2989 5215 3079 5270 illa
3100 5214 3284 5288 Siricii
3309 5221 3472 5288 epist.
3499 5222 3554 5287 5,
3583 5240 3637 5278 η.
3663 5224 3697 5279 4
3722 5243 3736 5282 :

2156 5293 2279 5349 Hac
2303 5293 2478 5363 itaque
2502 5292 2710 5362 fratres,
2808 5285 2960 5363 μιμηςι
2986 5287 3251 5363 uigilando
3271 5285 3465 5363 fuerint
3486 5285 3551 5347 ηδ
3579 5297 3743 5349 omni-

2156 5367 2248 5437 bus
2275 5356 2808 5437 obse'rvaia,_cessabit
2837 5356 3070 5422 ambitio,
3105 5356 3360 5415 dissensio
3399 5366 3742 5437 conquiescet,

2158 5434 2378 5490 htereses
2397 5443 2442 5487 et
2472 5430 2589 5485 schi
2610 5437 2750 5483 mata
2775 5444 2879 5481 non
2907 5438 3185 5497 emergent.

2235 5514 2259 5553 s
2287 5505 2365 5559 Ita
2396 5520 2499 5559 ms.
2529 5501 2722 5564 Colb.;
2757 5501 2825 5554 At
2848 5498 3007 5567 editi,
3040 5515 3158 5553 cum
3181 5498 3340 5558 Patre
3369 5515 3417 5560 et
3447 5523 3584 5563 cum.
3615 5509 3754 5566 Siri-

2165 5577 2282 5633 cius
2325 5576 2486 5646 epist.
2536 5571 2590 5640 5,
2643 5587 2702 5646 t_i2
2754 5569 2808 5646 _5,
2856 5574 3319 5646 testem‘invocat
3348 5576 3668 5636 Trinitatem
3701 5585 3754 5637 in

2167 5647 2315 5727 lianc
2344 5639 2611 5727 modunn;
2644 5640 2820 5727 Medio
2850 5641 3023 5711 itaque
3067 5639 3252 5712 Patre,
3281 5658 3329 5702 et
3355 5650 3621 5721 unigenito
3648 5656 3758 5727 ejus

2172 5717 2337 5787 Filio,
2367 5726 2414 5773 et
2444 5714 2649 5787 Spiritu
2676 5723 2874 5769 sancto.

3150 5882 3231 5947 38
