4120 6186
345 204 504 264 1197

974 201 1312 262 EPISTOLA
1351 198 1644 258 CONCILll
1684 194 2228 256 CONSTAN'I‘INOP.
2275 196 2364 252 AD
2411 195 2744 256 DAMASUM
2783 197 3042 255 PAPAM.

366 346 483 384 rum
511 328 958 399 proscriptiones,
993 325 1610 392 insidias,contumelias
1631 334 1682 379 et
1707 336 1958 380 carceres
1986 325 2007 379 Δ

2113 322 2440 380 annonam
2461 322 2595 398 ὑπὲρ
2623 323 2833 395 ἀριθμὸν
2843 358 2862 384 ,ν
2873 319 3004 384 ἴσως
3025 323 3117 392 μὲν
3140 319 3314 382 ἐπειδὴ
3339 321 3481 383 δίκας
3504 320 3676 397 ἀμαρ-
3747 383 3760 392 ε

366 423 489 494 quis
518 421 684 492 possit
705 420 1063 476 enumerare?
1082 419 1159 475 Re
1183 418 1326 474 enim
1344 433 1466 472 vera
1485 431 1677 472 omnes
1704 428 1962 470 aerumnae

367 515 630 570 adversus
657 529 755 567 nos
787 512 1156 579 multiplicatae
1190 522 1315 566 sunt
1345 525 1508 580 super
1527 522 1964 573 numerum;seu

370 607 515 681 quod
547 617 895 678 peccatorum
921 615 1230 662 nostrorum
1257 620 1442 674 pmnas
1465 602 1846 672 persolvimus,
1871 614 1967 654 seu

371 701 514 773 quod
540 701 803 772 benignus
835 701 978 755 Deus
1008 715 1101 769 per
1123 698 1259 753 hanc
1280 697 1544 752 malorum
1565 693 1968 766 multitudinem

372 809 630 852 exercere
658 809 756 849 nos
789 791 981 847 voluit.
1015 791 1121 846 Pro
1144 790 1229 845 his
1242 805 1373 860 ergo
1391 787 1591 860 gratias
1606 787 1815 855 agimus
1830 783 1968 851 Deo,

375 888 468 959 qui
496 896 574 942 tot
602 902 664 941 ac
695 885 860 940 tantis
883 882 1284 939 calamitatibus
1307 880 1535 936 famulos
1564 893 1694 934 suos
1709 875 1968 942 erudivit,

376 988 430 1036 et
461 995 557 1049 pro
589 977 956 1048 magnitudine
977 975 1386 1030 miserationum
1403 987 1620 1029 suarum
1637 985 1822 1026 rursus
1840 968 1973 1024 edu-

374 1072 453 1128 xit
483 1086 583 1127 nos
610 1069 664 1126 in
706 1069 1067 1141 refrigerium.

446 1163 514 1220 Il.
544 1163 713 1220 Nobis
741 1179 872 1219 vero
903 1161 968 1218 ad
1005 1161 1405 1232 reparationem
1438 1155 1791 1214 ecclesiarum
1848 1155 1972 1209 diu-

377 1267 540 1313 turno
571 1256 686 1311 otio
708 1271 769 1310 ac
803 1254 977 1309 multo
1011 1263 1258 1323 tempore
1302 1261 1358 1308 et
1389 1249 1572 1306 labore
1624 1263 1760 1318 opus
1806 1253 1975 1312 esset,

379 1356 441 1405 ut
479 1363 680 1418 corpus
706 1346 984 1409 Ecclesim,
1036 1354 1309 1416 tamquam
1353 1359 1420 1398 ex
1449 1343 1707 1395 diuturno
1764 1339 1976 1403 morbo,

371 1440 618 1513 sollicita
650 1441 933 1495 curatione
962 1437 1215 1508 paulatim
1246 1443 1579 1499 recreantes,
1602 1431 1668 1486 ad
1695 1430 1978 1501 pristinam

386 1535 601 1606 pietatis
633 1534 922 1587 sanitatem
953 1543 1359 1585 rcVocaremus.
1398 1525 1509 1580 Etsi
1540 1523 1684 1579 enim
1723 1536 1981 1592 persecu-

387 1629 596 1683 tionum
627 1624 888 1681 violentia
921 1623 1133 1694 penitus
1167 1620 1378 1676 liberati
1416 1617 1683 1681 ridemur,
1712 1625 1766 1670 et
1810 1614 1984 1668 cccle-

2069 415 2306 487 τημάτων
2338 423 2363 450 ⁸
2394 416 2642 486 ἐτίναμεν,
2670 410 2797 474 ’άτως
2824 411 2878 468 δὲ
2912 415 2996 469 καί
3028 419 3119 468 τοῦ
3162 415 3516 490 φιλανθρώπου
3547 420 3676 468 Θεοῦ

2071 505 2156 563 διά
2200 513 2288 563 τοῦ
2339 507 2557 567 πλήθους
2604 513 2708 562 τῶν
2756 507 3070 577 παθημάτων
3120 507 3254 577 ἡμᾶς
3308 507 3676 578 γυμνάζοντος.

2070 602 2275 656 Τούτων
2303 603 2393 674 μὶν
2419 607 2492 670 τῷ
2522 607 2633 672 Θεῷ
2655 600 2842 674 χάρις,
2870 595 2924 660 ὃς
2954 600 3043 654 καί
3067 595 3154 653 διὰ
3179 599 3441 654 τοσούτων
3469 597 3682 668 θλίψεων

2071 698 2192 755 τοὺς
2226 683 2417 751 ἑαυτοῦ
2455 693 2666 755 δούλους
2713 691 3066 759 ἐξεπαίδενσε,
3100 697 3180 748 καί
3221 696 3354 750 κατά
3398 694 3460 748 τὸ
3497 692 3686 752 πλῆθος

2071 793 2170 842 τῶν
2211 791 2485 863 οἰκτιρμῶν
2539 789 2696 844 αὐτοῦ
2744 787 2896 844 πάλιν
2937 788 3176 862 ίξήναγεν
3215 788 3352 856 ἡμᾶς
3389 787 3462 848 είς
3486 783 3686 856 ἀναψυ-

2077 901 2182 952 χην
2191 919 2205 935 .

2151 1160 2292 1232 ὐμῖν
2319 1159 2372 1215 δὲ
2404 1167 2610 1233 μακρᾶς
2637 1164 2731 1233 μὲν
2754 1159 2862 1216 ἔδει
2887 1161 3090 1232 σχολῆς
3111 1201 3124 1225 ,
3159 1164 3246 1216 καὶ
3273 1161 3461 1216 πολλοῦ
3493 1160 3690 1238 χρόνον

2082 1260 2166 1310 καὶ
2184 1255 2341 1311 πόνου
2365 1257 2494 1333 πρὸς
2513 1261 2606 1316 τὴν
2619 1264 2719 1312 τῶν
2741 1256 3012 1313 ἂκκλησιῶν
3036 1255 3404 1330 ἐπανόρθωσιν,
3427 1255 3492 1310 ἶν’
3514 1259 3691 1334 ὥσπερ

2085 1351 2137 1402 ἐκ
2169 1353 2372 1424 μακρᾶς
2403 1350 2706 1423 ἁρῤωστίας
2728 1391 2741 1412 ,
2768 1357 2890 1410 ταῖς
2913 1351 3042 1404 κατά
3071 1353 3252 1426 μικρὸν
3291 1351 3602 1422 ἐπιμελείαις
3640 1351 3701 1406 τὸ

2088 1448 2242 1508 σῶμα
2265 1449 2356 1501 τῆς
2383 1440 2681 1502 Ἐκκλησίας
2711 1443 3155 1506 ὲκνοσηλεύοντες,
3185 1443 3317 1516 πρὸς
3342 1447 3433 1500 τήν
3461 1445 3699 1517 ἀρχαίαν

2085 1542 2178 1596 τῆς
2201 1533 2469 1594 εὐσεϐείας
2498 1533 2691 1605 ὑγίειαν
2724 1534 3142 1608 irroranda-7min;
3174 1536 3264 1586 lteri
3296 1534 3400 1608 γὰρ
3442 1537 3486 1586 εἰ
3514 1533 3578 1588 τά
3605 1536 3705 1603 μά-

2087 1627 2241 1681 λιστα
2262 1624 2508 1696 δοκοῦμεν
2537 1634 2631 1686 τῆς
2655 1607 3022 1698 τῶνῖιωγμῶν
3052 1607 3390 1696 ἀπηλλάχθαι
3419 1623 3704 1699 σφοδρότη-

385 1723 497 1777 sias
527 1720 620 1775 diu
641 1719 708 1775 ab
731 1717 1001 1772 hmrcticis
1022 1729 1305 1787 possessas
1334 1711 1574 1782 perfecte
1600 1722 1988 1778 recuperasse;

2113 1739 2210 1782 τος,
2260 1720 2346 1772 καί
2396 1720 2491 1779 τάς
2539 1718 2804 1778 ἐκκλησίας
2839 1720 3068 1794 χρονίως
3117 1719 3263 1795 παρὰ
3298 1723 3400 1773 τῶν
3443 1719 3710 1793 αἱρετικῶς

390 1825 571 1870 tamen
606 1811 817 1867 molesti
853 1810 1010 1864 nobis
1035 1817 1160 1863 sunt
1190 1805 1326 1876 lupi,
1357 1803 1447 1874 qui
1478 1812 1762 1873 postquam
1790 1801 1858 1856 ab
1876 1800 1994 1855 ovi—

393 1907 539 1963 libus
562 1915 688 1960 sunt
719 1903 959 1975 depulsi,
1017 1902 1198 1956 ovium
1253 1899 1518 1972 gregesin
1572 1897 1802 1951 saltibus
1862 1896 1996 1950 diri—

391 2002 565 2072 piunt,
599 1998 901 2053 contrarios
924 2003 1226 2052 conventus
1283 2008 1444 2063 agere
1461 2006 1567 2045 non
1585 1988 1871 2058 trepidant,
1903 2004 1996 2056 po—

395 2093 646 2165 pulorum
690 2091 968 2145 concitant
1019 2086 1337 2152 seditiones,
1395 2093 1447 2139 et
1493 2083 1556 2136 ad
1642 2081 1995 2136 ecclesiarum

403 2184 696 2254 perniciem
729 2181 904 2235 moliri
936 2179 1066 2234 nihil
1100 2179 1425 2234 detrectant.
1457 2176 1714 2239 Proinde,
1749 2174 1887 2229 sicut
1918 2174 1999 2227 di-

399 2275 874 2340 ximus,iliutnrno
905 2272 1062 2326 nobis
1087 2286 1223 2339 opus
1251 2277 1399 2325 esset
1430 2276 1705 2336 tempore,
1736 2283 1842 2336 quo
1878 2283 2000 2334 pos-

402 2385 583 2426 semus
617 2368 738 2422 huic
766 2365 986 2436 negotio
1015 2379 1227 2418 vacare.

475 2461 558 2516 Ill.
616 2459 720 2516 Sed
768 2459 1022 2529 quoniam
1072 2457 1367 2510 fraternam
1404 2469 1655 2523 eiganos
1676 2453 1998 2506 charitatem

405 2553 775 2617 ostendentes,
803 2552 867 2606 ad
901 2549 1166 2622 synodum
1194 2557 1355 2618 quam
1389 2547 1480 2601 Dei
1510 2542 1791 2601 voluntate
1814 2547 2004 2601 Romae

406 2649 770 2721 Congregatis,
809 2662 907 2700 nos
937 2660 1150 2714 quoque
1184 2645 1328 2697 velut
1359 2642 1573 2712 propria
1607 2641 1846 2696 membra
1879 2640 2006 2710 piis-

406 2743 531 2796 simi
559 2739 899 2811 imperatoris
929 2737 1126 2791 litteris
1152 2735 1464 2800 CVHCﬂSlis;
1496 2743 1551 2786 ut
1584 2734 1706 2802 quin
1732 2741 1860 2785 tunc
1893 2731 2000 2784 soli

408 2835 474 2890 ad
505 2833 858 2906 perferendas
884 2845 1155 2885 aerumnas
1179 2827 1418 2882 dan‘mati
1453 2840 1662 2889 sumus,
1697 2839 1843 2878 nunc
1880 2837 2004 2878 cum

411 2927 854 3000 lmperatorcsin
888 2939 1051 2980 causa
1106 2922 1324 2993 pietatis
1343 2919 1700 2984 concordant,
1746 2932 1842 2972 vos
1901 2933 2008 2970 non

410 3022 527 3075 sine
559 3018 714 3074 nobis
743 3020 1003 3088 regnetis,
1065 3015 1160 3069 sed
1201 3024 1256 3069 et
1303 3012 1604 3067 secundum
1655 3009 2009 3079 apostolicam

2100 1811 2514 1881 κατασχεθείσας
2541 1811 2730 1887 ἀρτίως
2751 1811 3146 1881 ὁωακομίζεσθαι
3162 1851 3176 1876 ,
3208 1810 3342 1868 πλὴν
3367 1810 3492 1865 ἀλλὰ
3529 1810 3710 1883 βαρεῖς

2101 1908 2225 1977 ἡμῖν
2248 1903 2414 1971 λύκοι,
2442 1909 2528 1961 καί
2555 1909 2687 1977 μετὰ
2715 1909 2776 1962 τὸ
2800 1913 2894 1966 τῆς
2917 1905 3146 1982 μάνδραις
3170 1908 3410 1971 ἐξωθῆναι
3427 1945 3440 1971 ν
3462 1907 3593 1960 κατά
3615 1907 3715 1968 τάδ’

2100 2002 2270 2061 νάπας
2285 2001 2351 2055 τὰ
2373 2003 2588 2071 ποίμνια
2609 1999 3004 2077 διαρπάζοντες,
3026 2000 3378 2066 ἀντισννάξεις
3404 1999 3690 2069 τολμῶντες
3699 2035 3720 2062 ,ι

2104 2090 2276 2158 δήμων
2303 2097 2556 2153 κινοῦντες
2598 2094 2982 2151 ἀπαναστάσεις
3001 2133 3016 2158 ,
3056 2093 3324 2152 ὀκνεῦντες
3361 2089 3504 2146 οὐδέν
3531 2092 3604 2150 εὶς
3623 2093 3717 2146 τήν

2105 2192 2208 2238 τῶν
2250 2185 2521 2242 ἐκκλησιῶν
2564 2185 2782 2256 βλάϐην.
2825 2181 2920 2238 Ἦν
2961 2188 3051 2255 μὲν
3080 2179 3204 2250 οὖν,
3230 2182 3360 2260 ὅπερ
3401 2186 3670 2253 είρήεωριν
3696 2217 3716 2246 ,

2107 2278 2384 2348 ἀναγκαῖον
2405 2277 2614 2332 πλείονα
2635 2279 2769 2348 ἡμᾶς
2801 2277 3299 2352 προσασχοληθῆναι
3325 2273 3538 2351 χρόνον.

2178 2461 2384 2522 Ἐπειδὴ
2425 2464 2597 2534 μέντοι
2616 2467 2708 2520 τὴν
2738 2461 3000 2535 ἀδελφικὴν
3044 2466 3172 2538 περὶ
3213 2465 3350 2534 ἡμᾶς
3377 2463 3584 2535 ἀγάπην
3602 2462 3720 2518 ἔπιέ

2111 2554 2454 2628 δεικνύμενοι,
2505 2553 2717 2610 σύνοδον
2769 2556 2856 2610 ἐπὶ
2910 2563 3006 2615 τῆς·
3056 2553 3252 2629 Ῥώμης
3302 2562 3431 2610 Θεοῦ
3482 2554 3726 2626 βου-λήσει

2112 2653 2536 2722 συγκροτοῦντες,
2566 2651 2654 2700 καί
2677 2649 2814 2716 ἡμᾶς
2846 2649 2912 2707 ὡς
2945 2648 3104 2702 οἰκεῖα
3130 2647 3254 2714 μέλη
3275 2648 3726 2720 προσεκαλέσασθε

2114 2739 2200 2797 διὰ
2245 2748 2348 2797 τῶν
2392 2746 2487 2795 τοῦ
2531 2740 2924 2813 θεοφιλεστάτου
2973 2739 3225 2810 βασιλέως
3271 2742 3616 2816 γραμμάτων,
3662 2739 3727 2794 ἶν’

2117 2831 2292 2894 ἐπειδὴ
2313 2835 2428 2890 τότε
2458 2834 2550 2894 τὰς
2585 2833 2777 2904 θλίψεις
2813 2833 2955 2904 μόνοι
2989 2831 3450 2908 κατεδικάσθημενγ
3474 2840 3560 2888 νῦν
3586 2837 3641 2889 ἂν

2115 2933 2216 2980 τῶν
2265 2922 2658 3000 αὐτοκρατόρων
2701 2928 2824 2999 περὶ
2873 2930 2963 2984 τήν
3013 2928 3274 2982 εὐσέϐειαν
3318 2929 3605 3003 συμφωνίᾳ,

2119 3019 2289 3093 χωρὶς
2315 3019 2453 3087 ἡμῶν
2482 3016 2848 3089 βασιλεύσητε.
2884 3017 3009 3072 ἀλλά
3033 3022 3123 3073 καὶ
3145 3021 3297 3090 ἡμεῖς
3325 3021 3446 3091 ὑμῖν
3480 3021 3618 3074 κατά
3642 3024 3733 3078 τὴν

413 3129 604 3169 vocem
629 3113 692 3184 (ll
719 3110 839 3166 Cor.
876 3127 950 3176 ιν,
981 3107 1064 3179 8),
1084 3123 1182 3163 nos
1210 3107 1491 3163 vobiscum
1508 3118 1827 3174 regnemus:
1855 3101 2007 3157 nobis

2121 3113 2464 3170 ἀποστολικήν
2525 3117 2689 3184 φωνήν
2745 3111 3282 3183 σνμϐασιλεύσωμεν·
3338 3115 3474 3184 εύχή
3535 3115 3626 3182 μὲν
3675 3109 3733 3170 ἧν

413 3205 628 3277 quidem
663 3206 714 3259 in
746 3205 887 3258 votis
908 3212 1041 3268 erat,
1064 3213 1117 3254 ut
1141 3202 1184 3254 si
1209 3201 1322 3254 tieri
1347 3193 2008 3268 posset,universisimnl,

415 3300 618 3356 relictis
655 3296 926 3362 ecclesiis,
955 3294 1224 3350 desiderio
1246 3308 1341 3348 seu
1373 3293 1550 3362 potius
1583 3286 2012 3344 necessitatinb-

416 3408 801 3463 sequeremur.
837 3389 974 3458 Quis
999 3390 1144 3443 enim
1176 3386 1270 3440 det
1293 3385 1448 3440 nobis
1480 3397 1689 3454 pennas
1731 3382 1870 3436 sicut
1921 3395 2014 3436 cc-

417 3487 616 3542 lumba:
646 3485 820 3557 (Psal.
856 3484 944 3538 liv.
978 3485 1031 3554 7)
1059 3526 1072 3548 ,
1105 3491 1159 3537 et
1192 3481 1498 3535 volahitnus
1523 3489 1574 3534 et
1604 3479 2015 3546 requiescemus

419 3583 558 3655 apud
585 3581 712 3637 vos?
740 3579 848 3636 Sed
877 3579 1133 3650 quoniam
1166 3594 1227 3634 ea
1252 3592 1341 3632 res
1391 3589 1614 3646 prorsus
1667 3573 1895 3628 nudaret
1927 3585 2016 3626 ec—

420 3679 636 3742 clesias,
669 3692 789 3747 qua:
820 3689 962 3730 nunc
991 3672 1220 3744 primum
1244 3672 1507 3741 incipiunt
1531 3666 1803 3732 renovari,
1826 3674 1881 3720 et
1903 3665 2017 3735 ple-

423 3773 577 3843 rique
613 3770 666 3825 id
704 3769 883 3824 facere
915 3768 1062 3821 nullo
1085 3765 1243 3821 modo
1272 3771 1493 3835 possent
1542 3763 2018 3834 (conveneramus

422 3865 566 3920 enim
591 3861 1121 3931 Constantinopolim
1147 3857 1445 3912 secundum
1471 3856 1684 3909 litteras
1707 3869 1732 3906 a
1761 3866 2019 3907 reveren-

428 3957 497 4010 tia
515 3966 690 4011 vestra
713 3968 855 4008 anno
874 3949 1320 4021 superiore,'post
1339 3949 1687 4017 Aquileiense
1705 3945 2017 4008 concilium,

433 4048 496 4102 ad
531 4048 830 4117 piissimum
864 4047 1247 4116 imperatorem
1283 4039 1648 4098 Theodosium
1696 4041 1918 4105 missas;
1952 4038 2019 4092 ad

431 4138 570 4193 hanc
597 4139 768 4194 solam
824 4137 1210 4208 preteetionem
1266 4133 1800 4203 Constantinopolim
1849 4145 2023 4200 usque

429 4229 704 4291 instructi,
731 4237 784 4282 et
812 4230 877 4283 de
908 4228 1006 4282 hac
1031 4241 1129 4281 una
1152 4227 1360 4298 synodo
1379 4239 1704 4280 consensum
1739 4209 2029 4290 episcopo?

429 4337 574 4385 rum,
610 4320 702 4392 qui
734 4320 786 4375 in
815 4321 1104 4390 previnciis
1127 4327 1302 4385 erant,
1326 4315 1616 4372 ali'erentcs
1635 4332 1648 4378 ;
1670 4331 1789 4370 cum
1812 4314 1878 4368 de
1906 4313 2026 4368 lon-

428 4417 565 4486 giori
585 4415 780 4471 itinere
804 4414 1149 4485 suscipiendo
1178 4429 1276 4468 nec
1307 4411 1569 4481 suspicati
1600 4424 1870 4475 essemus,
1925 4422 2036 4463 nee-

2123 3205 2261 3276 ἠμῖν,
2296 3206 2340 3257 εἰ
2376 3201 2610 3266 δυνατὸν,
2638 3202 2831 3259 ἅπασιν
2850 3203 3043 3279 ἀθρόως
3068 3203 3412 3259 καταλιποῦσι
3439 3207 3536 3264 τὰς
3562 3207 3736 3266 ἐκκλη-

2121 3299 2240 3358 σίας
2266 3338 2282 3362 ,
2314 3305 2388 3368 τῷ
2427 3297 2572 3367 πόθῳ
2609 3296 2642 3356 ἦ
2683 3304 2746 3372 τῇ
2791 3297 2950 3372 χρείᾳ
2981 3295 3332 3374 χαρίσασθαι.
3373 3301 3460 3360 Τίς
3488 3300 3586 3374 γὰρ
3613 3302 3731 3371 ἡμῖν

2121 3389 2281 3445 δώσει
2319 3391 2581 3465 πτέρυγας
2610 3391 2733 3444 ὡσεί
2763 3395 3110 3465 περιστερᾶς-ξ
3142 3393 3228 3445 καί
3264 3392 3695 3463 πετάσθησόμεθα
3713 3431 3735 3458 ,‹

2123 3485 2208 3537 καί
2232 3485 2363 3556 πρὸς
2393 3483 2531 3554 ὑμᾶς
2561 3485 2980 3555 καταπαύσομεν.
3017 3482 3045 3520 δ
3075 3483 3273 3543 Ἐπαδή
3300 3482 3356 3540 δὲ
3375 3492 3528 3541 τοῦτο
3553 3504 3736 3543 παντε-

2123 3573 2222 3634 λῶς
2244 3574 2461 3647 ἐγύμνου
2484 3574 2577 3634 τάς
2606 3574 2875 3634 ἐκκλησίας
2898 3613 2914 3638 ,
2942 3570 3062 3650 ἅρτι
3088 3583 3182 3637 τῆς
3210 3577 3536 3637 ἀνανεώσεως
3559 3580 3623 3655 ἀρ
3629 3595 3702 3650 χο
3717 3608 3732 3617 -

2125 3667 2300 3735 μένας,
2332 3669 2417 3719 καὶ
2453 3665 2514 3721 τὸ
2557 3669 2776 3740 πρᾶγμα
2805 3668 3138 3733 παντάπασιν
3163 3663 3222 3725 ἦν
3248 3673 3352 3730 τοῖς
3380 3668 3586 3729 πολλοῖς
3607 3667 3737 3724 ἁδύ-ο

2127 3779 2273 3813 νατον
2313 3756 2830 3834 (συνδεδραμήκειμεν
2869 3760 2967 3833 γάρ
2995 3762 3065 3821 εἰς
3094 3765 3190 3819 τήν
3211 3763 3736 3819 Κωνσταντινούπολιν

2130 3852 2182 3904 ἐκ
2201 3858 2299 3905 τῶν
2314 3853 2502 3927 πέρυσι
2522 3850 2862 3928 γραμμάτων,
2888 3861 2989 3906 τῶν
3019 3862 3163 3930 παρά
3187 3864 3278 3914 τῆς
3304 3857 3557 3934 ὑμετέρας
3573 3857 3736 3930 τιμιό-

2129 3964 2284 4003 τητος
2340 3945 2471 4014 μετά
2518 3949 2606 4003 τήν
2636 3941 2943 4020 ἔν’Λκυληΐᾳ
2984 3944 3220 4012 συνόδον,
3268 3948 3396 4023 πρὸς
3445 3951 3532 4004 τὸν
3578 3952 3738 4023 9:091-

2130 4034 2374 4090 λέστατον
2404 4036 2623 4107 βασιλέα
2671 4036 2946 4092 Θεοδόσιον
2982 4039 3400 4104 ἐπισταλθέντων,
3431 4043 3561 4116 πρὸς
3587 4043 3740 4113 μόνην

2131 4129 2324 4186 ταύτην
2353 4134 2446 4187 τὴν
2487 4127 2774 4202 ἀποδημίαν
2821 4134 2913 4188 τὴν
2960 4134 3124 4206 μέχρι
3169 4134 3740 4196 Κωνσταντινουπόλεως

2135 4223 2632 4297 παρεσκευασμένοι,
2665 4225 2746 4276 καὶ
2788 4225 2908 4298 περὶ
2949 4220 3146 4286 ταύτης
3189 4223 3342 4294 μόνης
3386 4235 3478 4286 τῆς
3520 4225 3738 4282 συνόδου

2133 4320 2224 4372 τήν
2253 4316 2300 4367 ἐν
2327 4323 2442 4376 ταῖς
2489 4317 2776 4391 ἐπαρχίαις
2823 4319 3102 4388 μεινάντων
3150 4315 3440 4373 ἐπισκόπων
3481 4324 3740 4392 συγκατά-

2135 4408 2273 4460 θεσιν
2305 4404 2624 4479 ἐπαγόμενοι,
2654 4410 2876 4479 μείζονος
2901 4406 2956 4461 δὲ
2983 4405 3272 4479 ἀποδημίας
3300 4414 3426 4481 μήτε
3463 4409 3740 4486 προσδοκή-

429 4509 658 4562 omnino
685 4507 1046 4562 audiissenius
1085 4505 1380 4576 quidquam
1435 4506 1620 4573 prius,
1660 4516 1822 4572 quam
1879 4499 2007 4555 Con.

2138 4522 2326 4561 σαντες
2354 4503 2570 4577 χρείαν,
2595 4506 2721 4571 μήτε
2752 4503 3167 4578 προακούσαντες
3194 4500 3339 4568 ὅλως,
3373 4507 3494 4580 πρὶν
3527 4505 3575 4558 ἐν
3612 4519 3740 4561 Κωνο

429 4600 781 4670 stantinopoli
823 4601 1301 4664 conrenissemus;
1329 4611 1390 4652 ac
1439 4607 1702 4667 praetcrea
1736 4593 2026 4665 prursdtuti

435 4696 696 4767 temporis
709 4696 951 4766 angustia
968 4710 1069 4750 nec
1085 4693 1151 4749 ad
1178 4692 1438 4763 longioris
1451 4692 1483 4746 it
1496 4691 1659 4746 iueris
1679 4699 2024 4759 apparatum,

432 4805 534 4844 nec
563 4790 629 4844 ad
654 4805 844 4844 omnes
865 4788 1265 4843 communionis
1299 4795 1499 4841 nostra:
1530 4784 1820 4854 episcopos
1847 4783 1938 4852 qui
1972 4783 2024 4836 in

434 4879 665 4936 diversis
691 4879 984 4951 provinciis
1016 4888 1143 4934 sunt
1165 4875 1612 4942 commonendos,
1647 4885 1700 4929 et
1725 4887 2028 4928 consensus

434 4973 502 5030 ab
532 4974 723 5031 iisdem
757 4973 1102 5044 accipiendos
1129 4970 1403 5026 sufficeret
1429 4971 1482 5041 );
1511 4967 1765 5040 quoniam
1798 4967 1914 5022 haec
1965 4982 2029 5021 ac

436 5066 604 5122 multa
633 5067 854 5137 insuper
877 5067 978 5120 alia
1007 5066 1186 5136 plures
1203 5065 1384 5119 venire
1403 5062 1759 5133 prohibebant
1779 5078 1791 5112 :
1811 5060 1863 5114 id
1887 5059 2030 5128 quod

435 5161 734 5216 secundum
761 5162 880 5226 fuit,
912 5171 1020 5215 tum
1043 5160 1108 5216 ad
1139 5174 1224 5215 res
1253 5157 1616 5214 restituendas
1649 5166 1759 5211 tum
1791 5157 1858 5211 ad
1900 5170 2028 5210 nos-

437 5263 574 5309 tram
606 5270 732 5325 erga
757 5271 853 5310 vos
877 5255 1198 5311 charitatem
1225 5252 1626 5318 declarandam,
1656 5250 1920 5307 fecimus:
1946 5264 2033 5304 re-

440 5441 673 5505 censuit,
705 5440 954 5508 quamvis
976 5432 1795 5508 interpretationen'rSirmondi,
1820 5429 2038 5508 scilicet

442 5502 966 5572 mutetas'ciuitatum,
1002 5502 1178 5578 primo
1227 5525 1332 5562 non
1379 5505 1685 5578 probasset,
1730 5502 2036 5578 maluisset-

441 5596 549 5650 que
576 5589 686 5634 tum
711 5572 1015 5634 mutationes
1041 5581 1300 5634 civitatum
1326 5596 1342 5632 :
1374 5572 1498 5647 quia
1534 5572 1895 5650 nimirumqui
1917 5584 2039 5639 per-

441 5643 774 5708 secutionem
798 5653 1020 5722 patitur,
1039 5665 1251 5706 vertere
1269 5643 1454 5722 solum
1474 5659 1528 5704 et
1550 5656 1766 5722 aggeras
1790 5643 2039 5722 regiones

440 5723 634 5794 patria:
669 5712 986 5794 praeponere
1005 5712 1250 5793 cogitur.
1285 5717 1533 5776 Verterat
1580 5712 2040 5785 Christopborso-

2137 4593 2550 4650 σταντινουπόλει
2585 4595 2864 4659 συνελθεῖν,
2896 4596 3024 4671 πρὸς
3066 4593 3121 4650 δὲ
3145 4598 3346 4659 τούτοις
3377 4602 3462 4653 καί
3488 4608 3582 4662 τῆς
3616 4622 3740 4677 προ-

2137 4689 2355 4758 θεσμίας
2404 4685 2486 4740 διά
2529 4687 2831 4753 στενότητα,
2861 4690 2986 4756 μήτε
3018 4687 3146 4764 πρὸς
3189 4695 3524 4762 παρασκευήν
3557 4713 3741 4764 μακρο-

2137 4781 2289 4855 τέρας
2333 4778 2620 4850 ἀποδημίας
2659 4777 2952 4840 ἐνδιδούσης
2998 4780 3187 4855 καιρὸν,
3235 4784 3362 4854 μήτε
3391 4785 3591 4845 πάντας
3618 4788 3744 4848 τούς

2136 4879 2184 4928 ἰν
2210 4882 2324 4934 ταῖς
2347 4877 2632 4949 ἐπαρχίαις
2660 4877 2976 4936 κοινωνικούς
2998 4873 3314 4936 ἐπισκόπους
3333 4878 3740 4949 ὑπομνησθῆναι,

2137 4971 2222 5022 καὶ
2277 4970 2373 5029 τὰς
2430 4967 2556 5040 παρ’
2609 4969 2778 5022 αὐτῶν
2839 4969 3236 5040 συγκαταθέσεις
3285 4969 3451 5023 λαϐεῖν
3568 4969 3742 5029 ἐπειδὴ

2138 5067 2309 5117 ταῦτα
2338 5062 2421 5114 καὶ
2449 5059 2608 5115 πολλά
2635 5061 2766 5135 πρὸς
2808 5062 3007 5120 τούτοις
3050 5061 3202 5136 ἕτερα
3247 5065 3339 5119 τήν
3364 5068 3462 5115 τῶν
3503 5062 3740 5118 πλειόνων

2140 5151 2304 5228 ἄφιξιν
2325 5151 2624 5209 διεκώλυσεν
2647 5171 2658 5183 ·
2694 5150 2719 5208 ὃ
2747 5152 2980 5230 δεύτερον
3000 5151 3080 5219 ἦν,
3110 5151 3181 5214 εἷς
3209 5175 3263 5209 τε
3297 5161 3394 5208 τῶν
3419 5157 3741 5230 πραγμάτων

2138 5248 2484 5322 ὶπανόρθωσιν
2509 5287 2521 5310 ,
2554 5251 2640 5302 καί
2673 5251 2765 5307 τήν
2802 5255 2896 5310 τῆς
2934 5247 3185 5321 ὑμετέρας
3229 5250 3347 5321 περὶ
3375 5249 3512 5317 ἡμᾶς
3535 5250 3738 5321 ἀγάπης

2145 5440 2268 5492 nus,
2304 5426 2605 5479 amissiones
2629 5424 2890 5477 civitatum
2913 5439 3038 5494 (nias
3070 5422 3382 5492 im‘olebanl,
3408 5419 3742 5494 Epiphanius

2142 5513 2274 5551 vero
2312 5497 2516 5560 honoris
2537 5495 2905 5566 ademptiones.
2925 5492 3013 5549 'Io.

2221 5575 2245 5604 ⁸
2279 5567 2469 5632 Sirnt,
2496 5565 2752 5632 ὲτίσαμεν.
2785 5565 2861 5620 ID.

2219 5638 2246 5675 ¹¹
2279 5639 2423 5695 Sirm
2455 5677 2468 5701 ,
2500 5639 2608 5692 ἐπεὶ
2634 5635 2688 5692 δὲ
2717 5635 2986 5692 19610.10.
