4120 6186
455 248 595 308 H99

1933 246 2275 303 ADDENDA.

3624 242 3655 299 l
3666 242 3781 298 200

450 365 731 429 ἀπόδειξιν,
764 369 915 418 τοῦτο
939 367 1287 433 πεποιήκαμεν
1309 379 1320 390 °
1354 365 1473 423 τοὺς
1503 360 1942 433 αἰδεσιμωτάτους
1979 385 2042 417 κα

2167 361 2588 417 verendissimos
2614 371 2665 417 et
2690 362 3038 418 charissimos
3061 361 3261 417 fratres
3288 359 3777 416 etcomniiuistros

452 460 797 531 τιμιωτάτους
836 453 1079 526 ἀδελφοὺς
1119 458 1205 508 καί
1242 456 1665 529 συλλειτουργοὺς
1691 458 1829 525 ἡμῶν
1854 455 2061 508 ἐπισκό-

451 571 604 609 πους,
637 549 899 623 κυριακὸν,
932 546 1191 599 Εὐσέϐιον.
1224 550 1310 599 καί
1338 547 1631 621 Πρισκιανόν
1668 547 1943 618 προθύμως
1972 569 2056 600 κα·

452 653 563 715 μεῖν
594 641 757 717 ἄχρις
788 642 930 714 ὑμῶν
958 638 1365 698 δυσωπήσαντες
1419 637 1482 692 δι’
1509 636 1575 691 ὧν
1596 640 1675 691 καί
1696 644 1786 697 τήν
1811 641 2057 713 ἡμετέραν

453 738 753 810 προαίρεσιν
775 734 1026 810 εἰρηνικὴν
1048 727 1228 793 οὖσαν,
1254 734 1335 785 καὶ
1357 731 1547 785 σκοπὸν
1570 731 1796 790 ἐνώσεως
1824 728 2055 799 ἔχουσαν

453 830 818 903 ἐπιδείκνυμεν,
850 828 1049 882 καὶτὸν
1093 827 1237 891 ζῆλον
1282 827 1422 897 ἡμῶν
1461 826 1546 879 τόν
1570 826 1704 897 ὑπὲρ
1744 834 1836 885 τῆς
1876 825 2054 898 ὑγιοῦς

447 927 693 984 πίστεως,
719 923 928 997 φανερὸν
950 928 1211 991 ποιοῦμεν.

522 1014 696 1088 Ἡμεῖς
718 1016 815 1090 γὰρ
844 1011 942 1069 εἴτε
974 1012 1251 1087 διωγμοὺς,
1281 1010 1379 1069 εἴτε
1411 1012 1622 1084 θλίψεις,
1658 1010 1755 1067 εἴτε
1784 1012 2053 1083 βασιλικὰς

446 1110 682 1171 ἀπειλὰς,
734 1104 833 1163 εἴτε
884 1109 974 1167 τάς
1010 1114 1109 1161 τῶν
1146 1106 1415 1181 ἀρχόντων
1455 1106 1745 1176 ὠμότητας,
1797 1104 1893 1160 εἵτέ
1944 1127 2052 1161 τινα

444 1202 733 1276 πειρασμὸν
780 1200 952 1274 ἕτερον
1000 1199 1143 1273 παρά
1193 1205 1292 1252 τῶν
1345 1199 1608 1271 αἶρετικῶν
1667 1198 2046 1270 ὑπεμείναμεν,

444 1295 579 1369 ὑπὲρ
605 1301 697 1352 τῆς
716 1291 1037 1366 εῦαγγελικῆς
1068 1293 1296 1349 πίστεως
1324 1298 1416 1349 τῆς
1437 1292 1487 1343 ἐν
1506 1293 1685 1361 Νικαίᾳ
1708 1298 1799 1350 τῆς
1825 1291 2049 1349 Βιθυνίας·

443 1388 587 1461 παρά
625 1392 723 1438 τῶν
769 1385 1072 1459 τριακοσίων
1115 1380 1372 1436 δεκαοκτώ
1423 1384 1658 1457 πατέρων
1709 1384 2045 1457 κυρωθείσης,

444 1477 761 1547 ὑπέστημεν.
794 1472 997 1532 Ταύτην
1022 1476 1123 1549 γάρ
1147 1478 1229 1527 καί
1260 1474 1379 1545 ὑμῖν
1410 1478 1493 1528 καί
1523 1477 1638 1544 ἡμῖν
1664 1478 1744 1527 καὶ
1779 1480 1913 1528 πᾶσι
1937 1482 2048 1533 τοῖς

439 1575 511 1643 μὴ
551 1568 911 1642 διαστρέφουσι
938 1570 1023 1623 τὸν
1056 1567 1202 1630 λόγον
1241 1577 1332 1627 τῆς
1365 1568 1580 1628 ἀληθοῦς
1606 1570 1853 1629 πίστεως,
1886 1590 2043 1622 συνα-

437 1666 639 1739 ρὲσκειν
663 1662 767 1717 δεῖ’
803 1664 861 1722 ἣν
889 1662 1034 1732 μόλις
1068 1666 1193 1716 ποτὲ
1231 1662 1601 1736 πρεσϐυτάτην
1643 1683 1696 1717 τε
1730 1658 1928 1725 οὖσαν,
1962 1665 2045 1717 καί

2165 469 2379 512 nostros
2406 459 2714 528 Cyriacuni,
2748 457 3041 511 Eusebium
3092 466 3146 511 et
3192 456 3530 509 l‘riscianum
3570 457 3776 522 deprc-

2161 552 2287 616 cati,
2320 563 2369 606 ut
2396 552 2769 622 proficiscendi
2799 551 2865 605 ad
2891 568 2987 605 vos
3016 552 3255 605 laborem
3292 550 3531 604 libenter
3586 547 3772 601 susci-

2165 657 2375 715 perent.
2409 644 2512 699 Per
2538 662 2673 715 quos
2705 654 2758 700 et
2805 645 3142 698 voluntatem
3192 653 3430 697 nostram
3476 640 3775 713 pacificam

2159 752 2302 805 esse,
2335 747 2495 807 atque
2512 739 2576 793 ad
2603 739 2865 793 unitatem
2882 749 3138 807 speetare
3162 734 3528 798 ostendimus;
3563 742 3617 789 et
3641 747 3778 789 nos-

2160 839 2297 885 trum
2327 846 2425 901 pro
2443 845 2572 885 sana
2610 830 2713 885 fide
2752 829 2925 885 zelum
2950 830 3295 885 manifestum
3329 828 3580 883 facimus.

2228 1017 2319 1073 IV.
2358 1017 2467 1074 Nos
2497 1018 2639 1074 enim
2661 1061 2677 1087 ,
2726 1018 2841 1073 sive
2873 1018 3320 1088 persecutiones,
3355 1018 3469 1072 sive
3511 1016 3779 1082 imperia-

2158 1110 2240 1167 les
2271 1112 2465 1176 minas,
2495 1114 2613 1168 sive
2657 1112 3041 1167 crudelitatem
3092 1112 3385 1183 prwsidum
3406 1154 3419 1177 ,
3453 1114 3572 1169 sive
3602 1113 3769 1167 aliam

2154 1218 2552 1274 quamcumque
2583 1206 2938 1259 tentationetn
2973 1204 3042 1259 ab
3073 1205 3347 1260 lizcretieis
3399 1207 3768 1275 pertulimus,

2152 1308 2253 1363 pro
2278 1295 2591 1362 evangelica
2623 1296 2725 1350 fide
2746 1337 2762 1362 ,
2793 1311 2912 1365 quae
2944 1295 3139 1350 Nicma:
3167 1338 3181 1359 ,
3214 1296 3266 1350 in
3307 1296 3559 1369 Bithynia
3586 1313 3616 1351 a
3652 1308 3773 1353 tre-

2153 1390 2327 1443 centis
2365 1398 2420 1443 et
2460 1389 2761 1444 octodecim
2818 1391 3058 1457 patribus
3089 1399 3114 1426 ει
3142 1392 3463 1445 confirmata
3495 1402 3601 1455 est,
3643 1406 3772 1445 sus-

2152 1484 2439 1537 tinuimus.
2480 1484 2626 1539 llanc
2656 1484 2802 1539 enim
2833 1492 2889 1539 et
2934 1484 3097 1539 vobis
3122 1526 3136 1547 ,
3171 1492 3226 1538 et
3275 1484 3466 1549 nobis,
3500 1494 3555 1537 et
3584 1486 3775 1538 omni-

2152 1575 2250 1629 bus
2279 1576 2369 1645 qui
2403 1591 2543 1631 verze
2576 1576 2698 1629 fidei
2736 1592 3045 1631 sermonem
3098 1594 3205 1630 non
3259 1586 3601 1646 pervertunt,
3637 1593 3776 1646 pro-

2152 1668 2263 1721 bari
2293 1667 2451 1721 decet
2483 1667 2544 1737 (b
2575 1683 2735 1735 quam
2792 1684 2889 1722 nos
2939 1669 3027 1723 vix
3077 1670 3294 1722 tandem
3350 1671 3648 1724 retinemus
3703 1686 3773 1726 ac

435 1758 708 1812 ἀκόλουθον
752 1762 825 1825 τῷ
873 1755 1219 1826 βαπτίσματι,
1258 1757 1345 1807 καί
1382 1752 1720 1809 διδάσκουσαν
1751 1756 1885 1823 ἡμᾶς
1915 1776 2040 1808 πισ-

2151 1758 2455 1825 servamus)
2489 1773 2501 1809 :
2536 1758 2736 1828 quippe
2753 1774 2873 1829 quae
2910 1760 3287 1828 antiquissima
3316 1759 3460 1813 silet
3489 1760 3775 1827 baptismo

434 1854 601 1907 τεύειν
650 1850 720 1908 είς
763 1849 820 1903 τό
868 1844 1029 1919 ὄνομα
1070 1854 1159 1903 τοῦ
1205 1850 1404 1923 πατρὸς
1447 1851 1651 1901 καὶτοῦ
1699 1848 1813 1901 υίοῦ
1843 1850 2041 1902 καὶτοῦ

436 1944 587 2016 ἀγίου
633 1944 942 2015 πνεύματος.
1000 1940 1196 2000 Δηλαόἠ
1241 1941 1473 2001 θεότητός
1516 1963 1572 1996 τε
1627 1944 1706 1995 καί
1757 1940 2039 2013 δυνάμεως,

433 2041 521 2093 καί
552 2039 735 2097 οὐσίας
763 2042 887 2110 μιᾶς
914 2042 1004 2091 τοῦ
1031 2036 1228 2111 πατρὸς
1268 2037 1350 2089 καί
1388 2042 1480 2091 τοῦ
1510 2035 1622 2088 υίοῦ
1650 2038 1737 2089 καὶ
1764 2041 1856 2090 τοῦ
1895 2034 2041 2107 ἀγίου

430 2133 727 2203 πνεύματος
771 2131 1137 2201 πιστευομένης
1168 2171 1182 2191 ,
1226 2127 1472 2200 όμοτίμου
1517 2150 1570 2182 τε
1612 2138 1703 2188 τῆς
1748 2130 1913 2193 ἀξίας,
1957 2131 2043 2182 καί

431 2222 694 2281 συναῑδίου
724 2231 815 2282 τῆς
846 2222 1106 2285 βασιλείας
1135 2222 1184 2274 ἐν
1223 2224 1365 2295 τρισί
1407 2220 1622 2280 τελείαις
1662 2221 2038 2286 ὐποστάσεσιν,

430 2318 586 2392 ἤγουν
617 2320 757 2391 τρισὶ
785 2318 993 2376 τελείοις
1018 2318 1351 2391 προσώποις·
1387 2317 1455 2375 ὡς
1480 2319 1607 2386 μήτε
1651 2320 1742 2373 τήν
1774 2315 2038 2369 Σαϐελλίου

426 2412 571 2467 νόσον
625 2414 804 2485 χώραν
850 2411 1061 2473 λαϐεῖν,
1113 2410 1478 2480 συγχεομένων
1527 2415 1626 2461 τῶν
1670 2409 2036 2476 ῦποστάσεων,

430 2502 597 2577 σῖγουν
637 2510 740 2557 τῶν
780 2501 1045 2561 ἰδιοτήτων
1089 2504 1491 2576 ἀναιρουμένων
1536 2506 1661 2571 μήτε
1692 2508 1789 2571 μήν
1812 2507 1902 2559 τήν
1943 2510 2040 2556 τῶν

429 2600 771 2669 Εὐνομιανῶν,
821 2599 906 2649 καί
941 2593 1223 2669 Ἀρειανῶν.
1275 2595 1846 2669 καίᾼῐῐνευματομάχων
1874 2594 2038 2663 βλασ-

428 2693 619 2765 φημίαν
646 2686 878 2761 ἰσχύειν,
904 2696 995 2748 τῆς
1026 2690 1210 2746 οὐσίας
1230 2685 1261 2745 ἢ
1290 2694 1381 2746 τῆς
1412 2687 1609 2759 φύσεως
1639 2684 1669 2743 ἦ
1694 2694 1784 2745 τῆς
1804 2682 2038 2745 θεότητος

426 2784 749 2857 τεμνομένης.
777 2785 861 2835 καί
883 2790 944 2855 τῇ
972 2782 1195 2849 ἀκτίστῳ
1243 2780 1331 2833 καί
1373 2778 1631 2848 όμοουσίῳ
1670 2780 1757 2831 καί
1794 2776 2036 2850 συναίδίῳ

428 2876 598 2957 τριάδι
643 2876 1080 2949 μεταγενεστέρας
1107 2874 1242 2932 τινὸς
1266 2913 1280 2934 ν
1310 2872 1340 2931 ἦ
1372 2880 1580 2932 πιστῆς
1599 2916 1612 2937 ,
1649 2871 1679 2931 ἢ
1707 2872 2035 2947 ἐτιροουσίου

430 2975 630 3047 φύσεως
674 2972 1011 3042 ἐτι-ἀγομένης.
1039 2971 1129 3023 Καὶ
1159 2968 1243 3023 τόν
1272 2976 1364 3027 τῆς
1404 2968 1833 3043 ἐνανθρωπήσεως
1865 2967 1917 3022 δὲ
1943 2976 2036 3024 τοῦ

429 3067 611 3142 κυρίου
654 3064 799 3137 λόγον
841 3060 1182 3139 ἀδιάστροφον
1225 3064 1475 3133 σώζομεν,
1507 3058 1624 3115 οὔτε
1654 3058 1887 3132 ἄψυχον,
1917 3059 2033 3131 οὔτε

2149 1856 2517 1903 consentanea
2540 1891 2554 1906 .
2586 1848 2790 1903 docens
2838 1864 2934 1903 nos
2984 1847 3210 1903 credere
3244 1851 3296 1902 in
3345 1865 3547 1904 nomen
3584 1850 3771 1905 Patris

2148 1951 2199 1995 et
2231 1939 2350 1995 Filii
2384 1950 2437 1994 et
2463 1941 2696 2010 Spiritus
2724 1941 2898 1995 sancti
2933 1958 2946 1997 :
2982 1957 3142 1995 unam
3192 1940 3404 1997 scilicet
3449 1942 3719 1997 deitatem
3751 1984 3767 2007 ,

2149 2035 2447 2102 potentiam
2479 2046 2533 2089 et
2559 2035 2919 2090 substantiam
2971 2034 3152 2089 Patris
3185 2046 3237 2090 et
3268 2034 3392 2089 Filii
3424 2046 3476 2091 et
3520 2036 3771 2102 Spiritus

2146 2125 2319 2181 sancti
2346 2126 2671 2193 credentes;
2705 2127 2969 2193 aequalem
3002 2127 3131 2180 item
3165 2126 3491 2193 dignitatem
3522 2142 3571 2182 et
3621 2144 3774 2182 coae-

2148 2226 2361 2273 ternum
2394 2235 2619 2289 regnum
2653 2222 2703 2272 in
2738 2220 2912 2273 tribus
2947 2218 3206 2286 perfectis
3238 2218 3621 2289 hypostasibus
3660 2234 3764 2274 seu

2147 2316 2197 2369 in
2231 2314 2403 2368 tribus
2438 2314 2693 2381 perfectis
2725 2314 2993 2382 personis.
3020 2311 3095 2366 lla
3124 2323 3177 2364 ut
3213 2328 3315 2367 nec
3347 2312 3523 2366 locum
3557 2313 3769 2368 habeat

2147 2405 2368 2460 Sabellii
2404 2406 2536 2467 lues,
2570 2420 2676 2472 qua
2706 2404 3031 2475 Itypostases
3061 2402 3495 2467 confundantur,
3545 2404 3759 2458 tollan-

2147 2508 2337 2567 tnrque
2368 2498 2768 2567 preprietates;
2804 2512 2903 2551 nec
2933 2497 3403 2551 Eunomianorum
3436 2507 3488 2551 et
3516 2498 3762 2550 Ariano-

2143 2608 2263 2646 rum
2297 2603 2349 2646 et
2400 2591 3022 2646 Pneumatomachormn
3076 2590 3321 2645 obtineat
3376 2590 3762 2658 blasphemia,

2143 2700 2263 2755 qua!
2279 2684 2640 2740 substantiam
2656 2698 2751 2738 seu
2766 2694 2953 2737 natura
2964 2699 3013 2736 tn
3033 2698 3095 2736 ac
3122 2682 3461 2737 divinitatem
3476 2682 3760 2750 diseindit,

2142 2788 2199 2834 et
2232 2781 2488 2834 increatzc
2516 2784 2637 2833 sive
2665 2777 3120 2833 eonsubstantiali
3152 2786 3207 2832 et
3234 2787 3527 2831 eoa-terna:
3576 2776 3761 2830 Trini-

2145 2874 2238 2925 tati
2273 2872 2635 2938 posteriorem
2665 2871 2955 2937 quamdam
2986 2880 3226 2922 creatam
3257 2884 3354 2922 seu
3378 2869 3608 2923 diversae
3631 2868 3765 2923 sub-

2142 2966 2365 3019 stantire
2393 2976 2643 3018 naturam
2676 2962 3078 3031 superinducit.
3112 2963 3510 3017 [incarnationis
3540 2978 3765 3033 qut'que

2142 3058 2357 3112 Domini
2418 3058 2724 3111 doctrinam
2779 3056 3151 3125 incorruptam
3196 3071 3523 3121 servamus,
3578 3071 3761 3124 neque

431 3156 603 3212 ἄνουν.
640 3155 671 3215 ἦ
708 3155 857 3213 ἀτελῆ
887 3159 976 3212 τήν
1001 3161 1093 3213 τῆς
1120 3154 1309 3228 σαρκός
1351 3154 1634 3225 οἰκονομίαν
1662 3151 2033 3225 παραδεχόμε-

2151 3152 2372 3214 animm,
2424 3165 2601 3219 neque
2650 3149 2849 3203 mentis
2902 3160 3187 3220 expertem
3241 3159 3334 3201 aut
3378 3146 3757 3218 imperfectam

428 3272 502 3304 νοι
521 3264 531 3277 ⁶
561 3246 670 3302 ὅλον
698 3246 750 3301 δὲ
781 3244 968 3305 εἰδότες
995 3287 1007 3303 .
1040 3246 1225 3299 τέλειον
1249 3248 1340 3315 μὲν
1366 3241 1486 3298 ὄντα
1527 3245 1627 3319 πρό
1675 3248 1865 3299 αἰώνων
1908 3253 2034 3300 Θεοῦ

430 3340 601 3413 λόγον,
632 3339 813 3393 τέλειον
839 3335 893 3391 δὲ
923 3334 1187 3408 ἄνθρωπον
1212 3335 1291 3391 ἐπ’
1323 3334 1563 3407 ἐσχάτων
1598 3345 1697 3391 τῶν
1727 3340 1924 3412 ἡμερῶν
1955 3338 2039 3393 διά

434 3439 527 3492 τήν
555 3432 806 3506 ἡμετέραν
829 3431 1089 3504 σωτηρίαν
1116 3429 1399 3501 γενόμενον.
1430 3430 1505 3482 Τά
1542 3432 1633 3499 μέν
1665 3424 1751 3482 οὖν
1788 3433 1916 3485 κατά
1948 3436 2037 3489 τήν

436 3530 636 3587 πίστιν,
657 3528 747 3582 τήν
772 3522 891 3600 παρ’
912 3524 1050 3592 ἡμῶν
1073 3521 1434 3581 ἀνυποστόλως
1460 3524 1833 3596 κηρυττομένην
1850 3562 1862 3584 ,
1893 3525 1959 3582 ὡς
1987 3524 2037 3575 ὲν

436 3619 681 3691 κεφαλαίῳ
718 3623 959 3673 τοιαῦτα’
1002 3619 1121 3690 περὶ
1154 3611 1219 3668 ὧν
1262 3618 1346 3668 καί
1390 3616 1471 3669 ἐπί
1499 3615 1671 3670 πλεῖον
1716 3614 2042 3687 ψυχαγωγη-

437 3711 585 3769 θῆναι
629 3708 932 3771 δυνήσεσθε,
972 3716 1044 3781 τῷ
1077 3728 1131 3761 τε
1169 3708 1216 3760 ἐν
1246 3705 1537 3781 Ἀντιοχείᾳ
1576 3708 1717 3777 τὸμῳ
1765 3710 1909 3780 παρά
1948 3718 2039 3769 τῆς

441 3805 547 3859 ἐκεῖ
590 3802 933 3862 συνελθούσης
994 3798 1214 3855 συνόδου
1276 3801 1585 3875 γεγενημένῳ
1640 3802 2040 3865 καταξιώσαντες

519 4021 548 4049 ει
573 4010 825 4083 Valesius
848 4009 937 4083 hic
958 4007 1116 4083 addit
1137 4006 1191 4061 in
1223 4006 1440 4083 Graeco.
1466 4009 1622 4079 ἁγίων
1640 4008 1914 4083 θεοφόρων,
1936 4007 2043 4083 sed

450 4100 558 4139 non
606 4082 737 4136 item
788 4083 839 4133 in
889 4082 1049 4132 latina
1104 4078 1554 4146 interpretatione
1594 4078 1798 4130 sanctis
1831 4079 2044 4141 deiferis

450 4152 670 4217 adiecit.
700 4150 896 4203 Verum
930 4148 1069 4201 istud
1101 4148 1531 4201 additamentum
1579 4162 1757 4214 neque
1780 4151 1917 4212 apud
1963 4147 2046 4200 Ni-

452 4222 756 4289 cephorum
784 4228 998 4272 exstare
1030 4218 1203 4270 fassus
1225 4226 1477 4289 ,jatttttnt
1511 4226 1659 4269 notat
1686 4219 1914 4270 solemne
1939 4234 2048 4271 esse

452 4286 764 4367 epithelunt,
789 4306 889 4367 quo
914 4289 1217 4367 t'ecentioies
1239 4286 1405 4341 erci
1441 4287 1712 4367 designare
1732 4290 1895 4341 solent
1931 4290 2042 4357 epi-

454 4358 639 4433 scopos
665 4358 870 4416 Νέαιὲηί
889 4359 1115 4433 concilii.
1135 4358 1267 4425 Quae
1293 4374 1422 4413 sane
1446 4358 1583 4433 ratio
1606 4359 1799 4413 idonea
1818 4376 1922 4413 non
1943 4372 2046 4427 est,

2141 3244 2325 3297 carnis
2352 3241 2811 3311 dispensationem
2835 3240 3219 3306 admittentes;
3244 3241 3341 3295 sed
3376 3249 3549 3294 t0tum
3578 3242 3755 3295 scicn-

2144 3344 2247 3401 tes,
2283 3343 2407 3387 ante
2438 3334 2636 3388 saecula
2684 3333 2902 3403 quidem
2938 3330 3237 3403 perfectum
3272 3332 3364 3385 Dei
3403 3332 3663 3397 Verbum,
3693 3331 3749 3385 in

2145 3425 2456 3481 noviSsimis
2488 3436 2670 3480 autem
2720 3425 2914 3480 diebus
2961 3424 3261 3494 perfectum
3315 3425 3591 3479 hominem
3634 3440 3758 3494 pro-

2146 3530 2267 3593 pter
2300 3533 2538 3576 nostram
2567 3520 2796 3575 salutem
2828 3519 3029 3574 factum
3064 3534 3207 3575 esse.
3239 3519 3305 3574 Et
3336 3519 3461 3575 lidei
3493 3505 3715 3590 quidem
3736 3561 3752 3585 ,

2147 3629 2269 3691 qua:
2312 3624 2629 3669 constanter
2658 3630 2685 3666 a
2733 3613 2890 3668 nobis
2938 3612 3297 3683 praedicatur,
3330 3613 3449 3668 haec
3472 3622 3550 3667 est
3582 3613 3755 3668 veluti

2149 3722 2379 3763 summa.
2433 3706 2550 3774 Qua
2602 3706 2670 3761 de
2712 3722 2772 3760 re
2821 3706 2865 3760 si
2923 3705 3053 3775 quid
3110 3705 3342 3775 amplius
3383 3704 3707 3760 desideratis
3741 3747 3756 3770 ,

2150 3798 2281 3855 satis
2330 3798 2483 3854 vobis
2537 3797 2631 3854 fiet
2663 3840 2677 3865 ,
2710 3798 2754 3853 si
2788 3807 2993 3854 tomum
3042 3808 3065 3837 ο
3096 3798 3408 3854 Antiochiae
3458 3814 3491 3853 a
3540 3798 3757 3870 synodo

2146 4008 2390 4075 apprime
2417 4015 2500 4061 est
2525 4015 2826 4061 assecutus.
2856 4005 3125 4061 Observat
3154 4005 3355 4075 quippe
3380 4007 3434 4062 in
3476 4021 3694 4062 canone
3718 4007 3755 4063 5

2148 4079 2361 4150 concilii
2392 4077 2805 4150 Constantinop.
2836 4078 2997 4149 τὸμου
3026 4080 3243 4132 nomine.
3274 4078 3591 4150 synodicam
3648 4082 3749 4132 lla-

2151 4148 2285 4221 ntasi
2317 4149 2628 4221 epistolam,
2665 4165 2827 4218 quam
2860 4148 3107 4217 superior
3152 4148 3382 4213 epiStola
3416 4149 3449 4203 Ξ
3476 4166 3540 4204 ex
3592 4162 3755 4221 parte

2151 4219 2392 4283 exhibet,
2426 4219 2675 4274 iudicari.
2709 4221 2891 4290 quue
2917 4235 3047 4274 vero
3071 4220 3308 4275 insolens
3338 4230 3457 4286 est,
3485 4219 3753 4289 epistolas

2155 4290 2445 4360 synodieas
2496 4293 2618 4345 torni
2668 4291 2825 4345 titulo
2878 4291 3146 4359 insigniri.
3180 4291 3339 4355 Apud
3391 4292 3751 4346 Athanasium

2155 4360 2537 4417 Alexandrina:
2566 4364 2755 4433 synodi
2787 4378 2915 4415 ann.
2946 4362 3074 4423 362,
3099 4364 3325 4430 epistola
3357 4374 3523 4417 tomus
3550 4363 3620 4415 ad
3643 4364 3756 4417 An-

457 4430 557 4493 cur
586 4436 731 4513 idem
778 4431 1077 4513 epithetum
1126 4432 1316 4513 quarti
1333 4430 2051 4513 sarculi.tnonimeptoadji-
2076 4453 2132 4513 Ι)
2158 4433 2440 4513 tiochenses
2471 4430 2781 4513 inscribitur
2813 4451 2825 4486 :
2854 4446 2907 4486 et
2939 4434 3165 4513 epistola
3197 4434 3395 4513 Leonis
3434 4436 3499 4485 ad
3532 4434 3757 4513 Flavia-

456 4510 653 4564 ciatnr.
677 4500 981 4560 llludcerte
1010 4510 1066 4556 et
1104 4503 1231 4554 olim
1278 4502 1608 4571 Epiphanius
1650 4500 2043 4570 Scholasticus,

460 4589 516 4635 et
547 4588 729 4633 nostra
762 4584 918 4629 tetate
949 4572 1269 4630 Sirmondus
1303 4574 1639 4643 ignorarunt.
1670 4576 1946 4629 (Louna'r.

534 4649 560 4687 ι)
584 4649 755 4702 Verba
778 4648 991 4701 uncinis
1014 4645 1214 4699 inclusa
1246 4646 1477 4715 removit
1499 4644 1844 4709 Sirmondns,
1873 4660 2048 4715 neque

460 4734 639 4789 grtrce
668 4718 954 4786 expreSsit.
978 4714 1355 4789 SedValesius
1378 4716 1647 4789 reclamat
1676 4731 1749 4789 ea_
1782 4716 1831 4769 in
1850 4714 2044 4789 omni-

458 4785 562 4846 bus
600 4785 996 4855 exemplaribus
1022 4788 1169 4847 suis,
1212 4796 1270 4839 ut
1294 4796 1347 4840 et
1378 4785 1429 4840 in
1457 4787 1696 4840 editione
1721 4787 2040 4853 Basdeensi,

461 4878 563 4917 nec
604 4876 713 4916 non
745 4859 886 4927 apud
935 4857 1295 4924 Nicephorum
1328 4872 1375 4911 et
1430 4856 1790 4925 lapiphanium
1832 4858 2042 4912 haberi.

461 4932 752 5003 Nicephori
774 4938 954 5003 tamen
986 4929 1254 5003 interpres
1292 4927 1580 5003 sirimnlqu
1635 4929 1866 5003 commit
1890 4948 1913 5003 7:
1946 4945 2046 4985 nec

463 4998 796 5060 concordare
845 5000 1176 5069 Epiphanius
1204 4998 1633 5064 deprehenditur
1658 5015 1781 5052 cum
1811 5000 2042 5055 Valesio.

462 5076 618 5145 Apud
656 5076 812 5145 illum
851 5071 1103 5135 habetur,
1156 5085 1307 5137 quam
1364 5072 1561 5145 scimus
1606 5071 2042 5145 antiquissimam.

461 5141 541 5202 Ei
562 5161 670 5214 quo
695 5143 949 5212 colligere
976 5150 1060 5215 est
1104 5156 1228 5215 eum
1258 5155 1435 5215 gnece
1463 5142 1658 5207 legisse
1685 5183 1699 5204 ,
1751 5145 1808 5200 ἢν
1854 5141 2047 5215 εἴδομεν

456 5210 843 5295 πρεσϐυτάτηνξ
903 5210 1217 5295 (ξιιῂιδιιιοιιί
1259 5210 1430 5295 Ιιθςῑὶρ⁷
1464 5228 1583 5295 curn
1618 5216 1831 5295 concilii
1883 5210 2046 5295 scopo

459 5281 620 5358 hinge
650 5287 822 5352 magis
870 5284 1108 5358 cohaeret
1132 5324 1145 5343 ,
1201 5296 1360 5358 quam
1392 5281 1692 5335 Valesiaua.
1721 5281 2044 5358 _Nant__istud

455 5352 776 5413 vixiandem
806 5357 942 5409 haud
964 5355 1197 5409 obscure
1234 5352 1554 5406 adversatur
1583 5353 1825 5419 proxime
1852 5354 2042 5424 dictis,

455 5430 649 5500 quibus
670 5427 974 5500 Orientales
1004 5424 1389 5500 Nictettmlitlei
1410 5440 1701 5500 numquam
1738 5440 1841 5500 non
1897 5439 2043 5500 tena-

458 5494 551 5556 ces
565 5502 729 5555 fuisse
752 5514 810 5553 se
832 5496 1060 5566 professi
1091 5505 1235 5549 sunt.
1254 5494 1455 5549 Deinde
1485 5497 1565 5548 bis
1594 5494 1791 5549 valesii
1825 5498 2006 5551 verbis
2029 5539 2044 5563 ,

452 5580 679 5626 tenemus
706 5586 765 5624 ac
788 5585 1047 5625 servamus
1065 5609 1080 5634 ,
1106 5568 1311 5621 nullum
1338 5567 1388 5620 in
1419 5567 1611 5622 (ἱρωρο
1645 5576 1791 5621 testu
1822 5584 2047 5636 respon-

449 5640 558 5695 det.
592 5644 667 5698 In.

527 5724 549 5751 ο
591 5712 834 5767 Valesius
882 5725 1070 5766 Vocem
1104 5708 1348 5765 Graecam
1398 5710 1549 5767 τόμον
1600 5710 1765 5765 latina
1815 5710 2047 5765 libellum

450 5784 632 5842 minus
658 5792 782 5854 apte
824 5783 1035 5839 videtur
1086 5781 1407 5838 reddidisse.
1440 5781 1579 5849 Quid
1621 5792 1806 5841 tamen
1853 5792 2051 5855 sonet,

2156 4521 2307 4569 num,
2335 4505 2457 4573 quia
2495 4505 2620 4559 fidei
2668 4519 2937 4557 summam
2983 4505 3385 4572 complectitur,
3414 4515 3582 4560 tomus
3617 4505 3755 4559 Leo-

2150 4577 2232 4629 nis
2256 4577 2307 4629 iu
2337 4578 2579 4645 antiquis
2631 4575 2978 4629 monimentis
3009 4578 3167 4642 vulgo
3196 4588 3561 4643 nuncupatur.
3591 4579 3749 4641 Uno-

2148 4648 2290 4702 circa
2324 4648 2447 4700 lomi
2494 4662 2688 4702 nomen
2730 4661 2852 4699 cum
2887 4647 3193 4715 Epiphanio
3223 4659 3275 4702 et
3322 4647 3617 4704 Sirntondo
3659 4664 3754 4702 re-

2151 4718 2423 4782 tinentes,
2475 4727 2675 4772 tomum
2718 4732 2859 4771 anno
2908 4718 3013 4772 579
3062 4718 3115 4772 in
3165 4734 3227 4773 ea
3277 4719 3481 4773 celebri
3532 4719 3752 4790 synodo

2149 4791 2510 4853 Autiocbena,
2540 4790 2696 4858 cujus
2724 4804 2886 4855 supra
2918 4791 2983 4841 ad
3016 4791 3222 4845 calcem
3255 4791 3497 4858 epi~tol:e
3518 4790 3553 4843 2
3582 4807 3750 4845 men-

2152 4862 2225 4913 tio
2263 4859 2342 4921 fit,
2373 4862 2647 4914 conditum
2682 4860 2768 4913 hic
2800 4864 3090 4915 memorari
3135 4876 3257 4916 eum
3300 4860 3511 4915 Valesio
3542 4863 3754 4916 inti-lli-

2148 4931 2344 4997 gimus.
2374 4933 2557 4985 Eidem
2582 4947 2793 5000 quoque
2820 4933 3167 4989 assentimur.
3197 4933 3246 4986 id
3279 4932 3419 5001 quod
3454 4933 3506 4985 in
3530 4949 3753 4988 canone

2148 5004 2183 5057 5
2212 5003 2424 5056 concilii
2454 5002 2559 5055 (ΣΡ.
2593 5016 2759 5055 tomus
2793 5000 3202 5055 Occidentalium
3232 5000 3557 5070 appellatur,
3605 5002 3751 5059 nihil

2150 5073 2291 5127 aliud
2355 5090 2475 5128 esse
2524 5074 2904 5135 existimanti,
2955 5089 3116 5142 quam
3166 5086 3425 5141 scriptum
3480 5074 3748 5129 Romana:

2148 5144 2362 5214 synodi,
2395 5144 2547 5214 cujus
2595 5143 2900 5212 fragmenta
2947 5160 3107 5210 supra
3161 5146 3322 5209 epist.
3352 5146 3387 5199 ἓ
3428 5146 3530 5198 hoc
3581 5146 3747 5200 titulo

2151 5213 2418 5285 donantur
2451 5233 2463 5267 :
2498 5213 2731 5278 Epistola
2757 5215 2834 5267 vel
2878 5216 3132 5284 expositio
3162 5216 3345 5285 synodi
3376 5216 3623 5271 Romani?
3644 5216 3748 5270 ha-

2149 5284 2266 5339 bin
2309 5286 2398 5339 sub
2450 5285 2675 5338 Damaso
2708 5303 2844 5353 pupa
2868 5326 2881 5344 .
2916 5298 2962 5338 et
3006 5284 3310 5341 transmissa
3357 5288 3407 5340 in
3446 5288 3741 5344 Orientem.

2149 5358 2326 5421 Quare
2359 5373 2461 5408 non
2493 5358 2669 5416 plaeet
2706 5361 2971 5410 Sententia
3023 5357 3249 5412 Zonattn
3279 5368 3332 5411 et
3357 5359 3696 5412 Balsatnonis
3725 5401 3745 5424 ,

2147 5430 2234 5496 qui
2270 5438 2460 5479 tomum
2494 5426 3177 5482 Occidentaliumcanonem
3206 5428 3325 5484 fidei
3352 5430 3404 5485 in
3432 5430 3748 5487 Sardtcensi

2148 5500 2383 5551 eunt-ilio
2437 5501 2834 5569 promulgatum
2884 5502 3350 5569 interpretantur;
3397 5518 3501 5554 non
3543 5500 3743 5569 Petili,

2148 5569 2239 5634 qui
2272 5586 2385 5623 var.
2419 5571 2539 5625 leet.
2595 5573 2685 5623 lib.
2722 5586 2798 5631 tu,
2828 5588 2876 5624 (ι.
2928 5570 2995 5633 2,
3026 5586 3214 5625 Vocem
3264 5573 3701 5626 Antiochenomm
3725 5615 3745 5633 ,

2150 5641 2270 5694 loco
2300 5641 2729 5714 Occidentalium,
2764 5640 3020 5696 substiiui
3051 5643 3198 5707 vult;
3232 5661 3335 5695 non
3370 5643 3609 5707 Baronti,
3640 5645 3743 5714 qui

2150 5714 2215 5766 ad
2243 5728 2369 5767 ann.
2403 5714 2501 5767 581
2538 5713 2750 5768 Damasi
2779 5714 3060 5782 epistolam
3092 5715 3158 5767 ad
3193 5714 3473 5769 Paulinum
3508 5715 3578 5768 ibi
3619 5713 3737 5769 lau-

2150 5782 2331 5839 datam
2363 5794 2580 5852 censet;
2630 5799 2737 5840 non
2789 5784 2932 5841 Petri
2976 5785 3169 5841 Μαι-οδε
3197 5786 3424 5842 lib.tde
3459 5786 3737 5847 Concord.
