4120 6186
376 259 512 319 1201

1005 258 1328 319 CENSURA
1369 258 1845 319 DECRETORUM
1883 258 2169 318 DAMASO
2207 260 2230 317 Ι
2267 258 2475 317 ΡΑΡᾹΞ
2514 257 3030 320 ASCRIPTORUM.

3540 260 3685 319 12θῖ

375 389 499 447 quae
533 373 648 430 illic
689 373 967 431 celebrata
996 383 1079 430 est
1108 372 1385 429 conditum
1409 414 1424 439 ,
1456 387 1671 429 necnon
1703 387 1828 428 eum
1881 370 1975 442 qui

2086 374 2319 444 ἐντυχεῖν
2344 413 2360 435 ,
2388 375 2473 428 καί
2509 380 2584 444 τῷ
2625 374 2844 449 πέρυσιν
2882 373 2931 427 ἐν
2979 370 3498 429 Κωνσταντινουπόλει
3535 375 3685 451 παρᾶ

375 470 661 541 superiore
736 484 882 525 anno
948 467 1417 539 Constantinopoli
1488 466 1560 522 ab
1633 466 1973 523 meumenica

377 562 586 635 synodo
613 562 793 619 editus
812 572 921 628 est,
949 562 1133 631 legere
1150 561 1451 634 dignemini
1473 602 1488 628 ,
1506 560 1704 632 quibus
1732 561 1784 615 in
1811 560 1975 615 tomis

379 656 542 713 ﬁdem
575 665 816 711 nostram
849 654 1073 711 uberius
1117 659 1503 725 exposuimus,
1554 662 1613 708 et
1650 653 1704 707 in
1729 651 1973 707 brereses

380 763 579 806 recens
608 758 829 803 exortas
858 747 1228 802 anatliemaiis
1249 745 1574 802 sententiam
1622 745 1974 816 protulimus.

453 841 521 897 ν.
562 842 638 897 De
663 843 982 914 particulari
1013 852 1195 898 autem
1226 842 1590 897 ecclesiarum
1623 839 1977 894 administra-

382 936 559 998 tione,
606 937 864 1005 antiqua,
915 945 970 989 ut
1022 934 1191 1004 probe
1220 935 1426 1001 nostis,
1484 932 1719 987 obtinuit
1758 929 1974 985 sanetio

382 1037 439 1083 et
475 1041 786 1082 sanctoi-um
822 1035 1036 1097 patrum
1067 1026 1266 1081 Nicaea:
1293 1033 1746 1096 cOngregaturum
1769 1020 1974 1091 regula,

383 1131 443 1176 ut
480 1121 533 1175 in
558 1120 786 1189 singulis
828 1120 1122 1190 provinciis
1174 1119 1430 1188 EpiscOpi
1466 1117 1611 1172 illitis
1645 1113 1937 1185 provincia:
1960 1155 1976 1181 ,

382 1223 435 1270 et
457 1215 502 1269 si
536 1214 642 1271 illis
670 1215 968 1286 placuerit,
998 1230 1103 1269 una
1128 1229 1252 1269 cum
1292 1214 1425 1283 ipsis
1471 1210 1719 1279 ﬁnitimi,
1746 1209 1974 1266 ordina-

381 1307 564 1363 tiones
593 1318 754 1376 prout
791 1308 926 1364 utile
956 1306 1121 1362 fuerit
1149 1306 1370 1362 faciant.
1409 1306 1488 1361 Ex
1529 1319 1760 1375 quarum
1793 1304 1976 1372 legum

384 1399 704 1470 pra'svripto
729 1406 843 1454 tum
881 1398 1123 1470 reliquas
1165 1399 1436 1454 ecclesias
1466 1413 1492 1451 a
1527 1397 1683 1451 nobis
1709 1395 1977 1450 adminis-

383 1491 516 1547 trari
541 1490 766 1559 scitote,
800 1502 911 1547 tum
953 1493 1411 1547 nobilissimarum
1440 1492 1799 1547 ecclesiarum
1823 1504 1979 1544 crea-

384 1591 472 1640 tos
513 1597 635 1639 esse
661 1585 998 1641 sacerdotes.
1058 1584 1215 1641 Unde
1267 1585 1431 1640 etiam
1481 1582 1981 1653 Constantinopoli-

382 1685 525 1735 tanae
554 1678 805 1734 ecclesia:
841 1694 1070 1746 recens,
1121 1686 1181 1733 ut
1231 1679 1303 1733 ita
1347 1678 1630 1741 dicamus,
1688 1676 1929 1731 fundatae
1963 1715 1978 1740 ,

2078 474 2171 527 τῆς
2205 467 2549 539 οἰκουμενικῆς
2594 466 2836 522 ἐκτεθέντι
2884 463 3134 521 συνόδου’
3178 469 3232 520 ἓν
3258 461 3332 526 οἷς
3368 465 3684 543 πλατύτερον

2077 566 2168 621 τήν
2213 562 2386 616 πίστιν
2436 559 2858 633 ὡμολογήσαμεν,
2909 562 2995 615 καί
3039 566 3140 615 τῶν
3186 556 3411 633 ἔναγχος
3452 580 3686 614 καινοτο-

2079 654 2331 726 μηθεισῶν
2371 652 2617 728 αἱρέσεων
2654 652 3063 725 ἀναθεματισμὸν
3112 648 3362 726 ἔγγραφον
3406 654 3688 710 πεποιήκα-

2078 765 2190 817 μεν.

2151 841 2269 914 Περί
2292 836 2346 893 δέ
2372 845 2472 893 τῶν
2501 839 2793 910 οἰκονομιῶν
2826 844 2926 893 τῶν
2954 838 3088 893 κατὰ
3118 838 3274 914 μέρος
3300 837 3353 891 ἐν
3376 843 3492 897 ταῖς
3512 835 3686 895 ἐκκλη-

2079 933 2217 991 σίαις
2245 931 2463 991 παλαιός
2490 951 2545 985 τε
2568 969 2582 990 .
2616 932 2684 990 ὡς
2721 928 2833 986 ἴστε
2860 971 2876 995 ,
2918 930 3105 1001 θεσμός
3131 930 3401 1006 κεκράτηκε
3424 970 3439 992 ,
3471 931 3559 984 καί
3585 936 3687 984 τῶν

2081 1022 2237 1096 ἁγίων
2274 1022 2321 1074 ἐν
2361 1021 2544 1095 Νικαίᾳ
2583 1024 2822 1097 πατέρων
2853 1018 2991 1097 ὄρος,
3025 1019 3139 1075 κατ’
3163 1020 3381 1079 ἑκάστην
3423 1017 3686 1098 ἐπαρχίαν

2080 1118 2203 1176 τοὺς
2244 1123 2335 1176 τῆς
2378 1113 2666 1193 ἐπαρχίας,
2714 1117 2802 1169 καί
2846 1112 2990 1187 εἴπερ
3044 1116 3219 1169 ἐκεῖνοι
3267 1113 3553 1187 βούλοιντο,
3592 1116 3689 1170 σὺν

2084 1209 2255 1267 αὐτοῖς
2282 1209 2401 1268 τοὺς
2450 1207 2670 1285 ὁμόρους
2699 1208 2829 1283 πρὸς
2877 1207 2936 1261 τὸ
2983 1208 3244 1280 συμφέρον
3284 1207 3545 1261 ποιεῖσθαι
3593 1208 3691 1267 τὰς

2084 1304 2409 1379 χειροτονίας
2426 1318 2439 1331 ·
2469 1298 2540 1363 οἷς
2563 1302 2844 1362 ἀκολούθως
2871 1302 2967 1362 τάς
2991 1322 3047 1357 τε
3068 1301 3250 1362 λοιπάς
3278 1302 3549 1362 ἐκκλησίας
3564 1302 3693 1380 παρ’

2084 1396 2202 1466 ἡμῖν
2253 1395 2624 1466 οἰκονομεῖσθαι
2671 1395 2975 1466 γινώσκετε,
3024 1395 3246 1449 καὶτῶν
3299 1394 3690 1466 ἐπισημοτάτων

2086 1488 2364 1545 ἐκκλησιῶν
2402 1485 2767 1558 άναδεδεῖχθαι
2818 1487 2940 1546 τοὺς
2987 1485 3162 1560 ἱερεῖς.
3190 1482 3335 1539 Ὀθεν
3370 1492 3462 1546 τῆς
3504 1489 3595 1557 μὲν
3639 1485 3691 1542 ἐν

2085 1579 2612 1635 Κωνσταντινουπόλει
2656 1583 2961 1651 νεοπαγοῦς.
3005 1579 3074 1638 ὡς
3105 1572 3164 1630 ἂν
3198 1573 3332 1632 εἴποι
3375 1599 3478 1640 τις,
3520 1579 3693 1637 ἐκκλη-

2088 1674 2225 1735 σίας,
2256 1673 2316 1730 ἣν
2347 1674 2524 1749 ὥσπερ
2562 1673 2617 1725 ἐκ
2658 1670 2922 1742 στόματος
2949 1670 3150 1730 λέοντος
3178 1677 3270 1729 ﬁt";
3296 1675 3398 1724 τῶν
3427 1670 3695 1746 αἱρετικῶν

383 1785 544 1843 quam
572 1787 636 1828 ex
663 1771 1043 1827 haereticorum
1075 1771 1416 1842 blasphemia
1450 1781 1723 1842 tamquam
1767 1785 1835 1824 ex
1864 1769 1979 1823 leo-

2086 1768 2410 1840 βλασφημίας
2454 1766 2681 1838 ὐπόγυον
2729 1764 3092 1839 ἓξηρπάσαμεν
3145 1761 3230 1817 διά
3276 1771 3378 1817 τῶν
3424 1765 3695 1839 οἰκτιρμῶν

385 1864 470 1918 nis
500 1862 779 1927 faucibus,
819 1879 915 1934 per
938 1863 1371 1919 misericordiam
1413 1864 1510 1918 Dei
1559 1878 1734 1934 nuper
1780 1861 1982 1932 eripui-

384 1970 529 2019 mus,
557 1957 1068 2011 reverendissimnm
1087 1970 1151 2011 ac
1172 1956 1640 2026 religiosissimum
1668 1954 1982 2009 Nectarium

386 2046 770 2103 ordinavimus
824 2046 1183 2119 episcopum,
1242 2048 1295 2101 in
1352 2048 1650 2101 univerSaIi
1710 2045 1981 2111 concilio,

385 2142 661 2197 communi
701 2143 944 2195 omnium
979 2156 1289 2208 consensu,
1335 2157 1521 2197 coram
1569 2140 1984 2211 religiosissimo

384 2231 716 2301 imperatore
756 2233 1101 2299 Theodosio,
1147 2234 1517 2304 adsdpulante
1559 2234 1708 2288 omni
1750 2233 1902 2289 clcro
1929 2240 1986 2286 et

383 2326 636 2381 universa
666 2327 908 2380 civitate.
953 2326 1363 2395 Antiquissima:
1408 2340 1541 2380 vero
1572 2339 1809 2396 vereque
1853 2338 1985 2395 apo-

384 2418 594 2475 stolica:
621 2418 980 2474 Antiocheam
1005 2419 1058 2472 in
1087 2418 1244 2490 Syria
1271 2418 1517 2474 ecclesiae
1541 2462 1556 2485 ,
1593 2420 1646 2473 in
1679 2436 1783 2489 qua
1811 2433 1982 2473 vene-

383 2511 613 2564 randum
671 2507 1109 2564 Citristimorum
1178 2525 1375 2563 nomen
1432 2512 1664 2579 primum
1738 2509 1980 2564 auditum

384 2613 468 2657 est
501 2602 642 2671 (Act.
668 2616 757 2667 ιι,
783 2602 857 2656 26
881 2601 933 2673 ).
967 2602 1487 2657 reverendissimutn
1536 2612 1593 2656 et
1622 2600 1985 2672 religiosissi-

384 2710 532 2751 mum
583 2697 900 2764 episcdpum
952 2694 1269 2750 Flavianum
1326 2706 1440 2750 tum
1489 2695 1637 2749 illius
1683 2696 1984 2764 provincia:

386 2794 496 2840 tum
525 2784 824 2840 Orientalis
848 2785 1103 2841 diwcesis
1119 2785 1362 2856 cpiscotii
1386 2785 1441 2840 iu
1470 2801 1638 2840 unum
1660 2785 1980 2856 congregati

383 2878 651 2934 canonice
676 2876 1033 2943 ordinarunt,
1069 2886 1179 2931 tota
1207 2877 1439 2932 ecclesia
1490 2876 1875 2932 consentiente
1928 2888 1985 2931 et

383 2974 536 3043 quasi
565 2986 673 3027 uno
704 2987 801 3027 ore
828 2973 1003 3026 virum
1026 2972 1391 3029 collaudante.
1438 2972 1608 3039 Quam
1649 2971 1872 3042 quidem
1902 2971 1981 3027 le-

383 3067 625 3138 gitimam
654 3066 1056 3120 ordiuattonem
1095 3068 1257 3122 etiam
1292 3066 1534 3137 synodus
1565 3064 1819 3120 universa
1859 3080 1982 3120 sus—

2086 1867 2178 1915 τοῦ
2208 1865 2359 1924 Θεοῦ,
2388 1860 2475 1913 τόν
2513 1855 2921 1929 αἶδεσιμώτατον
2959 1858 3047 1910 καί
3088 1856 3471 1928 θεοφιλέστατον
3498 1855 3697 1912 Νεκτά-

2086 1973 2195 2029 ριον
2231 1953 2509 2006 ἐπίσκοπον
2555 1952 3040 2026 κεχειροτονήκαμεν
3089 1949 3174 2002 ἐπί
3215 1956 3309 2007 τῆς
3352 1948 3698 2019 οἱκουμενικῆς

2085 2041 2305 2099 συνόδου
2338 2045 2469 2116 μετά
2504 2050 2667 2103 κοινῆς
2700 2040 2968 2112 ὁμονοίας,
2990 2039 3081 2094 ὑπ’
3118 2036 3268 2111 ὄφεσι
3293 2042 3380 2094 καί
3407 2045 3496 2095 τοῦ
3532 2043 3699 2113 θεοφι-

2084 2135 2332 2191 λεστάτου
2362 2136 2612 2205 βασιλέως
2645 2131 2938 2197 Θεοδοσίου,
2982 2134 3175 2194 παντός
3204 2154 3258 2189 τε
3286 2139 3376 2189 τοῦ
3403 2133 3589 2211 κλήρου
3612 2138 3698 2188 καί

2084 2229 2255 2289 πάσης
2283 2228 2714 2302 ἐπιψηφιζομὲνης
2744 2235 2836 2289 τῆς
2864 2226 3076 2288 πόλεως.
3106 2236 3206 2288 Τῆς
3241 2226 3295 2283 δέ
3324 2226 3697 2301 πρεσϐυτάτης

2084 2318 2348 2382 καίὸντως
2376 2321 2719 2381 ἁποστολικῆς
2758 2320 3025 2383 ἐκκλησίας
3070 2329 3163 2381 τῆς
3204 2322 3255 2375 ἐν
3288 2319 3579 2396 ’Δντιοχείᾳ
3601 2328 3695 2382 τῆς

2084 2419 2268 2489 Συρίας
2290 2454 2304 2477 ,
2335 2416 2385 2468 ἐν
2472 2417 2654 2489 πρώτῃ
2685 2414 2744 2469 τό
2774 2415 2941 2485 τίμιον
2983 2420 3084 2467 τῶν
3113 2419 3427 2489 Χριστιανῶν
3451 2413 3697 2489 ἐχρημά-

2084 2527 2224 2563 τισεν
2251 2504 2404 2579 ὄνομα
2426 2547 2441 2570 ,
2473 2507 2558 2561 τόν
2594 2504 3001 2579 αἰδεσιμὼτατον
3037 2508 3126 2561 καί
3165 2507 3548 2580 θεοφιλέστατον
3588 2506 3700 2560 ἐπί-

2085 2620 2277 2654 σκοπον
2301 2599 2576 2652 Φλαϐιανόν
2596 2637 2611 2660 ,
2639 2598 2687 2652 οἵ
2715 2619 2770 2654 τε
2799 2607 2892 2661 τῆς
2921 2600 3187 2675 ἐπαρχίας
3225 2602 3308 2653 καὶ
3342 2608 3434 2660 τῆς
3461 2599 3699 2655 ἀνατολι-

2084 2699 2174 2749 κῆς
2200 2688 2493 2749 διοικήσεως
2528 2687 2909 2765 συνδραμόντες
2944 2697 3214 2752 κανονικῶς
3254 2692 3658 2768 ἐχειροτόνησαν
3680 2733 3697 2759 ,

2085 2782 2259 2841 πάσης
2288 2779 2566 2855 συμψήφου
2610 2788 2704 2842 τῆς
2751 2781 3016 2843 ἐκκλησίας
3046 2784 3223 2859 ὥσπερ
3255 2781 3339 2837 διὰ
3377 2789 3501 2854 μιᾶς
3532 2792 3700 2857 φωνῆς

2084 2874 2170 2929 τόν
2227 2870 2391 2950 ἄνδρα
2447 2872 2768 2946 τιμησάσης.
2822 2871 3008 2951 Ἠνπερ
3070 2873 3311 2948 ἔνθεσμον
3375 2880 3700 2955 χειροτονίαν

2085 2966 2286 3033 ἐδέξατο
2336 2972 2422 3024 καί
2474 2969 2532 3023 τό
2573 2976 2665 3030 τῆς
2711 2967 2922 3024 συνόδου
2970 2970 3149 3025 κοινόν.
3196 2978 3298 3032 Τῆς
3342 2968 3396 3025 δέ
3418 2992 3475 3045 γε
3505 2974 3700 3047 μητρός

2086 3062 2303 3117 ἁπασῶν
2323 3069 2424 3117 τῶν
2451 3062 2727 3120 ἐκκλησιῶν
2759 3069 2851 3122 τῆς
2886 3064 2937 3116 ἐν
2955 3060 3320 3137 Ἱεροσολύμοις
3339 3104 3354 3127 ,
3386 3063 3470 3118 τόν
3508 3061 3704 3118 αἰδεσί-

383 3159 549 3226 cepit.
582 3157 1088 3229 Hierosolytnitanre
1115 3171 1299 3211 autem
1326 3156 1604 3218 ecclesiae,
1635 3172 1753 3226 qua:
1805 3166 1982 3211 mater

2091 3159 2325 3228 μώτατον
2372 3158 2459 3209 καί
2512 3154 2894 3226 θεοφιλέστατον
2946 3154 3176 3230 κύριλλον
3239 3155 3516 3210 ἐπίσκοπον
3570 3149 3699 3210 εἶναι

384 3250 722 3305 εειθιιιιιὶιιιιι
739 3252 1114 3314 ecclesiarum,
1136 3250 1654 3305 reverendissimum
1679 3263 1743 3303 ac
1768 3250 1985 3320 religio-

386 3342 664 3397 sissimum
693 3342 958 3413 Cyrillum
986 3343 1298 3411 episcopum
1328 3340 1659 3404 iudicamus,
1689 3341 1777 3410 qui
1819 3349 1875 3395 et
1894 3354 1985 3394 ca-

386 3435 582 3491 nonice
603 3436 672 3489 ab
697 3437 969 3506 episcopis
994 3434 1288 3505 provinciae
1311 3434 1440 3489 olim
1470 3436 1568 3488 fuit
1596 3434 1902 3499 ordinatus,
1929 3442 1986 3487 et

387 3527 617 3598 plurima
638 3528 803 3582 variis
824 3528 875 3581 in
894 3528 1226 3582 lociscoutra
1243 3527 1476 3583 Arianos
1488 3526 1782 3580 certamina
1795 3524 1981 3580 subiit.

462 3619 549 3674 Vl.
582 3618 790 3685 Quibus
819 3626 1091 3688 tamquam
1121 3619 1360 3689 legitime
1389 3631 1441 3671 et
1486 3618 1750 3672 canonice
1776 3616 1986 3671 consti-

387 3712 522 3767 tutis
549 3722 787 3767 vestram
839 3728 1055 3781 quoque
1098 3710 1458 3765 reverentiam
1502 3710 1762 3781 gratulari
1797 3710 1984 3763 horta-

387 3820 532 3868 mur,
566 3804 938 3859 intercedente
960 3803 1512 3873 Spiritalictiaritate;
1563 3812 1618 3858 et
1658 3802 1873 3856 Domini
1915 3802 1985 3855 ti-

389 3912 542 3952 more
572 3911 792 3952 omnem
837 3896 1058 3967 quidem
1100 3895 1396 3950 humanum
1451 3894 1703 3949 aﬂ'ectum
1749 3893 1988 3963 compri-

387 4002 602 4056 mente,
654 3991 1011 4046 ecclesiarum
1069 3999 1248 4045 autem
1294 3991 1707 4045 mdiliCationem
1761 3992 1986 4059 privatae

387 4097 516 4151 erga
553 4083 797 4151 singulos
828 4084 1224 4139 benevolentiae
1270 4084 1356 4138 vel
1383 4085 1576 4153 gratia:
1609 4092 1983 4152 praeponente.

389 4176 504 4232 Hac
525 4176 669 4231 enim
719 4176 932 4232 ratione
961 4177 1049 4231 ubi
1099 4176 1325 4232 verbum
1378 4177 1499 4231 lidei
1547 4180 1821 4231 communi
1850 4193 1983 4232 con-

388 4283 556 4324 sensu
604 4267 906 4323 stabilitum
930 4311 944 4331 ,
997 4277 1052 4322 el
1096 4266 1408 4320 Christiana
1436 4267 1680 4321 Charitas
1711 4268 1857 4323 inter
1887 4282 1987 4322 nos

386 4362 707 4419 conﬁrmata
755 4361 951 4428 fuerit,
1010 4360 1328 4416 desinemus
1368 4360 1420 4413 id
1475 4360 1662 4415 dicere
1700 4359 1845 4429 quod
1920 4361 1989 4415 ab

385 4453 665 4527 Apostolis
690 4453 1110 4509 condemnatum
1134 4463 1247 4507 est:
1275 4450 1391 4526 Ego
1414 4452 1622 4523 quidem
1659 4467 1776 4507 sum
1807 4450 1983 4519 Pauli,

2088 3250 2414 3321 γνωρίζομεν,
2448 3253 2717 3308 κανονικῶς
2742 3266 2796 3300 τε
2822 3247 2968 3319 παρὰ
2992 3253 3093 3302 τῶν
3111 3255 3203 3307 τῆς
3230 3248 3495 3322 ἐπαρχίας
3525 3267 3700 3323 χειρο-

2088 3340 2356 3397 τονηθέντα
2377 3381 2392 3402 ,
2430 3340 2584 3395 πάλαι
2602 3380 2618 3404 ,
2651 3341 2736 3393 καὶ
2765 3339 2995 3396 πλεῖστα
3019 3341 3151 3417 πρός
3185 3342 3308 3402 τοὺς
3333 3339 3621 3417 ’Δρειανούς
3648 3341 3696 3399 ἐν

2089 3430 2347 3510 διαφόροις
2371 3432 2550 3493 τόποις
2579 3433 2898 3492 ἀθλήσαντα.

2161 3614 2249 3678 Οἷς
2271 3620 2339 3679 ὡς
2364 3617 2619 3689 ἐνθέσμως
2638 3620 2721 3672 καί
2744 3625 3016 3681 κανονικῶς
3042 3620 3165 3695 παρ’
3182 3621 3305 3693 ήμῖν
3328 3623 3695 3699 κεκρατηκόσι,

2089 3712 2178 3764 καί
2204 3714 2294 3767 τήν
2322 3710 2577 3784 ὑμετέραν
2620 3711 2938 3785 συγχαίρειν
2980 3711 3375 3788 παρακαλοῦμεν
3411 3713 3693 3780 εὐλάϐειαν,

2087 3812 2181 3864 τῆς
2220 3812 2564 3874 πνευματικῆς
2611 3804 2988 3877 μεσιτευούσης
3016 3804 3250 3878 ἀγάπης.
3283 3808 3367 3859 καὶ
3395 3812 3489 3861 τοῦ
3514 3828 3697 3883 κυρια-

2088 3904 2179 3951 κοῦ
2202 3896 2379 3970 φόϐου.
2408 3901 2584 3952 πᾶσαν
2617 3899 2707 3969 μέν
2734 3896 3162 3959 καταστέλλοντος
3188 3900 3502 3975 ἀνθρωπίνην
3528 3920 3698 3976 προσ·-

2089 3991 2324 4051 πάθειαν,
2355 3995 2445 4049 τήν
2478 3987 2531 4044 δέ
2557 3996 2659 4045 τῶν
2684 3986 2972 4056 ,ἐκκλησιῶν
3012 3987 3277 4061 οἰκοδομήν
3318 3993 3697 4066 προτιμοτέραν

2090 4090 2358 4145 ποιοῦντος
2373 4094 2465 4144 τῆς
2484 4085 2613 4161 πρὸς
2636 4083 2721 4138 τὸν
2742 4083 2854 4138 καθ’
2873 4084 2963 4138 ἕνα
2990 4092 3015 4119 ⁸
3046 4087 3370 4157 συμπαθείας
3393 4085 3425 4146 ή
3451 4075 3696 4163 χάριτος.

2090 4176 2239 4233 Οὕτω
2264 4179 2365 4253 γὰρ
2394 4183 2545 4232 τοῦτε
2584 4186 2677 4237 τῆς
2712 4178 2941 4237 πίστεως
2971 4178 3388 4248 συμφωνηθέντος
3414 4179 3591 4253 λόγου,
3613 4184 3699 4236 καί

2089 4277 2182 4329 τῆς
2226 4276 2589 4342 Χριστιανικῆς
2637 4269 2949 4342 κυρωθείσης
2994 4268 3040 4321 ἐν
3079 4270 3195 4341 ήμῖν
3243 4269 3471 4341 ἀγάπης,
3499 4273 3698 4327 παυσό-

2091 4361 2218 4431 μεθα
2243 4358 2469 4430 λέγοντες
2495 4358 2553 4410 τό
2590 4360 2732 4432 παρὰ
2768 4364 2869 4410 τῶν
2905 4355 3206 4413 ἀποστόλων
3239 4362 3656 4433 κατεγνωσμένον
3675 4377 3691 4395 ⁸

2093 4452 2222 4525 Ἐγώ
2252 4454 2343 4524 μέν
2385 4452 2489 4523 εἰμι
2542 4450 2764 4511 Παύλου,
2799 4450 2895 4523 ἔγὼ
2925 4447 2979 4504 δέ
3030 4450 3276 4513 Ἀπολλώ,
3305 4454 3405 4526 ἐγώ
3434 4450 3488 4508 δέ
3530 4461 3694 4528 Κηφᾶ.

387 4563 482 4619 ego
533 4563 650 4600 vero
680 4547 902 4616 Apollo,
957 4561 1051 4617 ego
1104 4553 1275 4598 autent
1322 4545 1510 4614 (Iephte
1542 4543 1723 4614 (lCor.
1759 4559 1808 4609 ι,
1841 4545 1912 4600 ιε
1939 4543 1981 4613 ).

2089 4546 2273 4604 Πάντες
2297 4541 2351 4598 δὲ
2378 4546 2605 4616 Χριστοῦ
2643 4542 2877 4615 φανέντες
2897 4582 2912 4604 ,
2966 4538 3021 4603 ὃς
3047 4543 3098 4596 ἐν
3128 4544 3245 4614 ἡμῖν
3274 4544 3332 4598 οὐ
3359 4548 3694 4622 μεμέρισται,

389 4639 497 4696 Sed
521 4639 646 4694 dum
677 4654 867 4694 omnes
897 4637 1199 4692 videbimur
1226 4650 1350 4691 esse
1378 4637 1578 4692 Chrisd
1598 4678 1614 4705 ,
1643 4636 1733 4707 qui
1762 4652 1868 4691 non
1897 4646 1986 4692 est

388 4734 594 4787 scisStts
623 4733 676 4787 in
710 4731 900 4795 nobis,
942 4731 1213 4801 integrum
1245 4729 1368 4785 sine
1398 4731 1504 4784 ulla
1543 4729 1834 4785 scissione.
1870 4729 1986 4785 Deo

381 4826 639 4897 iuvante,
671 4824 1018 4880 servabimus
1037 4838 1242 4895 corpus
1272 4822 1572 4892 Ecclesia),
1629 4831 1686 4880 et
1714 4823 1783 4879 ad
1822 4822 1989 4879 tribu-

387 4919 478 4975 nal
506 4919 723 4974 Domini
747 4934 872 4973 cum
902 4916 1099 4972 ﬁducia
1123 4917 1410 4972 stabimus.

387 5069 440 5114 c.
471 5055 528 5123 4,
561 5074 618 5112 ll.
647 5057 700 5120 5,
731 5056 875 5112 hunc
923 5063 1116 5109 tomum
1164 5053 1581 5109 Occidentalium
1629 5055 1986 5122 intelligentis

389 5131 574 5183 nescio
621 5145 781 5198 quant
829 5127 1101 5198 epistolam
1126 5125 1538 5181 Occidentalium
1562 5169 1577 5192 ,
1609 5144 1709 5197 qua
1733 5128 1915 5182 docent
1936 5143 1989 5183 se

388 5196 798 5255 communionem
849 5196 1281 5252 Antiochenorum
1331 5196 1774 5270 amplecti,'quia
1802 5208 1991 5254 rectam

2092 4641 2223 4693 Θεοῦ
2263 4634 2658 4699 καταξιοῦντος,
2707 4629 2971 4704 ἄσχιστον
3013 4634 3073 4688 τὸ
3114 4640 3265 4689 σῶμα
3292 4644 3386 4697 τῆς
3426 4638 3698 4702 ἐκκλησίας

2092 4735 2400 4802 τηρήσομεν,
2432 4729 2615 4799 καὶτῷ
2643 4725 2838 4799 βήματι
2868 4732 2959 4781 τοῦ
3000 4728 3183 4800 κυρίου
3218 4729 3350 4800 μετὰ
3396 4731 3699 4806 παρρησίας

2095 4821 2556 4899 παραστησόμεθα.

2092 5056 2249 5125 fidem
2291 5055 2639 5125 proﬁtentur,
2688 5055 2784 5110 etsi
2814 5048 3019 5110 Meletii
3060 5065 3110 5111 et
3153 5054 3370 5112 Paulini
3418 5057 3697 5117 schismate

2093 5126 2350 5182 laborant.
2378 5128 2656 5182 Counn'r.

2168 5199 2196 5229 ⁸
2227 5199 2422 5261 Sirm.,
2451 5200 2741 5260 συνηθείας.
2789 5197 2868 5254 In.

389 5316 3684 5347 ———_———_————————__—_—-—-b

430 5421 1180 5502 DECRETORUM
1252 5424 1717 5498 DAMASO
1793 5426 1835 5498 Ι
1911 5372 2219 5499 ῥΑΡλΈ
2290 5424 3077 5501 ASCRIPTORUM
3150 5428 3668 5517 CENSURA.

467 5697 519 5751 1.
564 5695 694 5765 Quae
716 5696 770 5751 in
800 5694 1033 5751 Romana
1058 5694 1255 5766 synodo
1284 5692 1538 5750 Damasus
1559 5694 1878 5750 constituisse
1904 5693 1993 5749 ob-

402 5789 649 5846 tenditur.
667 5810 738 5829 -ι-
757 5789 814 5844 ln
850 5802 976 5843 mox
1018 5786 1163 5852 dicta
1191 5786 1472 5845 Sarazanii
1498 5787 1822 5845 collectione
1849 5802 1904 5859 p.
1933 5787 1997 5843 2i

2099 5704 2308 5752 exstat:
2344 5695 2461 5752 Vita
2489 5695 2551 5750 Β.
2581 5694 2794 5751 Damasi
2821 5714 2888 5754 ea:
2914 5698 3031 5754 cod.
3062 5716 3161 5756 ms.
3190 5703 3407 5760 archivii
3433 5710 3706 5767 canonico-

2113 5807 2229 5845 rum
2249 5790 2310 5846 S.
2338 5788 2481 5845 Petri
2509 5791 2787 5862 exscripta,
2815 5791 2869 5850 in
2895 5808 3000 5863 qua
3030 5794 3101 5851 de
3125 5795 3223 5852 illo
3241 5798 3603 5871 pradicatur:
