4120 6186
461 318 605 375 Ιὲοό

1927 311 2272 370 ΑῡΒΕΝΒΑ.

3625 317 3650 372 1
3663 314 3781 372 204

542 459 560 492 ι
596 437 634 512 1,.
676 437 733 495 1η
767 435 957 491 diebus
987 443 1164 490 autem
1197 434 1325 501 illis,
1358 436 1673 502 convocatis
1697 435 1969 505 episcopis
1991 433 2060 489 de
2088 434 2141 494 A
2166 417 2430 491 sufﬁciat:
2471 454 2487 490 ί
2516 435 2570 489 1η
2593 432 2796 489 eisdem
2825 433 2968 488 enim
2995 431 3270 504 (Orientis)
3299 431 3568 504 partibus,
3594 431 3778 503 impe-

468 528 698 585 diversis
722 527 906 580 mutuli
929 525 1198 600 partibus,
1222 525 1516 598 celebravit
1537 527 1845 594 concilium,
1875 528 1929 580 in
1959 541 2066 598 quo

466 620 853 694 condemnavit
879 617 1253 675 Maccdonium
1279 617 1540 696 Spiritum
1574 632 1817 674 sanctum
1857 634 2067 688 negan-

471 726 605 777 tem,
639 722 696 767 et
728 711 1051 767 Eunomium
1083 720 1136 766 et
1164 710 1432 765 Donatum
1462 712 1677 766 Arianae
1717 711 2069 782 blasphemia:

470 813 802 867 sectatores;
828 801 1206 864 condemnavit
1230 801 1392 864 etiam
1416 802 1784 874 Apollinarem
1806 801 2072 870 Laodicia:

469 897 644 962 Syriae
666 898 1003 966 episcopum,
1039 903 1228 956 contra
1258 911 1416 966 quem
1450 895 1712 962 decrevit,
1743 906 1797 949 ut
1830 916 1847 947 ι
1873 895 1926 951 Si
1951 897 2072 966 quis

474 990 672 1048 Filium
704 989 820 1052 Dei,
852 970 945 1066 qui
977 988 1118 1043 sicut
1147 1003 1276 1043 vere
1303 989 1461 1053 Deus,
1497 989 1565 1041 ita
1598 1003 1725 1044 vere
1759 987 1922 1042 homo
1953 988 2069 1058 fuit,

478 1082 562 1137 vel
587 1081 943 1138 humanitatis
966 1080 1168 1151 aliquid
1195 1079 1278 1136 vel
1303 1079 1519 1136 deitatis
1541 1081 1718 1134 minus
1745 1080 1953 1136 diceret
1983 1081 2076 1133 lia-

475 1174 681 1241 buisse,
712 1171 923 1227 alienus
954 1171 1021 1228 ab
1056 1170 1298 1230 Ecclesia
1327 1171 1688 1240 judicaretur.
1713 1191 1729 1223 ι
1757 1170 1929 1238 Quam
1951 1185 2080 1226 sen-

479 1267 699 1322 tentiam
731 1267 1040 1320 conﬁrmari
1069 1265 1328 1345 praecepit
1354 1265 1514 1328 etiam
1543 1264 1594 1322 in
1623 1251 1809 1320 sancta
1841 1266 2079 1320 secunda

481 1359 710 1430 synodo,
747 1374 865 1427 qua:
896 1367 1170 1428 przccepto
1196 1367 1249 1411 et
1275 1357 1597 1418 auctoritate
1622 1357 1737 1427 ejus
1768 1358 1907 1430 apud
1938 1353 2081 1411 Con-

482 1443 889 1522 stantinopolim
918 1452 1192 1507 celebrata
1221 1460 1323 1507 est.

560 1562 579 1597 ι
614 1545 674 1600 ll.
717 1544 982 1625 Praecepit
1009 1553 1270 1622 praeterea
1307 1544 1566 1598 Damasus
1597 1542 1993 1614 sacerdotibus,
2024 1550 2084 1596 ut

485 1645 748 1706 negarent
788 1645 1029 1690 sanctam
1059 1633 1495 1690 communionem
1530 1643 1584 1690 et
1612 1634 1962 1690 ecclesiarum
1997 1633 2079 1687 in-

484 1745 728 1802 gressum
774 1730 1027 1784 omnibus
1067 1728 1376 1800 sacrilegis,
1424 1729 1511 1800 qui
1543 1727 1683 1783 bona
1717 1726 2084 1800 ecclesiastica

2171 536 2324 584 rante
2353 528 2575 584 Valente
2595 567 2610 596 ,
2643 525 2709 580 de
2736 525 2887 596 cujus
2915 523 3204 596 tyrannide
3230 539 3396 592 supra
3422 523 3625 578 dictum
3655 533 3780 591 est,

2172 619 2550 676 haeresiarcha:
2578 628 2687 674 tres
2709 628 2883 684 erant,
2905 617 3171 681 Meletius,
3196 616 3387 676 Vitalis
3412 625 3466 672 et
3489 616 3781 683 Paulinus,

2172 715 2262 786 qui
2297 715 2520 772 scissam
2556 712 2610 767 in
2650 720 2759 767 tres
2791 720 2973 784 partes
3021 709 3319 766 Ecclesiam
3367 709 3434 764 ad
3482 724 3541 765 se
3583 724 3784 780 rapere

2175 805 2517 862 festinabant.
2561 824 2579 856 ›
2631 803 2762 873 Quis
2810 804 2926 858 hsce
2963 803 3224 868 audiens,
3274 802 3600 874 imperitiam
3643 802 3790 858 ferat

2177 901 2369 956 horum
2401 911 2644 955 actorum
2668 897 2917 963 artiﬁcis,
2958 896 3242 952 Paulinum
3273 896 3676 951 hwresiarcham
3707 896 3790 948 in-

2177 993 2322 1048 sulse
2350 992 2485 1047 adeo
2506 989 2862 1063 appellantis;
2889 989 3195 1058 Paulinum,
3218 990 3457 1060 inquam,
3487 1005 3649 1060 quem
3680 989 3788 1044 Da-

2180 1100 2362 1140 masus
2388 1083 2584 1140 litteris
2614 1084 2724 1138 suis
2757 1090 2863 1137 tam
2897 1082 3174 1148 modeste,
3201 1092 3435 1155 tamque
3481 1080 3790 1137 honorifice

2181 1177 2469 1249 alloquitur
2499 1174 2680 1249 (Dant.
2715 1191 2797 1244 ep.
2827 1172 2902 1245 5),
2927 1182 2984 1230 et
3010 1173 3080 1240 de
3114 1189 3221 1244 quo
3249 1173 3464 1229 concilii
3496 1171 3663 1228 Italia!
3694 1187 3793 1242 pa-

2183 1284 2296 1330 tres
2325 1273 2391 1328 ad
2419 1271 2785 1330 Theodosium
2829 1270 2956 1339 imp.
2999 1283 3145 1324 anno
3185 1269 3282 1324 531
3337 1267 3582 1322 scribunt
3613 1265 3794 1338 (Apud

2187 1365 2348 1420 Sirnt.
2393 1381 2514 1436 app.
2556 1362 2674 1417 cod.
2723 1360 2826 1416 Th.
2857 1379 2978 1433 pag.
3009 1360 3135 1430 105)
3157 1401 3173 1430 ,
3216 1379 3234 1420 ς
3269 1359 3424 1415 Hunc
3455 1359 3507 1414 in
3538 1373 3792 1414 cornutu-

2186 1458 2345 1512 nione
2377 1465 2559 1512 nostra
2592 1455 2855 1510 mansisse
2885 1454 3158 1508 consortia
3186 1495 3201 1528 ,
3237 1469 3359 1524 qua:
3408 1468 3438 1508 a
3487 1451 3793 1522 majoribus

2186 1549 2452 1606 inoffense
2477 1548 2658 1611 ducta,
2681 1547 2984 1601 testantur?
3009 1566 3024 1598 ι
3055 1545 3187 1613 Quis
3209 1545 3290 1602 vel
3313 1547 3586 1616 patienter
3603 1543 3797 1600 audiat

2188 1639 2467 1701 Meletiqu
2493 1639 2683 1693 eodem
2713 1637 3074 1692 hwresiarchaz
3115 1637 3331 1691 nomine
3367 1637 3652 1703 infamari,
3700 1637 3796 1706 qui

2191 1738 2354 1796 totius
2385 1734 2621 1790 Orientis
2647 1733 3049 1788 venerationem
3078 1732 3181 1785 sibi
3223 1731 3531 1788 conciliavit
3557 1773 3574 1797 ,
3611 1729 3708 1802 qui
3741 1738 3796 1786 et

489 1824 806 1878 invaserunt
826 1864 840 1888 ,
871 1830 926 1878 et
952 1838 1018 1876 ex
1047 1821 1126 1878 cis
1164 1824 1398 1877 maxime
1426 1823 1515 1896 qui
1552 1821 1791 1878 decimas
1826 1835 1930 1876 non
1959 1834 2083 1891 per-
2116 1824 2166 1884 B
2193 1845 2407 1900 magnus
2435 1837 2489 1881 et
2523 1827 2724 1880 divinus
2753 1824 2820 1879 ab
2856 1823 3178 1881 ortltodoxis
3212 1823 3569 1894 scriptoribus
3606 1821 3802 1894 appel-

488 1917 784 1971 solverent.

569 2026 588 2061 t
625 2008 714 2064 111.
757 2007 864 2066 Eos
895 2009 1059 2064 etiam
1087 2007 1296 2064 censuit
1324 2007 1393 2062 de
1421 2006 1585 2065 domo
1619 2004 1716 2063 Dei
1750 2004 2048 2078 ejiciendos
2070 2046 2084 2070 ,

489 2102 578 2168 qui
613 2099 788 2160 fenori
821 2111 876 2154 et
907 2101 1087 2156 usuris
1128 2100 1435 2158 inserviunt
1457 2142 1472 2172 ,
1514 2098 1702 2153 dicens
1735 2097 1878 2153 inter
1909 2105 2092 2170 rapto-

497 2207 610 2246 rem
641 2203 690 2245 et
727 2193 1034 2246 usurarium
1064 2192 1266 2250 nullam
1300 2206 1421 2246 esse
1446 2189 1782 2253 distantiam.

575 2303 593 2335 ι
626 2283 715 2338 ιν.
741 2284 1002 2344 Similiter
1017 2295 1070 2339 et
1096 2299 1190 2338 eos
1211 2283 1376 2360 quiin
1400 2283 1648 2338 ecclesiis
1669 2291 2092 2346 commorantes,

496 2377 804 2448 vaniloquis
852 2385 906 2431 et
953 2377 1143 2431 otiosis
1202 2376 1554 2436 sermonibus
1609 2384 1848 2432 vacant:
1917 2375 2097 2431 aiebat

498 2469 680 2522 enim:
715 2468 768 2523 Si
799 2468 992 2530 doinus
1034 2469 1295 2528 orationis
1342 2477 1456 2531 est,
1503 2469 1644 2528 sicut
1688 2469 1944 2524 Dominus
1985 2469 2095 2533 ait,

501 2560 635 2615 nulli
665 2561 716 2615 in
747 2575 808 2614 ca
839 2560 986 2626 licet,
1020 2560 1124 2624 nisi
1153 2576 1337 2626 orare,
1380 2561 1644 2633 psallere,
1681 2571 1897 2629 peccata
1925 2563 2095 2618 conti.

503 2653 628 2719 teri,
659 2662 714 2708 et
745 2654 958 2708 veniam
984 2653 1295 2722 implorare.

581 2762 600 2796 ι
640 2745 701 2798 ν.
737 2743 844 2799 διε-(1
869 2754 922 2797 ct
951 2733 1075 2800 illos
1101 2744 1635 2800 anathematizandos
1657 2745 1888 2818 censuit,
1913 2746 1999 2814 qui
2021 2746 2102 2799 di-

504 2838 645 2894 vina:
672 2839 807 2908 legis
833 2839 1201 2905 immemores,
1238 2839 1516 2894 maleﬁciis
1547 2849 1599 2913 et
1627 2840 2104 2912 superstitionibus

506 2939 669 2999 atque
693 2931 1149 2986 incantationibus
1178 2933 1328 2986 vanis
1357 2932 1782 2988 inserviunt...”
1828 2931 1985 2994 Ideo,
2018 2932 2104 2988 itt-

507 3020 642 3091 quit,
671 3022 1036 3092 prtccipimus,
1065 3031 1123 3075 ut
1143 3024 1470 3093 quicumque
1496 3023 1877 3089 divinationes,
1908 3025 1988 3077 vel
2013 3039 2106 3082 au-

509 3112 663 3181 guria
688 3156 704 3182 ,
735 3114 847 3169 sive
879 3126 1054 3170 sortes
1086 3131 1218 3181 quas
1251 3116 1585 3169 mentiuntur
1609 3131 1730 3172 esse
1759 3126 2104 3179 sanctorum,

2191 1921 2287 1976 lari
2323 1919 2556 1986 meruit,
2602 1933 2763 1990 quem
2810 1933 2937 1973 mox
2980 1917 3127 1973 citati
3166 1917 3385 1971 concilii
3415 1917 3583 1972 italia:
3614 1928 3801 1984 patres

2192 2016 2313 2085 ﬁdei
2335 2015 2598 2070 concinere
2614 2028 2674 2072 se
2698 2027 2924 2068 censere
2947 2012 3308 2066 testificantur
3324 2011 3346 2063 ?
3363 2008 3441 2064 Ne
3457 2008 3650 2070 Vitalis
3669 2009 3802 2080 qui-

2193 2107 2340 2178 dem,
2377 2107 2598 2162 Valente
2636 2107 2936 2178 imperante
2960 2147 2974 2172 ,
3021 2104 3417 2160 lueresiarclta:
3456 2102 3552 2158 sed
3585 2112 3802 2158 tantum

2195 2211 2320 2271 post
2347 2201 2693 2270 imperatoris
2722 2199 2882 2271 hujus
2905 2215 3092 2255 necem
3123 2215 3245 2253 eum
3275 2196 3595 2271 Apollinarii
3627 2196 3806 2251 luere-

2195 2294 2424 2349 siarchre
2468 2293 2794 2362 discipulum
2827 2308 2948 2348 esse
2994 2291 3318 2364 patefactum
3365 2300 3469 2344 est.
3509 2290 3581 2343 Ex
3621 2287 3807 2344 verbis

2197 2395 2374 2442 autem
2415 2385 2727 2456 Hieronymi
2771 2385 2822 2440 in
2870 2383 3137 2460 superiori
3179 2383 3341 2454 epist.
3379 2383 3467 2447 11,
3501 2397 3552 2436 n.
3582 2380 3644 2434 2:
3679 2398 3698 2430 ι
3739 2379 3806 2434 in

2201 2490 2308 2535 tres
2335 2488 2515 2550 partes
2542 2477 2711 2532 scissa
2731 2477 2963 2538 ecclesia
2982 2475 3048 2530 ad
3077 2491 3138 2531 se
3167 2491 3363 2548 rapere
3397 2491 3483 2530 me
3507 2474 3802 2528 festinat...

2201 2571 2471 2642 Meletitts,
2509 2569 2700 2626 Vitalis
2729 2581 2890 2639 atque
2931 2569 3186 2624 Paulinus
3229 2568 3327 2624 tibi
3375 2568 3583 2621 haerere
3627 2581 3686 2620 se
3727 2564 3811 2619 di-

2202 2674 2350 2732 cunt,
2376 2683 2394 2716 ι
2430 2678 2709 2734 perperam
2741 2662 3030 2718 intellectis
3060 2663 3370 2732 hujusmodi
3402 2661 3657 2732 ﬁgmenta
3681 2667 3810 2714 nata

2204 2773 2324 2814 esse
2353 2757 2494 2812 haud
2524 2759 2815 2811 obscurum
2845 2767 2945 2810 cst.
2997 2755 3202 2811 Exinde
3233 2756 3279 2810 si
3311 2755 3492 2816 eadem
3524 2764 3645 2808 acta
3683 2769 3813 2823 per-

2206 2850 2360 2920 sequi
2421 2850 2615 2919 placet,
2660 2848 2800 2902 haud
2847 2848 3061 2918 longius
3104 2845 3556 2919 progrediendum
3585 2844 3716 2912 erit,
3752 2855 3819 2899 ut

2207 2951 2514 2998 commenta
2541 2941 2737 2998 similia
2772 2941 3270 3012 deprehendantur.
3303 2941 3358 3000 In
3391 2939 3580 3012 primis
3607 2938 3817 3007 aliquot

2209 3036 2486 3092 offendere
2515 3047 2599 3092 est
2633 3037 2930 3106 fragmenta
2973 3037 3315 3105 superiorum
3353 3035 3707 3106 epistularum
3751 3033 3817 3088 10

2211 3140 2267 3186 et
2294 3131 2380 3197 11,
2415 3130 2730 3202 Hieronymi
2760 3131 2824 3186 ad
2855 3131 3142 3186 Damasum
3168 3173 3182 3196 ,
3225 3132 3292 3192 iis
3318 3129 3610 3200 depravata
3650 3132 3818 3182 inter.

509 3206 902 3272 observaverit,
933 3217 984 3260 et
1013 3223 1198 3290 magos
1228 3209 1314 3263 vel
1345 3209 1708 3268 incantatores
1737 3210 2000 3280 audierit,
2027 3210 2106 3279 in-
2132 3183 2178 3248 Ο
2216 3223 2612 3296 nnlalionibus,
2647 3239 2780 3293 qua,
2813 3223 2866 3280 ίη
2898 3225 3147 3294 gemmis
3169 3224 3576 3294 εχβιημιειιῖιηιε
3615 3222 3815 3280 [τηειη

513 3307 596 3352 ter
623 3296 966 3354 Christianos
996 3287 1304 3365 nullatenus
1335 3303 1661 3362 nominetur.

591 3413 609 3444 ι
647 3392 734 3447 VI.
778 3394 884 3448 Eas
913 3411 1125 3464 quoque
1154 3395 1407 3448 mulieres
1435 3394 1502 3470 ab
1531 3394 1781 3468 ccclesiis
1808 3395 1926 3466 ejici
1961 3396 2114 3452 volu-

516 3501 664 3551 mus,
706 3503 825 3556 qu:c
851 3486 1156 3541 daemonum
1193 3487 1535 3541 illusionibus
1563 3496 1618 3540 et
1649 3488 2114 3556 pliantasmatibus

515 3577 772 3638 setluetze,
795 3576 1020 3642 credunt
1045 3593 1103 3631 se
1135 3586 1399 3631 nocturno
1424 3576 1638 3631 silentio
1665 3593 1784 3631 cum
1812 3577 2113 3636 llcrodiade

517 3678 572 3722 et
603 3673 881 3724 innumera
918 3671 1258 3726 multitudine
1291 3670 1571 3725 mulierum
1603 3673 1879 3745 equitare,
1921 3683 2051 3738 etc.,
2091 3693 2108 3725 ι

519 3777 708 3832 usque,
741 3781 759 3813 ι
802 3777 896 3833 per
927 3762 1086 3828 devia
1126 3779 1352 3834 quaeque
1390 3763 1630 3840 deducit,
1672 3781 1690 3815 ι
1731 3772 1786 3817 ιιι
1814 3763 1955 3839 apud
1981 3763 2115 3819 Gra-

515 3854 718 3907 tianum
747 3854 838 3916 '26,
869 3864 1060 3924 quzest.
1087 3855 1141 3920 5,
1174 3870 1223 3910 c.
1253 3854 1353 3923 12,
1379 3865 1433 3910 et
1460 3854 1598 3924 apud
1630 3855 1988 3926 Augustinum
2018 3855 2109 3910 lib.

517 3946 585 3999 tle
613 3945 820 4016 Spiritu
852 3942 906 4001 et
934 3948 1108 4002 anima
1142 3963 1192 4003 c.
1220 3946 1312 4014 28,
1349 3948 1530 4016 paucis
1557 3948 1738 4008 verbis
1767 3948 2005 4002 mutatis.

599 4058 617 4092 ι
655 4039 767 4097 νυ.
809 4039 1144 4096 Renovatom
1182 4025 1394 4112 quoque
1423 4040 1523 4094 fuit
1549 4041 1601 4095 in
1630 4041 1820 4095 eodem
1849 4041 2080 4094 concilio
2100 4081 2114 4104 ,

519 4130 663 4198 quod
687 4131 740 4182 in
769 4129 985 4182 Nicmno
1009 4131 1178 4184 fuerat
1206 4133 1578 4195 constitutum,
1604 4141 1661 4184 ut
1683 4132 1727 4184 si
1750 4132 1868 4208 quis
1899 4131 1985 4183 die
2015 4131 2120 4188 Do-

525 4221 724 4277 ntinico
749 4237 913 4290 super
940 4223 1127 4276 horam
1158 4224 1372 4278 tertiam
1399 4239 1562 4276 ausus
1584 4222 1744 4278 fuerit
1766 4238 1962 4287 canere
1995 4223 2091 4278 illis

521 4331 655 4383 sam,
687 4326 743 4372 et
772 4317 890 4371 aliis
922 4317 1111 4379 diebus
1140 4334 1170 4373 a
1213 4316 1386 4376 media
1428 4327 1615 4392 quarta
1668 4317 1798 4373 hora
1851 4334 2017 4393 usque
2063 4319 2116 4372 in

521 4411 708 4484 horam
739 4425 956 4482 nonam,
980 4411 1485 4476 anatltematizetur.

599 4521 618 4554 ι
661 4501 792 4556 Vill.
834 4501 989 4557 il‘une
1035 4519 1250 4582 quoque
1294 4505 1577 4559 constituit
1619 4504 1679 4560 S.
1721 4502 2014 4579 Damasus,
2060 4514 2117 4572 ut

522 4595 714 4663 psalmi
743 4595 828 4651 die
861 4607 1134 4667 noctuque
1160 4580 1483 4654 canerentur
1506 4613 1600 4667 per
1620 4613 1811 4654 omnes
1837 4599 2113 4654 ecclesias.
2146 4580 2200 4641 Ῑ)

521 4685 626 4753 Qui
656 4696 711 4741 et
738 4686 839 4742 hoc
869 4689 1143 4758 praecepit,
1171 4698 1230 4743 ut
1260 4689 1311 4743 in
1348 4689 1454 4742 ﬁne
1473 4689 1897 4762 uniuscujusque
1926 4691 2118 4766 psalmi

521 4771 968 4846 subjungeretur:
989 4766 1166 4833 Gloria
1191 4779 1337 4834 Patri
1363 4791 1408 4834 et
1440 4779 1579 4834 Filio
1601 4791 1648 4834 et
1673 4780 1895 4858 Spiritui
1921 4792 2120 4836 sancto:

520 4869 653 4922 sicut
675 4878 784 4922 erat
813 4870 865 4922 in
895 4871 1170 4940 principio,
1201 4880 1248 4924 et
1279 4887 1436 4934 nunc,
1462 4881 1507 4925 et
1528 4887 1746 4942 semper,
1771 4883 1818 4925 et
1849 4873 1902 4926 in
1929 4873 2122 4927 stccula

521 4960 844 5015 seculorum.
879 4962 1057 5014 Amen.
1098 4980 1116 5013 ι

597 5052 673 5122 Eii
706 5055 816 5127 ipsa
846 5053 1062 5122 decreta
1083 5053 1350 5121 Batonius
1378 5055 1444 5116 ad
1472 5071 1671 5120 armum
1692 5055 1819 5126 581,
1844 5057 1991 5126 velut
2010 5058 2119 5122 sin-

522 5160 646 5201 cera
671 5148 865 5217 probat
903 5163 966 5202 ac
1008 5146 1208 5202 laudat.
1247 5146 1399 5203 Unde
1429 5159 1480 5203 et
1512 5157 1627 5204 aeta
1652 5191 1665 5216 ,
1702 5165 1767 5205 ett
1799 5149 1993 5220 quibus
2021 5165 2118 5205 ex-

523 5249 707 5308 cerpta
736 5249 890 5302 sunt,
932 5238 1141 5294 videtur
1168 5238 1478 5293 admittere.
1511 5239 1618 5295 Sed
1652 5256 1712 5295 ea
1739 5283 1752 5304 ,
1796 5231 1915 5312 quc
1946 5240 2000 5294 in
2036 5241 2118 5295 his

523 5330 662 5385 actis
689 5329 904 5384 decreta
933 5329 1024 5384 illa
1069 5329 1156 5385 vel
1200 5329 1529 5385 antecedunt
1575 5329 1662 5386 vel
1698 5331 2115 5403 subsequuntur,

521 5426 690 5490 Immo
715 5433 774 5498 et
797 5439 917 5512 quae
947 5424 1000 5480 in
1039 5425 1170 5498 ipsis.
1203 5421 1555 5502 instituatur
1595 5427 1864 5501 decretis.
1899 5443 2116 5500 omnem

479 5520 484 5528 ‘
521 5517 603 5572 eis
636 5515 795 5570 ﬁdem
827 5517 1109 5586 abrogant.

590 5630 643 5684 2.
675 5629 948 5686 Falsorum
980 5630 1189 5687 Damasi
1207 5642 1467 5704 gestorum
1493 5637 1802 5691 architectus
1825 5637 2108 5706 imperitus.

520 5718 788 5780 animum
829 5731 878 5776 et
923 5721 1209 5778 Paulinum
1252 5724 1618 5782 haeresiarchas
1653 5728 1796 5800 facit.
1833 5727 1899 5784 Et
1942 5744 2006 5784 ex
2051 5731 2115 5785 iis

527 5809 763 5878 quidem,
791 5827 912 5880 qua
937 5813 1359 5885 subsequuntur,
1391 5816 1442 5871 id
1489 5819 1539 5872 in
1586 5820 1820 5875 medium
1873 5821 2118 5891 profvrre

2215 3317 2509 3390 quaesieris.
2534 3316 2671 3374 Tum
2701 3334 2766 3372 ex
2778 3319 2967 3388 positis
2993 3318 3368 3388 petitiOuibus,
3395 3333 3532 3388 quas
3553 3315 3814 3385 Hieronyo

2216 3426 2335 3468 mus
2367 3414 2416 3474 in
2445 3411 2689 3481 epistolis
2723 3411 2828 3466 illis
2857 3412 3157 3478 explicuit,
3211 3412 3517 3481 subjicitur,
3553 3430 3570 3463 ι
3622 3411 3816 3466 Beatus

2216 3521 2345 3560 vero
2395 3504 2657 3570 Damasus
2708 3503 2790 3560 bis
2828 3505 3178 3579 petitionibus
3201 3521 3440 3576 congrue
3468 3503 3757 3568 satisfecit,
3792 3521 3810 3554 ι

2215 3598 2357 3671 quod
2389 3614 2518 3654 sane
2550 3599 2766 3653 aliunde
2793 3612 2896 3653 non
2925 3601 3198 3660 novimus.

2288 3689 2340 3743 5.
2385 3687 2574 3743 Plures
2612 3689 2727 3759 ejus
2762 3689 2952 3762 fabula:
2979 3690 3112 3743 circa
3140 3691 3460 3746 Ariminense
3498 3688 3814 3753 concilium,

2219 3780 2409 3838 Liberii
2439 3783 2704 3849 exsilium,
2734 3794 2834 3838 etc.
2869 3784 2924 3840 Si
2950 3800 3082 3844 vero
3111 3785 3176 3838 ad
3211 3801 3274 3840 ea
3299 3827 3315 3850 ,
3347 3800 3469 3853 qua:
3499 3782 3819 3842 memoratis

2221 3875 2458 3940 decretis
2489 3877 2913 3946 praimittuntur,
2947 3875 3354 3947 regrctliantnr,
3393 3889 3494 3934 nec
3524 3875 3598 3930 ibi
3641 3875 3818 3930 minus

2219 3975 2406 4037 aperte
2438 3968 2682 4039 imperita
2733 3967 3046 4038 imp0storis
3093 3967 3303 4024 fallacia
3347 3983 3406 4024 se
3439 3969 3642 4039 prodit.
3681 3967 3817 4022 Nam

2221 4059 2469 4125 Lucifer,
2525 4062 2839 4116 l‘ancratius
2886 4071 2940 4116 et
2983 4061 3245 4126 Hilarius,
3277 4077 3412 4131 quos
3444 4077 3470 4110 a
3503 4060 3721 4114 Liberio
3751 4058 3818 4113 ad

2222 4151 2594 4209 Constantium
2621 4171 2763 4210 anno
2791 4155 2895 4212 554
2929 4157 3142 4220 missos,
3169 4165 3224 4210 et
3245 4170 3385 4209 anno
3403 4153 3508 4209 555
3531 4169 3562 4208 e
3582 4153 3822 4207 concilio

2225 4245 2607 4304 Mediolanensi
2642 4246 2912 4317 relegatos
2937 4262 3059 4302 esse
3089 4255 3301 4300 constat
3329 4289 3343 4312 ,
3376 4255 3500 4316 post
3527 4245 3818 4301 concilium

2222 4338 2588 4403 Ariminense,
2621 4340 2767 4410 quod
2809 4355 2952 4396 anno
2979 4338 3084 4394 ’559
3129 4338 3368 4394 habitum
3417 4346 3532 4400 est,
3576 4336 3821 4391 adhunc

2224 4433 2605 4508 imperatorem
2634 4432 2791 4502 legali
2816 4431 3110 4502 finguntur,
3136 4443 3190 4486 ut
3213 4448 3336 4488 eum
3360 4448 3514 4498 super
3536 4430 3819 4498 nequitiam

2225 4524 2277 4580 in
2310 4524 2502 4577 eodem
2536 4524 2763 4580 concilio
2793 4522 3085 4578 admissam
3134 4533 3529 4578 commonerent.
3581 4523 3817 4587 Deinde,

2225 4617 2521 4672 secundum
2553 4615 2741 4670 eadem
2772 4625 2911 4682 acta,
2935 4614 3286 4674 Ceostantius
3313 4613 3586 4669 Liberium
3618 4631 3634 4664 ι
3663 4621 3818 4667 extra

2226 4711 2533 4774 civitatem,
2572 4710 2726 4778 quasi
2758 4709 2808 4776 in
2840 4709 3092 4770 exsilium
3121 4708 3394 4778 deportari
3427 4708 3717 4778 prmcepit:
3767 4717 3822 4762 et

2226 4800 2492 4860 habitavit
2517 4812 2692 4869 extra,
2711 4800 2939 4858 miliario
2972 4800 3224 4867 tertio,in
3253 4801 3556 4868 camiterio
3576 4799 3720 4870 qttod
3749 4799 3821 4854 div

2226 4895 2369 4948 citur
2395 4893 2603 4959 Noella,
2625 4894 2706 4947 via
2732 4893 2938 4948 Salaria
2963 4913 2982 4946 ι
3012 4903 3068 4952 et
3094 4912 3112 4952 ς
3139 4893 3267 4950 dum
3295 4895 3345 4948 in
3379 4891 3627 4948 exsilium
3657 4889 3824 4947 duce-

2227 4996 2376 5043 retur
2397 4989 2681 5042 Damasum
2705 4988 2756 5042 in
2773 4988 2904 5043 urbe
2918 4987 3174 5042 vicarium
3192 4987 3502 5056 dereliquit.
3519 4986 3662 5052 »ρυο
3682 4995 3824 5039 tem-

2229 5095 2361 5151 pore
2397 5099 2416 5133 ‹
2449 5092 2626 5134 actum
2654 5089 2757 5142 cst,
2790 5089 2847 5133 ut
2877 5096 3065 5136 omnes
3091 5081 3353 5154 cpisc0pi,
3383 5096 3520 5150 quos
3549 5077 3823 5149 imperitia

2228 5188 2324 5238 seu
2355 5181 2526 5237 metus
2550 5172 2602 5226 in
2635 5171 2962 5232 Aritnineusi
2989 5174 3220 5232 concilio
3250 5173 3450 5232 fecerat
3480 5172 3719 5238 deviare,
3755 5170 3822 5226 ad

2227 5265 2385 5330 ﬁdem
2409 5265 2726 5329 catholicam
2757 5265 2875 5335 rius
2903 5266 3192 5338 (Damasi)
3225 5266 3565 5325 suasionibus
3601 5281 3821 5322 reuma-

2226 5364 2366 5411 rent.
2401 5375 2419 5408 ›
2455 5356 2523 5410 Et
2568 5357 2749 5426 paucis
2794 5355 3128 5427 interpositis
3176 5357 3492 5426 subjicitur,
3541 5375 3559 5407 ι
3615 5354 3821 5409 Eodem

2228 5457 2490 5517 tempore,
2519 5450 2987 5518 appropinquante
3015 5450 3367 5503 solemnitate
3392 5447 3672 5511 Paschali,
3715 5464 3822 5517 qua

2223 5542 2275 5596 iu
2317 5540 2536 5596 Christo
2585 5542 2792 5596 renasci
2828 5541 3042 5610 plurimi
3075 5541 3445 5613 exoptabant,
3500 5541 3826 5595 convocavit

2224 5634 2468 5690 Liberius
2497 5649 2687 5688 omnes
2712 5635 3012 5706 catholicos
3051 5633 3405 5689 ecclesiastici
3444 5633 3642 5703 gradus
3665 5673 3680 5696 ,
3735 5647 3825 5687 se-

2222 5725 2463 5794 densque
2493 5725 2544 5780 in
2576 5725 2882 5781 cmmiterio
2926 5724 3241 5810 supradicto
3270 5728 3289 5794 (
3308 5722 3529 5782 Noellal
3560 5725 3641 5779 sic
3675 5723 3823 5794 loqui

2223 5831 2448 5872 exorsus
2474 5825 2578 5883 est,
2609 5827 2711 5872 etc.
2749 5835 2767 5869 ι
2819 5815 2950 5884 ch
2989 5817 3166 5871 omnia
3199 5816 3432 5873 sincerze
3463 5831 3643 5871 rerum
3677 5816 3826 5872 veri-
