4120 6186
421 257 568 314 71905

1061 249 1386 316 CENSURA
1426 252 1903 311 DECRETORUM
1943 253 2222 311 DAMASO
2261 257 2280 311 1
2323 257 2527 313 PAPIE
2569 256 3082 318 ASCRIPTORUM.

3586 263 3728 321 1206

425 378 525 430 tati
558 383 813 447 quantum
844 383 1162 444 repugnent,
1189 382 1348 426 nemo
1375 385 1478 426 non
1510 369 1672 425 videt.
1703 367 1914 440 Quippe
1937 369 2026 424 Li-
2062 375 2104 430 Α
2136 371 2288 438 dicit,
2322 374 2596 446 tprcecepi
2627 374 3098 458 Constantinopoli
3128 375 3568 446 cougregandum
3597 391 3732 434 con-

411 471 644 526 ‘berium
695 469 928 524 Beroam
975 469 1028 522 in
1060 466 1333 531 Thracia,
1380 463 1466 520 ubi
1516 463 1659 518 nulla
1706 464 1754 518 ei
1801 463 2028 518 clericos

430 563 766 619 convocandi
801 571 1040 634 potestas
1069 569 1206 624 erat,
1235 560 1533 630 relegatum
1567 558 1734 612 fuisse
1761 571 1830 612 ex
1859 553 2030 612 Theo-

423 657 620 712 doreto
640 672 702 712 ac
722 655 1026 712 Sozomeno
1047 663 1385 722 compertum
1409 661 1512 706 est.
1539 649 1614 704 lbi
1643 650 1895 705 Liberius
1917 650 2030 719 ipse

422 750 536 819 jam
573 750 774 804 fractus
801 790 814 814 ,
847 757 902 804 et
929 747 995 802 ad
1029 746 1352 800 Arianorum
1396 743 1724 797 voluntatem
1763 741 2025 807 iullexus,

428 840 592 896 ﬁdem
641 841 741 895 sibi
787 854 815 891 a
863 838 1216 909 DemOpbilo,
1267 837 1358 907 qui
1407 836 1692 891 Bernensis
1741 835 2029 903 episcopus

423 941 571 1000 erat,
600 933 902 1001 expositam
937 931 1245 1001 suscepisse
1272 945 1331 985 se
1360 939 1586 985 testatur
1637 926 1840 997 (Liber.
1875 927 2024 997 epist.

425 1023 483 1092 8,
512 1043 564 1079 η.
590 1025 666 1093 6).
693 1024 877 1094 Neque
896 1025 1073 1077 minu<
1094 1034 1300 1077 certum
1325 1029 1427 1084 est,
1453 1019 1726 1075 Liberium
1753 1026 1876 1072 ante
1904 1017 2026 1071 Ari-

423 1119 676 1174 minense
691 1120 988 1174 concilium
1012 1118 1268 1171 Romanae.
1295 1115 1546 1170 Ecclesia!
1571 1127 1674 1166 non
1699 1110 1858 1166 modo
1873 1126 2029 1182 erep-

421 1221 539 1267 tum
562 1253 577 1278 ,
619 1212 713 1266 sed
754 1221 810 1267 et
863 1211 1128 1265 redditum
1162 1210 1343 1262 fuisse.
1383 1205 1535 1262 Unde
1570 1204 1801 1259 llilarius
1837 1212 2024 1257 contra

425 1301 799 1359 Constantium
827 1302 1068 1372 proxime
1095 1311 1215 1370 post
1238 1299 1550 1371 praedictum
1573 1296 1860 1352 cont-ilium
1891 1296 2050 1351 seri-4

424 1397 563 1453 bens
593 1413 649 1450 ιι.
683 1398 742 1451 Η
763 1439 777 1461 ,
811 1397 952 1450 hunc
980 1396 1362 1464 imperatorem
1393 1393 1470 1447 sic
1498 1391 1816 1460 alloquitur:
1854 1410 1872 1443 (
1892 1389 2028 1446 Ver-

424 1492 537 1545 tiin
564 1490 760 1546 deinde
792 1505 964 1560 usque
987 1489 1052 1542 ad
1085 1489 1308 1542 Romam
1337 1485 1537 1540 bellum
1568 1496 1748 1539 tuum:
1780 1484 2025 1554 eripuisti

423 1583 577 1639 illinc
606 1585 922 1653 episcOpum
944 1602 955 1638 :
977 1593 1052 1651 et,
1079 1598 1110 1635 ο
1141 1593 1190 1636 te
1214 1580 1494 1644 miserum,
1524 1577 1612 1649 qui
1637 1577 1818 1632 nescio
1847 1586 2024 1631 utrum

423 1676 633 1747 majore
654 1676 929 1746 impietate
955 1673 1299 1744 relegaveris,
1325 1686 1483 1742 quam
1504 1670 1803 1726 remiseris.
1833 1689 1851 1721 ι
1880 1669 2023 1724 Mera

2131 466 2335 521 cilium.
2369 486 2387 518 ι
2415 467 2495 522 Ex
2529 484 2637 536 quo
2667 468 2982 523 confutatur
3012 479 3067 524 et
3098 470 3262 531 istud,
3297 485 3404 539 qun
3432 481 3620 530 saneta
3642 488 3732 529 se-

2131 560 2304 614 cunda
2350 561 2587 632 synodus
2635 569 2910 632 praecepto
2951 572 3009 616 et
3061 563 3396 621 auctoritate
3429 564 3549 633 ejus
3587 566 3730 636 apud

2129 652 2654 723 Consmntinopolim
2686 654 2962 708 celebrata
2996 673 3015 706 ι
3050 654 3394 720 obtenditur,
3426 655 3728 712 continua-

2133 756 2324 815 turque
2353 747 2617 800 sententia
2645 747 2770 799 Aut.
2795 747 2940 816 Pagii
2965 746 3032 801 ad
3054 762 3256 802 annum
3277 747 3402 811 581,
3429 765 3485 802 ιι.
3520 751 3569 816 ἴ,
3595 749 3734 806 alio-

2130 853 2379 908 rumque,
2411 839 2496 907 qui
2533 838 2669 893 ltanc
2701 840 2966 910 synodum
2999 855 3028 894 a
3062 840 3298 894 Damaso
3333 840 3593 898 indictum
3634 857 3731 899 ne-

2129 936 2279 998 gent.

2203 1018 2253 1071 7.
2275 1017 2490 1073 Decreta
2508 1019 2748 1091 pleraque
2764 1020 3085 1093 disciplinam
3104 1024 3308 1092 sapiunt
3337 1039 3361 1073 γ
3390 1041 3449 1078 ac
3471 1041 3522 1078 γι
3540 1026 3727 1082 saeculo

2129 1113 2387 1166 usitatam.
2424 1111 2631 1167 Caetera
2677 1113 2899 1169 decreta
2932 1131 3050 1169 eam
3083 1126 3141 1169 ut
3174 1117 3464 1186 plurimum
3510 1119 3731 1189 sapiunt

2129 1204 2466 1274 disciplinam
2490 1249 2504 1272 ,
2529 1223 2648 1277 quae
2697 1207 2747 1260 itt
2773 1209 2960 1275 quinto
2985 1223 3046 1262 ac
3077 1211 3482 1279 posterioribus
3511 1211 3737 1275 saeculis

2132 1299 2317 1368 viguit.
2353 1299 2459 1353 Nec
2482 1301 2716 1369 suspicio
2749 1301 2925 1366 deest,
2952 1318 3015 1356 ea
3040 1317 3104 1357 ex
3129 1302 3349 1371 scriptis
3369 1318 3464 1358 seu
3491 1311 3724 1372 patrum,

2130 1407 2225 1446 seu
2249 1394 2599 1448 conciliorum
2623 1392 3028 1450 Gallicanorum
3053 1397 3218 1452 fuisse
3243 1412 3527 1467 expressa.
3553 1397 3620 1454 Et
3643 1413 3730 1454 se-

2130 1484 2362 1538 cundum
2381 1485 2597 1555 quidem
2614 1497 3042 1542 consentaneum
3064 1499 3145 1542 est
3166 1490 3494 1558 Agatltensis
3510 1491 3728 1546 concilii

2130 1578 2321 1632 cationi
2353 1576 2417 1642 4,
2467 1593 2575 1646 quo
2604 1579 2952 1633 constituitur
2985 1589 3042 1632 ut
3071 1581 3159 1650 qui
3197 1583 3578 1652 possessiones
3623 1582 3729 1638 Ec-

2130 1665 2313 1721 clesiae
2341 1667 2687 1733 abstulerint,
2725 1687 2743 1719 ί
2773 1685 2878 1737 quo
2903 1685 3073 1740 usque
3102 1670 3354 1736 reddant,
3385 1672 3452 1726 ab
3481 1672 3731 1727 ecclesiis

429 1767 592 1839 igitur
619 1769 796 1824 fabula
818 1779 898 1823 est
921 1767 1009 1821 illa
1037 1766 1274 1829 Damasi,
1297 1762 1423 1819 dum
1447 1761 1698 1817 Liberius
1727 1760 2020 1824 exsularet,
2057 1758 2101 1817 Β
2131 1761 2514 1815 excludantur.
2548 1781 2565 1813 ι
2600 1761 2735 1816 Cum
2769 1762 2958 1818 eodem
2989 1764 3220 1834 aliisque
3247 1765 3564 1820 conferendi
3598 1774 3726 1820 sunt

425 1863 491 1916 ad
523 1877 618 1917 eos
646 1861 737 1931 qui
767 1859 998 1916 Arimini
1032 1858 1164 1926 lapsi
1195 1856 1404 1912 fuerant
1455 1851 1788 1910 revocandos
1830 1852 2024 1908 collata

423 1969 615 2027 opera.
646 1954 792 2010 Idem
820 1955 889 2009 de
911 1952 1098 2007 vicarii
1146 1964 1406 2014 munere,
1453 1962 1560 2019 quo
1605 1945 1762 2000 simul
1807 1945 2026 1999 functus

429 2049 670 2117 ponitur,
703 2063 766 2103 ac
786 2049 1000 2103 caeteris
1029 2047 1100 2100 ibi
1128 2044 1423 2100 enuntiatis
1455 2042 1816 2096 sentiendum.

498 2155 551 2196 ιι.
598 2141 663 2196 In
691 2142 905 2196 decretts
931 2139 1199 2207 multiplex
1227 2138 1347 2208 falsi
1387 2137 1627 2207 suspicio.
1674 2131 1865 2189 Exstat
1891 2141 1945 2189 et
1973 2135 2026 2188 itt

425 2236 641 2289 caeteris
667 2221 856 2303 gestis,
893 2247 1013 2300 quae
1062 2231 1133 2284 ibi
1181 2239 1492 2293 narrantur,
1524 2225 1780 2281 similium
1817 2225 2027 2296 farrago

425 2328 774 2395 ineptiarum.
805 2324 961 2381 Unde
994 2325 1178 2378 mirari
1212 2325 1342 2377 satis
1391 2321 1678 2391 nequimus
1722 2336 1827 2390 quo
1875 2328 2028 2390 pacto

425 2421 617 2476 doctus
649 2418 937 2475 Annalium
968 2431 1167 2488 parens
1192 2424 1396 2470 tantam
1425 2413 1736 2484 huiusmodi
1765 2413 1899 2466 actis
1931 2413 2026 2466 tri-

425 2513 605 2568 buerit
634 2511 1034 2576 auctoritatem,
1066 2519 1124 2564 ut
1152 2509 1455 2562 Romanam
1497 2505 1762 2578 synodum
1807 2505 2027 2559 aliunde

428 2608 690 2678 ignotam,
719 2615 773 2660 et
801 2619 920 2676 quae
951 2606 1004 2659 in
1030 2618 1094 2658 ea
1125 2605 1450 2671 jactitantur
1472 2601 1640 2656 fuisse
1659 2599 1899 2666 decreta,
1932 2613 2029 2670 pro

427 2701 576 2754 veris
607 2698 932 2768 susciperet,
968 2697 1201 2751 maxime
1246 2709 1368 2749 cum
1411 2707 1510 2748 nec
1546 2693 1598 2746 in
1630 2693 1761 2761 ipsis
1790 2692 2028 2746 decretis

429 2791 537 2845 ulla
568 2791 682 2844 veri
713 2793 784 2845 sit
809 2789 1126 2844 similitudo.

503 2886 557 2939 5.
601 2882 834 2937 Donatus
880 2882 1094 2953 ﬁngitur
1151 2879 1359 2933 Arianae
1414 2877 1744 2947 blasphemus
1786 2883 2023 2929 sectator.

428 2978 612 3032 Primo
635 2975 851 3046 quidem
881 2977 1002 3045 quis
1024 2975 1113 3028 ille
1139 2983 1223 3027 est
1256 2971 1494 3026 Donatus
1524 2969 1737 3024 Arianae
1779 2965 2030 3035 blasphe-

434 3073 555 3123 mia:
587 3079 854 3132 sectator,
887 3068 978 3139 qui
1020 3067 1183 3135 priori
1233 3065 1284 3119 in
1321 3065 1541 3120 decreto
1572 3077 1673 3117 una
1704 3078 1824 3118 cum
1855 3061 2029 3117 Mace-

430 3164 598 3218 donio
619 3205 634 3228 ,
670 3163 937 3216 Eunomio
966 3170 1021 3216 et
1050 3157 1350 3230 Apollinari
1388 3159 1784 3214 condemnatus
1828 3157 2026 3212 asseri-
2053 3139 2098 3202 (ἶ

434 3258 556 3312 tur?
584 3257 871 3312 Probabile
899 3266 984 3311 est
1022 3272 1144 3310 eum
1174 3255 1264 3309 hic
1295 3254 1468 3308 notari
1497 3295 1510 3316 ,
1561 3253 1650 3322 qui
1707 3251 1924 3305 nefandi
1975 3253 2025 3304 in

433 3351 615 3406 Africa
649 3349 959 3404 schismatis
998 3357 1189 3402 auctor
1218 3361 1280 3401 ac
1317 3347 1567 3416 princeps
1613 3345 1750 3408 fuit;
1795 3360 2028 3414 cumque

435 3445 651 3500 Arianae
681 3444 1034 3514 blasphemiae
1063 3451 1390 3498 sectatorem
1415 3441 1534 3494 ideo
1557 3439 1877 3509 nuncupari,
1905 3440 2026 3508 quia

437 3537 622 3591 Ariani
655 3550 798 3590 anno
837 3537 940 3590 547
973 3533 1337 3603 Philippopoli
1382 3532 1716 3602 congregati,
1745 3532 2027 3600 epismlam

436 3629 752 3702 synodicam
779 3627 1114 3683 Sardicensis
1145 3625 1357 3680 concilii
1389 3623 1604 3678 nomine
1629 3623 1940 3692 inscriptam
1965 3623 2028 3678 ad

439 3724 611 3793 ipsum
635 3723 900 3775 miserint.
926 3718 1031 3776 Sed
1058 3719 1148 3773 ille
1180 3733 1276 3771 nec
1303 3719 1367 3771 ad
1401 3718 1609 3770 Damasi
1638 3725 1881 3784 tempora
1911 3731 2032 3783 per—

439 3818 618 3879 venit,
649 3829 752 3870 nee
801 3823 858 3868 ut
909 3814 1122 3867 Arianae
1168 3811 1518 3880 blasphemim
1564 3819 1799 3864 sectator
1840 3803 2027 3862 audiit.
2069 3843 2071 3845 -

438 3907 668 3962 Tantum
700 3921 887 3960 rumor
913 3904 1314 3975 percrebruerat,
1354 3920 1370 3953 ι
1405 3902 1650 3969 Arianos,
1681 3917 1802 3954 eum
1836 3917 1860 3952 a
1886 3915 2035 3955 com-

443 4003 698 4057 munione
720 4000 986 4056 catholica
1008 3998 1434 4068 discrepasseut,
1454 3995 1763 4050 Donatistas
1785 3996 1834 4049 in
1855 3994 2032 4050 Africa

443 4094 544 4148 sibi
578 4095 788 4148 sociare
819 4102 1078 4154 tentasse,
1120 4110 1139 4143 ι
1171 4099 1226 4144 ιιι
1256 4090 1586 4159 Augusdnus
1623 4088 1690 4142 ab
1718 4087 1910 4158 Alypio
1938 4085 2036 4140 ad-

445 4186 681 4242 mettitus
709 4187 867 4255 epist.
898 4187 1028 4239 olim
1060 4185 1184 4246 165,
1208 4197 1350 4238 nunc
1374 4184 1468 4248 44,
1501 4199 1554 4236 ιι.
1590 4183 1643 4244 6,
1669 4181 1873 4236 scribit.

515 4280 566 4333 6.
613 4278 854 4349 Fiugitur
895 4275 1148 4330 Damasus
1206 4275 1501 4343 prtvcepisse
1544 4279 1598 4324 ut
1635 4272 1836 4325 decreta
1879 4272 2036 4341 ipsius

443 4372 670 4443 synodus
695 4371 730 4424 ἓ
764 4371 1010 4439 ﬁrmaret.
1061 4368 1120 4422 In
1148 4383 1346 4422 cassum
1371 4368 1478 4420 lucc
1503 4366 1688 4418 dicitur
1717 4365 1858 4418 illius
1904 4381 2036 4436 pra:-

443 4475 585 4535 cepto
613 4472 940 4534 congregata.
973 4462 1176 4516 Deinde
1219 4460 1268 4514 id
1315 4459 1455 4529 quod
1488 4457 1761 4525 adjicitur,
1815 4477 1832 4509 ι
1866 4458 2034 4526 Quam

2128 1853 2218 1922 qui
2265 1853 2403 1921 apud
2450 1854 2812 1925 Augustinum
2848 1856 2898 1909 itt
2931 1858 3234 1927 appendice
3266 1859 3397 1914 tomi
3432 1857 3472 1906 V
3508 1867 3728 1914 exstant

2128 1944 2348 2000 tlzesarii
2397 1945 2734 2004 Arelatensis
2763 1950 3061 2008 Sermones
3090 1951 3196 2006 276
3229 1965 3283 2008 et
3311 1952 3438 2016 277.
3482 1953 3551 2008 de
3599 1954 3726 2008 red-

2130 2036 2321 2091 dendis
2348 2039 2614 2105 decimis;
2645 2039 2771 2104 278,
2801 2040 2867 2095 de
2893 2044 3165 2118 auguriis;
3188 2043 3296 2100 ἳεὸ
3319 2055 3371 2099 et
3398 2044 3529 2111 286,
3557 2045 3625 2100 de
3647 2047 3730 2101 vi-

2131 2130 2309 2184 tandis
2343 2131 2394 2185 in
2421 2133 2653 2187 ecclesia
2681 2135 3031 2192 sermonibus
3059 2137 3270 2192 otiosis.
3304 2136 3361 2192 In
3409 2137 3513 2192 hoc
3551 2137 3730 2194 nomi—

2131 2227 2296 2280 natim
2314 2225 2584 2282 CiCSﬂl‘ilIS
2607 2243 2756 2282 num.
2783 2228 2816 2282 6
2845 2229 2922 2284 sic
2948 2244 3077 2286 suos
3099 2230 3394 2301 alloquitur
3425 2231 3726 2286 auditores:

2136 2336 2155 2368 ‹
2191 2315 2484 2374 Venientes
2504 2319 2567 2372 ad
2601 2319 2888 2375 ecclesiam
2920 2320 3022 2376 hoc
3051 2321 3228 2380 solum
3259 2321 3403 2392 quod
3429 2323 3540 2380 lieri
3566 2337 3731 2394 expe-

2131 2414 2208 2468 dit
2237 2415 2400 2481 agite,
2437 2413 2485 2466 id
2519 2425 2620 2481 est,
2648 2425 2738 2468 aut
2767 2424 2941 2481 orate,
2966 2426 3052 2470 aut
3079 2417 3316 2485 psallite,
3349 2425 3406 2472 ut
3439 2427 3494 2471 et
3521 2416 3729 2472 orando

2133 2517 2472 2578 peccatorum
2507 2509 2722 2564 veniam
2756 2510 3002 2586 accipere
3026 2551 3040 2576 ,
3069 2522 3120 2566 et
3154 2510 3436 2579 pSallendo
3464 2509 3530 2566 ad
3563 2511 3726 2580 Spiri~

2130 2604 2294 2657 talem
2327 2604 2543 2671 possitis
2574 2603 2814 2664 laetitiam
2861 2608 3176 2673 pervenire.
3211 2620 3229 2662 ι
3281 2604 3383 2660 Cui
3413 2604 3538 2662 loco
3568 2604 3729 2660 affine

2131 2705 2214 2750 est
2247 2695 2374 2748 illud
2404 2696 2703 2764 Superioris
2729 2696 2934 2752 decreti
2965 2699 3032 2752 Δις
3086 2717 3104 2748 ι
3137 2697 3193 2753 Si
3234 2697 3431 2754 domus
3467 2699 3730 2753 orationis

2133 2796 2234 2850 cst,
2269 2786 2408 2840 sicut
2439 2785 2702 2842 Dominus
2730 2786 2846 2853 ait,
2893 2788 3026 2844 nulli
3055 2790 3106 2844 in
3137 2804 3203 2844 ea
3245 2789 3373 2846 licet
3403 2790 3506 2846 nisi
3533 2805 3727 2854 orare.

2135 2881 2386 2949 psallere,
2416 2891 2633 2951 peccata
2667 2883 2916 2938 confiteri
2946 2894 3000 2938 et
3032 2884 3244 2938 veniam
3280 2883 3596 2954 implorare.
3633 2902 3653 2935 ι

2203 2973 2255 3030 8.
2301 2973 2476 3028 Sortes
2507 2985 2820 3030 sanctorum.
2849 2974 2982 3032 Item
3016 2975 3237 3032 decreto
3267 2976 3516 3047 sequenti
3536 2977 3732 3032 adver-

2133 3081 2224 3122 sus
2249 3083 2362 3134 eos,
2381 3068 2473 3137 qui
2496 3067 2880 3136 divinationes,
2903 3073 3126 3141 auguria
3151 3079 3206 3127 et
3224 3081 3399 3128 sortes
3415 3081 3727 3127 sanctorum

2132 3161 2420 3215 observant
2449 3203 2464 3228 ,
2509 3161 2666 3216 valde
2687 3175 2975 3233 cognatum
3002 3173 3081 3218 est
3107 3163 3251 3232 quod
3275 3164 3688 3222 Aurelianensis
3711 3173 3728 3218 ι

2133 3253 2348 3309 concilii
2370 3270 2577 3310 cannae
2600 3256 2668 3311 50
2697 3257 3030 3327 praecipitur,
3066 3277 3082 3309 ι
3106 3258 3162 3313 Si
3186 3258 3308 3329 quis
3332 3258 3587 3320 clericus,
3610 3274 3728 3313 mo-

2133 3347 2337 3402 nachus
2360 3390 2372 3412 ,
2407 3347 2685 3402 saecularis
2720 3347 3104 3408 divinationem
3157 3349 3238 3406 vel
3285 3348 3508 3418 auguria
3547 3349 3728 3406 cretii-

2134 3440 2275 3495 derit
2301 3441 2634 3496 observanda
2654 3483 2668 3507 ,
2719 3442 2802 3504 vel
2833 3453 3044 3507 sortes,
3077 3458 3210 3514 quas
3244 3442 3578 3498 mentiuntur
3605 3457 3728 3500 esse

2135 3544 2466 3600 sanctorum,
2500 3535 2925 3606 quibuscumque
2949 3537 3256 3604 putaverint
3284 3535 3634 3600 iutimandas,
3661 3535 3729 3592 ab

2137 3626 2391 3680 Ecclesiae
2435 3628 2818 3683 communione
2860 3628 3148 3698 pellantur.
3184 3647 3202 3680 ι
3237 3627 3447 3684 Similia
3477 3627 3729 3686 sanciunt

2136 3729 2191 3773 et
2219 3719 2535 3774 Veneticum
2569 3737 2689 3774 can.
2726 3722 2791 3776 16
2813 3761 2828 3788 ,
2862 3721 3174 3791 Agathense
3201 3736 3321 3780 ean.
3357 3719 3459 3784 42,
3488 3728 3542 3775 et
3568 3720 3727 3776 Anti-

2137 3809 2455 3865 siodorcnse
2485 3828 2603 3868 ean.
2635 3813 2688 3868 4.
2723 3813 2778 3872 In
2813 3813 2914 3868 hoc
2945 3825 3126 3870 sortes
3156 3822 3467 3870 sanctorum
3517 3831 3537 3865 ι
3571 3813 3638 3868 de
3670 3813 3731 3868 li-

2139 3922 2242 3977 gno
2271 3919 2360 3961 aut
2397 3909 2462 3963 de
2505 3926 2640 3980 pane
2682 3909 2818 3970 ﬁeri.
2858 3931 2876 3963 ι
2928 3912 2980 3966 in
3028 3911 3289 3972 Venetico
3333 3922 3389 3968 et
3434 3912 3730 3982 Agatbensi

2145 4019 2161 4050 σ
2193 4015 2529 4072 quarumque
2559 4001 2960 4072 Scripturarum
2991 4006 3352 4076 inspectione.
3389 4020 3407 4058 ι
3443 4004 3730 4060 indicatur.

2139 4091 2257 4158 Quo
2279 4103 2488 4162 spectat
2518 4095 2648 4149 illud
2681 4097 2975 4166 capitulum
3001 4113 3028 4150 a
3052 4097 3342 4152 Sirtnondo
3366 4107 3440 4152 to.
3467 4096 3729 4154 llConoil.

2140 4182 2278 4239 Gall.
2317 4201 2434 4257 pag.
2478 4185 2613 4250 157,
2656 4187 2723 4240 ad
2756 4203 2882 4242 ann.
2919 4188 3057 4252 789,
3105 4191 3373 4245 relatum:
3416 4207 3432 4243 ι
3465 4189 3651 4246 Nullus
3679 4189 3732 4245 in

2141 4275 2419 4343 psalterio,
2456 4278 2536 4330 vel
2569 4279 2618 4330 in
2653 4276 2973 4348 Evangelia,
3000 4279 3084 4334 vel
3119 4281 3167 4334 in
3197 4280 3320 4336 aliis
3352 4280 3516 4336 rebus
3548 4279 3732 4334 sortiri

2143 4377 2452 4434 przesumat,
2482 4384 2579 4421 nec
2603 4369 2960 4424 divinationes
2982 4371 3189 4440 aliquas
3212 4372 3522 4426 observare.
3548 4389 3566 4424 ι
3597 4371 3736 4429 Inter

2143 4468 2339 4512 statuta
2368 4458 2623 4514 Bouifacii
2651 4461 3048 4532 archiepiscopi
3096 4461 3392 4532 Moguntini
3439 4461 3628 4532 Spicil.
3658 4471 3732 4516 to.

444 4526 768 4614 sententiain
803 4526 1127 4611 'confirmari
1159 4526 1413 4622 praecepit
1458 4552 1618 4606 etiam
1653 4552 1702 4604 in
1737 4561 1919 4603 sancta
1953 4566 2037 4605 se-
2064 4526 2117 4585 D
2143 4549 2232 4617 IX,
2261 4566 2382 4620 pag.
2417 4551 2484 4605 66
2509 4593 2523 4616 ,
2563 4526 2856 4621 capitulum
2885 4553 2954 4606 '55
2984 4526 3060 4604 sic
3087 4526 3434 4621 exprimitur.
3526 4553 3584 4610 Si
3616 4554 3738 4622 quis

443 4651 616 4708 cuuda
636 4649 863 4722 synodo,
897 4668 916 4702 ι
943 4649 1188 4704 refellunt
1214 4646 1380 4714 hujus
1401 4646 1652 4701 secundas
1674 4643 1865 4715 synodi
1886 4655 2036 4713 gesm

445 4753 498 4799 et
528 4743 772 4810 decreta,
807 4741 861 4795 in
893 4741 1088 4810 quibus
1119 4740 1262 4793 nulla
1297 4738 1525 4800 Donati,
1571 4737 1717 4790 nulla
1749 4737 1913 4791 ullius
1948 4735 2039 4806 qui

450 4838 659 4892 Damasi
687 4838 834 4891 vices
864 4844 1040 4904 gerat,
1080 4841 1171 4887 aut
1213 4832 1303 4900 qui
1342 4832 1458 4902 ejus
1488 4833 1704 4885 nomine
1745 4829 2036 4899 quidquam

445 4930 744 5000 pratcipiat,
775 4928 980 4984 mentio
1007 4926 1253 4981 habetur.
1283 4926 1393 4978 Hoc
1420 4941 1581 4978 unum
1606 4923 1673 4977 de
1695 4923 1925 4977 colicilio
1948 4922 2041 4977 illo

447 5023 710 5078 Damasus
737 5021 983 5092 epistolis
1011 5020 1044 5075 8
1071 5029 1125 5074 et
1152 5023 1184 5073 9
1217 5018 1439 5072 Acholio
1479 5033 1542 5072 ac
1573 5016 1736 5070 sociis
1766 5015 2003 5086 prwcipit
2023 5056 2038 5081 ,

450 5129 506 5172 ιιι
534 5131 753 5188 operam
787 5115 910 5169 dent
944 5155 958 5177 ,
991 5112 1447 5182 quemadmodum
1480 5112 1530 5163 iu
1562 5125 1628 5163 eo
1663 5107 2044 5163 Constantino-

449 5212 555 5280 poli
583 5209 869 5281 episcopus
891 5206 1194 5275 inculpatus
1219 5205 1522 5260 ordinetur.
1560 5221 1577 5254 ‹
1603 5203 1760 5268 Quia,
1789 5221 1807 5253 ι
1843 5201 2040 5271 inquit,

450 5303 608 5370 epist.
641 5300 698 5364 8,
729 5316 783 5353 n.
815 5299 869 5358 5.
923 5314 943 5350 ι
971 5297 1204 5366 cognovi
1229 5295 1553 5366 dispositum
1582 5309 1702 5350 esse
1732 5293 2044 5348 Constanti-

452 5395 634 5460 nopoli
662 5392 953 5449 concilium
988 5391 1106 5446 fleri
1147 5393 1378 5457 debere,
1423 5391 1704 5443 sinceritas
1742 5401 1919 5444 vestra
1951 5389 2044 5444 det

450 5503 694 5558 operam,
718 5485 1172 5556 quemadmodum
1203 5483 1472 5554 praedictm
1498 5483 1733 5537 civitatis
1755 5482 2043 5552 episcopus

452 5582 706 5650 eligatur,
736 5581 825 5648 qui
855 5579 1055 5632 nullam
1095 5579 1288 5634 habeat
1317 5577 1816 5647 reprehensionem.
1871 5595 1890 5629 ι
1939 5576 2042 5633 Ubi

453 5686 507 5732 et
547 5673 675 5728 illud
707 5672 1000 5726 notandum
1041 5672 1184 5741 quod
1231 5672 1328 5737 ait,
1383 5690 1399 5722 ι
1433 5669 1671 5740 Cognovi
1719 5669 2041 5739 dispositum

457 5783 576 5826 esse
617 5765 1084 5834 Constantinopoli
1119 5763 1412 5820 concilium
1455 5763 1568 5817 fieri
1609 5759 1811 5818 debere
1835 5803 1850 5827 ,
1888 5781 1906 5814 ι
1944 5777 2040 5816 nec

2100 4694 2102 4696 .
2143 4641 2426 4712 presbyter
2471 4650 2563 4695 aut
2606 4644 2836 4697 clericus
2869 4644 3090 4713 auguria
3136 4645 3220 4700 vel
3252 4644 3617 4702 divinationes
3644 4657 3738 4700 aut

2139 4735 2368 4797 somnia,
2400 4737 2512 4790 sive
2541 4745 2716 4791 sortes
2738 4751 2832 4790 seu
2861 4737 3209 4809 phylacteria,
3241 4738 3290 4796 id
3321 4748 3405 4795 est
3429 4737 3740 4810 Scripturas

2141 4827 2534 4891 observaverit,
2562 4827 2694 4883 sciat
2718 4844 2776 4884 Se
2806 4844 3074 4885 canonum
3105 4831 3390 4899 subjacere
3422 4832 3732 4888 vindictis.»

2141 4919 2244 4977 Ubi
2279 4931 2460 4976 uolatu
2492 4922 2735 4992 dignum,
2765 4923 2907 4993 quod
2939 4932 3103 4984 sortes
3134 4935 3184 4979 et
3227 4924 3550 4995 phytacteria
3595 4924 3742 4978 velut

2146 5029 2442 5084 synonyma
2480 5014 2797 5068 habeantur.
2832 5015 2879 5070 ls
2906 5025 3084 5070 autem
3118 5031 3253 5082 mos,
3301 5031 3410 5085 quo
3435 5031 3466 5070 e
3495 5015 3740 5083 Scriptu-

2149 5122 2329 5161 rarum
2366 5107 2697 5176 inspectione
2726 5105 3027 5170 futurorum
3061 5107 3320 5177 prmsagia
3363 5107 3736 5178 capiebantur,

2147 5199 2396 5267 quamvis
2425 5215 2454 5252 a
2483 5199 2680 5254 szt2cu|o
2710 5216 2759 5253 vt
2792 5202 3012 5254 ineunte
3043 5214 3106 5254 ac
3133 5199 3389 5270 deinceps
3423 5199 3585 5255 toties
3613 5214 3739 5268 pro-

2148 5292 2373 5352 hibitus,
2405 5293 2495 5347 ditt
2527 5303 2704 5348 tamen
2735 5307 2919 5366 postea
2953 5293 3336 5362 perseveravit,
3365 5300 3419 5348 et
3443 5292 3619 5352 adhuc
3639 5307 3741 5348 sic.

2148 5387 2270 5441 culo
2304 5403 2376 5443 xu
2408 5387 2626 5442 ineunte
2661 5388 2916 5458 frequens
2947 5396 3082 5440 erat.
3112 5386 3244 5442 Hinc
3263 5387 3648 5458 prognosticum
3677 5385 3742 5439 ΕΙ·-

2147 5478 2258 5544 Iud,
2288 5478 2440 5545 cujus
2467 5477 2759 5532 Guibertus
2790 5477 2954 5530 abbas
2984 5475 3168 5548 Novig.
3202 5477 3294 5533 lib.
3330 5494 3365 5534 ιι
3395 5477 3463 5532 de
3484 5476 3602 5533 Vita
3636 5493 3732 5538 sua

2149 5579 2202 5624 et
2231 5570 2320 5624 lib.
2353 5569 2404 5636 5,
2438 5585 2486 5623 c.
2516 5571 2570 5633 4,
2604 5585 2812 5624 necnon
2839 5568 3161 5624 Guillnlmus
3191 5569 3475 5626 Malmcsb.
3503 5570 3593 5624 lib.
3629 5585 3644 5622 t
3677 5569 3746 5624 de

2149 5665 2304 5719 Pout.
2333 5663 2488 5733 Aogl.
2515 5661 2606 5716 fol.
2636 5661 2758 5728 121,
2787 5662 3100 5728 meminere,
3128 5679 3234 5734 quo
3258 5661 3528 5726 videlicet,
3553 5670 3743 5732 aperto

2151 5758 2549 5819 codice-stem,
2589 5756 2796 5809 futuros
2826 5770 3005 5809 mores
3034 5755 3189 5809 electi
3223 5755 3337 5811 sive
3365 5753 3601 5826 episc0pi
3631 5758 3747 5812 sive
