4120 6186
350 175 377 230 1
388 170 494 229 207
1828 162 1871 213 Α
1882 158 2038 214 DDE!

2143 175 2181 213 ι.
3515 153 3669 212 1208

354 288 566 346 abbatis
606 286 990 358 conjiciebant.
1037 283 1212 352 Quem
1261 294 1468 336 morem
1515 275 1952 347 antiquissimum
1981 278 2034 337 Α
2062 288 2190 329 num
2234 274 2549 346 episcOpum
2593 274 2649 328 in
2706 272 2935 329 ecclesia
2976 285 3072 326 sua
3120 270 3455 335 instituisse,
3501 278 3671 339 atque

359 395 481 436 esse
514 378 710 449 probat
737 387 925 432 noster
956 374 1271 430 Edmundus
1302 372 1543 428 Martene
1570 378 1648 425 to.
1679 367 1723 422 ll
1754 369 1822 423 de
1843 370 1957 423 Au-
2069 367 2211 423 hunc
2234 382 2396 422 unum
2422 367 2488 423 ab
2502 366 2839 422 Antiochena
2865 365 3095 421 ecclesia
3118 363 3187 419 ad
3208 372 3437 419 caeteras
3456 377 3672 432 permao

362 473 464 542 tiq.
490 471 635 526 Eccl.
667 470 758 524 rit.
793 484 913 540 pag.
944 468 1066 523 551.
2071 475 2233 515 na~se
2278 461 2527 516 Socrates
2570 460 2664 514 lib.
2709 475 2789 524 vi,
2818 474 2869 514 c.
2901 458 2957 523 8,
2989 467 3178 513 auctor
3211 465 3315 512 est.
3352 456 3462 510 lloc
3506 455 3671 509 etiam

435 564 489 619 9.
526 562 773 616 Mulieres
795 562 1084 615 dwmonnm
1114 557 1442 613 illusionibus
1458 551 1967 620 seducta—Quod
2072 556 2277 611 Plinius
2300 555 2459 623 epist.
2495 554 2618 618 l02,
2648 553 2716 609 ad
2760 553 3049 621 Trajanum
3086 566 3203 606 sese
3252 565 3285 605 a
3338 547 3672 604 Christianis

366 658 423 712 in
456 657 679 711 decreto
717 658 750 710 6
777 656 845 710 de
896 654 1217 708 mulieribus
1261 652 1571 706 dannonum
1623 649 1971 704 illusionibus
2076 649 2410 719 comperisse
2456 647 2676 713 scribit,
2728 665 2745 698 ι
2776 646 2920 717 quod
2962 653 3150 699 essent
3201 642 3348 697 soliti
3395 652 3539 695 stato
3582 640 3680 695 die

377 753 620 809 seductis
655 751 906 820 legimus,
952 748 1218 802 habemus
1246 757 1301 801 et
1350 747 1401 801 in
1451 745 1756 815 appendice
1787 753 1863 796 to.
1899 740 1971 796 Vl
2077 752 2202 796 ante
2233 742 2407 795 lucem
2448 741 2761 804 convenire,
2786 753 3111 808 carmenque
3140 737 3357 792 Christo
3378 736 3531 806 quasi
3565 734 3682 789 Deo

375 846 690 916 Augustini,
727 844 818 897 lib.
849 843 916 896 de
959 842 1161 913 Spiritu
1205 850 1259 895 et
1309 840 1504 894 Anima
1536 853 1587 892 c.
1615 838 1708 901 28,
1737 851 1800 890 ac
1829 835 1976 889 velut
2079 835 2260 891 dicere
2302 850 2487 890 seenm
2527 834 2758 888 inricem.
2803 852 2822 885 ι
2860 832 3044 902 Neque
3084 830 3392 885 auctoritati
3428 828 3551 882 huic
3577 826 3683 881 de-

374 956 443 995 ex
472 952 681 993 canone
726 937 753 989 1
794 936 1069 1005 Ant-yrani
1100 933 1316 989 concilii
1350 938 1549 986 citatur
1589 947 1616 985 a
1661 928 1976 985 Burchardo
2083 927 2247 982 trahit
2275 925 2749 997 quidquam,quod
2771 924 3136 980 Tertullianus
3162 922 3448 992 Apologet.
3476 935 3596 990 cap.
3621 917 3684 985 2,

372 1031 470 1087 lib.
526 1047 580 1096 x,
615 1047 665 1084 c.
720 1030 783 1089 ις
818 1028 983 1082 [wine
1040 1044 1091 1095 p.
1127 1028 1217 1092 il,
1251 1041 1299 1081 c.
1359 1026 1447 1089 '50,
1503 1035 1557 1079 et
1598 1024 1855 1080 Gratiano
1880 1023 1974 1090 26,
2083 1021 2224 1075 isutd
2272 1020 2486 1073 invicem
2530 1018 2917 1089 prmtermittit,
2965 1032 3031 1071 ac
3074 1016 3259 1071 dicere
3307 1014 3441 1069 satis
3492 1012 3682 1077 habet,

374 1136 571 1195 quccst.
603 1126 657 1183 5.
691 1138 741 1179 c.
781 1122 867 1178 12.
924 1120 1021 1177 Cui
1073 1121 1491 1191 adjudicandum
1527 1120 1618 1184 sit,
1668 1136 1775 1173 non
1824 1118 1981 1172 facile
2086 1112 2314 1167 Plinium
2342 1112 2410 1166 ad
2438 1111 2729 1181 Trajanum
2758 1110 3073 1179 scripsisse,
3113 1128 3131 1161 ι
3170 1108 3303 1162 nihil
3335 1105 3478 1161 aliud
3518 1120 3578 1160 se
3616 1104 3690 1160 de

377 1219 688 1273 definiatur.
722 1214 800 1270 Ad
827 1215 1143 1284 praedictum
1177 1215 1244 1269 de
1273 1216 1470 1281 Spiritu
1498 1221 1555 1267 et
1577 1215 1753 1266 anima
1783 1211 1982 1267 librum
2060 1205 2446 1279 sacramentis
2503 1218 2692 1259 eorum
2749 1200 3259 1274 (Christianorum)
3320 1200 3690 1269 comperisse,

379 1310 525 1381 quod
550 1310 766 1372 attinet,
795 1308 993 1361 cumis
1035 1322 1173 1375 pene
1208 1322 1390 1361 merus
1431 1315 1589 1359 eento
1617 1304 1687 1359 sit
1717 1318 1783 1358 ex
1820 1302 1986 1358 variis
2090 1315 2250 1371 quam
2276 1307 2447 1353 caelus
2494 1296 2844 1351 antelucanos
2890 1295 2957 1349 ad
3009 1293 3313 1349 canendum
3367 1292 3586 1347 Christo
3637 1300 3696 1345 et

379 1404 652 1471 excerptis
691 1400 1057 1469 undeqnaque
1100 1399 1257 1452 lectis
1304 1396 1592 1463 conflatus,
1620 1405 1764 1450 totus
1794 1394 1887 1449 ille
1919 1394 1987 1450 de
2092 1391 2226 1446 Deo.
2268 1409 2285 1442 ι
2320 1390 2395 1445 lbi
2420 1389 2563 1444 enim
2613 1388 2981 1452 Tertulliano,
3032 1386 3194 1441 Plinii
3240 1400 3346 1441 non
3387 1396 3493 1440 tam
3524 1384 3696 1438 verba

385 1495 627 1551 seductis
657 1491 992 1547 mulierculis
1036 1491 1189 1545 locus
1235 1489 1455 1543 aliunde
1504 1488 1743 1543 adscitus
1792 1484 1990 1541 merito
2095 1498 2255 1554 quam
2304 1481 2629 1538 sententiam
2682 1481 2969 1538 referenti.
3021 1480 3165 1534 licita
3230 1477 3329 1533 fuit
3379 1477 3699 1547 huiusmodi

388 1596 697 1644 censeatur.
738 1584 843 1640 Sed
885 1599 1062 1653 neque
1106 1585 1244 1637 inter
1273 1580 1638 1651 Anqnirensis
1680 1595 1776 1634 seu
1806 1580 1987 1649 Ancy-
2098 1574 2504 1647 prmtermis~io.
2535 1573 2617 1628 Ex
2648 1582 2830 1627 mutua
2852 1581 3030 1627 autem
3057 1572 3351 1627 verborum
3384 1570 3542 1626 Plinii
3565 1569 3703 1624 Ter-

390 1682 507 1736 rani
550 1678 765 1735 concilii
811 1691 1049 1731 Curiones
1091 1685 1392 1744 comparet.
1439 1674 1692 1727 Restaret
1735 1672 1899 1741 igitur
1935 1680 1995 1724 ut
2026 1676 2072 1736 B
2103 1671 2425 1739 tullianique
2466 1670 2757 1723 collatione
2788 1683 2957 1739 prope
2987 1677 3137 1722 certa
3177 1665 3390 1721 videtur
3416 1663 3701 1719 Lomberti

390 1773 544 1829 illum
594 1770 973 1841 praenominati
1018 1782 1287 1821 canonum
1331 1766 1719 1836 compilatores
1770 1779 1836 1819 ex
1893 1764 1999 1818 Ro-
2103 1766 2435 1835 conjectura,
2472 1779 2573 1833 qua
2608 1779 2705 1834 pro
2736 1762 2938 1818 Christo
2980 1772 3027 1815 et
3068 1760 3202 1829 Deo,
3243 1759 3384 1831 apud
3414 1758 3708 1815 Tertullia-

396 1878 574 1920 mante
615 1861 807 1933 synodi
836 1862 1003 1931 gestis
1032 1861 1085 1914 in
1125 1862 1232 1913 vita
1281 1860 1499 1913 Damasi
1540 1858 1773 1912 laudatis
1815 1872 2001 1925 sump-
2106 1876 2231 1913 num
2282 1856 2485 1912 Christo
2538 1866 2591 1909 ut
2634 1857 2743 1910 Deo
2783 1854 3178 1911 restituendum
3221 1868 3342 1909 esse
3388 1852 3711 1907 arbitratur.

400 1958 539 2012 sisse
582 1956 982 2023 judicarentur,
1044 1954 1145 2007 nisi
1210 1953 1319 2007 duo
1376 1953 1656 2007 obstarent
1695 1969 1706 2003 :
1744 1953 2001 2020 primutn,
2106 1952 2239 2021 Quis
2260 1953 2402 2008 enim
2434 1968 2541 2006 non
2569 1952 2983 2017 animadvertat,
3007 1966 3130 2005 eum
3159 1949 3288 2004 illud
3317 1947 3476 2003 Plinii
3498 1946 3717 2001 Christo

400 2047 546 2119 quod
577 2064 608 2101 a
636 2049 783 2102 nullo
804 2062 991 2101 eorum
1018 2056 1112 2100 aut
1139 2046 1373 2100 Damaso
1394 2058 1486 2100 aut
1514 2046 1771 2099 Romana:
1796 2043 2005 2116 synodo
2109 2047 2256 2117 quasi
2292 2045 2399 2100 Deo
2422 2045 2729 2115 exprimere
2759 2043 2996 2099 voluisse
3018 2085 3033 2111 ,
3064 2043 3308 2113 adeoque
3332 2051 3389 2093 ut
3416 2056 3514 2111 pro
3536 2040 3715 2108 quasi,

402 2142 756 2206 attribuatur;
786 2142 1041 2205 alterum,
1076 2138 1220 2207 quod
1248 2138 1389 2208 apud
1423 2140 1542 2193 illos
1567 2139 1774 2207 plenior
1793 2140 2005 2192 etinte-
2110 2156 2218 2195 non
2249 2148 2329 2204 et,
2362 2137 2614 2193 debutsse
2643 2136 2924 2192 scribere?
2951 2134 3110 2191 Certe
3150 2135 3203 2190 in
3253 2132 3525 2188 veteribus
3554 2132 3716 2187 libris

403 2237 572 2306 grior,
606 2235 657 2288 in
690 2234 798 2288 vita
836 2244 1016 2288 autem
1052 2234 1264 2287 Damasi
1300 2236 1469 2304 magis
1501 2234 1716 2301 jejunus
1739 2248 1802 2287 ac
1838 2232 2009 2286 niani-
2113 2244 2159 2288 et
2189 2250 2286 2304 pro
2314 2243 2372 2285 ut
2407 2232 2659 2302 frequens
2700 2231 2913 2302 legitur.
2966 2229 3033 2284 Et
3064 2229 3116 2285 id
3148 2228 3365 2299 quidem
3397 2228 3483 2282 hic
3523 2228 3715 2282 obser-

402 2328 543 2382 feste
591 2325 905 2380 decurtatus
950 2323 1523 2395 appareatzadeoque
1570 2324 1680 2379 illic
1736 2340 1802 2379 ex
1861 2322 2012 2378 fonte
2116 2328 2349 2383 vandum
2395 2327 2554 2391 duxi,
2588 2334 2645 2380 ut
2672 2324 2817 2396 quod
2846 2325 3097 2395 superius
3128 2339 3248 2394 pag.
3274 2323 3343 2378 59
3375 2322 3428 2377 in
3458 2320 3705 2377 eumdem

404 2431 595 2487 purus,
630 2417 715 2470 hic
745 2424 928 2469 autem
965 2426 1255 2482 corruptus
1287 2415 1437 2468 fluat.
1472 2415 1716 2480 Brevius,
1758 2414 1852 2468 sed
1888 2413 2012 2467 huic

415 2510 641 2563 omnino
667 2506 845 2560 simile
869 2515 953 2559 est
980 2506 1258 2560 decretum
1289 2505 1458 2568 aliud,
1492 2505 1637 2574 quod
1665 2504 2015 2557 Burchardus

410 2600 506 2656 lib.
540 2616 598 2664 ι,
628 2615 678 2654 c.
707 2598 798 2661 29,
832 2609 887 2653 et
914 2598 1005 2653 lvo
1038 2614 1091 2667 p.
1128 2600 1216 2660 il.
1242 2614 1290 2653 c.
1322 2599 1414 2663 54,
1455 2614 1521 2653 ex
1551 2597 1849 2667 Agathensi
1880 2614 2014 2652 con-

422 2694 549 2748 cilio
578 2708 627 2747 c.
661 2692 695 2746 4
718 2691 907 2757 citant,
937 2692 1187 2761 quamvis
1209 2691 1277 2745 ab
1307 2692 1410 2745 hoc
1432 2692 1663 2745 concilio
1693 2692 1895 2761 pariter
1923 2691 2019 2746 ab-

414 2789 520 2845 sit:
552 2806 570 2839 ‹
609 2788 1034 2857 Perquirendum
1075 2796 1158 2842 est
1206 2787 1251 2841 si
1294 2787 1472 2856 aliqua
1517 2786 1731 2841 femima
1777 2785 1868 2851 sit,
1900 2800 2020 2855 quae

419 2897 517 2952 per
549 2880 793 2951 quzedam
824 2880 1085 2934 maleficia
1108 2888 1164 2933 et
1186 2880 1583 2934 incantationes
1609 2886 1819 2933 mentes
1849 2878 2023 2931 homi—

419 2990 552 3029 num
584 2988 645 3027 se
677 2975 965 3026 immutare
1012 2986 1172 3041 posse
1203 2972 1369 3036 dicat,
1399 2971 1451 3025 id
1481 2983 1587 3037 est,
1621 2980 1678 3023 ut
1713 2970 1784 3024 de
1811 2970 1937 3024 odio
1971 2972 2022 3024 in

2116 2420 2430 2476 Tertulliani
2484 2420 2659 2473 locum
2711 2435 2778 2473 ex
2827 2419 3091 2473 relatione
3139 2432 3245 2473 non
3286 2418 3419 2472 satis
3460 2424 3711 2469 accurata

2117 2514 2292 2569 obiter
2318 2521 2634 2567 annotatum
2658 2512 2866 2577 fuerat,
2900 2512 3024 2567 inde
3062 2512 3385 2581 corrigatur.
3422 2510 3620 2564 Verum
3653 2517 3717 2563 ut

2119 2604 2185 2658 ad
2215 2603 2287 2671 id,
2319 2604 2459 2657 unde
2506 2602 2736 2673 digressi
2789 2602 3065 2657 fueramus
3086 2645 3099 2668 ,
3131 2601 3466 2673 regretliatur
3494 2600 3677 2654 oratio
3698 2642 3715 2664 ,

2122 2697 2329 2752 Plinius
2360 2696 2466 2763 ibi,
2502 2712 2606 2750 non
2638 2710 2793 2751 secus
2817 2703 2978 2765 atque
3007 2696 3265 2750 Socrates
3292 2708 3467 2763 supra,
3501 2701 3716 2746 tantum

2124 2788 2356 2861 hymnos
2370 2788 2651 2859 quosdam,
2673 2804 2778 2843 non
2804 2789 3099 2859 generatim
3132 2787 3371 2857 psalmos
3387 2788 3437 2839 in
3453 2784 3724 2839 Christia-

2126 2898 2317 2937 norum
2355 2884 2583 2938 cmtibns
2616 2884 2919 2938 alternatim
2948 2882 3266 2938 decantatos
3293 2888 3575 2935 memorat.
3600 2878 3730 2933 Ple-

2127 2977 2284 3047 rique
2320 2992 2447 3031 vero
2487 2976 2765 3032 decretum
2810 2977 3030 3031 allatum
3078 2977 3145 3031 de
3189 2976 3522 3047 psalmorum
3563 2982 3730 3028 cantu

420 3079 691 3129 amorem,
724 3073 817 3117 aut
846 3064 914 3119 de
943 3078 1129 3119 amore
1160 3063 1213 3117 in
1238 3064 1420 3117 odium
1444 3073 1748 3127 convertat,
1773 3062 2018 3117 autbona

2143 3071 2347 3125 iltcrnis
2416 3070 2627 3125 vicibus
2690 3070 3016 3125 celebrando
3089 3071 3551 3139 interpretantur,
3630 3082 3734 3122 nec

425 3163 709 3218 hominum
743 3171 838 3215 ant
866 3161 1081 3215 damnet
1115 3170 1206 3215 aut
1240 3159 1503 3231 subripiat
1530 3178 1543 3215 :
1568 3161 1689 3215 etsi
1715 3162 1891 3231 aliqua
1921 3171 2023 3227 est,

426 3273 549 3328 qua:
585 3272 645 3313 se
674 3256 819 3311 dicat
848 3270 969 3310 cum
998 3255 1305 3309 diemonum
1332 3253 1485 3308 turba
1531 3256 1581 3308 in
1616 3255 2025 3309 similitudinem

426 3354 716 3408 mulierum
761 3350 1143 3406 transformata
1181 3348 1345 3403 certis
1380 3350 1631 3405 noctibus
1658 3350 1904 3417 equitare
1935 3365 2028 3399 su-

426 3462 527 3518 per
553 3445 812 3515 quasdam
838 3445 1042 3499 bestias
1063 3486 1077 3507 ,
1100 3451 1154 3497 et
1184 3443 1236 3496 in
1260 3458 1449 3496 eorum
1472 3444 1750 3498 consortio
1771 3457 2033 3496 annume-

430 3550 607 3592 ratam
655 3552 804 3601 esse;
846 3536 959 3589 haec
992 3536 1117 3589 talis
1160 3534 1489 3589 omnimodis
1536 3534 1715 3605 scopis
1755 3549 2032 3605 correpta,

432 3645 501 3685 ex
533 3630 787 3698 paroehia
814 3628 1079 3699 ejiciatur.
1122 3646 1141 3679 ι

510 3724 598 3779 10.
648 3722 727 3777 De
770 3722 1051 3776 Missurum
1090 3722 1509 3775 celebrandarum
1541 3723 1689 3775 liora.
1728 3753 1799 3762 —
1835 3723 2036 3779 Decre-

435 3827 553 3873 tum
587 3816 617 3869 7
648 3816 717 3869 de
754 3816 902 3870 horis
932 3815 1127 3884 quibus
1170 3815 1362 3869 Missas
1398 3816 1677 3870 celebrare
1711 3816 1888 3879 liceat,
1933 3831 2037 3871 non

436 3915 620 3971 minus
652 3912 865 3966 videtur
894 3909 1161 3967 fictitium.
1188 3925 1347 3979 quam
1379 3908 1629 3963 Nicamns
1658 3925 1852 3975 canon,
1888 3911 2042 3981 cujus

438 4007 725 4063 renovatio
775 4005 829 4058 in
875 4018 941 4058 eo
971 4003 1301 4058 obtenditur.
1342 4003 1488 4057 Inter
1527 4019 1608 4069 ea,
1654 4020 1773 4072 qua:
1804 4006 2043 4059 lsidorus

442 4102 713 4156 Mercator
745 4099 931 4165 primis
954 4096 1299 4164 pontificibus
1320 4096 1557 4162 affinxit,
1578 4106 1754 4150 exstat
1778 4098 1917 4149 istud
1936 4098 2042 4151 Te-

440 4191 684 4261 lesphori
734 4203 887 4258 papae
931 4187 1152 4239 nomine
1196 4205 1209 4241 :
1256 4206 1275 4237 ι
1324 4186 1568 4254 Reliquis
1606 4186 1938 4256 temporibus
1985 4191 2045 4260 (a

444 4295 606 4343 nocte
662 4280 959 4338 nativitatis
1012 4280 1260 4348 Domini)
1315 4278 1596 4333 Missarum
1649 4280 2046 4339 celebrationes

444 4389 573 4435 ante
627 4377 816 4431 horam
871 4374 1088 4429 tertiam
1156 4372 1381 4427 minime
1432 4382 1558 4426 sunt
1608 4373 1982 4441 celebrandae;
2025 4397 2042 4429 ι

2130 3165 2345 3221 aliunde
2374 3164 2601 3235 permmi
2641 3166 2927 3219 Damasum
2959 3180 3089 3220 usus
3137 3165 3294 3233 hujus
3331 3172 3609 3218 auctorem
3642 3160 3727 3216 fa-

2132 3261 2298 3315 ciunt.
2346 3258 2499 3326 Quod
2539 3258 2752 3328 quidem
2802 3260 2872 3313 ita
2926 3274 3243 3329 persuasum
3285 3258 3522 3313 habebat
3568 3267 3717 3311 vetus

2133 3353 2367 3420 scriptor
2395 3368 2425 3406 a
2454 3351 2762 3406 Mabillonio
2792 3360 2977 3407 nostro
3008 3352 3157 3422 prmi.
3193 3351 3245 3406 in
3278 3367 3315 3406 tt
3343 3366 3461 3421 par.
3491 3367 3621 3405 sa-c.
3654 3365 3728 3416 tv,

2135 3441 2254 3497 Act.
2287 3442 2490 3496 Bened.
2524 3460 2577 3497 n.
2611 3443 2718 3498 210
2748 3444 3018 3499 Laudatus
3038 3487 3052 3505 ,
3083 3455 3141 3498 ut
3171 3446 3222 3497 in
3247 3443 3609 3514 Chronologia
3641 3443 3735 3498 Li-

2137 3534 2343 3589 rinensi
2374 3535 2441 3590 de
2470 3536 2527 3591 S.
2560 3529 2843 3606 Agricolo,
2873 3537 2965 3605 qui
2993 3552 3057 3591 ex
3088 3537 3354 3591 Lirinensi
3381 3536 3635 3593 coenobio
3665 3536 3741 3591 ad

2138 3630 2532 3684 Avenionensis
2571 3630 2815 3686 ecclesia:
2845 3629 3160 3685 cathedram
3189 3639 3374 3699 raptus
3411 3629 3601 3693 fuerat,
3633 3644 3743 3685 eo-

2140 3739 2246 3793 que
2273 3732 2489 3777 cantum
2521 3724 2785 3777 alternum
2808 3724 3063 3779 inducere
3092 3724 3363 3788 voluerat,
3393 3724 3530 3778 istud
3556 3726 3737 3778 tradi-

2143 3815 2283 3870 derit
2312 3814 2393 3869 his
2419 3814 2632 3870 verbis:
2665 3836 2681 3865 ‹
2722 3813 2902 3870 Voluit
2942 3816 3104 3871 etiam
3148 3815 3308 3869 horas
3348 3819 3640 3870 canonicas
3681 3825 3735 3870 et

2145 3907 2324 3963 divina
2371 3908 2550 3963 officia
2599 3908 2855 3979 deinceps
2910 3910 2964 3964 in
3008 3909 3196 3965 eadem
3246 3910 3473 3965 ecclesia
3534 3910 3727 3965 eodem

2147 4001 2337 4067 modo,
2370 4017 2477 4071 quo
2502 4002 2740 4057 solerent
2761 4003 2812 4056 in
2842 4004 3212 4070 monasteriis,
3242 4004 3454 4058 alternis
3485 4004 3746 4058 videlicet

2149 4095 2379 4149 cantibus
2408 4096 2640 4149 recitari.
2666 4095 2913 4151 Nondum
2942 4098 3083 4151 enim
3117 4098 3170 4151 in
3200 4097 3305 4151 illis
3328 4096 3568 4168 partibus
3590 4098 3744 4149 inva-

2151 4188 2325 4243 luerat
2354 4189 2443 4243 ille
2491 4204 2639 4250 mos,
2673 4205 2829 4259 quem
2868 4190 3071 4261 aliquot
3113 4200 3238 4245 ante
3271 4205 3442 4245 annos
3482 4190 3741 4244 Damasus

2150 4281 2392 4351 pOllllfr‘x
2422 4282 2685 4337 maximus
2709 4283 3005 4338 invexerat.
3050 4304 3067 4335 ι

2226 4372 2311 4426 12.
2374 4372 2535 4426 Moris
2580 4376 2733 4444 hujus
2776 4383 2957 4428 auctor
3011 4372 3305 4430 Ambrosius
3350 4378 3402 4430 in
3450 4375 3749 4432 Occidente.

446 4474 603 4540 cujus
631 4470 922 4526 falsitatem
955 4468 1022 4523 de
1049 4470 1164 4538 ipso
1194 4465 1529 4537 Telesphoro
1558 4476 1781 4537 agentes
1804 4483 1925 4540 pag.
1948 4470 2038 4533 59,
2075 4463 2122 4522 D
2152 4464 2433 4519 Flavianus
2476 4476 2521 4519 et
2570 4466 2831 4520 Diodorus
2870 4467 2923 4520 in
2971 4466 3201 4522 Oriente.
3241 4499 3311 4507 —
3359 4467 3539 4523 Nihilo
3568 4480 3754 4523 tamen

446 4562 819 4635 probavimus.

525 4660 613 4714 Η.
646 4658 726 4710 Αη
754 4658 1068 4728 psalmorum
1094 4656 1307 4711 alternis
1332 4656 1526 4711 vicibus
1559 4639 1914 4711 canendorum
1948 4657 2052 4711 Da-

453 4767 628 4807 masus
655 4750 722 4803 sit
751 4758 951 4802 auctor.
993 4780 1063 4789 —
1089 4748 1376 4804 Decretum
1402 4749 1456 4811 8,
1486 4764 1593 4820 quo
1626 4750 1822 4806 dicitur
1849 4752 1904 4806 S.
1944 4753 2050 4807 Da-

454 4856 639 4897 masus
670 4839 1055 4903 constituisse,
1095 4859 1113 4890 ‹
1148 4849 1205 4893 ιιι
1246 4841 1433 4909 psalmi
1470 4841 1557 4896 die
1594 4852 1862 4913 noctuque
1894 4860 2055 4899 caue-

454 4948 645 4991 rentur
691 4948 788 5004 per
824 4946 1012 4986 omnes
1056 4933 1348 4998 ecclesias,
1387 4952 1405 4985 ›
1443 4942 1607 5003 atque
1651 4934 1775 4997 hoc,
1817 4944 1873 4988 ut
1912 4938 2052 5005 apud

457 5027 801 5084 Anastasium
848 5023 1090 5089 additur,
1126 5042 1145 5076 ι
1183 5024 1516 5095 presbyteris
1557 5038 1605 5079 et
1660 5027 1927 5098 episeopis
1969 5030 2055 5085 vel

460 5118 805 5175 monaSteriis
843 5136 863 5171 ι
902 5116 1245 5188 praecepisse,
1284 5116 1505 5188 intelligi
1529 5118 1817 5189 dupliciter
1844 5131 2050 5191 potest:

460 5213 544 5268 vel
574 5212 826 5265 nimirum
854 5219 913 5265 ut
956 5209 1273 5280 simpliciter
1302 5221 1648 5277 canerentur,
1683 5213 1763 5266 vel
1794 5221 1850 5266 ut
1885 5218 2055 5268 alter-

459 5305 547 5360 nis
572 5304 799 5359 vicibus.
851 5310 919 5357 At
957 5319 1089 5357 vero
1131 5302 1273 5357 hunc
1323 5316 1528 5355 morem
1562 5312 1617 5355 ut
1664 5319 1757 5373 per
1796 5304 2055 5360 ecclesias

458 5400 656 5470 psalmi
699 5396 1015 5467 simpliciter
1050 5407 1401 5462 canerentur,
1436 5411 1543 5451 non
1591 5411 1620 5449 a
1669 5396 1899 5452 Damasn
1945 5415 2057 5456 cm-

459 5491 607 5563 pisse
626 5533 640 5556 ,
672 5489 767 5545 sed
797 5490 865 5543 ab
886 5489 1144 5545 Ecclesiae
1173 5490 1326 5545 initio
1352 5505 1565 5560 semper
1594 5491 1893 5547 obtinuisse
1918 5496 2057 5549 anti-

458 5580 675 5651 quitatis
705 5581 859 5651 periti
888 5582 1142 5635 sentiunt.
1180 5580 1246 5637 Ut
1275 5583 1435 5637 etiam
1479 5582 1662 5654 hymni
1696 5585 1941 5639 nonnulli
1974 5587 2053 5639 al—

451 5674 617 5727 ternis
644 5673 822 5729 choris
849 5674 1289 5741 decantarentur,
1341 5675 1399 5731 S.
1446 5673 1708 5746 lgnatium
1751 5676 2050 5753 Antioche-

774 5828 800 5847 ο

2156 4562 2332 4613 minus
2361 4560 2577 4614 Cardin.
2620 4560 2766 4614 Bona
2808 4559 2877 4614 de
2915 4559 3029 4613 Div.
3074 4560 3339 4630 psalmod.
3378 4577 3427 4616 c.
3457 4562 3555 4625 16,
3585 4580 3641 4617 n.
3678 4565 3699 4617 l
3732 4604 3751 4630 ,

2155 4651 2357 4706 erroris
2381 4666 2476 4706 eos
2503 4660 2684 4718 notat,
2717 4652 2806 4722 qui
2832 4652 3117 4708 Damasum
3139 4662 3329 4709 cantus
3349 4654 3542 4709 alterni
3572 4655 3624 4709 in
3651 4655 3759 4710 Oc-

2156 4744 2368 4798 cidcnte.
2398 4754 2677 4799 auctorem
2705 4758 2989 4811 asserunt,
3026 4762 3149 4801 cum
3191 4758 3458 4818 antqnot
3496 4749 3549 4803 in
3589 4750 3758 4804 latina

2159 4838 2385 4893 ecclesia
2436 4838 2505 4894 de
2550 4841 2717 4894 sacris
2760 4840 2952 4894 ritibus
2993 4840 3266 4907 scribunt,
3312 4841 3547 4897 inductas
3594 4842 3760 4911 hujus

2158 4932 2565 4988 consuetudinis
2589 4935 2813 5005 gloriam
2847 4934 3132 4989 Ambrosio
3167 4935 3437 5000 tribuant,
3486 4938 3762 4992 nitantur-

2160 5043 2264 5099 que
2298 5029 2606 5082 testimonio
2634 5028 2944 5097 Augustini,
2968 5030 3059 5099 qui
3092 5028 3189 5084 lib.
3222 5045 3273 5083 ιχ
3311 5028 3467 5084 Conf.
3498 5046 3548 5085 c.
3581 5032 3610 5084 7
3644 5047 3763 5086 rem

2160 5124 2433 5176 memoria:
2462 5122 2732 5177 mandavit
2761 5124 2811 5178 in
2838 5122 2978 5178 hunc
3001 5123 3218 5179 modum
3245 5143 3297 5179 τι
3324 5124 3439 5179 Non
3471 5125 3631 5196 longe
3650 5141 3765 5181 eoa.

2160 5226 2311 5288 perat
2336 5216 2745 5272 Mediolanensis
2775 5218 3000 5273 ecclesia
3032 5234 3204 5289 genus
3241 5219 3343 5274 hoc
3368 5219 3761 5274 consolationis

2162 5318 2217 5366 et
2240 5308 2634 5365 exhortationis
2682 5309 3001 5375 celebrare,
3056 5326 3250 5382 magno
3305 5310 3487 5366 sunlio
3530 5311 3763 5366 fratrum

2162 5402 2562 5459 concinentium
2608 5403 2829 5458 vocibus
2870 5412 2925 5457 et
2966 5402 3243 5457 cordibus.
3276 5402 3540 5458 Nimirum
3584 5418 3767 5457 annus

2161 5505 2307 5560 erat,
2341 5503 2434 5549 aut
2462 5511 2567 5549 non
2602 5497 2770 5550 multo
2796 5496 3065 5563 amplius,
3095 5511 3218 5551 cum
3261 5496 3473 5551 Justiua
3519 5495 3767 5549 Valenti—

2161 5588 2302 5643 niani
2352 5588 2491 5657 regis
2539 5590 2686 5659 pueri
2719 5598 2891 5643 mater
2920 5588 3192 5644 hominem
3227 5600 3377 5644 tttum
3410 5587 3767 5643 Ambrosium

2162 5688 2577 5749 persequeretur
2622 5680 2844 5735 luerosis
2890 5695 3001 5734 suae
3049 5695 3252 5747 causa,
3304 5694 3407 5749 qua
3447 5678 3617 5732 fuerat
3666 5686 3770 5734 se)
