4120 6186
287 260 426 320 1209

916 255 1234 314 CENSURA
1279 251 1756 311 DECRETORUM
1795 251 2076 311 DAMASO
2115 259 2132 310 Ι
2177 257 2383 314 ΡΑΡΛΕ
2427 258 2945 320 ASCRIPTORUM.

3445 267 3586 324 1210

284 380 442 436 ducta
490 379 559 434 ab
600 377 833 432 Arianis.
873 374 1187 431 Excubabat
1219 373 1303 444 pia
1341 371 1494 443 plebs
1526 372 1577 426 in
1604 368 1834 426 ecclesia
1859 410 1874 437 ,
1906 368 1961 428 Α
1987 371 2238 436 tandum,
2276 373 2420 439 lure,
2455 394 2473 428 σ
2510 374 2760 430 Nondum
2787 377 2933 432 enim
2958 375 3014 432 in
3038 377 3142 434 illis
3168 379 3412 448 partibus
3433 381 3587 437 inva-

284 475 423 530 mori
473 482 659 544 parata
701 487 822 527 cum
857 472 1111 542 episcopo
1152 483 1252 525 suo
1293 483 1450 523 servo
1490 476 1674 522 tno....
1718 465 1873 520 Tunc

286 566 472 638 hymni
513 575 568 621 et
615 565 800 633 psalmi
850 573 908 617 nt
954 571 1280 619 canerentur
1328 559 1622 618 secundum
1665 573 1874 614 morem

286 657 646 715 Orientalium
710 657 975 727 partium,
1049 670 1114 709 ne
1147 654 1374 724 populus
1427 651 1674 708 mmroris
1722 649 1882 704 taedio

285 753 730 814 contabesceret,
765 750 1069 804 institutum
1101 758 1213 815 est,
1254 758 1307 804 et
1334 763 1404 801 ex
1435 746 1532 800 illo
1579 747 1631 799 in
1665 743 1882 798 hodier-

285 861 415 900 num
447 854 748 909 retentum,
775 843 956 897 multis
999 842 1108 912 jam
1145 857 1207 897 ac
1237 857 1374 911 pene
1417 839 1667 894 omnibus
1705 836 1880 907 gregi-

285 937 385 994 bus
413 936 520 991 luis
545 950 593 991 et
629 951 724 1007 per
748 949 942 991 caetera
967 936 1112 990 orbis
1144 934 1496 989 imitantibus.
1529 952 1548 985 ι
1577 931 1635 986 lu
1659 929 1879 986 Oriente

285 1041 495 1093 autem,
533 1029 874 1084 Tlteodoreto
919 1029 1010 1083 lib.
1054 1044 1089 1083 ιι
1135 1028 1271 1083 llist.
1313 1029 1449 1082 eccl.
1502 1041 1550 1082 c.
1600 1025 1670 1080 24
1708 1034 1877 1090 teste,

284 1121 572 1180 Flavianus
596 1136 660 1176 ac
689 1121 986 1186 Diodortts,
1014 1136 1150 1178 .cum
1193 1119 1368 1175 adhuc
1396 1120 1535 1174 inter
1560 1119 1725 1172 laicos
1752 1132 1878 1171 ver-

285 1225 554 1282 sarentur,
589 1235 607 1269 ι
650 1216 806 1286 primi
847 1216 1188 1285 psallentintn
1225 1215 1424 1268 clioros
1456 1213 1589 1267 duas
1615 1211 1668 1265 in
1697 1218 1881 1281 partes

284 1309 604 1373 diviserunt,
637 1320 690 1362 et
726 1308 1008 1363 Davidieos
1038 1307 1266 1379 hymnos
1300 1306 1526 1361 alternis
1548 1319 1744 1358 cauere
1777 1300 1880 1356 do-

284 1411 548 1458 cuerunt:
580 1402 722 1472 quod
750 1402 964 1473 quidem
998 1411 1123 1456 tunc
1154 1402 1385 1471 primum
1423 1397 1731 1460 Antiat-ltiae
1765 1395 1880 1450 fieri

284 1503 561 1566 emptum,
607 1493 734 1549 inde
778 1494 844 1548 ad
895 1494 1133 1563 reliquos
1160 1492 1429 1563 perVasit,
1472 1502 1526 1547 et
1554 1491 1621 1545 ad
1666 1489 1884 1544 ultimos

294 1602 466 1659 usque
491 1597 752 1642 terrarum
796 1587 928 1642 fines
958 1587 1223 1657 perlatum
1255 1594 1356 1641 est.
1394 1605 1413 1638 ›

358 1681 445 1735 15.
483 1679 599 1734 Dici
626 1680 798 1748 nequit
828 1697 942 1734 eum
970 1698 1000 1734 a
1037 1680 1258 1734 Damaso
1284 1680 1644 1748 conﬁrmatum
1670 1695 1796 1732 esse.
1815 1707 1885 1717 -—

1986 463 2158 520 luerat
2198 465 2290 520 ille
2331 481 2485 534 mos,
2526 484 2685 539 quem
2727 471 2933 540 aliquot
2970 481 3096 527 ante
3127 487 3298 528 annos
3333 475 3592 531 Damasus

1987 558 2226 627 pontifex
2258 561 2522 616 maximus
2551 561 2869 630 invexerat,
2911 583 2930 617 ι
2974 565 3199 621 minime
3243 566 3300 622 S.
3349 567 3586 638 Agricoli

1988 653 2148 707 verba
2177 669 2327 719 esse,
2360 654 2455 710 sed
2484 655 2906 727 chronograplii.

2059 748 2144 801 M.
2174 748 2253 802 Att
2285 749 2543 805 Damasus
2571 753 2920 816 constituerit,
2944 763 3001 808 ut
3022 753 3228 810 GLORIA
3251 755 3443 823 ΡΑτιιι,
3461 768 3589 827 etc.,

1985 839 2197 910 psalmis
2229 841 2646 913 subjungeretur.
2674 875 2745 884 —
2766 847 2848 899 An
2884 846 3074 900 saltem
3122 846 3456 903 admittenda
3486 849 3583 906 de-

1985 936 2118 988 creti
2149 934 2315 988 ultimi
2340 948 2612 1004 postrema
2639 952 2760 1006 pars
2780 980 2794 1004 ,
2820 954 2925 1009 qua
2950 939 3214 994 D-nnasus
3233 943 3581 998 constituisse

1984 1025 2201 1092 dicitur,
2232 1035 2288 1080 ιιι
2317 1027 2367 1080 in
2401 1026 2507 1082 fine
2533 1028 2794 1098 cujusque
2828 1032 3018 1098 psalmi
3043 1030 3224 1085 Gloria
3255 1030 3425 1100 Patri,
3454 1041 3584 1099 etc.,

1985 1118 2400 1188 adjungeretur?
2416 1117 2720 1175 Cardiualis
2743 1122 2889 1176 Bona
2909 1123 2976 1176 de
3005 1123 3120 1177 Div.
3140 1125 3330 1192 psalm.
3353 1139 3474 1194 t-ap.
3495 1126 3584 1192 16,

1986 1227 2041 1266 n.
2065 1211 2118 1274 2,
2153 1211 2367 1278 fatetur,
2394 1212 2593 1267 mulos
2613 1213 2908 1283 scriptores
2954 1215 3192 1282 alioiiuiu
3243 1216 3347 1271 fide
3379 1215 3585 1286 dignis-

1987 1304 2153 1358 simos
2184 1304 2321 1360 hanc
2351 1303 2658 1376 doxoiogize
2700 1307 2752 1360 in
2800 1307 2906 1362 fine
2948 1307 3280 1377 psalmorum
3329 1308 3589 1364 canenda:

1988 1397 2161 1466 legem
2206 1396 2273 1451 ad
2324 1397 2609 1453 Damasum
2659 1399 2896 1464 referre,
2930 1415 3158 1472 eamque
3202 1403 3268 1456 ab
3308 1402 3410 1458 hoc
3456 1418 3588 1474 papa

1989 1488 2301 1561 Hieronymi
2327 1504 2587 1559 persuasu
2611 1500 2666 1545 et
2684 1492 2906 1546 inductu
2932 1494 3088 1547 latam
3108 1494 3590 1550 arbitrariNerum

1992 1580 2090 1636 ltos
2121 1583 2378 1653 deceptos
2408 1599 2529 1639 esse
2570 1593 2751 1640 monet
2795 1585 3096 1640 adulterina
3135 1587 3394 1656 epistola,
3431 1603 3590 1659 quam

1991 1676 2197 1731 scilicet
2225 1677 2552 1748 Hieronymo
2593 1678 2839 1734 Isidorus
2881 1679 3150 1735 Mercator
3189 1682 3506 1752 supposuit,
3535 1681 3590 1736 in

289 1769 390 1826 Pin.
435 1772 764 1826 ecclesiarum
793 1771 1120 1827 tentulotione
1163 1781 1475 1844 prapagatus
1511 1772 1628 1844 fuit.
1680 1802 1749 1812 --
1796 1769 1884 1826 Sic
1917 1763 1964 1824 Β
1992 1784 2094 1838 qua
2125 1771 2304 1839 legere
2332 1780 2450 1824 est:
2486 1789 2502 1821 ι
2542 1769 2802 1825 Preratnr
2843 1786 2973 1839 ergo
3015 1771 3190 1825 cliens
3211 1779 3368 1836 tuus,
3403 1780 3461 1825 ut
3485 1786 3592 1825 vox

287 1880 420 1920 vero
449 1865 701 1920 laudatus
733 1863 1040 1920 Cardinalis
1073 1867 1216 1934 pium
1249 1865 1391 1920 hunc
1422 1881 1628 1920 morem
1665 1866 1733 1919 ab
1758 1869 1886 1919 Am-

288 1955 473 2010 brosio
498 1958 732 2028 primum
768 1958 818 2012 iu
852 1958 1202 2013 Occidentem
1233 1958 1465 2012 allirmat
1498 1956 1881 2022 inductum,nt

291 2060 478 2119 postea
508 2061 558 2105 et
585 2067 612 2104 a
642 2052 870 2106 Damaso
905 2067 1038 2122 papa
1071 2051 1365 2120 pontiﬁcali
1410 2052 1732 2105 auctoritate
1757 2065 1887 2105 con-

287 2142 561 2200 ﬁrmatum
603 2147 1107 2216 existitnet,atqne
1158 2147 1281 2199 hinc
1328 2145 1715 2199 historicorum
1749 2160 1888 2199 non-

291 2236 588 2299 nullorum.
625 2238 714 2306 qui
741 2238 1031 2292 Damasum
1060 2238 1179 2307 ejus
1205 2248 1490 2292 auctorem
1514 2239 1768 2301 credunt,
1805 2252 1890 2292 er-

291 2343 475 2384 rorem
508 2330 786 2385 efﬂuxisse
827 2334 1107 2399 opinetur.
1144 2329 1340 2384 Verum
1373 2345 1470 2384 nec
1506 2346 1695 2384 errore
1731 2340 1890 2386 vaeat

292 2420 408 2476 haec
454 2421 658 2491 opinio.
703 2421 759 2476 Si
805 2426 951 2476 enim
1001 2422 1067 2476 ab
1118 2436 1183 2476 co
1225 2429 1433 2476 tantum
1469 2432 1743 2492 tempore,
1777 2439 1890 2492 quo

291 2513 640 2568 Ambrosium
667 2512 881 2568 JuSIina
935 2515 1390 2582 persequebatur,
1419 2513 1562 2581 quod
1604 2531 1745 2568 anno
1784 2516 1888 2571 58G

292 2607 549 2674 comigit,
583 2608 750 2670 cmpit
772 2607 886 2662 lucc
914 2607 1284 2673 consuetudo;
1315 2609 1589 2676 quomodo
1620 2609 1764 2663 illam
1797 2625 1891 2678 po-

292 2703 392 2756 tuit
421 2701 746 2757 C'illlll'lnﬂl‘e
775 2701 1068 2762 Damasus.
1102 2718 1260 2770 quem
1285 2718 1429 2756 anno
1457 2703 1558 2758 584
1589 2704 1796 2757 obiisse
1827 2719 1890 2758 ac

293 2794 547 2850 Siricinm
575 2796 642 2852 ab
669 2797 824 2851 initio
852 2797 1041 2851 saltem
1084 2797 1208 2850 anni
1255 2797 1360 2852 585
1387 2811 1762 2852 successorem
1796 2797 1891 2850 lia-

293 2887 510 2952 buisse,
571 2889 739 2957 ipsius
785 2888 960 2945 Siricii
1003 2888 1068 2942 ad
1116 2889 1411 2943 llimeriunt
1454 2889 1678 2958 epistola
1725 2888 1888 2943 ﬁdem

292 2981 435 3038 facit.
468 2982 685 3038 Etvero
708 3000 828 3039 cum
855 2984 1187 3054 Augustinus
1211 3001 1414 3039 morem
1442 2986 1591 3040 illum
1616 2986 1768 3041 brevi
1794 3001 1890 3054 per

291 3084 466 3133 totum
501 3094 634 3148 pene
679 3080 865 3134 orbem
907 3091 1258 3148 prOpagatum
1307 3091 1610 3144 memoret,
1642 3080 1781 3135 hanc
1812 3092 1892 3133 ta-

1990 1862 2087 1917 ista
2121 1861 2461 1929 psallentium
2511 1863 2564 1916 in
2611 1863 2737 1916 sede
2765 1870 2852 1917 tua
2899 1863 3139 1916 ltomana
3186 1863 3280 1917 diu
3323 1874 3592 1933 noctuque

1989 1965 2215 2009 canatur
2236 1997 2251 2022 ,
2283 1965 2331 2008 et
2377 1956 2427 2008 in
2475 1955 2580 2008 line
2614 1955 2802 2024 psalmi
2834 1955 3120 2025 cujuslibet
3163 1954 3281 2008 sive
3313 1953 3592 2009 matutinis

1989 2047 2106 2102 sive
2136 2048 2460 2117 vespertinis
2487 2047 2634 2102 horis
2677 2048 2931 2118 conjungi
2954 2048 3236 2118 pra-cipiat
3257 2048 3593 2118 apostolatus

1992 2139 2067 2193 tui
2097 2139 2232 2193 Ordo
2262 2137 2445 2194 Gloria
2481 2139 2629 2193 Patri
2659 2150 2705 2194 et
2735 2139 2878 2195 Filio
2909 2149 2955 2194 et
2975 2141 3201 2205 Spiritui
3223 2149 3433 2206 sancto;
3462 2142 3596 2196 sicut

1990 2244 2242 2298 erat,ctc.
2269 2253 2286 2285 ι
2315 2235 2457 2290 Sane
2486 2251 2629 2289 anno
2654 2235 2781 2300 529,
2807 2244 2864 2290 ut
2883 2251 2947 2290 ex
2979 2237 3234 2291 Vaseusis
3277 2236 3316 2291 ll
3337 2237 3583 2303 concilii,

1990 2326 2134 2398 quod
2167 2328 2267 2381 hoc
2286 2343 2428 2381 anno
2455 2336 2537 2381 est
2575 2326 2902 2382 celebratum
2927 2368 2944 2392 ,
2975 2343 3182 2383 canone
3212 2329 3266 2393 5,
3299 2328 3587 2399 colligitur,

1992 2421 2080 2477 hic
2109 2437 2237 2476 usus
2265 2423 2316 2475 in
2336 2421 2525 2476 Galliis
2555 2422 2793 2476 nondum
2825 2431 3084 2491 receptus
3117 2430 3255 2488 erat,
3282 2431 3338 2476 tit
3367 2421 3594 2476 doxulo-

1990 2516 2089 2585 gite
2145 2513 2324 2569 Gloria
2380 2513 2530 2568 Patri
2580 2530 2767 2570 versus
2821 2514 2970 2570 Sicut
3019 2524 3131 2569 erat
3186 2515 3590 2585 adjungeretur,

1991 2609 2236 2679 quamvis
2265 2609 2460 2664 aliisin
2490 2610 2803 2679 regionibus
2825 2609 2936 2678 jam
2965 2609 3310 2664 obtinuisset.
3334 2609 3422 2664 Sic
3445 2611 3591 2663 enim

1991 2703 2229 2771 IOquitur
2254 2703 2541 2757 concilium
2578 2720 2590 2755 :
2625 2721 2644 2754 ι
2682 2704 2815 2768 Quia
2849 2719 2955 2756 non
3004 2704 3177 2757 solum
3209 2704 3260 2756 in
3290 2703 3416 2758 sede
3455 2718 3593 2772 apo-

1992 2797 2179 2851 stolica
2199 2837 2216 2864 ,
2240 2797 2334 2851 sed
2367 2797 2527 2850 etiam
2559 2813 2653 2865 per
2682 2806 2851 2850 totum
2881 2796 3155 2851 Orientem
3178 2805 3232 2851 et
3256 2775 3421 2850 tritam
3450 2797 3595 2850 Alri-

1991 2904 2110 2944 cam
2137 2889 2220 2944 vel
2252 2889 2476 2955 ltaliam,
2511 2899 2730 2960 pr0pter
2760 2890 3139 2945 lllPl'tBilCOl‘lllll
3180 2890 3469 2956 astutiam,
3502 2889 3592 2959 qui

1994 2982 2089 3036 Dei
2114 2981 2305 3036 Filium
2330 2999 2434 3036 non
2462 2997 2679 3052 semper
2701 2997 2823 3036 cum
2860 2982 3018 3037 Patre
3044 2983 3232 3047 luisse,
3263 2981 3358 3036 sed
3389 2997 3419 3035 a
3457 2992 3592 3036 tem-

1995 3091 2126 3145 pore
2152 3077 2382 3147 cmpisse
2405 3076 2798 3146 blasplteuiant,
2824 3077 2876 3131 iit
2899 3077 3151 3131 onmibus
3171 3077 3448 3142 clausulis,
3473 3085 3594 3146 post

293 3186 416 3226 men
452 3172 663 3226 Damasi
691 3173 1156 3228 c0nlirmatiouem
1189 3190 1412 3243 prorsus
1441 3175 1582 3228 silet.
1620 3175 1695 3228 Ac
1729 3175 1888 3243 longe
1917 3146 1963 3211 (ἶ
1996 3168 2212 3234 Gloria,
2247 3169 2394 3224 Sicut
2444 3179 2555 3223 erat
2580 3170 2632 3223 iu
2678 3170 2938 3239 principio
2975 3168 3198 3235 dicitur,
3231 3169 3391 3223 etiam
3420 3177 3474 3224 et
3497 3183 3596 3223 nos

292 3263 628 3334 probabilius
672 3277 786 3330 est,
838 3265 1081 3334 singulas
1126 3266 1388 3320 ecclesias
1439 3277 1624 3320 sancta
1654 3265 1884 3331 quadam

293 3355 634 3410 minitlatione
666 3357 871 3423 potius,
906 3373 1065 3425 quam
1092 3356 1196 3410 ulla
1222 3356 1509 3424 pOotilicali
1535 3361 1885 3420 auctoritate,

291 3447 444 3504 illum
476 3449 786 3517 arripuisse.
813 3450 972 3506 Certe
1018 3451 1069 3505 in
1114 3451 1479 3523 Avenionensi
1507 3452 1737 3507 ecclesia
1765 3467 1886 3506 cum

241 3534 258 3545 ’
295 3538 355 3595 S.
383 3538 669 3610 Agricolus
706 3541 823 3611 ejus
869 3543 1390 3599 administrationem
1431 3545 1697 3614 suscepit,
1748 3561 1886 3598 non-

298 3631 426 3688 dum
460 3633 804 3701 obtinuerat,
837 3644 893 3689 ut
923 3652 1083 3705 supra
1119 3637 1371 3694 vidimus.
1409 3639 1556 3693 Idem
1591 3639 1885 3694 dicendum

291 3735 348 3781 et
391 3723 458 3779 de
496 3725 839 3791 Arelatensi,
869 3743 992 3781 cum
1025 3729 1073 3783 ei
1123 3728 1407 3796 [im-fectus
1453 3740 1537 3785 est
1574 3731 1881 3797 Caesarius;

290 3819 378 3889 qui
412 3835 532 3874 cum
570 3820 782 3875 tandem
815 3822 1186 3891 impetrasset,
1227 3830 1282 3876 ut
1321 3834 1375 3878 et
1421 3824 1509 3878 illa
1541 3824 1886 3880 consuetudo

291 3910 692 3974 admitteretur,
732 3913 988 3982 gaudium
1029 3931 1182 3969 suum
1217 3917 1499 3971 continere
1531 3933 1635 3971 tton
1661 3918 1882 3985 valens,

293 4003 424 4058 illud
454 4005 714 4072 singulari
744 4004 1026 4072 Sermone,
1058 4008 1147 4076 qui
1181 4023 1321 4061 nunc
1351 4007 1489 4077 apud
1523 4008 1886 4078 Augustinum

290 4093 396 4151 284
447 4095 498 4149 in
551 4096 851 4165 appendice
893 4099 1020 4152 tomi
1050 4099 1089 4148 V
1121 4109 1327 4162 exstat,
1361 4100 1574 4168 aperuit
1600 4118 1613 4154 :
1644 4119 1662 4152 ι
1703 4101 1888 4156 Plures

291 4188 434 4243 enim
467 4197 624 4242 erant
652 4189 776 4243 anni
798 4231 813 4254 ,
844 4189 1045 4260 inquit,
1074 4191 1218 4261 quod
1264 4208 1359 4252 pro
1393 4193 1492 4247 bac
1520 4209 1579 4246 re
1625 4193 1887 4248 :estnabat

292 4279 506 4333 animus
534 4295 687 4334 meus
709 4322 723 4346 ,
758 4291 811 4335 et
845 4291 953 4334 tota
982 4283 1162 4336 cordis
1191 4282 1493 4338 intentione
1520 4283 1886 4348 desiderabat,

291 4379 352 4426 ut
380 4371 528 4426 illam
587 4372 854 4442 psallendi
901 4375 1345 4430 consuetudinem
1371 4378 1522 4431 vobis
1553 4376 1671 4446 pius
1704 4375 1889 4430 Domi-

293 4481 394 4521 nus
423 4466 808 4535 inspiraret....
836 4467 967 4523 Cum
1001 4471 1143 4523 enim
1178 4485 1270 4522 vos
1302 4485 1402 4540 ego
1429 4469 1497 4522 ita
1531 4469 1764 4539 psallere
1794 4468 1889 4524 de-

291 4559 618 4626 siderarem,
652 4562 923 4631 quomodo
954 4564 1005 4616 in
1037 4564 1154 4618 aliis
1183 4565 1374 4618 vicinis
1399 4565 1716 4619 civitatibus
1747 4564 1887 4634 psal-

291 4653 534 4722 lebatur,
579 4655 755 4711 taliter
798 4658 1118 4727 prwparavit
1165 4659 1303 4714 Deus
1343 4659 1581 4712 animttm
1610 4666 1885 4722 vestrum,

293 4756 353 4801 ut
381 4747 484 4802 hoc
520 4749 680 4804 etiam
724 4751 949 4816 melius,
984 4751 1274 4820 adjuvnnte
1305 4751 1569 4816 Domino,
1612 4749 1888 4818 eomplea-

295 4839 382 4893 tis.
421 4859 439 4892 ι
473 4840 614 4895 Sane
645 4842 690 4896 si
723 4844 919 4897 summi
955 4843 1218 4911 pontificis
1248 4844 1619 4912 praecessisset
1645 4857 1708 4898 ea
1734 4844 1801 4896 de
1831 4857 1887 4897 re

291 4935 543 5002 generale
569 4944 928 5005 praeceptum,
962 4945 1071 4990 tam
1113 4936 1356 4992 celebres
1382 4937 1659 5003 ecclesiae,
1695 4937 1746 4989 in
1781 4936 1886 4990 Ita-

291 5020 381 5076 lia:
407 5023 642 5078 conlinio
673 5027 893 5095 posiae,
921 5031 966 5080 ei
1010 5041 1200 5096 parere
1229 5035 1337 5080 tam
1371 5028 1461 5080 diu
1503 5043 1612 5081 non
1645 5027 1889 5082 distulis-

292 5125 444 5182 sent;
477 5133 575 5172 nec
618 5118 1053 5188 praetermisisset
1092 5119 1358 5175 Cwsarius
1395 5121 1709 5191 apostolicae
1739 5121 1886 5176 sedis

293 5208 347 5263 lti
399 5209 586 5264 Galliis
625 5211 770 5266 vices
818 5226 1012 5281 gerens
1066 5222 1171 5266 tam
1228 5228 1444 5282 gravem
1497 5214 1886 5270 commendare

291 5301 702 5370 anetoritatem,
729 5312 785 5356 ut
823 5302 966 5372 quod
1011 5314 1157 5359 tanto
1195 5305 1358 5359 animi
1404 5314 1537 5360 testu
1576 5307 1883 5377 exoptabat,

291 5394 455 5448 citius
481 5406 929 5464 consequeretur.
980 5396 1163 5468 Neque
1191 5408 1366 5453 tamen
1395 5400 1500 5463 ait,
1534 5421 1551 5450 ‹
1587 5402 1717 5455 Cum
1743 5403 1887 5456 enim

292 5501 390 5541 vos
416 5501 517 5556 ego
545 5487 615 5542 ita
667 5490 897 5557 psallere
928 5488 1327 5557 desiderarem,
1368 5510 1386 5543 ι
1428 5494 1698 5563 quomodo
1743 5495 1890 5549 sedis

292 5582 606 5652 apostolicae
666 5593 935 5652 prmcepto
981 5584 1301 5652 jubebatur;
1346 5587 1438 5640 sed
1493 5587 1594 5641 lioc
1640 5597 1842 5643 tantum
1871 5630 1886 5655 ,

300 5695 319 5727 ι
354 5674 630 5745 quomodo
670 5678 722 5730 in
752 5676 871 5730 aliis
897 5677 1086 5732 vicinis
1127 5679 1436 5735 civitatibus
1475 5682 1822 5750 psallebatur.
1866 5704 1886 5737 ι

292 5768 350 5824 lu
378 5768 654 5840 superiore
681 5777 860 5826 autem
889 5770 1008 5825 loco
1032 5787 1097 5827 ex
1122 5772 1468 5844 cltrooologia
1493 5773 1758 5830 Lirinensi
1792 5791 1888 5831 no-

1913 4529 1968 4590 D

1994 3261 2048 3316 iii
2080 3261 2340 3316 universis
2365 3263 2610 3316 ccclesiis
2655 3264 2854 3317 nostris
2896 3262 3000 3317 huc
3037 3263 3107 3317 ila
3147 3262 3436 3317 dicendum
3469 3277 3592 3317 esse

1993 3353 2355 3410 decernimus.
2421 3377 2440 3408 ι
2495 3357 2570 3410 lbi
2615 3356 2829 3426 quidem
2871 3367 2992 3426 post
3040 3356 3198 3411 verba
3256 3357 3310 3410 in
3360 3347 3593 3410 omnibus

1993 3447 2240 3500 clausulis
2304 3462 2409 3501 ttou
2489 3448 2812 3517 exprimitur
2880 3464 2982 3502 vox
3063 3451 3417 3516 psalmorum,
3496 3448 3591 3503 sed

1993 3537 2134 3593 lianc
2189 3547 2371 3594 tamen
2417 3540 2701 3594 subaudiri
2752 3542 2920 3610 liquet
2965 3557 3030 3594 ex
3077 3541 3159 3596 his
3212 3538 3390 3610 Vigilii
3443 3556 3594 3610 papae

1994 3632 2156 3702 epist.
2207 3649 2246 3696 ι,
2292 3632 2358 3686 ad
2405 3631 2757 3688 Profuturum
2811 3633 3204 3688 Bracarensem
3233 3636 3548 3703 episeopnm
3577 3675 3593 3700 ,

1994 3743 2144 3780 nutu.
2191 3728 2226 3782 5
2273 3744 2286 3780 :
2352 3745 2370 3778 ι
2433 3726 2566 3781 Illud
2622 3738 2804 3782 autem
2859 3728 3060 3782 novelli
3115 3744 3238 3783 esse
3285 3728 3595 3796 judicamus

1993 3819 2228 3882 erroris,
2282 3819 2427 3888 quod
2480 3835 2601 3874 cum
2655 3821 2708 3874 in
2765 3821 2869 3889 ﬁne
2926 3820 3244 3891 psalmorum
3292 3823 3360 3874 ab
3413 3821 3593 3874 omni-

1995 3912 2096 3967 bus
2122 3911 2423 3967 Catliolicis
2465 3928 2530 3967 ex
2579 3929 2732 3968 more
2767 3913 2979 3968 dicatur
3003 3912 3182 3967 Gloria
3209 3913 3354 3967 Patri
3382 3924 3430 3968 et
3453 3911 3595 3967 Filio

1993 4015 2039 4057 et
2071 4005 2292 4072 Spiritui
2321 4014 2520 4070 sancto,
2549 4013 2655 4060 etc.
2697 4025 2716 4058 ι
2742 4006 2796 4062 Si
2829 4018 3014 4061 autem
3046 4006 3098 4060 in
3127 4009 3443 4061 arceasione
3475 4022 3596 4061 ver-

1992 4111 2083 4150 sus
2100 4096 2247 4150 Sicut
2278 4106 2388 4150 erat
2415 4097 2641 4152 Oriente
2666 4106 2778 4151 toto
2808 4099 3083 4166 posterior
3113 4099 3212 4153 fuit
3243 4098 3440 4164 Gallia,
3468 4115 3590 4154 eum

1992 4197 2143 4242 certe
2176 4188 2226 4242 in
2260 4204 2359 4243 usu
2397 4190 2626 4244 canendi
2669 4189 2849 4245 Gloria
2892 4190 3041 4245 Patri
3090 4193 3247 4263 longe
3292 4196 3590 4262 pratcessit.

1993 4278 2287 4335 Cassianus
2331 4284 2531 4352 quippe
2564 4283 2615 4335 iu
2647 4283 2787 4338 libro
2822 4302 2855 4338 ιι
2903 4286 2970 4339 de
3005 4287 3181 4341 lnstit.
3215 4288 3430 4342 camob.
3457 4329 3472 4351 ,
3505 4289 3600 4354 qui

1994 4383 2118 4427 ante
2137 4389 2336 4427 annum
2352 4373 2459 4427 416
2475 4375 2772 4429 adornatus
2785 4378 3048 4442 creditttr,
3064 4393 3184 4446 cap.
3204 4379 3237 4432 8
3254 4379 3464 4432 scribit:
3487 4399 3506 4430 ι
3527 4377 3594 4432 ιι-

1994 4466 2086 4519 lud
2107 4466 2294 4529 etiam,
2321 4467 2463 4535 quod
2490 4468 2542 4520 iit
2572 4468 2672 4521 liae
2702 4469 3321 4538 provinciatGallicana)
3337 4470 3590 4536 vidimus,

1995 4569 2053 4613 ut
2081 4575 2189 4614 uno
2219 4569 2474 4615 cantante
2522 4560 2575 4614 in
2620 4563 2861 4615 clausula
2912 4563 3101 4632 psalmi
3146 4579 3336 4618 omnes
3383 4575 3592 4619 stantes

1993 4657 2286 4710 conciliant
2316 4672 2437 4710 cum
2468 4656 2711 4712 clamore
2741 4655 2917 4724 Gloria
2946 4656 3095 4711 Patri
3123 4672 3169 4711 et
3202 4657 3341 4712 Filio
3379 4668 3426 4713 et
3467 4659 3593 4725 Spi—

1993 4751 2112 4803 ritui
2157 4759 2365 4813 sancto,
2401 4765 2663 4820 nu5qnam
2696 4765 2791 4821 per
2821 4767 3037 4806 omnem
3075 4751 3351 4807 Orientem
3381 4751 3592 4806 audivi-

1993 4860 2135 4899 mus.
2172 4864 2190 4895 ι
2215 4843 2348 4912 Qua.-
2375 4860 2497 4899 cum
2530 4847 2599 4899 ita
2627 4847 2760 4910 sint,
2783 4844 3059 4902 latendum
3084 4846 3387 4917 doxologia:
3412 4845 3590 4900 Gloria

1997 4935 2146 4990 Patri
2175 4951 2296 4992 cum
2325 4939 2638 4994 accessione
2669 4954 2857 4993 versus
2882 4938 3030 4993 Sicut
3056 4949 3165 4994 erat
3199 4941 3248 4992 in
3279 4938 3386 4993 line
3407 4940 3591 5008 cujus-

1995 5046 2097 5100 que
2131 5031 2319 5098 psalmi
2345 5031 2604 5085 caneudaa
2633 5046 2790 5085 usum
2817 5033 3095 5102 antiquum
3134 5048 3254 5086 esse
3275 5071 3290 5096 ,
3319 5047 3442 5085 cum
3469 5031 3584 5086 ha:-

1995 5137 2181 5178 reseos
2218 5125 2432 5177 Arianae
2469 5125 2879 5193 compescendze
2908 5125 3078 5196 gratia
3113 5126 3454 5194 excogitatas
3481 5126 3586 5191 sit,

1994 5231 2058 5270 ac
2092 5216 2347 5284 paulatim
2383 5232 2477 5285 per
2511 5225 2674 5272 totam
2716 5217 3015 5272 Ecclesium
3062 5217 3228 5271 fuisse
3269 5227 3584 5286 receptum:

1994 5309 2087 5363 sed
2120 5308 2254 5362 nihil
2279 5319 2358 5364 est
2392 5323 2489 5364 cur
2519 5309 2749 5366 Damaso
2781 5310 3066 5365 tribuatur.

2068 5402 2153 5456 15.
2182 5400 2396 5456 Damasi
2447 5402 2705 5456 decretum
2731 5404 2866 5456 circa
2893 5402 3048 5454 ritum
3090 5403 3330 5457 cantandi
3355 5405 3410 5458 itt
3451 5403 3588 5459 Urbe

1996 5495 2226 5550 alleluia.
2259 5526 2328 5536 --
2355 5494 2561 5550 Prteter
2589 5505 2712 5550 octo
2735 5495 3014 5564 superiora
3053 5494 3293 5562 decreta,
3326 5513 3448 5567 qua:
3480 5499 3585 5552 [)a-

1995 5602 2147 5642 maso
2185 5588 2526 5642 ascrilmntur
2572 5587 2726 5641 velut
2774 5587 2826 5641 in
2881 5587 3118 5643 Romana
3165 5592 3378 5661 synodo
3423 5589 3590 5657 edita,

1993 5682 2142 5737 aliud
2167 5683 2214 5737 ei
2245 5681 2535 5752 Gregorius
2573 5681 2594 5736 Ι
2635 5683 2777 5736 circa
2807 5680 3052 5736 vocabuli
3081 5682 3312 5736 Alleluia
3342 5683 3395 5738 in
3445 5681 3593 5740 Urbe

1995 5773 2248 5828 cantandi
2273 5778 2436 5828 ritum
2479 5771 2742 5829 attribuit.
2777 5772 2855 5828 Ex
2909 5771 3094 5828 Sicilia
3138 5789 3333 5844 nempe
3365 5775 3600 5848 venienti
