4120 6186
578 265 711 322 1ΞΗ

2056 273 2407 332 ΑυῦΕΝΒΑ.

3754 283 3891 339 fit!

571 397 854 438 nonnemo
885 398 1008 438 cum
1039 383 1141 438 hoc
1169 398 1306 454 papa
1335 388 1726 455 expostularat,
1754 389 1893 459 quod
1929 385 2179 445 ecclesiae
2205 395 2260 452 Α
2281 393 2557 448 exstitisse
2585 394 2868 461 ecclesias,
2901 394 2951 449 in
2993 393 3188 466 quibus
3223 394 3445 450 alleluia
3475 394 3733 450 Paschali
3763 407 3890 452 tan-

577 475 1198 545 Uonstantinopolitana:
1247 493 1341 532 seu
1382 478 1695 534 ϐνιιοειιιιιιιι
1751 482 2176 539 eoosuetudines

579 582 677 637 per
703 567 885 622 omnia
921 579 1257 638 sequeretur,
1294 572 1722 644 nominatimque
1749 593 1767 624 ι
1797 576 1918 641 quia
1958 575 2172 631 alleluia

581 663 684 718 dici
710 665 774 716 ad
806 663 996 719 Missas
1019 677 1169 719 extra
1198 666 1550 722 Pentecostes
1577 676 1824 739 tempora
1859 669 2100 726 fecisset.
2154 690 2172 724 ι

581 757 716 814 Τιιιιι
745 760 863 826 pius
891 773 956 813 ac
985 759 1263 813 modestus
1309 761 1548 829 pontifex
1576 762 1740 817 etiam
1776 763 1975 834 injuste
2004 781 2174 832 expo-

573 849 869 904 stulantem
900 863 1007 904 non
1039 852 1157 905 sine
1181 851 1378 906 idonea
1402 853 1776 909 satisfactione
1795 855 2025 924 repulit;
2056 857 2174 924 sed,

579 943 722 998 sicut
774 944 891 1011 ipse
948 957 1134 997 mense
1182 942 1404 998 Octobri
1456 943 1646 1000 lndict.
1691 946 1747 1008 ‘2,
1804 948 1869 1002 ad
1911 947 2176 1004 Joannem

583 1036 898 1104 episcopum
928 1035 1332 1106 Syracusanum
1380 1039 1590 1105 scribit,
1621 1058 1640 1091 ι
1681 1041 1818 1111 Ego,
1855 1043 2054 1112 inquit,
2085 1057 2176 1098 re-

583 1128 800 1197 SIIOIIlii,
833 1130 959 1197 quia
987 1129 1036 1182 in
1087 1129 1240 1184 nullo
1283 1146 1471 1185 eorum
1530 1133 1670 1202 (qum
1705 1132 2176 1208 reprehendebat)

583 1221 750 1275 aliam
785 1223 1072 1276 ecclesiam
1102 1223 1276 1278 seruti
1305 1239 1520 1290 sumus;
1553 1244 1572 1277 ι
1605 1240 1668 1280 ac
1695 1225 1894 1280 deinde
1921 1227 2174 1297 subjicit:

589 1332 606 1362 ι
645 1307 776 1366 Nani
809 1325 867 1368 ut
896 1315 1113 1369 alleluia
1148 1315 1462 1385 hic(veteres
1489 1332 1610 1370 mss.
1642 1316 1769 1391 Reg.
1801 1328 1848 1372 et
1874 1316 2019 1373 Cotti.
2045 1318 2177 1391 non)

587 1404 886 1472 diceretur,
919 1407 987 1461 de
1011 1406 1482 1479 Jerosolymorum
1513 1409 1742 1464 ecclesia
1774 1425 1842 1465 ex
1877 1409 2018 1466 beati
2053 1411 2180 1467 Hie-

586 1501 1114 1571 ronymitraditione
1146 1514 1391 1571 tempore
1433 1505 1606 1558 beatae
1646 1507 1922 1559 memoriae
1960 1506 2176 1561 Damasi

585 1594 815 1648 traditur
843 1602 1096 1649 tractum.
1128 1594 1192 1648 Et
1217 1595 1341 1650 ideo
1365 1597 1535 1667 magis
1566 1597 1618 1650 in
1653 1597 1753 1652 hac
1777 1612 1834 1652 re
1865 1597 2012 1652 illam
2044 1614 2148 1653 con
2168 1629 2181 1639 -

586 1687 932 1740 suetudinem
983 1689 1404 1756 amputavitnus.
1449 1709 1466 1741 ι
1511 1693 1626 1755 Quo
1653 1691 1704 1745 in
1752 1691 1873 1745 loco
1913 1693 2041 1762 qttid
2075 1694 2176 1746 sibi

2282 494 2390 539 tum
2414 495 2656 556 tempore
2673 488 3011 544 cantabatur.
3036 487 3303 555 Quocirca
3329 487 3468 543 idem
3486 489 3692 544 Doctor
3714 493 3887 560 epist.

2280 581 2406 635 olim
2444 581 2566 647 “9,
2594 597 2735 638 nunc
2761 584 2848 648 55,
2883 597 2999 653 Cap.
3028 583 3113 649 17,
3140 583 3366 637 scribit:
3407 602 3424 635 ι
3457 583 3520 639 Ut
3545 593 3731 638 autem
3757 584 3890 640 alle-

2281 673 2385 728 loia
2431 690 2526 742 per
2573 675 2695 730 illos
2741 677 2886 730 solos
2932 675 3050 729 dies
3099 677 3486 746 quinquaginta
3541 677 3596 730 in
3649 677 3886 733 ecclesia

2278 775 2542 831 cantetur,
2574 781 2679 822 non
2714 782 3094 838 usquequaque
3125 768 3474 833 observatur;
3510 784 3636 822 nam
3667 780 3725 824 et
3754 769 3880 825 aliis

2279 857 2473 912 diebus
2502 860 2649 913 varie
2671 867 2918 913 cantatur
2940 860 3066 913 alibi
3086 870 3140 914 et
3165 859 3313 913 alibi.
3351 879 3366 911 ι
3394 859 3567 914 Porro
3596 877 3666 915 ex
3701 861 3772 916 iis
3801 876 3892 916 ec-

2281 951 2484 1020 clesiis,
2518 968 2636 1023 quas
2661 952 2879 1007 alleluia
2915 962 3118 1007 tantum
3171 953 3306 1006 intra
3339 963 3555 1023 tempus
3606 951 3890 1010 Paschale

2280 1046 2590 1109 cantabant,
2647 1060 2807 1099 unam
2862 1044 3028 1100 fuisse
3089 1042 3384 1099 Romanam
3441 1061 3508 1100 ex
3569 1045 3890 1102 Sozomeno

2283 1138 2422 1192 haud
2463 1146 2668 1192 temere
2695 1138 2969 1208 colligitur
2997 1137 3144 1210 (Sos.
3177 1137 3264 1192 lib.
3308 1152 3406 1203 vn,
3439 1137 3612 1207 c.19).
3649 1137 3893 1194 Erravit

2282 1230 2375 1285 ille
2405 1229 2617 1300 quidem
2649 1246 2770 1286 cum
2820 1231 3060 1299 scripsit,
3109 1249 3127 1280 ι
3165 1230 3353 1283 Romae
3380 1229 3676 1300 quotannis
3709 1231 3890 1286 semel

2282 1325 2491 1378 canitur
2516 1324 2734 1379 alleluia
2763 1325 2936 1393 primo
2961 1323 3051 1377 die
3080 1322 3363 1378 Paschalis
3395 1323 3748 1388 festivitatis,
3788 1343 3806 1375 ι
3837 1335 3892 1378 et

2283 1418 2585 1488 Nicephoro
2631 1417 2841 1472 Callisti
2886 1417 3048 1472 verba
3097 1416 3219 1486 ejus
3269 1415 3605 1471 exscribenti
3661 1415 3889 1470 errandi

2283 1524 2469 1569 auctor
2495 1512 2594 1567 fuit
2620 1511 2865 1584 (Niceph.
2903 1510 2990 1565 lib.
3027 1527 3118 1577 xu,
3143 1527 3188 1564 c.
3219 1511 3348 1579 54):
3399 1509 3494 1564 sed
3524 1525 3634 1564 non
3661 1510 3778 1564 alia
3803 1511 3889 1564 vi-

2282 1609 2439 1666 detur
2468 1610 2671 1664 erroris
2700 1607 2843 1661 illitis
2869 1619 3051 1672 causa,
3078 1605 3178 1659 nisi
3212 1602 3356 1674 quod
3376 1617 3498 1659 cum
3521 1602 3667 1672 apud
3702 1604 3885 1674 scrip-

2287 1713 2430 1757 tores
2457 1701 2652 1755 latinos
2680 1698 2885 1754 Pascha
2933 1697 3018 1753 vel
3058 1696 3126 1750 de
3157 1706 3268 1751 toto
3297 1703 3545 1764 tempore
3603 1695 3884 1762 Paschali,

585 1780 715 1834 velit
747 1780 1064 1852 Gregorius,
1098 1784 1484 1839 excutiendum
1514 1803 1525 1838 :
1562 1794 1618 1839 ut
1657 1785 1781 1840 inde
1811 1787 1933 1853 quid
1985 1786 2178 1843 dcere-
2207 1787 2256 1849 Β
2287 1795 2367 1849 vel
2399 1793 2467 1848 de
2496 1807 2601 1846 uno
2635 1788 3051 1847 resurrectionis
3081 1787 3292 1842 Domini
3315 1786 3407 1842 die
3450 1787 3771 1856 promiscue
3801 1785 3893 1841 di-

576 1876 723 1930 verit
754 1876 892 1945 ipse,
923 1875 1122 1946 quidve
1146 1891 1176 1931 a
1207 1879 1437 1935 Damaso
1467 1879 1751 1935 decretum
1801 1879 1968 1946 dicat,
2005 1881 2182 1950 perci-

587 1970 782 2038 piztllll‘.

661 2061 746 2115 16.
784 2060 1064 2118 Verborum
1107 2063 1344 2136 Gregorii
1374 2065 1537 2133 prium
1577 2064 1932 2135 interpretatio
1963 2065 2181 2133 exponi-

583 2166 685 2210 tur.
720 2189 790 2198 -—
816 2158 972 2214 Illum
1001 2161 1302 2214 Gardinalis
1341 2160 1486 2214 Bona
1525 2160 1593 2215 de
1617 2160 1725 2214 div.
1777 2161 1910 2227 psal.
1947 2175 2065 2231 cap.
2112 2161 2178 2216 16

582 2252 652 2306 ita
683 2252 1090 2324 interpretatur,
1129 2273 1147 2305 ι
1181 2265 1233 2308 ut
1265 2271 1388 2308 cu:n
1417 2266 1660 2323 tempore
1691 2261 1898 2308 tantum
1932 2253 2181 2310 Paschali

581 2343 794 2398 alleluia
824 2354 1155 2410 cantaretur,
1212 2359 1337 2400 tunc
1369 2346 1710 2417 (Hieronymi
1762 2346 1978 2400 hortatu
2012 2362 2039 2398 a
2083 2346 2182 2400 Da-

581 2439 760 2505 maso)
790 2438 1057 2490 sancitum
1087 2439 1177 2504 sit,
1211 2439 1454 2492 utetiam
1499 2449 1652 2492 extra
1695 2439 1822 2492 illud
1856 2439 2173 2507 frequenta-

585 2536 754 2582 retur.
789 2546 803 2579 ι
841 2526 1146 2582 Cardinalis
1185 2530 1342 2598 hujus
1389 2531 1820 2599 interpretationi
1861 2531 2025 2584 etiam
2074 2530 2185 2584 Til-

585 2619 877 2675 lemontius
905 2632 979 2676 to.
1007 2622 1141 2689 Vill,
1177 2638 1296 2693 pag.
1323 2621 1450 2689 420,
1477 2623 1706 2677 accedit.
1733 2623 1808 2677 Ex
1839 2639 1944 2692 quo
1968 2624 2076 2678 duo
2098 2622 2183 2678 illi

583 2714 876 2785 clarissimi
906 2716 1007 2770 viri
1043 2715 1385 2770 traditionem
1430 2731 1459 2770 a
1516 2714 1787 2785 Gregorio
1833 2715 2186 2771 commenda-

592 2815 701 2860 tam
735 2781 1164 2862 nou'admodum
1194 2819 1403 2863 certam
1421 2823 1546 2863 esse
1571 2809 1896 2874 observant;
1921 2821 2066 2874 cum,
2104 2809 2187 2862 in-

591 2900 804 2968 quiunt,
834 2899 1051 2954 alleluia
1073 2901 1303 2955 canendi
1336 2915 1454 2956 mos
1479 2901 1664 2956 Romtc
1693 2901 1908 2956 Damasi
1935 2915 2052 2955 :evo
2076 2911 2184 2956 tam

589 2991 844 3059 frequens
891 3003 1060 3056 esset,
1098 3000 1160 3046 ut
1201 2995 1367 3047 etiam
1401 2994 1454 3047 iu
1496 2993 1795 3062 exsequiis,
1851 2994 2186 3065 Hieronymo

589 3092 727 3139 teste
751 3087 801 3138 in
833 3087 1111 3156 epitaphio
1164 3087 1420 3152 Fabiolae,
1468 3089 1764 3143 audiretur.
1813 3086 1978 3142 Addit
2025 3087 2188 3142 Titie-

2284 1896 2458 1952 catur,
2489 1884 2706 1939 alleluia
2747 1885 2937 1938 Roma:
2967 1893 3173 1937 tantum
3223 1882 3277 1936 iu
3308 1881 3514 1936 Pascha
3546 1883 3763 1936 cantari
3786 1897 3889 1936 au—

2283 1980 2457 2043 dicns,
2487 1978 2554 2032 de
2577 1993 2683 2032 uno
2703 1977 2789 2031 dic
2809 1976 3191 2046 interpretatus
3220 1983 3323 2041 est,
3347 1975 3492 2046 quod
3522 1974 3590 2030 de
3613 1984 3732 2030 toto
3751 1985 3888 2031 tem-

2287 2087 2418 2142 pore
2448 2057 2692 2125 Paschali
2713 2071 2812 2123 sibi
2840 2069 3043 2124 dictum
3073 2066 3273 2122 fuerat.

2356 2163 2444 2219 18.
2475 2162 2662 2233 Neque
2685 2163 2863 2215 minus
2890 2167 3012 2232 apte
3034 2161 3272 2215 cohaeret
3292 2159 3482 2216 eadem
3509 2161 3892 2232 interpretatio

2285 2256 2527 2327 Gregorii
2570 2256 2822 2310 orationi.
2856 2253 3141 2308 Pracmittit.
3159 2253 3358 2324 quippe
3381 2268 3567 2308 secum
3591 2254 3891 2325 quemdam

2284 2361 2643 2418 conquestum
2669 2362 2811 2409 esse,
2842 2364 2860 2395 ι
2897 2345 3019 2414 quia
3046 2344 3268 2400 alleluia
3301 2345 3408 2399 dici
3437 2345 3502 2399 ad
3519 2344 3708 2398 MiSsaS
3729 2355 3892 2399 extra

2287 2441 2630 2496 l’cntecostes
2679 2450 2923 2508 tempora
2977 2437 3213 2493 fecisset.
3255 2456 3274 2489 ι
3321 2437 3478 2493 Unde
3534 2453 3895 2509 consequens

2287 2542 2390 2597 est,
2428 2543 2478 2584 ut
2503 2541 2662 2586 antea
2687 2526 2900 2584 nonnisi
2938 2531 3073 2584 intra
3126 2528 3477 2584 Pentecostes
3525 2537 3771 2600 tempora
3804 2529 3893 2583 di-

2288 2635 2519 2679 co-rotur.
2554 2623 2687 2677 Ttuu
2715 2622 3080 2691 expostulanti
3118 2621 3261 2692 quod
3291 2620 3603 2676 Grazcorum
3643 2635 3859 2677 consue
3888 2657 3894 2660 -

2290 2719 2505 2774 tndines
2552 2720 2604 2771 in
2658 2717 2955 2772 Romanam
2997 2716 3286 2771 ecclesiam
3319 2715 3626 2779 invexisset,
3658 2730 3893 2784 respon-

2290 2813 2397 2876 det,
2429 2831 2445 2862 ι
2482 2813 2538 2866 ln
2558 2811 2705 2866 nullo
2727 2823 2912 2864 eorum
2934 2810 3095 2862 aliam
3117 2809 3395 2863 ecclesiam
3417 2807 3587 2862 secuti
3613 2823 3835 2862 sumus.
3867 2826 3886 2858 ι

2292 2907 2608 2976 Exindeque
2633 2903 2929 2960 secundum
2983 2918 3113 2958 mss.
3150 2902 3374 2972 Regium
3421 2911 3473 2955 et
3507 2901 3891 2956 Colbertinum

2290 3001 2535 3069 apposite
2567 2997 2786 3067 subjicit
2821 3014 2833 3050 :
2871 3015 2888 3048 ι
2919 2995 3050 3051 Nam
3081 3005 3138 3047 ut.
3165 2995 3379 3050 alleluia
3413 2995 3501 3048 hic
3532 3009 3641 3048 non
3681 2993 3894 3050 dicere-

2290 3100 2380 3144 tur
2409 3090 2612 3160 (supple
2643 3101 2794 3144 extra
2854 3090 3204 3143 Pentecostes
3254 3085 3523 3157 tempora)
3567 3085 3638 3140 de
3667 3085 3894 3141 Jeroso—

592 3181 850 3242 montius,
885 3195 984 3235 nec
1014 3181 1144 3236 illud
1177 3194 1409 3244 certum,
1443 3197 1508 3236 an
1543 3181 1904 3253 Hieronymus
1935 3190 2061 3236 ante
2083 3181 2190 3235 Da-
2215 3166 2261 3230 C
2299 3186 2562 3255 lymornin
2614 3184 2843 3238 ecclesia
2905 3199 2968 3237 ex
3010 3181 3151 3236 beati
3206 3180 3524 3251 Hieronymi
3576 3180 3887 3245 traditione,

589 3274 723 3325 masi
747 3272 956 3327 obitum
1005 3273 1403 3345 Jerosolyniam
1456 3275 1667 3329 adierit.
1723 3273 1918 3328 Verum
1967 3274 2182 3329 etiamsi

591 3363 976 3419 admitteretur
1025 3381 1212 3419 eorum
1247 3369 1646 3437 interpretatio,
1679 3377 1731 3424 et
1792 3368 2178 3440 Hieronymum

590 3465 881 3527 antequam
913 3459 978 3512 ad
1015 3460 1300 3515 Damasum
1348 3477 1407 3516 se
1438 3461 1732 3527 conferret,
1784 3462 2182 3534 Jerosolyntam

592 3564 700 3602 non
733 3549 931 3606 adiisse
959 3553 1380 3616 concederetur,
1408 3570 1470 3607 ex
1505 3554 1814 3608 rationibus
1843 3554 2020 3608 allatis
2052 3553 2186 3608 nihil

588 3642 848 3698 adversus
874 3645 1218 3700 traditionem
1251 3665 1276 3698 a
1323 3648 1588 3712 Gregorio
1631 3662 1987 3704 memoratam
2015 3650 2186 3704 confi-

589 3744 828 3791 ceretur.
876 3738 1060 3794 Primo
1109 3742 1252 3794 enim
1297 3742 1401 3812 ipsi
1430 3744 1496 3797 de
1525 3743 1738 3798 alleluia
1785 3754 1990 3798 tantum
2043 3746 2186 3800 intra

595 3828 785 3883 Missas
837 3833 1131 3896 cantando,
1187 3851 1292 3888 non
1351 3834 1419 3890 de
1468 3837 1731 3890 Vocabulo
1785 3836 1978 3891 eodem
2031 3847 2189 3892 extra

594 3923 784 3980 Missas
812 3936 866 3980 et
893 3929 948 3981 in
975 3929 1248 3999 exsequiis
1282 3930 1676 3999 frequentanda
1698 3946 1878 3986 sermo
1899 3940 1999 3986 est.
2030 3931 2189 3986 Dein-

592 4018 660 4071 de
687 4027 806 4085 post
841 4020 1055 4075 Damasi
1087 4022 1317 4088 obitum,
1349 4025 1597 4095 adeoque
1622 4034 1744 4095 post
1779 4025 2050 4080 invectum
2085 4042 2186 4078 no-

593 4127 716 4164 vum
732 4128 961 4173 morem.
987 4119 1262 4185 exsequize
1287 4117 1519 4173 Fabiola:
1541 4121 1907 4187 contigerunt.
1943 4119 2184 4186 Denique

593 4219 715 4258 cum
767 4205 1176 4278 Hieronymum,
1208 4217 1497 4280 antequam
1533 4213 1758 4265 Romam
1806 4211 2182 4279 contenderet,

595 4298 647 4350 in
678 4298 834 4370 Syria
866 4299 1081 4369 degisse
1110 4312 1352 4367 constet;
1384 4318 1508 4359 eum
1533 4305 1696 4359 etiam
1727 4304 1800 4360 ibi
1819 4304 2189 4376 Jerosolymo-

596 4405 715 4444 rum
744 4393 1172 4448 consuetudines
1201 4406 1508 4466 compertas
1535 4395 1735 4452 habere
1762 4398 2006 4468 potuisse
2037 4396 2190 4452 indu.

596 4483 825 4538 bitatum
849 4495 950 4540 est.

670 4576 754 4629 t7.
780 4575 957 4631 Altera
981 4579 1025 4631 ei
1046 4581 1396 4650 anteferendo.
1431 4612 1500 4620 —
1527 4581 1633 4637 Sed
1667 4583 1907 4637 virorum
1935 4581 2184 4638 laudato—
2212 4561 2265 4623 Ῐ)

592 4683 710 4722 rum
752 4669 1182 4741 interpretatioiti
1239 4674 1478 4728 Isidorus
1523 4675 1790 4730 Mercator
1835 4684 2054 4732 secutus
2106 4687 2190 4734 est

591 4774 815 4826 prorsus
836 4767 1163 4831 oppositam.
1199 4765 1314 4820 Non
1343 4767 1487 4822 enim
1519 4769 1627 4835 ille,
1666 4770 1765 4823 nisi
1795 4787 1862 4824 ex
1896 4770 2186 4826 citatorum

592 4852 838 4920 Gregorii
873 4857 1159 4912 verborum
1179 4861 1486 4926 occasione,
1539 4861 1923 4934 Hieronymum
1980 4864 2188 4919 induxit

594 4945 659 4999 ad
695 4945 980 5000 Damasum
1015 4949 1083 5002 ita
1133 4952 1506 5006 scribentem:
1551 4972 1569 5004 ι
1609 4955 1663 5008 ln
1711 4955 1954 5011 Ecclesia
2007 4967 2183 5012 autem

594 5039 837 5109 (alleluia
869 5040 1084 5096 dicendi
1120 5044 1268 5112 usus)
1295 5061 1320 5098 a
1352 5057 1532 5102 sancta
1556 5047 1981 5106 Rcsurrecdone
2015 5068 2182 5123 usque

593 5130 658 5184 ad
684 5143 925 5188 sanctam
958 5133 1316 5191 Pentecosten
1347 5137 1563 5193 ﬁniatur
1590 5143 1728 5196 inter
1769 5143 1977 5198 dierum
2009 5144 2182 5213 Spatia

594 5225 1003 5295 quinquaginta.
1037 5246 1056 5280 ι
1097 5228 1170 5282 Ex
1203 5246 1308 5298 quo
1335 5231 1655 5301 Gregorium
1707 5235 1785 5289 sic
1813 5237 1880 5289 ab
1907 5251 1971 5288 co
2021 5237 2185 5291 intol-

592 5318 791 5374 lectum
817 5336 940 5377 esse
972 5323 1198 5378 evidens
1228 5333 1329 5386 est,
1358 5335 1412 5378 ut
1441 5340 1560 5380 cum
1583 5327 1797 5382 alleluia
1832 5330 1979 5398 prius
2000 5339 2187 5386 canta-

590 5420 741 5465 retur
764 5421 917 5467 extra
953 5414 1315 5470 Pentecosten
1337 5459 1352 5484 ,
1413 5419 1541 5473 illud
1570 5419 1835 5476 Damasus
1863 5420 2181 5494 Hieronymi

590 5505 805 5562 hortatu
838 5509 981 5564 intra
1011 5510 1358 5567 Pentecosteu
1385 5521 1588 5568 tantum
1621 5515 1904 5570 dicendum
1933 5531 2052 5572 esse
2082 5518 2180 5572 dc-

589 5603 837 5656 ct'evcrit.
873 5604 930 5657 Et
966 5605 1009 5659 is
1034 5605 1248 5674 qu'dem
1283 5608 1566 5662 rei-horum
1599 5609 1842 5677 Gregorii
1872 5611 2179 5665 intellectus

588 5710 710 5750 cum
736 5697 902 5764 ipsius
931 5699 1184 5766 orationi,
1215 5711 1323 5754 tmn
1369 5701 1640 5757 historica:
1678 5704 1888 5758 veritati
1938 5703 2182 5771 apprime

589 5791 856 5861 congruit.
885 5790 1110 5850 Certum
1143 5802 1228 5849 est
1257 5796 1400 5859 enim
1436 5797 1723 5874 Augustini
1768 5813 1886 5852 aevo
1921 5794 2181 5869 quasdam

2294 3285 2542 3345 tempore
2565 3278 2734 3330 beata:
2765 3278 3042 3329 memor-ite
3067 3273 3279 3327 Damasi
3312 3288 3486 3342 papm,
3525 3273 3752 3327 traditur
3776 3282 3886 3326 tra-

2291 3375 2457 3421 ctum.
2496 3366 2562 3420 Et
2587 3365 2708 3421 ideo
2735 3366 2904 3434 magis
2933 3366 2985 3419 iu
3011 3364 3109 3418 hac
3133 3379 3214 3429 re,
3257 3381 3275 3416 ι
3309 3378 3414 3433 qua
3441 3363 3569 3417 illud
3597 3366 3754 3418 etiam
3783 3379 3889 3418 ex-

2294 3473 2373 3515 tra
2402 3461 2753 3515 Pentecostes
2782 3468 3022 3529 tempora
3049 3457 3151 3512 dici
3198 3457 3484 3527 iussimus,
3523 3475 3541 3508 ι
3577 3457 3723 3510 illam
3752 3469 3886 3510 con-

2292 3555 2631 3609 suetudinem
2657 3553 3075 3622 amputavinuu,
3135 3565 3256 3621 quin
3281 3551 3369 3604 hic
3393 3565 3422 3604 a
3458 3550 3664 3606 Graecis
3714 3550 3886 3604 fuerat

2295 3646 2511 3700 tradita.
2541 3665 2558 3698 ι
2590 3645 2732 3701 Sane
2754 3645 2805 3699 in
2831 3645 2930 3698 bac
2954 3653 3063 3697 tota
3091 3643 3337 3697 oratiotie
3365 3644 3444 3697 sic
3462 3644 3731 3712 explicata
3755 3641 3884 3696 nihil

2293 3749 2396 3804 est,
2429 3737 2568 3807 quod
2601 3736 2843 3805 Gregorii
2897 3750 3061 3804 scopo
3093 3749 3199 3789 non
3256 3734 3538 3802 aptissime
3587 3741 3878 3800 congruat.

2291 3829 2491 3886 Contra
2515 3830 2559 3884 si
2587 3845 2707 3885 cum
2737 3829 2950 3898 vulgata
2981 3827 3235 3893 leCtioue,
3273 3823 3414 3879 Nam
3461 3834 3516 3878 ut
3560 3826 3774 3879 alleluia
3801 3826 3884 3878 hic

2293 3923 2566 3984 diceretur,
2601 3921 2914 3991 suppleatur
2953 3920 3160 3988 pariter
3187 3928 3334 3972 extra
3380 3916 3707 3971 Pentecoste:
3755 3926 3885 3969 teru-

2293 4032 2439 4085 pora,
2468 4031 2572 4070 non
2593 4025 2796 4068 tantum
2816 4020 3046 4068 obscura
3066 4023 3119 4067 et
3135 4011 3284 4065 omni
3310 4011 3585 4066 intellectu
3605 4010 3883 4074 destituta,

2292 4110 2385 4164 sed
2415 4109 2579 4163 etiam
2608 4108 2836 4162 absurda
2856 4108 3028 4163 cVadit
3050 4107 3291 4177 ejusdem
3317 4106 3590 4177 pontificis
3616 4106 3812 4159 oratio.

2364 4203 2448 4258 19.
2482 4202 2596 4268 Quo
2626 4213 2774 4274 pacto
2801 4213 2936 4257 stare
2966 4217 3117 4273 queat
3144 4218 3175 4253 a
3202 4199 3452 4271 Gregorio
3493 4200 3698 4270 prolata
3724 4198 3890 4251 tradi-

2292 4297 2590 4353 tio.—|lis
2633 4296 2844 4365 positis,
2906 4294 3253 4365 quaerendum
3297 4293 3410 4363 jam
3463 4301 3656 4356 restat,
3706 4307 3778 4346 an
3833 4289 3886 4344 id

2291 4394 2480 4448 saltem
2511 4393 2687 4447 valeat
2714 4400 2878 4457 stare,
2907 4391 3048 4460 quod
3101 4388 3395 4460 GregOrim
3430 4386 3572 4441 velut
3597 4385 3666 4440 ab
3690 4384 3888 4441 Hiero-

2293 4501 2456 4558 nymo
2488 4503 2506 4536 ι
2543 4501 2606 4539 ex
2638 4483 2926 4538 traditione
2956 4490 3184 4536 tractum
3215 4499 3234 4532 ι
3262 4480 3470 4535 scribit.
3489 4477 3891 4546 Nonnehujus-

2293 4577 2433 4632 modi
2463 4576 2736 4630 traditioni
2767 4574 3107 4636 adversatur,
3141 4572 3282 4644 quod
3327 4572 3466 4626 idem
3498 4571 3699 4626 Doctor
3729 4569 3890 4624 initio

2291 4670 2412 4725 libri
2443 4679 2628 4724 cnntra
2673 4667 3014 4739 Vigilantiam
3075 4665 3235 4736 hujus
3265 4665 3505 4720 haeretici
3555 4663 3764 4718 dictum
3788 4666 3890 4716 im-

2291 4767 2502 4836 probat,
2539 4783 2555 4815 ι
2595 4777 2880 4832 numquam
2929 4761 3028 4814 nisi
3055 4760 3106 4814 iu
3142 4758 3338 4813 l‘ascha
3385 4757 3601 4812 alleluia
3653 4764 3885 4809 cantan-

2290 4861 2416 4915 dum
2455 4880 2470 4912 ι
2505 4859 2854 4922 affirmantis;
2881 4865 2973 4910 aut
3002 4854 3145 4924 quod
3195 4855 3246 4907 in
3294 4852 3568 4922 epitapbio
3618 4848 3887 4912 Fabiola),

2292 4954 2623 5010 totiusnrbis
2664 4951 2729 5005 ad
2758 4953 2873 5019 ojns
2921 4950 3209 5016 exsequias
3257 4957 3526 5002 concursu
3577 4953 3892 4998 memorato

2287 5048 2522 5113 subjicit,
2553 5064 2571 5098 ι
2602 5045 2880 5100 Sonabant
2911 5040 3120 5110 psalmi,
3150 5049 3205 5092 et
3232 5046 3419 5092 aurata
3442 5035 3774 5106 templorum
3801 5051 3887 5090 re-

2291 5141 2458 5194 boans
2491 5139 2541 5191 iti
2574 5135 2803 5190 sublime
2837 5133 3110 5205 quatiebat
3149 5129 3406 5185 alleluia?
3442 5149 3460 5180 ι
3508 5129 3676 5181 Immo
3717 5126 3890 5181 etiam

2290 5247 2396 5286 nou
2427 5233 2581 5299 longe
2604 5237 2728 5281 ante
2768 5225 3016 5295 Gregorii
3066 5232 3331 5293 tempora,
3381 5221 3570 5274 saltem
3615 5219 3670 5272 in
3713 5217 3892 5273 Italia.-

2290 5324 2557 5390 etelosiis,
2599 5323 2811 5378 alleluia
2858 5331 3010 5376 extra
3039 5319 3396 5373 Pentecosteu
3447 5313 3653 5368 cantari
3680 5327 3745 5368 ac
3779 5315 3890 5366 fre-

2289 5418 2534 5491 quentari
2575 5417 2920 5470 consuevisse
2961 5423 3277 5481 argumento
3325 5417 3408 5464 est
3451 5409 3565 5476 ipsa
3614 5405 3892 5476 Grego:iu

2294 5521 2416 5566 nota
2457 5516 2618 5579 atque
2647 5505 2923 5562 familiaris
2965 5502 3316 5558 Benedictina
3353 5498 3575 5569 Regula,
3606 5498 3771 5568 cujus
3801 5512 3889 5552 ca-

2291 5605 2396 5672 pite
2425 5605 2489 5660 15
2513 5600 2819 5672 praecipitur
2853 5617 2864 5651 :
2905 5615 2922 5648 ι
2970 5594 3039 5651 Ut
3068 5595 3212 5648 omni
3249 5591 3523 5648 Dominica
3560 5601 3714 5645 extra
3750 5606 3890 5663 (ιαπ-

2290 5694 2649 5766 dragesimam
2679 5691 2884 5746 cantica
2915 5687 3179 5753 Matutini,
3215 5685 3410 5748 Prima,
3438 5682 3645 5747 Tertia,
3684 5685 3886 5746 Sexta,

2292 5791 2551 5858 Nonaque
2571 5800 2691 5842 cum
2721 5781 2931 5839 alleluia
2964 5780 3246 5844 dicantur;
3272 5796 3292 5830 ι
3321 5778 3536 5833 caeteris
3560 5783 3750 5834 autem
3780 5776 3900 5836 dio-
