  <div class='ocr_page' id='page_1' title='image "/cluster/home/n/w/nwhite01/storage/ocr_20150623/13/hvd.32044096580428/612.png"; bbox 0 0 4120 6186; ppageno 0'>
   <div class='ocr_carea' id='block_1_1' title="bbox 351 299 488 354">
    <p class='ocr_par' dir='ltr' id='par_1_1' title="bbox 351 299 488 354">
     <span class='ocr_line' id='line_1_1' title="bbox 351 299 488 354; baseline 0.015 -2"><span class='ocrx_word' id='word_1_1' title='bbox 351 299 488 354; x_wconf 63' lang='grc' dir='ltr'><strong>ἐξ).ῑῦ</strong></span> 
     </span>
    </p>
   </div>
   <div class='ocr_carea' id='block_1_2' title="bbox 973 289 3006 356">
    <p class='ocr_par' dir='ltr' id='par_1_2' title="bbox 973 289 3006 356">
     <span class='ocr_line' id='line_1_2' title="bbox 973 289 3006 356; baseline -0.003 -2"><span class='ocrx_word' id='word_1_2' title='bbox 973 297 1291 356; x_wconf 71' lang='lat' dir='ltr'><strong>CENSURA</strong></span> <span class='ocrx_word' id='word_1_3' title='bbox 1338 297 1815 354; x_wconf 78' lang='lat' dir='ltr'><strong>DECllETORUM</strong></span> <span class='ocrx_word' id='word_1_4' title='bbox 1857 294 2141 351; x_wconf 73' lang='lat' dir='ltr'><strong>DAM.\SO</strong></span> <span class='ocrx_word' id='word_1_5' title='bbox 2182 294 2198 348; x_wconf 96' lang='lat' dir='ltr'><strong>I</strong></span> <span class='ocrx_word' id='word_1_6' title='bbox 2245 293 2450 350; x_wconf 75' lang='grc' dir='ltr'><strong>ΡΜ)Ᾱῦ</strong></span> <span class='ocrx_word' id='word_1_7' title='bbox 2493 289 3006 349; x_wconf 77' lang='lat' dir='ltr'><strong>ASCBIPTORUM.</strong></span> 
     </span>
    </p>
   </div>
   <div class='ocr_carea' id='block_1_3' title="bbox 3504 289 3642 349">
    <p class='ocr_par' dir='ltr' id='par_1_3' title="bbox 3504 289 3642 349">
     <span class='ocr_line' id='line_1_3' title="bbox 3504 289 3642 349; baseline 0.036 -5"><span class='ocrx_word' id='word_1_8' title='bbox 3504 289 3642 349; x_wconf 67' lang='grc' dir='ltr'><strong>ιριι</strong></span> 
     </span>
    </p>
   </div>
   <div class='ocr_carea' id='block_1_4' title="bbox 347 411 3640 485">
    <p class='ocr_par' dir='ltr' id='par_1_4' title="bbox 347 411 3640 485">
     <span class='ocr_line' id='line_1_4' title="bbox 347 411 3640 485; baseline -0.001 -17"><span class='ocrx_word' id='word_1_9' title='bbox 347 412 445 468; x_wconf 86' lang='lat' dir='ltr'><strong>bus</strong></span> <span class='ocrx_word' id='word_1_10' title='bbox 496 433 512 464; x_wconf 76' lang='grc' dir='ltr'><strong>ι</strong></span> <span class='ocrx_word' id='word_1_11' title='bbox 549 429 575 465; x_wconf 92' lang='lat' dir='ltr'><strong>a</strong></span> <span class='ocrx_word' id='word_1_12' title='bbox 611 413 926 468; x_wconf 73' lang='lat' dir='ltr'><strong>Pentecoste</strong></span> <span class='ocrx_word' id='word_1_13' title='bbox 971 431 1142 483; x_wconf 81' lang='lat' dir='ltr'><strong>us-pie</strong></span> <span class='ocrx_word' id='word_1_14' title='bbox 1196 415 1262 469; x_wconf 91' lang='lat' dir='ltr'><strong>ad</strong></span> <span class='ocrx_word' id='word_1_15' title='bbox 1309 424 1467 485; x_wconf 88' lang='lat' dir='ltr'><strong>caput</strong></span> <span class='ocrx_word' id='word_1_16' title='bbox 1510 413 1939 485; x_wconf 74' lang='lat' dir='ltr'><strong>quadragesima:</strong></span> <span class='ocrx_word' id='word_1_17' title='bbox 1967 415 2016 474; x_wconf 80' lang='grc' dir='ltr'><strong>Α</strong></span> <span class='ocrx_word' id='word_1_18' title='bbox 2046 414 2356 484; x_wconf 72' lang='lat' dir='ltr'><strong>persistere.</strong></span> <span class='ocrx_word' id='word_1_19' title='bbox 2392 413 2581 484; x_wconf 81' lang='lat' dir='ltr'><strong>Siquis</strong></span> <span class='ocrx_word' id='word_1_20' title='bbox 2598 428 2728 468; x_wconf 88' lang='lat' dir='ltr'><strong>vero</strong></span> <span class='ocrx_word' id='word_1_21' title='bbox 2744 423 2934 466; x_wconf 82' lang='lat' dir='ltr'><strong>cootra</strong></span> <span class='ocrx_word' id='word_1_22' title='bbox 2964 411 3097 465; x_wconf 77' lang='lat' dir='ltr'><strong>ham:</strong></span> <span class='ocrx_word' id='word_1_23' title='bbox 3123 413 3640 481; x_wconf 50' lang='lat' dir='ltr'><strong>regulamuostram,</strong></span> 
     </span>
    </p>
   </div>
   <div class='ocr_carea' id='block_1_5' title="bbox 346 505 1945 579">
    <p class='ocr_par' dir='ltr' id='par_1_5' title="bbox 346 505 1945 579">
     <span class='ocr_line' id='line_1_5' title="bbox 346 505 1945 579; baseline 0.001 -20"><span class='ocrx_word' id='word_1_24' title='bbox 346 507 597 570; x_wconf 84' lang='lat' dir='ltr'><strong>omnibus</strong></span> <span class='ocrx_word' id='word_1_25' title='bbox 628 505 879 563; x_wconf 90' lang='lat' dir='ltr'><strong>noctibus</strong></span> <span class='ocrx_word' id='word_1_26' title='bbox 929 505 1190 579; x_wconf 85' lang='lat' dir='ltr'><strong>(alleluia)</strong></span> <span class='ocrx_word' id='word_1_27' title='bbox 1237 523 1355 562; x_wconf 92' lang='lat' dir='ltr'><strong>cum</strong></span> <span class='ocrx_word' id='word_1_28' title='bbox 1407 522 1499 561; x_wconf 82' lang='lat' dir='ltr'><strong>sex</strong></span> <span class='ocrx_word' id='word_1_29' title='bbox 1550 505 1945 577; x_wconf 79' lang='lat' dir='ltr'><strong>posterioribus</strong></span> 
     </span>
    </p>
   </div>
   <div class='ocr_carea' id='block_1_6' title="bbox 348 596 1944 670">
    <p class='ocr_par' dir='ltr' id='par_1_6' title="bbox 348 596 1944 670">
     <span class='ocr_line' id='line_1_6' title="bbox 348 596 1944 670; baseline 0 -19"><span class='ocrx_word' id='word_1_30' title='bbox 348 600 567 670; x_wconf 80' lang='lat' dir='ltr'><strong>psalmis</strong></span> <span class='ocrx_word' id='word_1_31' title='bbox 598 610 803 654; x_wconf 89' lang='lat' dir='ltr'><strong>tantum</strong></span> <span class='ocrx_word' id='word_1_32' title='bbox 833 599 898 653; x_wconf 90' lang='lat' dir='ltr'><strong>ad</strong></span> <span class='ocrx_word' id='word_1_33' title='bbox 923 599 1228 655; x_wconf 83' lang='lat' dir='ltr'><strong>Nocturnos</strong></span> <span class='ocrx_word' id='word_1_34' title='bbox 1267 599 1492 653; x_wconf 90' lang='lat' dir='ltr'><strong>dicatur.</strong></span> <span class='ocrx_word' id='word_1_35' title='bbox 1534 617 1553 650; x_wconf 72' lang='grc' dir='ltr'><strong>ι</strong></span> <span class='ocrx_word' id='word_1_36' title='bbox 1583 596 1715 653; x_wconf 90' lang='lat' dir='ltr'><strong>Cum</strong></span> <span class='ocrx_word' id='word_1_37' title='bbox 1746 598 1829 652; x_wconf 88' lang='lat' dir='ltr'><strong>his</strong></span> <span class='ocrx_word' id='word_1_38' title='bbox 1865 608 1944 651; x_wconf 90' lang='lat' dir='ltr'><strong>ta-</strong></span> 
     </span>
    </p>
   </div>
   <div class='ocr_carea' id='block_1_7' title="bbox 345 693 1943 764">
    <p class='ocr_par' dir='ltr' id='par_1_7' title="bbox 345 693 1943 764">
     <span class='ocr_line' id='line_1_7' title="bbox 345 693 1943 764; baseline -0.001 -17"><span class='ocrx_word' id='word_1_39' title='bbox 345 709 470 747; x_wconf 89' lang='lat' dir='ltr'><strong>men</strong></span> <span class='ocrx_word' id='word_1_40' title='bbox 510 695 758 763; x_wconf 90' lang='lat' dir='ltr'><strong>componi</strong></span> <span class='ocrx_word' id='word_1_41' title='bbox 808 703 982 764; x_wconf 89' lang='lat' dir='ltr'><strong>potest</strong></span> <span class='ocrx_word' id='word_1_42' title='bbox 1013 704 1309 749; x_wconf 88' lang='lat' dir='ltr'><strong>memorata</strong></span> <span class='ocrx_word' id='word_1_43' title='bbox 1341 693 1580 757; x_wconf 76' lang='lat' dir='ltr'><strong>traditio,</strong></span> <span class='ocrx_word' id='word_1_44' title='bbox 1615 693 1659 748; x_wconf 91' lang='lat' dir='ltr'><strong>si</strong></span> <span class='ocrx_word' id='word_1_45' title='bbox 1680 693 1822 764; x_wconf 90' lang='lat' dir='ltr'><strong>quod</strong></span> <span class='ocrx_word' id='word_1_46' title='bbox 1853 709 1943 747; x_wconf 88' lang='lat' dir='ltr'><strong>su-</strong></span> 
     </span>
    </p>
   </div>
   <div class='ocr_carea' id='block_1_8' title="bbox 343 783 1938 860">
    <p class='ocr_par' dir='ltr' id='par_1_8' title="bbox 343 783 1938 860">
     <span class='ocr_line' id='line_1_8' title="bbox 343 783 1938 860; baseline -0.001 -21"><span class='ocrx_word' id='word_1_47' title='bbox 343 785 530 860; x_wconf 86' lang='lat' dir='ltr'><strong>perius</strong></span> <span class='ocrx_word' id='word_1_48' title='bbox 558 800 588 839; x_wconf 91' lang='lat' dir='ltr'><strong>a</strong></span> <span class='ocrx_word' id='word_1_49' title='bbox 619 786 778 840; x_wconf 87' lang='lat' dir='ltr'><strong>nobis</strong></span> <span class='ocrx_word' id='word_1_50' title='bbox 803 795 885 841; x_wconf 92' lang='lat' dir='ltr'><strong>est</strong></span> <span class='ocrx_word' id='word_1_51' title='bbox 907 786 1282 851; x_wconf 87' lang='lat' dir='ltr'><strong>observatum,</strong></span> <span class='ocrx_word' id='word_1_52' title='bbox 1302 787 1644 845; x_wconf 89' lang='lat' dir='ltr'><strong>admittatur.</strong></span> <span class='ocrx_word' id='word_1_53' title='bbox 1674 800 1794 841; x_wconf 87' lang='lat' dir='ltr'><strong>eam</strong></span> <span class='ocrx_word' id='word_1_54' title='bbox 1827 783 1938 838; x_wconf 86' lang='lat' dir='ltr'><strong>sci-</strong></span> 
     </span>
    </p>
   </div>
   <div class='ocr_carea' id='block_1_9' title="bbox 344 877 1937 948">
    <p class='ocr_par' dir='ltr' id='par_1_9' title="bbox 344 877 1937 948">
     <span class='ocr_line' id='line_1_9' title="bbox 344 877 1937 948; baseline 0 -18"><span class='ocrx_word' id='word_1_55' title='bbox 344 879 473 932; x_wconf 83' lang='lat' dir='ltr'><strong>licet</strong></span> <span class='ocrx_word' id='word_1_56' title='bbox 502 877 570 933; x_wconf 94' lang='lat' dir='ltr'><strong>dc</strong></span> <span class='ocrx_word' id='word_1_57' title='bbox 621 878 839 932; x_wconf 78' lang='lat' dir='ltr'><strong>alleluia</strong></span> <span class='ocrx_word' id='word_1_58' title='bbox 885 878 954 931; x_wconf 84' lang='lat' dir='ltr'><strong>ad</strong></span> <span class='ocrx_word' id='word_1_59' title='bbox 1003 877 1192 933; x_wconf 75' lang='lat' dir='ltr'><strong>Missas</strong></span> <span class='ocrx_word' id='word_1_60' title='bbox 1239 879 1474 933; x_wconf 90' lang='lat' dir='ltr'><strong>dicendo</strong></span> <span class='ocrx_word' id='word_1_61' title='bbox 1525 877 1937 948; x_wconf 73' lang='lat' dir='ltr'><strong>intelligendam</strong></span> 
     </span>
    </p>
   </div>
   <div class='ocr_carea' id='block_1_10' title="bbox 343 970 1941 1041">
    <p class='ocr_par' dir='ltr' id='par_1_10' title="bbox 343 970 1941 1041">
     <span class='ocr_line' id='line_1_10' title="bbox 343 970 1941 1041; baseline -0.001 -15"><span class='ocrx_word' id='word_1_62' title='bbox 343 987 467 1026; x_wconf 89' lang='lat' dir='ltr'><strong>esse</strong></span> <span class='ocrx_word' id='word_1_63' title='bbox 498 989 510 1024; x_wconf 88' lang='lat'><strong>:</strong></span> <span class='ocrx_word' id='word_1_64' title='bbox 541 971 677 1026; x_wconf 85' lang='lat' dir='ltr'><strong>adeo</strong></span> <span class='ocrx_word' id='word_1_65' title='bbox 708 980 763 1025; x_wconf 93' lang='lat' dir='ltr'><strong>ut</strong></span> <span class='ocrx_word' id='word_1_66' title='bbox 791 970 934 1040; x_wconf 90' lang='lat' dir='ltr'><strong>quod</strong></span> <span class='ocrx_word' id='word_1_67' title='bbox 966 970 1171 1041; x_wconf 80' lang='lat' dir='ltr'><strong>Regula</strong></span> <span class='ocrx_word' id='word_1_68' title='bbox 1215 971 1574 1027; x_wconf 88' lang='lat' dir='ltr'><strong>Benedictiua</strong></span> <span class='ocrx_word' id='word_1_69' title='bbox 1624 973 1742 1025; x_wconf 91' lang='lat' dir='ltr'><strong>loco</strong></span> <span class='ocrx_word' id='word_1_70' title='bbox 1773 972 1941 1025; x_wconf 90' lang='lat' dir='ltr'><strong>citato</strong></span> 
     </span>
    </p>
   </div>
   <div class='ocr_carea' id='block_1_11' title="bbox 344 1062 1943 1134">
    <p class='ocr_par' dir='ltr' id='par_1_11' title="bbox 344 1062 1943 1134">
     <span class='ocr_line' id='line_1_11' title="bbox 344 1062 1943 1134; baseline -0.001 -16"><span class='ocrx_word' id='word_1_71' title='bbox 344 1062 414 1118; x_wconf 90' lang='lat' dir='ltr'><strong>de</strong></span> <span class='ocrx_word' id='word_1_72' title='bbox 444 1063 809 1133; x_wconf 72' lang='lat' dir='ltr'><strong>responsnriis</strong></span> <span class='ocrx_word' id='word_1_73' title='bbox 833 1065 1140 1129; x_wconf 80' lang='lat' dir='ltr'><strong>constituit,</strong></span> <span class='ocrx_word' id='word_1_74' title='bbox 1176 1083 1193 1115; x_wconf 75' lang='grc' dir='ltr'><strong>ι</strong></span> <span class='ocrx_word' id='word_1_75' title='bbox 1226 1064 1594 1134; x_wconf 79' lang='lat' dir='ltr'><strong>Responsoria</strong></span> <span class='ocrx_word' id='word_1_76' title='bbox 1629 1078 1756 1117; x_wconf 92' lang='lat' dir='ltr'><strong>vero</strong></span> <span class='ocrx_word' id='word_1_77' title='bbox 1785 1079 1943 1117; x_wconf 84' lang='lat' dir='ltr'><strong>num-</strong></span> 
     </span>
    </p>
   </div>
   <div class='ocr_carea' id='block_1_12' title="bbox 345 1154 1940 1226">
    <p class='ocr_par' dir='ltr' id='par_1_12' title="bbox 345 1154 1940 1226">
     <span class='ocr_line' id='line_1_12' title="bbox 345 1154 1940 1226; baseline 0.003 -19"><span class='ocrx_word' id='word_1_78' title='bbox 345 1169 505 1222; x_wconf 89' lang='lat' dir='ltr'><strong>quam</strong></span> <span class='ocrx_word' id='word_1_79' title='bbox 539 1154 792 1209; x_wconf 85' lang='lat' dir='ltr'><strong>dicantur</strong></span> <span class='ocrx_word' id='word_1_80' title='bbox 823 1170 944 1209; x_wconf 90' lang='lat' dir='ltr'><strong>cum</strong></span> <span class='ocrx_word' id='word_1_81' title='bbox 974 1154 1215 1219; x_wconf 84' lang='lat' dir='ltr'><strong>alleluia,</strong></span> <span class='ocrx_word' id='word_1_82' title='bbox 1244 1158 1352 1211; x_wconf 87' lang='lat' dir='ltr'><strong>nisi</strong></span> <span class='ocrx_word' id='word_1_83' title='bbox 1376 1172 1403 1209; x_wconf 89' lang='lat' dir='ltr'><strong>a</strong></span> <span class='ocrx_word' id='word_1_84' title='bbox 1434 1156 1642 1210; x_wconf 85' lang='lat' dir='ltr'><strong>Pascha</strong></span> <span class='ocrx_word' id='word_1_85' title='bbox 1683 1173 1852 1226; x_wconf 88' lang='lat' dir='ltr'><strong>usque</strong></span> <span class='ocrx_word' id='word_1_86' title='bbox 1876 1157 1940 1212; x_wconf 88' lang='lat' dir='ltr'><strong>ad</strong></span> 
     </span>
    </p>
   </div>
   <div class='ocr_carea' id='block_1_13' title="bbox 346 1249 1943 1320">
    <p class='ocr_par' dir='ltr' id='par_1_13' title="bbox 346 1249 1943 1320">
     <span class='ocr_line' id='line_1_13' title="bbox 346 1249 1943 1320; baseline 0 -16"><span class='ocrx_word' id='word_1_87' title='bbox 346 1249 735 1315; x_wconf 78' lang='lat' dir='ltr'><strong>Pentecosten,</strong></span> <span class='ocrx_word' id='word_1_88' title='bbox 775 1267 792 1301; x_wconf 77' lang='grc' dir='ltr'><strong>ι</strong></span> <span class='ocrx_word' id='word_1_89' title='bbox 834 1250 937 1303; x_wconf 93' lang='lat' dir='ltr'><strong>hoc</strong></span> <span class='ocrx_word' id='word_1_90' title='bbox 962 1251 1130 1305; x_wconf 89' lang='lat' dir='ltr'><strong>etiam</strong></span> <span class='ocrx_word' id='word_1_91' title='bbox 1164 1250 1351 1305; x_wconf 61' lang='lat' dir='ltr'><strong>Romae</strong></span> <span class='ocrx_word' id='word_1_92' title='bbox 1378 1261 1504 1305; x_wconf 87' lang='lat' dir='ltr'><strong>ante</strong></span> <span class='ocrx_word' id='word_1_93' title='bbox 1525 1249 1772 1320; x_wconf 82' lang='lat' dir='ltr'><strong>Gregorii</strong></span> <span class='ocrx_word' id='word_1_94' title='bbox 1807 1259 1943 1305; x_wconf 89' lang='lat' dir='ltr'><strong>tem-</strong></span> 
     </span>
    </p>
   </div>
   <div class='ocr_carea' id='block_1_14' title="bbox 347 1340 1940 1415">
    <p class='ocr_par' dir='ltr' id='par_1_14' title="bbox 347 1340 1940 1415">
     <span class='ocr_line' id='line_1_14' title="bbox 347 1340 1940 1415; baseline 0.003 -21"><span class='ocrx_word' id='word_1_95' title='bbox 347 1357 478 1411; x_wconf 91' lang='lat' dir='ltr'><strong>pora</strong></span> <span class='ocrx_word' id='word_1_96' title='bbox 509 1341 561 1395; x_wconf 92' lang='lat' dir='ltr'><strong>in</strong></span> <span class='ocrx_word' id='word_1_97' title='bbox 594 1340 770 1396; x_wconf 81' lang='lat' dir='ltr'><strong>Missis</strong></span> <span class='ocrx_word' id='word_1_98' title='bbox 799 1343 1097 1408; x_wconf 90' lang='lat' dir='ltr'><strong>obtineret,</strong></span> <span class='ocrx_word' id='word_1_99' title='bbox 1133 1353 1190 1396; x_wconf 92' lang='lat' dir='ltr'><strong>ut</strong></span> <span class='ocrx_word' id='word_1_100' title='bbox 1228 1358 1521 1415; x_wconf 86' lang='lat' dir='ltr'><strong>numquam</strong></span> <span class='ocrx_word' id='word_1_101' title='bbox 1564 1360 1684 1398; x_wconf 92' lang='lat' dir='ltr'><strong>cum</strong></span> <span class='ocrx_word' id='word_1_102' title='bbox 1727 1345 1940 1398; x_wconf 78' lang='lat' dir='ltr'><strong>alleluia</strong></span> 
     </span>
    </p>
   </div>
   <div class='ocr_carea' id='block_1_15' title="bbox 341 1433 1940 1502">
    <p class='ocr_par' dir='ltr' id='par_1_15' title="bbox 341 1433 1940 1502">
     <span class='ocr_line' id='line_1_15' title="bbox 341 1433 1940 1502; baseline 0.003 -14"><span class='ocrx_word' id='word_1_103' title='bbox 341 1434 447 1488; x_wconf 90' lang='lat' dir='ltr'><strong>nisi</strong></span> <span class='ocrx_word' id='word_1_104' title='bbox 471 1449 500 1488; x_wconf 92' lang='lat' dir='ltr'><strong>a</strong></span> <span class='ocrx_word' id='word_1_105' title='bbox 530 1433 742 1488; x_wconf 86' lang='lat' dir='ltr'><strong>Pascha</strong></span> <span class='ocrx_word' id='word_1_106' title='bbox 771 1449 939 1502; x_wconf 90' lang='lat' dir='ltr'><strong>usque</strong></span> <span class='ocrx_word' id='word_1_107' title='bbox 973 1434 1036 1489; x_wconf 89' lang='lat' dir='ltr'><strong>ad</strong></span> <span class='ocrx_word' id='word_1_108' title='bbox 1059 1435 1418 1491; x_wconf 89' lang='lat' dir='ltr'><strong>Pentecosten</strong></span> <span class='ocrx_word' id='word_1_109' title='bbox 1445 1435 1776 1491; x_wconf 88' lang='lat' dir='ltr'><strong>dicerentur.</strong></span> <span class='ocrx_word' id='word_1_110' title='bbox 1801 1435 1940 1492; x_wconf 85' lang='lat' dir='ltr'><strong>Gre-</strong></span> 
     </span>
    </p>
   </div>
   <div class='ocr_carea' id='block_1_16' title="bbox 341 1527 1935 1598">
    <p class='ocr_par' dir='ltr' id='par_1_16' title="bbox 341 1527 1935 1598">
     <span class='ocr_line' id='line_1_16' title="bbox 341 1527 1935 1598; baseline 0.004 -22"><span class='ocrx_word' id='word_1_111' title='bbox 341 1527 532 1598; x_wconf 76' lang='lat' dir='ltr'><strong>gorius</strong></span> <span class='ocrx_word' id='word_1_112' title='bbox 561 1535 745 1582; x_wconf 88' lang='lat' dir='ltr'><strong>autem</strong></span> <span class='ocrx_word' id='word_1_113' title='bbox 778 1528 1252 1595; x_wconf 80' lang='lat' dir='ltr'><strong>consuetudinem,</strong></span> <span class='ocrx_word' id='word_1_114' title='bbox 1287 1545 1406 1598; x_wconf 71' lang='lat' dir='ltr'><strong>qua:</strong></span> <span class='ocrx_word' id='word_1_115' title='bbox 1445 1539 1498 1582; x_wconf 91' lang='lat' dir='ltr'><strong>ut</strong></span> <span class='ocrx_word' id='word_1_116' title='bbox 1531 1527 1736 1584; x_wconf 80' lang='lat' dir='ltr'><strong>ferebat</strong></span> <span class='ocrx_word' id='word_1_117' title='bbox 1771 1527 1935 1596; x_wconf 80' lang='lat' dir='ltr'><strong>fama,</strong></span> 
     </span>
    </p>
   </div>
   <div class='ocr_carea' id='block_1_17' title="bbox 342 1617 1940 1693">
    <p class='ocr_par' dir='ltr' id='par_1_17' title="bbox 342 1617 1940 1693">
     <span class='ocr_line' id='line_1_17' title="bbox 342 1617 1940 1693; baseline 0.001 -19"><span class='ocrx_word' id='word_1_118' title='bbox 342 1617 530 1676; x_wconf 67' lang='lat' dir='ltr'><strong>Romae</strong></span> <span class='ocrx_word' id='word_1_119' title='bbox 559 1638 586 1673; x_wconf 90' lang='lat' dir='ltr'><strong>a</strong></span> <span class='ocrx_word' id='word_1_120' title='bbox 619 1621 854 1676; x_wconf 88' lang='lat' dir='ltr'><strong>Damaso</strong></span> <span class='ocrx_word' id='word_1_121' title='bbox 878 1631 1144 1692; x_wconf 87' lang='lat' dir='ltr'><strong>coeperat,</strong></span> <span class='ocrx_word' id='word_1_122' title='bbox 1184 1623 1472 1692; x_wconf 81' lang='lat' dir='ltr'><strong>abrogare,</strong></span> <span class='ocrx_word' id='word_1_123' title='bbox 1505 1631 1668 1693; x_wconf 91' lang='lat' dir='ltr'><strong>atque</strong></span> <span class='ocrx_word' id='word_1_124' title='bbox 1711 1623 1940 1692; x_wconf 84' lang='lat' dir='ltr'><strong>abroga-</strong></span> 
     </span>
    </p>
   </div>
   <div class='ocr_carea' id='block_1_18' title="bbox 346 1711 1847 1782">
    <p class='ocr_par' dir='ltr' id='par_1_18' title="bbox 346 1711 1847 1782">
     <span class='ocr_line' id='line_1_18' title="bbox 346 1711 1847 1782; baseline 0.001 -16"><span class='ocrx_word' id='word_1_125' title='bbox 346 1722 452 1766; x_wconf 88' lang='lat' dir='ltr'><strong>tam</strong></span> <span class='ocrx_word' id='word_1_126' title='bbox 482 1712 550 1766; x_wconf 90' lang='lat' dir='ltr'><strong>ab</strong></span> <span class='ocrx_word' id='word_1_127' title='bbox 581 1711 686 1766; x_wconf 92' lang='lat' dir='ltr'><strong>hoc</strong></span> <span class='ocrx_word' id='word_1_128' title='bbox 719 1727 853 1782; x_wconf 87' lang='lat' dir='ltr'><strong>papa</strong></span> <span class='ocrx_word' id='word_1_129' title='bbox 878 1729 1136 1768; x_wconf 89' lang='lat' dir='ltr'><strong>revocare</strong></span> <span class='ocrx_word' id='word_1_130' title='bbox 1167 1714 1266 1768; x_wconf 91' lang='lat' dir='ltr'><strong>sibi</strong></span> <span class='ocrx_word' id='word_1_131' title='bbox 1299 1715 1466 1769; x_wconf 89' lang='lat' dir='ltr'><strong>licere</strong></span> <span class='ocrx_word' id='word_1_132' title='bbox 1493 1715 1847 1768; x_wconf 76' lang='lat' dir='ltr'><strong>existimavit.</strong></span> 
     </span>
    </p>
   </div>
   <div class='ocr_carea' id='block_1_19' title="bbox 2051 505 3646 577">
    <p class='ocr_par' dir='ltr' id='par_1_19' title="bbox 2051 505 3646 577">
     <span class='ocr_line' id='line_1_19' title="bbox 2051 505 3646 577; baseline -0.003 -15"><span class='ocrx_word' id='word_1_133' title='bbox 2051 518 2101 562; x_wconf 90' lang='lat' dir='ltr'><strong>et</strong></span> <span class='ocrx_word' id='word_1_134' title='bbox 2139 517 2328 562; x_wconf 90' lang='lat' dir='ltr'><strong>contra</strong></span> <span class='ocrx_word' id='word_1_135' title='bbox 2361 506 2601 577; x_wconf 75' lang='lat' dir='ltr'><strong>regulam</strong></span> <span class='ocrx_word' id='word_1_136' title='bbox 2633 516 2950 560; x_wconf 89' lang='lat' dir='ltr'><strong>sanctorum</strong></span> <span class='ocrx_word' id='word_1_137' title='bbox 2997 520 3226 560; x_wconf 85' lang='lat' dir='ltr'><strong>cccxvtn</strong></span> <span class='ocrx_word' id='word_1_138' title='bbox 3279 514 3527 575; x_wconf 91' lang='lat' dir='ltr'><strong>patrum,</strong></span> <span class='ocrx_word' id='word_1_139' title='bbox 3558 505 3646 574; x_wconf 88' lang='lat' dir='ltr'><strong>qui</strong></span> 
     </span>
    </p>
   </div>
   <div class='ocr_carea' id='block_1_20' title="bbox 2051 597 3648 659">
    <p class='ocr_par' dir='ltr' id='par_1_20' title="bbox 2051 597 3648 659">
     <span class='ocr_line' id='line_1_20' title="bbox 2051 597 3648 659; baseline -0.002 -5"><span class='ocrx_word' id='word_1_140' title='bbox 2051 600 2101 654; x_wconf 90' lang='lat' dir='ltr'><strong>in</strong></span> <span class='ocrx_word' id='word_1_141' title='bbox 2143 600 2363 655; x_wconf 70' lang='lat' dir='ltr'><strong>Nic-eno</strong></span> <span class='ocrx_word' id='word_1_142' title='bbox 2413 600 2645 654; x_wconf 90' lang='lat' dir='ltr'><strong>concilio</strong></span> <span class='ocrx_word' id='word_1_143' title='bbox 2700 598 2806 653; x_wconf 92' lang='lat' dir='ltr'><strong>hoc</strong></span> <span class='ocrx_word' id='word_1_144' title='bbox 2852 599 3273 659; x_wconf 83' lang='lat' dir='ltr'><strong>constituerunt,</strong></span> <span class='ocrx_word' id='word_1_145' title='bbox 3330 597 3648 651; x_wconf 83' lang='lat' dir='ltr'><strong>temerarius</strong></span> 
     </span>
    </p>
   </div>
   <div class='ocr_carea' id='block_1_21' title="bbox 2049 688 3648 763">
    <p class='ocr_par' dir='ltr' id='par_1_21' title="bbox 2049 688 3648 763">
     <span class='ocr_line' id='line_1_21' title="bbox 2049 688 3648 763; baseline -0.001 -18"><span class='ocrx_word' id='word_1_146' title='bbox 2049 700 2409 763; x_wconf 78' lang='lat' dir='ltr'><strong>praesumptor</strong></span> <span class='ocrx_word' id='word_1_147' title='bbox 2440 691 2624 756; x_wconf 83' lang='lat' dir='ltr'><strong>fuerit,</strong></span> <span class='ocrx_word' id='word_1_148' title='bbox 2648 700 2702 746; x_wconf 89' lang='lat' dir='ltr'><strong>et</strong></span> <span class='ocrx_word' id='word_1_149' title='bbox 2729 691 2795 744; x_wconf 78' lang='lat' dir='ltr'><strong>de</strong></span> <span class='ocrx_word' id='word_1_150' title='bbox 2825 701 3021 744; x_wconf 78' lang='lat' dir='ltr'><strong>caetero</strong></span> <span class='ocrx_word' id='word_1_151' title='bbox 3045 689 3351 743; x_wconf 89' lang='lat' dir='ltr'><strong>oblationes</strong></span> <span class='ocrx_word' id='word_1_152' title='bbox 3379 688 3447 744; x_wconf 91' lang='lat' dir='ltr'><strong>de</strong></span> <span class='ocrx_word' id='word_1_153' title='bbox 3477 689 3648 744; x_wconf 86' lang='lat' dir='ltr'><strong>sacris</strong></span> 
     </span>
    </p>
   </div>
   <div class='ocr_carea' id='block_1_22' title="bbox 2049 780 3650 850">
    <p class='ocr_par' dir='ltr' id='par_1_22' title="bbox 2049 780 3650 850">
     <span class='ocr_line' id='line_1_22' title="bbox 2049 780 3650 850; baseline -0.002 -12"><span class='ocrx_word' id='word_1_154' title='bbox 2049 785 2294 839; x_wconf 88' lang='lat' dir='ltr'><strong>ecclesiis</strong></span> <span class='ocrx_word' id='word_1_155' title='bbox 2325 784 2542 841; x_wconf 78' lang='lat' dir='ltr'><strong>auferre</strong></span> <span class='ocrx_word' id='word_1_156' title='bbox 2567 785 2786 839; x_wconf 89' lang='lat' dir='ltr'><strong>molitus</strong></span> <span class='ocrx_word' id='word_1_157' title='bbox 2813 783 2996 850; x_wconf 78' lang='lat' dir='ltr'><strong>fuerit,</strong></span> <span class='ocrx_word' id='word_1_158' title='bbox 3028 783 3130 836; x_wconf 72' lang='lat' dir='ltr'><strong>sub</strong></span> <span class='ocrx_word' id='word_1_159' title='bbox 3156 781 3514 836; x_wconf 87' lang='lat' dir='ltr'><strong>anathematis</strong></span> <span class='ocrx_word' id='word_1_160' title='bbox 3531 780 3650 835; x_wconf 85' lang='lat' dir='ltr'><strong>vin-</strong></span> 
     </span>
    </p>
   </div>
   <div class='ocr_carea' id='block_1_23' title="bbox 2047 873 3648 947">
    <p class='ocr_par' dir='ltr' id='par_1_23' title="bbox 2047 873 3648 947">
     <span class='ocr_line' id='line_1_23' title="bbox 2047 873 3648 947; baseline -0.002 -15"><span class='ocrx_word' id='word_1_161' title='bbox 2047 877 2169 932; x_wconf 88' lang='lat' dir='ltr'><strong>culo</strong></span> <span class='ocrx_word' id='word_1_162' title='bbox 2199 877 2268 931; x_wconf 84' lang='lat' dir='ltr'><strong>sit</strong></span> <span class='ocrx_word' id='word_1_163' title='bbox 2315 877 2600 947; x_wconf 82' lang='lat' dir='ltr'><strong>colligatus</strong></span> <span class='ocrx_word' id='word_1_164' title='bbox 2650 886 2704 932; x_wconf 87' lang='lat' dir='ltr'><strong>et</strong></span> <span class='ocrx_word' id='word_1_165' title='bbox 2754 876 3169 932; x_wconf 85' lang='lat' dir='ltr'><strong>condemnatus.</strong></span> <span class='ocrx_word' id='word_1_166' title='bbox 3228 873 3648 945; x_wconf 82' lang='lat' dir='ltr'><strong>Responderunt</strong></span> 
     </span>
    </p>
   </div>
   <div class='ocr_carea' id='block_1_24' title="bbox 2046 971 2590 1035">
    <p class='ocr_par' dir='ltr' id='par_1_24' title="bbox 2046 971 2590 1035">
     <span class='ocr_line' id='line_1_24' title="bbox 2046 971 2590 1035; baseline -0.007 -9"><span class='ocrx_word' id='word_1_167' title='bbox 2046 985 2259 1034; x_wconf 85' lang='lat' dir='ltr'><strong>omnes,</strong></span> <span class='ocrx_word' id='word_1_168' title='bbox 2285 971 2395 1035; x_wconf 72' lang='lat' dir='ltr'><strong>fiat,</strong></span> <span class='ocrx_word' id='word_1_169' title='bbox 2423 971 2537 1024; x_wconf 81' lang='lat' dir='ltr'><strong>lial.</strong></span> <span class='ocrx_word' id='word_1_170' title='bbox 2573 990 2590 1022; x_wconf 73' lang='grc' dir='ltr'><strong>ι</strong></span> 
     </span>
    </p>
   </div>
   <div class='ocr_carea' id='block_1_25' title="bbox 2118 1056 3640 1128">
    <p class='ocr_par' dir='ltr' id='par_1_25' title="bbox 2118 1056 3640 1128">
     <span class='ocr_line' id='line_1_25' title="bbox 2118 1056 3640 1128; baseline -0.003 -12"><span class='ocrx_word' id='word_1_171' title='bbox 2118 1063 2208 1116; x_wconf 72' lang='lat'><strong>25.</strong></span> <span class='ocrx_word' id='word_1_172' title='bbox 2258 1061 2414 1116; x_wconf 89' lang='lat' dir='ltr'><strong>Circa</strong></span> <span class='ocrx_word' id='word_1_173' title='bbox 2454 1063 2554 1116; x_wconf 87' lang='lat' dir='ltr'><strong>hoc</strong></span> <span class='ocrx_word' id='word_1_174' title='bbox 2585 1061 2865 1115; x_wconf 84' lang='lat' dir='ltr'><strong>decretum</strong></span> <span class='ocrx_word' id='word_1_175' title='bbox 2904 1059 3139 1114; x_wconf 83' lang='lat' dir='ltr'><strong>observo</strong></span> <span class='ocrx_word' id='word_1_176' title='bbox 3183 1060 3450 1128; x_wconf 88' lang='lat' dir='ltr'><strong>primum,</strong></span> <span class='ocrx_word' id='word_1_177' title='bbox 3500 1056 3640 1116; x_wconf 90' lang='lat' dir='ltr'><strong>nihil</strong></span> 
     </span>
    </p>
   </div>
   <div class='ocr_carea' id='block_1_26' title="bbox 2046 1151 3642 1221">
    <p class='ocr_par' dir='ltr' id='par_1_26' title="bbox 2046 1151 3642 1221">
     <span class='ocr_line' id='line_1_26' title="bbox 2046 1151 3642 1221; baseline -0.003 -12"><span class='ocrx_word' id='word_1_178' title='bbox 2046 1155 2191 1209; x_wconf 88' lang='lat' dir='ltr'><strong>aliud</strong></span> <span class='ocrx_word' id='word_1_179' title='bbox 2237 1155 2406 1208; x_wconf 85' lang='lat' dir='ltr'><strong>videri</strong></span> <span class='ocrx_word' id='word_1_180' title='bbox 2453 1154 2554 1208; x_wconf 91' lang='lat' dir='ltr'><strong>nisi</strong></span> <span class='ocrx_word' id='word_1_181' title='bbox 2600 1161 2972 1207; x_wconf 82' lang='lat' dir='ltr'><strong>commentum</strong></span> <span class='ocrx_word' id='word_1_182' title='bbox 3021 1151 3176 1219; x_wconf 86' lang='lat' dir='ltr'><strong>ejus,</strong></span> <span class='ocrx_word' id='word_1_183' title='bbox 3218 1152 3308 1221; x_wconf 90' lang='lat' dir='ltr'><strong>qui</strong></span> <span class='ocrx_word' id='word_1_184' title='bbox 3356 1151 3642 1221; x_wconf 87' lang='lat' dir='ltr'><strong>epistolam</strong></span> 
     </span>
    </p>
   </div>
   <div class='ocr_carea' id='block_1_27' title="bbox 2045 1246 3640 1320">
    <p class='ocr_par' dir='ltr' id='par_1_27' title="bbox 2045 1246 3640 1320">
     <span class='ocr_line' id='line_1_27' title="bbox 2045 1246 3640 1320; baseline -0.001 -17"><span class='ocrx_word' id='word_1_185' title='bbox 2045 1250 2352 1320; x_wconf 89' lang='lat' dir='ltr'><strong>composuit</strong></span> <span class='ocrx_word' id='word_1_186' title='bbox 2384 1249 2522 1319; x_wconf 85' lang='lat' dir='ltr'><strong>apud</strong></span> <span class='ocrx_word' id='word_1_187' title='bbox 2555 1249 2942 1319; x_wconf 82' lang='lat' dir='ltr'><strong>Hieronymum</strong></span> <span class='ocrx_word' id='word_1_188' title='bbox 2975 1248 3108 1302; x_wconf 86' lang='lat' dir='ltr'><strong>edit.</strong></span> <span class='ocrx_word' id='word_1_189' title='bbox 3132 1263 3258 1301; x_wconf 92' lang='lat' dir='ltr'><strong>nov.</strong></span> <span class='ocrx_word' id='word_1_190' title='bbox 3282 1247 3406 1312; x_wconf 73' lang='lat' dir='ltr'><strong>LV,</strong></span> <span class='ocrx_word' id='word_1_191' title='bbox 3433 1263 3486 1316; x_wconf 95' lang='lat' dir='ltr'><strong>p.</strong></span> <span class='ocrx_word' id='word_1_192' title='bbox 3512 1246 3640 1316; x_wconf 72' lang='lat'><strong>420,</strong></span> 
     </span>
    </p>
   </div>
   <div class='ocr_carea' id='block_1_28' title="bbox 2045 1337 3643 1411">
    <p class='ocr_par' dir='ltr' id='par_1_28' title="bbox 2045 1337 3643 1411">
     <span class='ocr_line' id='line_1_28' title="bbox 2045 1337 3643 1411; baseline 0 -17"><span class='ocrx_word' id='word_1_193' title='bbox 2045 1350 2102 1394; x_wconf 88' lang='lat' dir='ltr'><strong>ttt</strong></span> <span class='ocrx_word' id='word_1_194' title='bbox 2154 1339 2459 1411; x_wconf 79' lang='lat' dir='ltr'><strong>Hieronymi</strong></span> <span class='ocrx_word' id='word_1_195' title='bbox 2505 1340 2574 1393; x_wconf 85' lang='lat' dir='ltr'><strong>ad</strong></span> <span class='ocrx_word' id='word_1_196' title='bbox 2625 1337 2912 1393; x_wconf 79' lang='lat' dir='ltr'><strong>Damasum</strong></span> <span class='ocrx_word' id='word_1_197' title='bbox 2959 1340 3023 1394; x_wconf 84' lang='lat' dir='ltr'><strong>de</strong></span> <span class='ocrx_word' id='word_1_198' title='bbox 3063 1341 3410 1394; x_wconf 75' lang='lat' dir='ltr'><strong>oblationibus</strong></span> <span class='ocrx_word' id='word_1_199' title='bbox 3459 1341 3643 1394; x_wconf 74' lang='lat' dir='ltr'><strong>altaris</strong></span> 
     </span>
    </p>
   </div>
   <div class='ocr_carea' id='block_1_29' title="bbox 2043 1432 3641 1506">
    <p class='ocr_par' dir='ltr' id='par_1_29' title="bbox 2043 1432 3641 1506">
     <span class='ocr_line' id='line_1_29' title="bbox 2043 1432 3641 1506; baseline -0.002 -17"><span class='ocrx_word' id='word_1_200' title='bbox 2043 1435 2384 1506; x_wconf 85' lang='lat' dir='ltr'><strong>inscriptam,</strong></span> <span class='ocrx_word' id='word_1_201' title='bbox 2434 1435 2484 1486; x_wconf 94' lang='lat' dir='ltr'><strong>in</strong></span> <span class='ocrx_word' id='word_1_202' title='bbox 2536 1448 2638 1504; x_wconf 90' lang='lat' dir='ltr'><strong>qua</strong></span> <span class='ocrx_word' id='word_1_203' title='bbox 2690 1434 2733 1486; x_wconf 91' lang='lat' dir='ltr'><strong>is</strong></span> <span class='ocrx_word' id='word_1_204' title='bbox 2783 1432 2984 1487; x_wconf 85' lang='lat' dir='ltr'><strong>Doctor</strong></span> <span class='ocrx_word' id='word_1_205' title='bbox 3024 1433 3102 1486; x_wconf 92' lang='lat' dir='ltr'><strong>sic</strong></span> <span class='ocrx_word' id='word_1_206' title='bbox 3144 1434 3208 1486; x_wconf 90' lang='lat' dir='ltr'><strong>ad</strong></span> <span class='ocrx_word' id='word_1_207' title='bbox 3261 1433 3404 1486; x_wconf 91' lang='lat' dir='ltr'><strong>hunc</strong></span> <span class='ocrx_word' id='word_1_208' title='bbox 3446 1447 3641 1504; x_wconf 86' lang='lat' dir='ltr'><strong>papam</strong></span> 
     </span>
    </p>
   </div>
   <div class='ocr_carea' id='block_1_30' title="bbox 2043 1528 2582 1598">
    <p class='ocr_par' dir='ltr' id='par_1_30' title="bbox 2043 1528 2582 1598">
     <span class='ocr_line' id='line_1_30' title="bbox 2043 1528 2582 1598; baseline -0.002 -14"><span class='ocrx_word' id='word_1_209' title='bbox 2043 1530 2286 1584; x_wconf 85' lang='lat' dir='ltr'><strong>scribere</strong></span> <span class='ocrx_word' id='word_1_210' title='bbox 2319 1528 2539 1598; x_wconf 79' lang='lat' dir='ltr'><strong>tingitur</strong></span> <span class='ocrx_word' id='word_1_211' title='bbox 2570 1546 2582 1582; x_wconf 88' lang='lat'><strong>:</strong></span> 
     </span>
    </p>
   </div>
   <div class='ocr_carea' id='block_1_31' title="bbox 2121 1622 3641 1693">
    <p class='ocr_par' dir='ltr' id='par_1_31' title="bbox 2121 1622 3641 1693">
     <span class='ocr_line' id='line_1_31' title="bbox 2121 1622 3641 1693; baseline 0.001 -17"><span class='ocrx_word' id='word_1_212' title='bbox 2121 1643 2138 1676; x_wconf 75' lang='grc' dir='ltr'><strong>ι</strong></span> <span class='ocrx_word' id='word_1_213' title='bbox 2175 1623 2395 1678; x_wconf 80' lang='lat' dir='ltr'><strong>Noverit</strong></span> <span class='ocrx_word' id='word_1_214' title='bbox 2425 1633 2610 1678; x_wconf 82' lang='lat' dir='ltr'><strong>sancta</strong></span> <span class='ocrx_word' id='word_1_215' title='bbox 2643 1625 2940 1678; x_wconf 83' lang='lat' dir='ltr'><strong>auctoritas</strong></span> <span class='ocrx_word' id='word_1_216' title='bbox 2978 1632 3091 1685; x_wconf 91' lang='lat' dir='ltr'><strong>tua,</strong></span> <span class='ocrx_word' id='word_1_217' title='bbox 3128 1637 3264 1693; x_wconf 89' lang='lat' dir='ltr'><strong>papa</strong></span> <span class='ocrx_word' id='word_1_218' title='bbox 3308 1622 3641 1689; x_wconf 83' lang='lat' dir='ltr'><strong>venerande,</strong></span> 
     </span>
    </p>
   </div>
   <div class='ocr_carea' id='block_1_32' title="bbox 2041 1713 3640 1786">
    <p class='ocr_par' dir='ltr' id='par_1_32' title="bbox 2041 1713 3640 1786">
     <span class='ocr_line' id='line_1_32' title="bbox 2041 1713 3640 1786; baseline -0.001 -19"><span class='ocrx_word' id='word_1_219' title='bbox 2041 1715 2162 1785; x_wconf 90' lang='lat' dir='ltr'><strong>quia</strong></span> <span class='ocrx_word' id='word_1_220' title='bbox 2209 1715 2276 1770; x_wconf 90' lang='lat' dir='ltr'><strong>de</strong></span> <span class='ocrx_word' id='word_1_221' title='bbox 2319 1716 2644 1786; x_wconf 73' lang='lat' dir='ltr'><strong>quzesuone,</strong></span> <span class='ocrx_word' id='word_1_222' title='bbox 2678 1729 2840 1784; x_wconf 88' lang='lat' dir='ltr'><strong>quam</strong></span> <span class='ocrx_word' id='word_1_223' title='bbox 2868 1713 3134 1768; x_wconf 90' lang='lat' dir='ltr'><strong>clientulo</strong></span> <span class='ocrx_word' id='word_1_224' title='bbox 3163 1713 3640 1782; x_wconf 64' lang='lat' dir='ltr'><strong>tuaproposuisti,</strong></span> 
     </span>
    </p>
   </div>
   <div class='ocr_carea' id='block_1_33' title="bbox 411 1803 3641 1878">
    <p class='ocr_par' dir='ltr' id='par_1_33' title="bbox 411 1803 3641 1878">
     <span class='ocr_line' id='line_1_33' title="bbox 411 1803 3641 1878; baseline -0 -20"><span class='ocrx_word' id='word_1_225' title='bbox 411 1804 503 1860; x_wconf 72' lang='lat'><strong>20.</strong></span> <span class='ocrx_word' id='word_1_226' title='bbox 538 1804 775 1877; x_wconf 80' lang='lat' dir='ltr'><strong>Quinque</strong></span> <span class='ocrx_word' id='word_1_227' title='bbox 806 1807 1006 1860; x_wconf 74' lang='lat' dir='ltr'><strong>decreta</strong></span> <span class='ocrx_word' id='word_1_228' title='bbox 1038 1806 1262 1862; x_wconf 79' lang='lat' dir='ltr'><strong>Damaso</strong></span> <span class='ocrx_word' id='word_1_229' title='bbox 1301 1808 1562 1862; x_wconf 81' lang='lat' dir='ltr'><strong>attributa.</strong></span> <span class='ocrx_word' id='word_1_230' title='bbox 1590 1808 1648 1863; x_wconf 89' lang='lat' dir='ltr'><strong>In</strong></span> <span class='ocrx_word' id='word_1_231' title='bbox 1675 1806 1937 1865; x_wconf 89' lang='lat' dir='ltr'><strong>Crabbia—</strong></span> <span class='ocrx_word' id='word_1_232' title='bbox 1967 1803 2012 1863; x_wconf 83' lang='grc' dir='ltr'><strong>Β</strong></span> <span class='ocrx_word' id='word_1_233' title='bbox 2043 1819 2097 1862; x_wconf 93' lang='lat' dir='ltr'><strong>et</strong></span> <span class='ocrx_word' id='word_1_234' title='bbox 2136 1822 2373 1878; x_wconf 79' lang='lat' dir='ltr'><strong>coiigrua</strong></span> <span class='ocrx_word' id='word_1_235' title='bbox 2420 1822 2680 1877; x_wconf 77' lang='lat' dir='ltr'><strong>responsa</strong></span> <span class='ocrx_word' id='word_1_236' title='bbox 2733 1822 2828 1876; x_wconf 90' lang='lat' dir='ltr'><strong>per</strong></span> <span class='ocrx_word' id='word_1_237' title='bbox 2865 1807 3155 1876; x_wconf 77' lang='lat' dir='ltr'><strong>epistolam</strong></span> <span class='ocrx_word' id='word_1_238' title='bbox 3205 1806 3498 1872; x_wconf 68' lang='lat' dir='ltr'><strong>mandasti,</strong></span> <span class='ocrx_word' id='word_1_239' title='bbox 3539 1805 3641 1858; x_wconf 90' lang='lat' dir='ltr'><strong>hoc</strong></span> 
     </span>
    </p>
   </div>
   <div class='ocr_carea' id='block_1_34' title="bbox 340 1897 1935 1956">
    <p class='ocr_par' dir='ltr' id='par_1_34' title="bbox 340 1897 1935 1956">
     <span class='ocr_line' id='line_1_34' title="bbox 340 1897 1935 1956; baseline 0.004 -7"><span class='ocrx_word' id='word_1_240' title='bbox 340 1911 407 1950; x_wconf 87' lang='lat' dir='ltr'><strong>na</strong></span> <span class='ocrx_word' id='word_1_241' title='bbox 457 1898 812 1952; x_wconf 87' lang='lat' dir='ltr'><strong>conciliorum</strong></span> <span class='ocrx_word' id='word_1_242' title='bbox 859 1897 1098 1953; x_wconf 87' lang='lat' dir='ltr'><strong>editione</strong></span> <span class='ocrx_word' id='word_1_243' title='bbox 1126 1915 1189 1955; x_wconf 90' lang='lat' dir='ltr'><strong>ac</strong></span> <span class='ocrx_word' id='word_1_244' title='bbox 1237 1900 1434 1954; x_wconf 91' lang='lat' dir='ltr'><strong>deinde</strong></span> <span class='ocrx_word' id='word_1_245' title='bbox 1480 1901 1530 1954; x_wconf 90' lang='lat' dir='ltr'><strong>in</strong></span> <span class='ocrx_word' id='word_1_246' title='bbox 1572 1901 1782 1956; x_wconf 77' lang='lat' dir='ltr'><strong>creteris</strong></span> <span class='ocrx_word' id='word_1_247' title='bbox 1831 1902 1935 1956; x_wconf 90' lang='lat' dir='ltr'><strong>alia</strong></span> 
     </span>
    </p>
   </div>
   <div class='ocr_carea' id='block_1_35' title="bbox 339 1989 1933 2060">
    <p class='ocr_par' dir='ltr' id='par_1_35' title="bbox 339 1989 1933 2060">
     <span class='ocr_line' id='line_1_35' title="bbox 339 1989 1933 2060; baseline 0.003 -19"><span class='ocrx_word' id='word_1_248' title='bbox 339 1990 580 2058; x_wconf 87' lang='lat' dir='ltr'><strong>quinque</strong></span> <span class='ocrx_word' id='word_1_249' title='bbox 610 1989 822 2060; x_wconf 78' lang='lat' dir='ltr'><strong>vulgata</strong></span> <span class='ocrx_word' id='word_1_250' title='bbox 855 2001 982 2044; x_wconf 89' lang='lat' dir='ltr'><strong>sunt</strong></span> <span class='ocrx_word' id='word_1_251' title='bbox 1012 1991 1231 2046; x_wconf 86' lang='lat' dir='ltr'><strong>Damasi</strong></span> <span class='ocrx_word' id='word_1_252' title='bbox 1255 1992 1472 2046; x_wconf 88' lang='lat' dir='ltr'><strong>nomine</strong></span> <span class='ocrx_word' id='word_1_253' title='bbox 1493 1995 1711 2048; x_wconf 87' lang='lat' dir='ltr'><strong>decreta</strong></span> <span class='ocrx_word' id='word_1_254' title='bbox 1744 2009 1774 2047; x_wconf 73' lang='grc' dir='ltr'><strong>θ</strong></span> <span class='ocrx_word' id='word_1_255' title='bbox 1798 1992 1933 2048; x_wconf 87' lang='lat' dir='ltr'><strong>Gra-</strong></span> 
     </span>
    </p>
   </div>
   <div class='ocr_carea' id='block_1_36' title="bbox 343 2080 1936 2157">
    <p class='ocr_par' dir='ltr' id='par_1_36' title="bbox 343 2080 1936 2157">
     <span class='ocr_line' id='line_1_36' title="bbox 343 2080 1936 2157; baseline 0.004 -23"><span class='ocrx_word' id='word_1_256' title='bbox 343 2080 477 2135; x_wconf 89' lang='lat' dir='ltr'><strong>tiani</strong></span> <span class='ocrx_word' id='word_1_257' title='bbox 537 2091 592 2137; x_wconf 89' lang='lat' dir='ltr'><strong>et</strong></span> <span class='ocrx_word' id='word_1_258' title='bbox 644 2083 824 2137; x_wconf 83' lang='lat' dir='ltr'><strong>IVonis</strong></span> <span class='ocrx_word' id='word_1_259' title='bbox 876 2085 1357 2154; x_wconf 90' lang='lat' dir='ltr'><strong>compilationibus</strong></span> <span class='ocrx_word' id='word_1_260' title='bbox 1402 2086 1652 2148; x_wconf 87' lang='lat' dir='ltr'><strong>collecta,</strong></span> <span class='ocrx_word' id='word_1_261' title='bbox 1705 2103 1936 2157; x_wconf 89' lang='lat' dir='ltr'><strong>quorum</strong></span> 
     </span>
    </p>
   </div>
   <div class='ocr_carea' id='block_1_37' title="bbox 337 2177 1934 2250">
    <p class='ocr_par' dir='ltr' id='par_1_37' title="bbox 337 2177 1934 2250">
     <span class='ocr_line' id='line_1_37' title="bbox 337 2177 1934 2250; baseline 0.003 -20"><span class='ocrx_word' id='word_1_262' title='bbox 337 2178 574 2247; x_wconf 89' lang='lat' dir='ltr'><strong>primum</strong></span> <span class='ocrx_word' id='word_1_263' title='bbox 605 2195 631 2232; x_wconf 89' lang='lat' dir='ltr'><strong>a</strong></span> <span class='ocrx_word' id='word_1_264' title='bbox 661 2177 924 2234; x_wconf 89' lang='lat' dir='ltr'><strong>Gratiano</strong></span> <span class='ocrx_word' id='word_1_265' title='bbox 950 2179 1007 2247; x_wconf 73' lang='grc'>2,</span> <span class='ocrx_word' id='word_1_266' title='bbox 1039 2190 1234 2250; x_wconf 66' lang='lat' dir='ltr'><strong>quaest.</strong></span> <span class='ocrx_word' id='word_1_267' title='bbox 1267 2181 1319 2244; x_wconf 77' lang='lat'><strong>3,</strong></span> <span class='ocrx_word' id='word_1_268' title='bbox 1345 2196 1464 2250; x_wconf 87' lang='lat' dir='ltr'><strong>cap.</strong></span> <span class='ocrx_word' id='word_1_269' title='bbox 1491 2180 1545 2246; x_wconf 79' lang='lat'><strong>‘2,</strong></span> <span class='ocrx_word' id='word_1_270' title='bbox 1574 2183 1646 2236; x_wconf 90' lang='lat' dir='ltr'><strong>ita</strong></span> <span class='ocrx_word' id='word_1_271' title='bbox 1675 2180 1934 2236; x_wconf 78' lang='lat' dir='ltr'><strong>eﬂ&#39;ertur:</strong></span> 
     </span>
    </p>
   </div>
   <div class='ocr_carea' id='block_1_38' title="bbox 344 2267 1933 2338">
    <p class='ocr_par' dir='ltr' id='par_1_38' title="bbox 344 2267 1933 2338">
     <span class='ocr_line' id='line_1_38' title="bbox 344 2267 1933 2338; baseline 0.004 -16"><span class='ocrx_word' id='word_1_272' title='bbox 344 2291 362 2322; x_wconf 75' lang='grc' dir='ltr'><strong>ι</strong></span> <span class='ocrx_word' id='word_1_273' title='bbox 401 2267 802 2338; x_wconf 84' lang='lat' dir='ltr'><strong>Calumniator,</strong></span> <span class='ocrx_word' id='word_1_274' title='bbox 836 2273 878 2325; x_wconf 93' lang='lat' dir='ltr'><strong>si</strong></span> <span class='ocrx_word' id='word_1_275' title='bbox 903 2273 954 2326; x_wconf 91' lang='lat' dir='ltr'><strong>in</strong></span> <span class='ocrx_word' id='word_1_276' title='bbox 986 2275 1332 2328; x_wconf 82' lang='lat' dir='ltr'><strong>accusatione</strong></span> <span class='ocrx_word' id='word_1_277' title='bbox 1359 2274 1641 2337; x_wconf 80' lang='lat' dir='ltr'><strong>defecerit,</strong></span> <span class='ocrx_word' id='word_1_278' title='bbox 1675 2275 1933 2330; x_wconf 83' lang='lat' dir='ltr'><strong>talionem</strong></span> 
     </span>
    </p>
   </div>
   <div class='ocr_carea' id='block_1_39' title="bbox 337 2361 1937 2436">
    <p class='ocr_par' dir='ltr' id='par_1_39' title="bbox 337 2361 1937 2436">
     <span class='ocr_line' id='line_1_39' title="bbox 337 2361 1937 2436; baseline 0.004 -22"><span class='ocrx_word' id='word_1_279' title='bbox 337 2361 586 2430; x_wconf 88' lang='lat' dir='ltr'><strong>accipiat.</strong></span> <span class='ocrx_word' id='word_1_280' title='bbox 625 2381 643 2414; x_wconf 68' lang='grc' dir='ltr'><strong>ι</strong></span> <span class='ocrx_word' id='word_1_281' title='bbox 676 2361 1001 2432; x_wconf 79' lang='lat' dir='ltr'><strong>Excerptum</strong></span> <span class='ocrx_word' id='word_1_282' title='bbox 1036 2373 1131 2431; x_wconf 85' lang='lat' dir='ltr'><strong>est</strong></span> <span class='ocrx_word' id='word_1_283' title='bbox 1158 2375 1336 2417; x_wconf 88' lang='lat' dir='ltr'><strong>autem</strong></span> <span class='ocrx_word' id='word_1_284' title='bbox 1377 2381 1443 2418; x_wconf 74' lang='grc' dir='ltr'><strong>(ιι</strong></span> <span class='ocrx_word' id='word_1_285' title='bbox 1498 2365 1788 2420; x_wconf 88' lang='lat' dir='ltr'><strong>Isidoriaua</strong></span> <span class='ocrx_word' id='word_1_286' title='bbox 1820 2368 1937 2436; x_wconf 91' lang='lat' dir='ltr'><strong>epi-</strong></span> 
     </span>
    </p>
   </div>
   <div class='ocr_carea' id='block_1_40' title="bbox 339 2452 1938 2527">
    <p class='ocr_par' dir='ltr' id='par_1_40' title="bbox 339 2452 1938 2527">
     <span class='ocr_line' id='line_1_40' title="bbox 339 2452 1938 2527; baseline 0.003 -20"><span class='ocrx_word' id='word_1_287' title='bbox 339 2452 477 2507; x_wconf 66' lang='lat' dir='ltr'><strong>stola</strong></span> <span class='ocrx_word' id='word_1_288' title='bbox 511 2453 576 2507; x_wconf 90' lang='lat' dir='ltr'><strong>ad</strong></span> <span class='ocrx_word' id='word_1_289' title='bbox 604 2453 941 2523; x_wconf 85' lang='lat' dir='ltr'><strong>Stephanum</strong></span> <span class='ocrx_word' id='word_1_290' title='bbox 975 2455 1292 2527; x_wconf 85' lang='lat' dir='ltr'><strong>episcopum</strong></span> <span class='ocrx_word' id='word_1_291' title='bbox 1323 2458 1533 2510; x_wconf 77' lang='lat' dir='ltr'><strong>Damasi</strong></span> <span class='ocrx_word' id='word_1_292' title='bbox 1559 2459 1777 2512; x_wconf 89' lang='lat' dir='ltr'><strong>nomine</strong></span> <span class='ocrx_word' id='word_1_293' title='bbox 1807 2474 1938 2513; x_wconf 90' lang='lat' dir='ltr'><strong>cou-</strong></span> 
     </span>
    </p>
   </div>
   <div class='ocr_carea' id='block_1_41' title="bbox 342 2545 1936 2616">
    <p class='ocr_par' dir='ltr' id='par_1_41' title="bbox 342 2545 1936 2616">
     <span class='ocr_line' id='line_1_41' title="bbox 342 2545 1936 2616; baseline 0.005 -20"><span class='ocrx_word' id='word_1_294' title='bbox 342 2545 488 2612; x_wconf 80' lang='lat' dir='ltr'><strong>iicta,</strong></span> <span class='ocrx_word' id='word_1_295' title='bbox 511 2561 630 2616; x_wconf 89' lang='lat' dir='ltr'><strong>cap.</strong></span> <span class='ocrx_word' id='word_1_296' title='bbox 657 2546 710 2611; x_wconf 89' lang='lat'><strong>7,</strong></span> <span class='ocrx_word' id='word_1_297' title='bbox 733 2546 889 2616; x_wconf 87' lang='lat' dir='ltr'><strong>cujus</strong></span> <span class='ocrx_word' id='word_1_298' title='bbox 912 2547 1145 2616; x_wconf 86' lang='lat' dir='ltr'><strong>ipsamet</strong></span> <span class='ocrx_word' id='word_1_299' title='bbox 1168 2549 1332 2602; x_wconf 86' lang='lat' dir='ltr'><strong>verba</strong></span> <span class='ocrx_word' id='word_1_300' title='bbox 1361 2549 1427 2602; x_wconf 92' lang='lat' dir='ltr'><strong>ab</strong></span> <span class='ocrx_word' id='word_1_301' title='bbox 1453 2549 1642 2604; x_wconf 87' lang='lat' dir='ltr'><strong>eodem</strong></span> <span class='ocrx_word' id='word_1_302' title='bbox 1673 2550 1936 2606; x_wconf 89' lang='lat' dir='ltr'><strong>Gratiano</strong></span> 
     </span>
    </p>
   </div>
   <div class='ocr_carea' id='block_1_42' title="bbox 340 2636 1934 2712">
    <p class='ocr_par' dir='ltr' id='par_1_42' title="bbox 340 2636 1934 2712">
     <span class='ocr_line' id='line_1_42' title="bbox 340 2636 1934 2712; baseline 0.006 -23"><span class='ocrx_word' id='word_1_303' title='bbox 340 2652 412 2702; x_wconf 88' lang='lat' dir='ltr'><strong>tv,</strong></span> <span class='ocrx_word' id='word_1_304' title='bbox 446 2646 641 2707; x_wconf 86' lang='lat' dir='ltr'><strong>quaest.</strong></span> <span class='ocrx_word' id='word_1_305' title='bbox 666 2637 719 2703; x_wconf 75' lang='lat'><strong>5,</strong></span> <span class='ocrx_word' id='word_1_306' title='bbox 750 2652 799 2692; x_wconf 94' lang='lat' dir='ltr'><strong>c.</strong></span> <span class='ocrx_word' id='word_1_307' title='bbox 834 2638 886 2705; x_wconf 76' lang='grc'>4,</span> <span class='ocrx_word' id='word_1_308' title='bbox 923 2636 1255 2693; x_wconf 78' lang='lat' dir='ltr'><strong>referuntur.</strong></span> <span class='ocrx_word' id='word_1_309' title='bbox 1291 2639 1445 2707; x_wconf 85' lang='lat' dir='ltr'><strong>Quod</strong></span> <span class='ocrx_word' id='word_1_310' title='bbox 1481 2657 1612 2696; x_wconf 85' lang='lat' dir='ltr'><strong>vero</strong></span> <span class='ocrx_word' id='word_1_311' title='bbox 1643 2643 1712 2696; x_wconf 92' lang='lat' dir='ltr'><strong>ibi</strong></span> <span class='ocrx_word' id='word_1_312' title='bbox 1745 2644 1934 2712; x_wconf 69' lang='grc' dir='ltr'><strong>[ηοξΡεί-</strong></span> 
     </span>
    </p>
   </div>
   <div class='ocr_carea' id='block_1_43' title="bbox 343 2731 1934 2808">
    <p class='ocr_par' dir='ltr' id='par_1_43' title="bbox 343 2731 1934 2808">
     <span class='ocr_line' id='line_1_43' title="bbox 343 2731 1934 2808; baseline 0.008 -29"><span class='ocrx_word' id='word_1_313' title='bbox 343 2731 509 2798; x_wconf 90' lang='lat' dir='ltr'><strong>pitur,</strong></span> <span class='ocrx_word' id='word_1_314' title='bbox 543 2740 976 2786; x_wconf 77' lang='lat' dir='ltr'><strong>consentaneum</strong></span> <span class='ocrx_word' id='word_1_315' title='bbox 1012 2743 1096 2787; x_wconf 90' lang='lat' dir='ltr'><strong>est</strong></span> <span class='ocrx_word' id='word_1_316' title='bbox 1122 2732 1259 2788; x_wconf 88' lang='lat' dir='ltr'><strong>Cod.</strong></span> <span class='ocrx_word' id='word_1_317' title='bbox 1294 2731 1400 2787; x_wconf 85' lang='lat' dir='ltr'><strong>Th.</strong></span> <span class='ocrx_word' id='word_1_318' title='bbox 1427 2734 1520 2788; x_wconf 91' lang='lat' dir='ltr'><strong>lib.</strong></span> <span class='ocrx_word' id='word_1_319' title='bbox 1553 2750 1626 2802; x_wconf 81' lang='lat' dir='ltr'><strong>ut,</strong></span> <span class='ocrx_word' id='word_1_320' title='bbox 1650 2737 1732 2789; x_wconf 94' lang='lat' dir='ltr'><strong>tit.</strong></span> <span class='ocrx_word' id='word_1_321' title='bbox 1760 2752 1798 2801; x_wconf 92' lang='grc' dir='ltr'>ι,</span> <span class='ocrx_word' id='word_1_322' title='bbox 1831 2737 1934 2808; x_wconf 81' lang='lat' dir='ltr'><strong>legi</strong></span> 
     </span>
    </p>
   </div>
   <div class='ocr_carea' id='block_1_44' title="bbox 339 2823 957 2896">
    <p class='ocr_par' dir='ltr' id='par_1_44' title="bbox 339 2823 957 2896">
     <span class='ocr_line' id='line_1_44' title="bbox 339 2823 957 2896; baseline -0.003 -18"><span class='ocrx_word' id='word_1_323' title='bbox 339 2823 508 2889; x_wconf 77' lang='lat' dir='ltr'><strong>tt,et</strong></span> <span class='ocrx_word' id='word_1_324' title='bbox 539 2825 620 2878; x_wconf 86' lang='lat' dir='ltr'><strong>tit.</strong></span> <span class='ocrx_word' id='word_1_325' title='bbox 659 2824 745 2888; x_wconf 83' lang='lat' dir='ltr'><strong>to,</strong></span> <span class='ocrx_word' id='word_1_326' title='bbox 780 2824 957 2896; x_wconf 73' lang='lat' dir='ltr'><strong>Iegi5.</strong></span> 
     </span>
    </p>
   </div>
   <div class='ocr_carea' id='block_1_45' title="bbox 408 2917 1933 2991">
    <p class='ocr_par' dir='ltr' id='par_1_45' title="bbox 408 2917 1933 2991">
     <span class='ocr_line' id='line_1_45' title="bbox 408 2917 1933 2991; baseline 0.004 -21"><span class='ocrx_word' id='word_1_327' title='bbox 408 2917 493 2970; x_wconf 69' lang='lat'><strong>2|.</strong></span> <span class='ocrx_word' id='word_1_328' title='bbox 535 2919 779 2971; x_wconf 77' lang='lat' dir='ltr'><strong>Alterum</strong></span> <span class='ocrx_word' id='word_1_329' title='bbox 816 2920 885 2971; x_wconf 92' lang='lat' dir='ltr'><strong>ita</strong></span> <span class='ocrx_word' id='word_1_330' title='bbox 937 2918 1220 2974; x_wconf 77' lang='lat' dir='ltr'><strong>referunt:</strong></span> <span class='ocrx_word' id='word_1_331' title='bbox 1282 2937 1300 2971; x_wconf 75' lang='grc' dir='ltr'><strong>ι</strong></span> <span class='ocrx_word' id='word_1_332' title='bbox 1344 2917 1402 2974; x_wconf 93' lang='lat' dir='ltr'><strong>Si</strong></span> <span class='ocrx_word' id='word_1_333' title='bbox 1448 2922 1571 2990; x_wconf 91' lang='lat' dir='ltr'><strong>quis</strong></span> <span class='ocrx_word' id='word_1_334' title='bbox 1612 2923 1933 2991; x_wconf 84' lang='lat' dir='ltr'><strong>episc0pum</strong></span> 
     </span>
    </p>
   </div>
   <div class='ocr_carea' id='block_1_46' title="bbox 337 3012 1934 3084">
    <p class='ocr_par' dir='ltr' id='par_1_46' title="bbox 337 3012 1934 3084">
     <span class='ocr_line' id='line_1_46' title="bbox 337 3012 1934 3084; baseline 0.006 -23"><span class='ocrx_word' id='word_1_335' title='bbox 337 3022 426 3064; x_wconf 89' lang='lat' dir='ltr'><strong>aut</strong></span> <span class='ocrx_word' id='word_1_336' title='bbox 463 3012 862 3084; x_wconf 78' lang='lat' dir='ltr'><strong>presbyterum,</strong></span> <span class='ocrx_word' id='word_1_337' title='bbox 893 3022 984 3067; x_wconf 87' lang='lat' dir='ltr'><strong>aut</strong></span> <span class='ocrx_word' id='word_1_338' title='bbox 1003 3012 1289 3067; x_wconf 87' lang='lat' dir='ltr'><strong>diaconum</strong></span> <span class='ocrx_word' id='word_1_339' title='bbox 1316 3013 1464 3069; x_wconf 78' lang='lat' dir='ltr'><strong>falsis</strong></span> <span class='ocrx_word' id='word_1_340' title='bbox 1481 3017 1804 3070; x_wconf 85' lang='lat' dir='ltr'><strong>Criminibus</strong></span> <span class='ocrx_word' id='word_1_341' title='bbox 1832 3019 1934 3071; x_wconf 86' lang='lat' dir='ltr'><strong>itit—</strong></span> 
     </span>
    </p>
   </div>
   <div class='ocr_carea' id='block_1_47' title="bbox 341 3104 1931 3179">
    <p class='ocr_par' dir='ltr' id='par_1_47' title="bbox 341 3104 1931 3179">
     <span class='ocr_line' id='line_1_47' title="bbox 341 3104 1931 3179; baseline 0.006 -24"><span class='ocrx_word' id='word_1_342' title='bbox 341 3104 551 3172; x_wconf 85' lang='lat' dir='ltr'><strong>petierit</strong></span> <span class='ocrx_word' id='word_1_343' title='bbox 576 3107 660 3160; x_wconf 88' lang='lat' dir='ltr'><strong>vel</strong></span> <span class='ocrx_word' id='word_1_344' title='bbox 710 3107 1074 3171; x_wconf 87' lang='lat' dir='ltr'><strong>accusaverit,</strong></span> <span class='ocrx_word' id='word_1_345' title='bbox 1132 3116 1188 3162; x_wconf 90' lang='lat' dir='ltr'><strong>et</strong></span> <span class='ocrx_word' id='word_1_346' title='bbox 1242 3107 1472 3176; x_wconf 65' lang='lat' dir='ltr'><strong>probare</strong></span> <span class='ocrx_word' id='word_1_347' title='bbox 1520 3125 1623 3162; x_wconf 88' lang='lat' dir='ltr'><strong>non</strong></span> <span class='ocrx_word' id='word_1_348' title='bbox 1677 3113 1931 3179; x_wconf 86' lang='lat' dir='ltr'><strong>potuerit,</strong></span> 
     </span>
    </p>
   </div>
   <div class='ocr_carea' id='block_1_48' title="bbox 341 3189 2004 3254">
    <p class='ocr_par' dir='ltr' id='par_1_48' title="bbox 341 3189 2004 3254">
     <span class='ocr_line' id='line_1_48' title="bbox 341 3189 2004 3254; baseline 0.004 -6"><span class='ocrx_word' id='word_1_349' title='bbox 341 3211 441 3250; x_wconf 92' lang='lat' dir='ltr'><strong>nec</strong></span> <span class='ocrx_word' id='word_1_350' title='bbox 472 3196 525 3249; x_wconf 94' lang='lat' dir='ltr'><strong>in</strong></span> <span class='ocrx_word' id='word_1_351' title='bbox 553 3195 658 3250; x_wconf 81' lang='lat' dir='ltr'><strong>fine</strong></span> <span class='ocrx_word' id='word_1_352' title='bbox 685 3197 918 3252; x_wconf 82' lang='lat' dir='ltr'><strong>dandam</strong></span> <span class='ocrx_word' id='word_1_353' title='bbox 973 3198 1022 3252; x_wconf 90' lang='lat' dir='ltr'><strong>ei</strong></span> <span class='ocrx_word' id='word_1_354' title='bbox 1073 3200 1512 3253; x_wconf 87' lang='lat' dir='ltr'><strong>communionem</strong></span> <span class='ocrx_word' id='word_1_355' title='bbox 1564 3215 1868 3254; x_wconf 68' lang='lat' dir='ltr'><strong>censemus.</strong></span> <span class='ocrx_word' id='word_1_356' title='bbox 1906 3221 1924 3254; x_wconf 78' lang='grc' dir='ltr'><strong>ι</strong></span> <span class='ocrx_word' id='word_1_357' title='bbox 1959 3189 2004 3253; x_wconf 90' lang='lat' dir='ltr'>C</span> 
     </span>
    </p>
   </div>
   <div class='ocr_carea' id='block_1_49' title="bbox 344 3287 1928 3360">
    <p class='ocr_par' dir='ltr' id='par_1_49' title="bbox 344 3287 1928 3360">
     <span class='ocr_line' id='line_1_49' title="bbox 344 3287 1928 3360; baseline 0.004 -18"><span class='ocrx_word' id='word_1_358' title='bbox 344 3287 537 3343; x_wconf 69' lang='lat' dir='ltr'><strong>Verum</strong></span> <span class='ocrx_word' id='word_1_359' title='bbox 564 3289 687 3356; x_wconf 84' lang='lat' dir='ltr'><strong>hoc,</strong></span> <span class='ocrx_word' id='word_1_360' title='bbox 713 3291 854 3360; x_wconf 90' lang='lat' dir='ltr'><strong>quod</strong></span> <span class='ocrx_word' id='word_1_361' title='bbox 879 3308 906 3344; x_wconf 90' lang='lat' dir='ltr'><strong>a</strong></span> <span class='ocrx_word' id='word_1_362' title='bbox 929 3291 1188 3346; x_wconf 86' lang='lat' dir='ltr'><strong>Gratiano</strong></span> <span class='ocrx_word' id='word_1_363' title='bbox 1215 3307 1275 3357; x_wconf 94' lang='grc' dir='ltr'><strong>ιι,</strong></span> <span class='ocrx_word' id='word_1_364' title='bbox 1302 3300 1495 3360; x_wconf 80' lang='lat' dir='ltr'><strong>quaest.</strong></span> <span class='ocrx_word' id='word_1_365' title='bbox 1513 3294 1567 3359; x_wconf 79' lang='grc'>5,</span> <span class='ocrx_word' id='word_1_366' title='bbox 1597 3308 1645 3347; x_wconf 91' lang='lat' dir='ltr'><strong>c.</strong></span> <span class='ocrx_word' id='word_1_367' title='bbox 1670 3295 1725 3355; x_wconf 72' lang='grc'>4,</span> <span class='ocrx_word' id='word_1_368' title='bbox 1752 3303 1808 3347; x_wconf 92' lang='lat' dir='ltr'><strong>ut</strong></span> <span class='ocrx_word' id='word_1_369' title='bbox 1831 3294 1928 3348; x_wconf 88' lang='lat' dir='ltr'><strong>Da-</strong></span> 
     </span>
    </p>
   </div>
   <div class='ocr_carea' id='block_1_50' title="bbox 339 3383 1932 3456">
    <p class='ocr_par' dir='ltr' id='par_1_50' title="bbox 339 3383 1932 3456">
     <span class='ocr_line' id='line_1_50' title="bbox 339 3383 1932 3456; baseline 0.005 -21"><span class='ocrx_word' id='word_1_370' title='bbox 339 3383 497 3448; x_wconf 89' lang='lat' dir='ltr'><strong>masi,</strong></span> <span class='ocrx_word' id='word_1_371' title='bbox 526 3383 593 3435; x_wconf 90' lang='lat' dir='ltr'><strong>ab</strong></span> <span class='ocrx_word' id='word_1_372' title='bbox 612 3383 774 3438; x_wconf 89' lang='lat' dir='ltr'><strong>lvonc</strong></span> <span class='ocrx_word' id='word_1_373' title='bbox 802 3393 981 3439; x_wconf 90' lang='lat' dir='ltr'><strong>autem</strong></span> <span class='ocrx_word' id='word_1_374' title='bbox 1014 3395 1158 3454; x_wconf 88' lang='lat' dir='ltr'><strong>part.</strong></span> <span class='ocrx_word' id='word_1_375' title='bbox 1185 3401 1259 3448; x_wconf 88' lang='lat' dir='ltr'><strong>vt,</strong></span> <span class='ocrx_word' id='word_1_376' title='bbox 1285 3401 1334 3439; x_wconf 90' lang='lat' dir='ltr'><strong>c.</strong></span> <span class='ocrx_word' id='word_1_377' title='bbox 1361 3384 1490 3451; x_wconf 66' lang='lat'><strong>9.40,</strong></span> <span class='ocrx_word' id='word_1_378' title='bbox 1524 3398 1645 3456; x_wconf 90' lang='lat' dir='ltr'><strong>post</strong></span> <span class='ocrx_word' id='word_1_379' title='bbox 1665 3388 1932 3443; x_wconf 87' lang='lat' dir='ltr'><strong>Burcbar-</strong></span> 
     </span>
    </p>
   </div>
   <div class='ocr_carea' id='block_1_51' title="bbox 337 3478 1925 3551">
    <p class='ocr_par' dir='ltr' id='par_1_51' title="bbox 337 3478 1925 3551">
     <span class='ocr_line' id='line_1_51' title="bbox 337 3478 1925 3551; baseline 0.005 -22"><span class='ocrx_word' id='word_1_380' title='bbox 337 3478 463 3531; x_wconf 90' lang='lat' dir='ltr'><strong>dum</strong></span> <span class='ocrx_word' id='word_1_381' title='bbox 496 3478 590 3533; x_wconf 91' lang='lat' dir='ltr'><strong>lib.</strong></span> <span class='ocrx_word' id='word_1_382' title='bbox 627 3495 685 3543; x_wconf 89' lang='lat' dir='ltr'><strong>ll,</strong></span> <span class='ocrx_word' id='word_1_383' title='bbox 719 3495 768 3533; x_wconf 93' lang='lat' dir='ltr'><strong>c.</strong></span> <span class='ocrx_word' id='word_1_384' title='bbox 793 3480 916 3545; x_wconf 74' lang='grc'><strong>195,</strong></span> <span class='ocrx_word' id='word_1_385' title='bbox 939 3481 1459 3551; x_wconf 78' lang='lat' dir='ltr'><strong>utCarthagiuensis</strong></span> <span class='ocrx_word' id='word_1_386' title='bbox 1483 3483 1696 3535; x_wconf 82' lang='lat' dir='ltr'><strong>concilii</strong></span> <span class='ocrx_word' id='word_1_387' title='bbox 1725 3499 1844 3536; x_wconf 84' lang='lat' dir='ltr'><strong>can.</strong></span> <span class='ocrx_word' id='word_1_388' title='bbox 1874 3487 1925 3549; x_wconf 80' lang='grc'>5,</span> 
     </span>
    </p>
   </div>
   <div class='ocr_carea' id='block_1_52' title="bbox 336 3571 1928 3635">
    <p class='ocr_par' dir='ltr' id='par_1_52' title="bbox 336 3571 1928 3635">
     <span class='ocr_line' id='line_1_52' title="bbox 336 3571 1928 3635; baseline 0.003 -13"><span class='ocrx_word' id='word_1_389' title='bbox 336 3571 550 3634; x_wconf 85' lang='lat' dir='ltr'><strong>citatur,</strong></span> <span class='ocrx_word' id='word_1_390' title='bbox 569 3571 810 3624; x_wconf 88' lang='lat' dir='ltr'><strong>neutrius</strong></span> <span class='ocrx_word' id='word_1_391' title='bbox 831 3582 936 3635; x_wconf 87' lang='lat' dir='ltr'><strong>est,</strong></span> <span class='ocrx_word' id='word_1_392' title='bbox 962 3571 1055 3625; x_wconf 92' lang='lat' dir='ltr'><strong>sed</strong></span> <span class='ocrx_word' id='word_1_393' title='bbox 1085 3588 1114 3625; x_wconf 92' lang='lat' dir='ltr'><strong>e</strong></span> <span class='ocrx_word' id='word_1_394' title='bbox 1133 3572 1667 3629; x_wconf 87' lang='lat' dir='ltr'><strong>Liberitaniconcitii</strong></span> <span class='ocrx_word' id='word_1_395' title='bbox 1698 3591 1818 3627; x_wconf 89' lang='lat' dir='ltr'><strong>can.</strong></span> <span class='ocrx_word' id='word_1_396' title='bbox 1837 3575 1928 3631; x_wconf 77' lang='lat'><strong>&#39;75.</strong></span> 
     </span>
    </p>
   </div>
   <div class='ocr_carea' id='block_1_53' title="bbox 405 3663 1928 3737">
    <p class='ocr_par' dir='ltr' id='par_1_53' title="bbox 405 3663 1928 3737">
     <span class='ocr_line' id='line_1_53' title="bbox 405 3663 1928 3737; baseline 0.005 -20"><span class='ocrx_word' id='word_1_397' title='bbox 405 3663 494 3717; x_wconf 68' lang='lat'><strong>22.</strong></span> <span class='ocrx_word' id='word_1_398' title='bbox 520 3663 788 3731; x_wconf 85' lang='lat' dir='ltr'><strong>Tertium,</strong></span> <span class='ocrx_word' id='word_1_399' title='bbox 817 3665 958 3736; x_wconf 88' lang='lat' dir='ltr'><strong>quod</strong></span> <span class='ocrx_word' id='word_1_400' title='bbox 979 3665 1271 3720; x_wconf 89' lang='lat' dir='ltr'><strong>Gratianus</strong></span> <span class='ocrx_word' id='word_1_401' title='bbox 1305 3684 1360 3732; x_wconf 77' lang='grc' dir='ltr'>χ,</span> <span class='ocrx_word' id='word_1_402' title='bbox 1386 3678 1579 3736; x_wconf 80' lang='lat' dir='ltr'><strong>quaest.</strong></span> <span class='ocrx_word' id='word_1_403' title='bbox 1621 3685 1657 3732; x_wconf 88' lang='lat' dir='ltr'><strong>t,</strong></span> <span class='ocrx_word' id='word_1_404' title='bbox 1683 3685 1801 3737; x_wconf 88' lang='lat' dir='ltr'><strong>eap.</strong></span> <span class='ocrx_word' id='word_1_405' title='bbox 1843 3671 1928 3735; x_wconf 81' lang='grc'><strong>15,</strong></span> 
     </span>
    </p>
   </div>
   <div class='ocr_carea' id='block_1_54' title="bbox 337 3757 1928 3828">
    <p class='ocr_par' dir='ltr' id='par_1_54' title="bbox 337 3757 1928 3828">
     <span class='ocr_line' id='line_1_54' title="bbox 337 3757 1928 3828; baseline 0.001 -16"><span class='ocrx_word' id='word_1_406' title='bbox 337 3757 583 3828; x_wconf 81' lang='lat' dir='ltr'><strong>profert,</strong></span> <span class='ocrx_word' id='word_1_407' title='bbox 636 3767 720 3812; x_wconf 88' lang='lat' dir='ltr'><strong>est</strong></span> <span class='ocrx_word' id='word_1_408' title='bbox 780 3758 1135 3828; x_wconf 87' lang='lat' dir='ltr'><strong>hujusmodi:</strong></span> <span class='ocrx_word' id='word_1_409' title='bbox 1187 3779 1205 3812; x_wconf 78' lang='grc' dir='ltr'><strong>ι</strong></span> <span class='ocrx_word' id='word_1_410' title='bbox 1247 3761 1394 3816; x_wconf 79' lang='lat' dir='ltr'><strong>lianc</strong></span> <span class='ocrx_word' id='word_1_411' title='bbox 1453 3761 1928 3828; x_wconf 81' lang='lat' dir='ltr'><strong>consuetudinem,</strong></span> 
     </span>
    </p>
   </div>
   <div class='ocr_carea' id='block_1_55' title="bbox 333 3851 1931 3922">
    <p class='ocr_par' dir='ltr' id='par_1_55' title="bbox 333 3851 1931 3922">
     <span class='ocr_line' id='line_1_55' title="bbox 333 3851 1931 3922; baseline 0.001 -18"><span class='ocrx_word' id='word_1_412' title='bbox 333 3866 455 3922; x_wconf 74' lang='lat' dir='ltr'><strong>quae</strong></span> <span class='ocrx_word' id='word_1_413' title='bbox 485 3860 673 3904; x_wconf 90' lang='lat' dir='ltr'><strong>contra</strong></span> <span class='ocrx_word' id='word_1_414' title='bbox 707 3861 952 3905; x_wconf 90' lang='lat' dir='ltr'><strong>sanctam</strong></span> <span class='ocrx_word' id='word_1_415' title='bbox 975 3851 1821 3922; x_wconf 82' lang='lat' dir='ltr'><strong>Ecclesiameatholicamaugeri</strong></span> <span class='ocrx_word' id='word_1_416' title='bbox 1850 3854 1931 3906; x_wconf 82' lang='lat' dir='ltr'><strong>vi-</strong></span> 
     </span>
    </p>
   </div>
   <div class='ocr_carea' id='block_1_56' title="bbox 334 3945 1927 4008">
    <p class='ocr_par' dir='ltr' id='par_1_56' title="bbox 334 3945 1927 4008">
     <span class='ocr_line' id='line_1_56' title="bbox 334 3945 1927 4008; baseline 0.001 -10"><span class='ocrx_word' id='word_1_417' title='bbox 334 3946 512 4008; x_wconf 88' lang='lat' dir='ltr'><strong>detur,</strong></span> <span class='ocrx_word' id='word_1_418' title='bbox 547 3945 774 3999; x_wconf 88' lang='lat' dir='ltr'><strong>Omnino</strong></span> <span class='ocrx_word' id='word_1_419' title='bbox 797 3945 1195 4004; x_wconf 80' lang='lat' dir='ltr'><strong>interdicimus.</strong></span> <span class='ocrx_word' id='word_1_420' title='bbox 1227 3957 1285 4000; x_wconf 84' lang='grc' dir='ltr'><strong>ιιι</strong></span> <span class='ocrx_word' id='word_1_421' title='bbox 1316 3946 1462 4000; x_wconf 91' lang='lat' dir='ltr'><strong>nullo</strong></span> <span class='ocrx_word' id='word_1_422' title='bbox 1493 3945 1651 4001; x_wconf 92' lang='lat' dir='ltr'><strong>modo</strong></span> <span class='ocrx_word' id='word_1_423' title='bbox 1675 3960 1927 4008; x_wconf 83' lang='lat' dir='ltr'><strong>umquam</strong></span> 
     </span>
    </p>
   </div>
   <div class='ocr_carea' id='block_1_57' title="bbox 333 4036 1924 4110">
    <p class='ocr_par' dir='ltr' id='par_1_57' title="bbox 333 4036 1924 4110">
     <span class='ocr_line' id='line_1_57' title="bbox 333 4036 1924 4110; baseline 0 -20"><span class='ocrx_word' id='word_1_424' title='bbox 333 4036 656 4100; x_wconf 79' lang='lat' dir='ltr'><strong>oblationes,</strong></span> <span class='ocrx_word' id='word_1_425' title='bbox 689 4053 807 4110; x_wconf 76' lang='lat' dir='ltr'><strong>qua:</strong></span> <span class='ocrx_word' id='word_1_426' title='bbox 831 4037 970 4090; x_wconf 88' lang='lat' dir='ltr'><strong>intra</strong></span> <span class='ocrx_word' id='word_1_427' title='bbox 1001 4047 1240 4092; x_wconf 72' lang='lat' dir='ltr'><strong>sanctam</strong></span> <span class='ocrx_word' id='word_1_428' title='bbox 1267 4038 1553 4092; x_wconf 46' lang='lat' dir='ltr'><strong>cei&#39;lesiam</strong></span> <span class='ocrx_word' id='word_1_429' title='bbox 1604 4037 1924 4100; x_wconf 74' lang='lat' dir='ltr'><strong>offeruntur,</strong></span> 
     </span>
    </p>
   </div>
   <div class='ocr_carea' id='block_1_58' title="bbox 333 4127 1927 4185">
    <p class='ocr_par' dir='ltr' id='par_1_58' title="bbox 333 4127 1927 4185">
     <span class='ocr_line' id='line_1_58' title="bbox 333 4127 1927 4185; baseline 0.003 -5"><span class='ocrx_word' id='word_1_430' title='bbox 333 4128 431 4181; x_wconf 88' lang='lat' dir='ltr'><strong>sub</strong></span> <span class='ocrx_word' id='word_1_431' title='bbox 460 4127 703 4181; x_wconf 89' lang='lat' dir='ltr'><strong>dominio</strong></span> <span class='ocrx_word' id='word_1_432' title='bbox 729 4127 983 4182; x_wconf 92' lang='lat' dir='ltr'><strong>laicorum</strong></span> <span class='ocrx_word' id='word_1_433' title='bbox 1005 4129 1386 4185; x_wconf 83' lang='lat' dir='ltr'><strong>detineantur:</strong></span> <span class='ocrx_word' id='word_1_434' title='bbox 1409 4129 1501 4184; x_wconf 71' lang='lat' dir='ltr'><strong>sed</strong></span> <span class='ocrx_word' id='word_1_435' title='bbox 1552 4130 1927 4185; x_wconf 90' lang='lat' dir='ltr'><strong>tantummodo</strong></span> 
     </span>
    </p>
   </div>
   <div class='ocr_carea' id='block_1_59' title="bbox 332 4219 1924 4292">
    <p class='ocr_par' dir='ltr' id='par_1_59' title="bbox 332 4219 1924 4292">
     <span class='ocr_line' id='line_1_59' title="bbox 332 4219 1924 4292; baseline 0.001 -18"><span class='ocrx_word' id='word_1_436' title='bbox 332 4219 728 4282; x_wconf 73' lang='lat' dir='ltr'><strong>sacerdotibus,</strong></span> <span class='ocrx_word' id='word_1_437' title='bbox 760 4220 851 4289; x_wconf 89' lang='lat' dir='ltr'><strong>qui</strong></span> <span class='ocrx_word' id='word_1_438' title='bbox 877 4219 1118 4292; x_wconf 81' lang='lat' dir='ltr'><strong>quotidie</strong></span> <span class='ocrx_word' id='word_1_439' title='bbox 1149 4221 1380 4275; x_wconf 91' lang='lat' dir='ltr'><strong>Domino</strong></span> <span class='ocrx_word' id='word_1_440' title='bbox 1408 4221 1614 4276; x_wconf 75' lang='lat' dir='ltr'><strong>servire</strong></span> <span class='ocrx_word' id='word_1_441' title='bbox 1648 4222 1924 4289; x_wconf 89' lang='lat' dir='ltr'><strong>videntur,</strong></span> 
     </span>
    </p>
   </div>
   <div class='ocr_carea' id='block_1_60' title="bbox 332 4310 1924 4382">
    <p class='ocr_par' dir='ltr' id='par_1_60' title="bbox 332 4310 1924 4382">
     <span class='ocr_line' id='line_1_60' title="bbox 332 4310 1924 4382; baseline 0.001 -16"><span class='ocrx_word' id='word_1_442' title='bbox 332 4312 488 4366; x_wconf 78' lang='lat' dir='ltr'><strong>liteat</strong></span> <span class='ocrx_word' id='word_1_443' title='bbox 512 4310 800 4365; x_wconf 84' lang='lat' dir='ltr'><strong>comedere</strong></span> <span class='ocrx_word' id='word_1_444' title='bbox 826 4319 881 4366; x_wconf 87' lang='lat' dir='ltr'><strong>et</strong></span> <span class='ocrx_word' id='word_1_445' title='bbox 896 4310 1083 4366; x_wconf 90' lang='lat' dir='ltr'><strong>bibere</strong></span> <span class='ocrx_word' id='word_1_446' title='bbox 1110 4330 1123 4367; x_wconf 89' lang='lat'><strong>:</strong></span> <span class='ocrx_word' id='word_1_447' title='bbox 1152 4313 1278 4382; x_wconf 89' lang='lat' dir='ltr'><strong>quia</strong></span> <span class='ocrx_word' id='word_1_448' title='bbox 1303 4313 1354 4366; x_wconf 91' lang='lat' dir='ltr'><strong>in</strong></span> <span class='ocrx_word' id='word_1_449' title='bbox 1384 4317 1550 4366; x_wconf 84' lang='lat' dir='ltr'><strong>veteri</strong></span> <span class='ocrx_word' id='word_1_450' title='bbox 1575 4313 1924 4368; x_wconf 88' lang='lat' dir='ltr'><strong>Testamento</strong></span> 
     </span>
    </p>
   </div>
   <div class='ocr_carea' id='block_1_61' title="bbox 331 4402 1923 4475">
    <p class='ocr_par' dir='ltr' id='par_1_61' title="bbox 331 4402 1923 4475">
     <span class='ocr_line' id='line_1_61' title="bbox 331 4402 1923 4475; baseline 0.003 -19"><span class='ocrx_word' id='word_1_451' title='bbox 331 4405 346 4471; x_wconf 94' lang='lat'>(</span> <span class='ocrx_word' id='word_1_452' title='bbox 372 4402 529 4456; x_wconf 71' lang='lat' dir='ltr'><strong>Levii.</strong></span> <span class='ocrx_word' id='word_1_453' title='bbox 559 4419 594 4456; x_wconf 89' lang='grc' dir='ltr'><strong>ιι</strong></span> <span class='ocrx_word' id='word_1_454' title='bbox 626 4413 678 4456; x_wconf 89' lang='lat' dir='ltr'><strong>et</strong></span> <span class='ocrx_word' id='word_1_455' title='bbox 709 4402 852 4475; x_wconf 78' lang='lat' dir='ltr'><strong>xxw)</strong></span> <span class='ocrx_word' id='word_1_456' title='bbox 880 4404 1159 4473; x_wconf 86' lang='lat' dir='ltr'><strong>prohibuit</strong></span> <span class='ocrx_word' id='word_1_457' title='bbox 1203 4404 1464 4458; x_wconf 87' lang='lat' dir='ltr'><strong>Dominus</strong></span> <span class='ocrx_word' id='word_1_458' title='bbox 1497 4419 1664 4474; x_wconf 87' lang='lat' dir='ltr'><strong>panes</strong></span> <span class='ocrx_word' id='word_1_459' title='bbox 1705 4419 1923 4461; x_wconf 82' lang='lat' dir='ltr'><strong>saueius</strong></span> 
     </span>
    </p>
   </div>
   <div class='ocr_carea' id='block_1_62' title="bbox 329 4495 1922 4562">
    <p class='ocr_par' dir='ltr' id='par_1_62' title="bbox 329 4495 1922 4562">
     <span class='ocr_line' id='line_1_62' title="bbox 329 4495 1922 4562; baseline 0.002 -14"><span class='ocrx_word' id='word_1_460' title='bbox 329 4496 616 4550; x_wconf 75' lang='lat' dir='ltr'><strong>comedere</strong></span> <span class='ocrx_word' id='word_1_461' title='bbox 660 4495 787 4549; x_wconf 82' lang='lat' dir='ltr'><strong>[iliis</strong></span> <span class='ocrx_word' id='word_1_462' title='bbox 842 4496 1027 4562; x_wconf 87' lang='lat' dir='ltr'><strong>Israel,</strong></span> <span class='ocrx_word' id='word_1_463' title='bbox 1077 4497 1180 4550; x_wconf 66' lang='lat' dir='ltr'><strong>nisi</strong></span> <span class='ocrx_word' id='word_1_464' title='bbox 1233 4496 1608 4552; x_wconf 90' lang='lat' dir='ltr'><strong>tantummodo</strong></span> <span class='ocrx_word' id='word_1_465' title='bbox 1660 4499 1836 4552; x_wconf 74' lang='lat' dir='ltr'><strong>Aaron</strong></span> <span class='ocrx_word' id='word_1_466' title='bbox 1867 4507 1922 4552; x_wconf 90' lang='lat' dir='ltr'><strong>et</strong></span> 
     </span>
    </p>
   </div>
   <div class='ocr_carea' id='block_1_63' title="bbox 2039 1899 3642 1974">
    <p class='ocr_par' dir='ltr' id='par_1_63' title="bbox 2039 1899 3642 1974">
     <span class='ocr_line' id='line_1_63' title="bbox 2039 1899 3642 1974; baseline -0.004 -15"><span class='ocrx_word' id='word_1_467' title='bbox 2039 1915 2120 1959; x_wconf 90' lang='lat' dir='ltr'><strong>est</strong></span> <span class='ocrx_word' id='word_1_468' title='bbox 2152 1906 2218 1958; x_wconf 89' lang='lat' dir='ltr'><strong>de</strong></span> <span class='ocrx_word' id='word_1_469' title='bbox 2259 1905 2488 1974; x_wconf 86' lang='lat' dir='ltr'><strong>panibus</strong></span> <span class='ocrx_word' id='word_1_470' title='bbox 2514 1921 2540 1957; x_wconf 91' lang='lat' dir='ltr'><strong>a</strong></span> <span class='ocrx_word' id='word_1_471' title='bbox 2574 1903 2823 1958; x_wconf 79' lang='lat' dir='ltr'><strong>fidelibus</strong></span> <span class='ocrx_word' id='word_1_472' title='bbox 2853 1903 2904 1956; x_wconf 94' lang='lat' dir='ltr'><strong>in</strong></span> <span class='ocrx_word' id='word_1_473' title='bbox 2938 1902 3098 1956; x_wconf 89' lang='lat' dir='ltr'><strong>altari</strong></span> <span class='ocrx_word' id='word_1_474' title='bbox 3131 1902 3350 1965; x_wconf 87' lang='lat' dir='ltr'><strong>oblatis,</strong></span> <span class='ocrx_word' id='word_1_475' title='bbox 3379 1901 3502 1969; x_wconf 90' lang='lat' dir='ltr'><strong>quis</strong></span> <span class='ocrx_word' id='word_1_476' title='bbox 3535 1899 3642 1955; x_wconf 89' lang='lat' dir='ltr'><strong>illis</strong></span> 
     </span>
    </p>
   </div>
   <div class='ocr_carea' id='block_1_64' title="bbox 2035 1993 3640 2068">
    <p class='ocr_par' dir='ltr' id='par_1_64' title="bbox 2035 1993 3640 2068">
     <span class='ocr_line' id='line_1_64' title="bbox 2035 1993 3640 2068; baseline 0 -21"><span class='ocrx_word' id='word_1_477' title='bbox 2035 2001 2158 2068; x_wconf 85' lang='lat' dir='ltr'><strong>jure</strong></span> <span class='ocrx_word' id='word_1_478' title='bbox 2183 1997 2257 2051; x_wconf 90' lang='lat' dir='ltr'><strong>uti</strong></span> <span class='ocrx_word' id='word_1_479' title='bbox 2289 1996 2506 2050; x_wconf 88' lang='lat' dir='ltr'><strong>debeat.</strong></span> <span class='ocrx_word' id='word_1_480' title='bbox 2537 1996 2812 2064; x_wconf 88' lang='lat' dir='ltr'><strong>Quantum</strong></span> <span class='ocrx_word' id='word_1_481' title='bbox 2847 2010 2876 2049; x_wconf 91' lang='lat' dir='ltr'><strong>a</strong></span> <span class='ocrx_word' id='word_1_482' title='bbox 2903 1996 3189 2065; x_wconf 70' lang='lat' dir='ltr'><strong>praecipuis</strong></span> <span class='ocrx_word' id='word_1_483' title='bbox 3223 1995 3484 2048; x_wconf 69' lang='lat' dir='ltr'><strong>Ecclesire</strong></span> <span class='ocrx_word' id='word_1_484' title='bbox 3507 1993 3640 2047; x_wconf 90' lang='lat' dir='ltr'><strong>doc-</strong></span> 
     </span>
    </p>
   </div>
   <div class='ocr_carea' id='block_1_65' title="bbox 2042 2085 3642 2160">
    <p class='ocr_par' dir='ltr' id='par_1_65' title="bbox 2042 2085 3642 2160">
     <span class='ocr_line' id='line_1_65' title="bbox 2042 2085 3642 2160; baseline -0.003 -16"><span class='ocrx_word' id='word_1_485' title='bbox 2042 2091 2248 2144; x_wconf 86' lang='lat' dir='ltr'><strong>toribus</strong></span> <span class='ocrx_word' id='word_1_486' title='bbox 2294 2089 2624 2160; x_wconf 79' lang='lat' dir='ltr'><strong>investigare</strong></span> <span class='ocrx_word' id='word_1_487' title='bbox 2664 2088 2835 2154; x_wconf 90' lang='lat' dir='ltr'><strong>valui,</strong></span> <span class='ocrx_word' id='word_1_488' title='bbox 2868 2086 2921 2142; x_wconf 92' lang='lat' dir='ltr'><strong>in</strong></span> <span class='ocrx_word' id='word_1_489' title='bbox 2971 2087 3156 2158; x_wconf 86' lang='lat' dir='ltr'><strong>paucis</strong></span> <span class='ocrx_word' id='word_1_490' title='bbox 3199 2086 3289 2140; x_wconf 90' lang='lat' dir='ltr'><strong>tibi</strong></span> <span class='ocrx_word' id='word_1_491' title='bbox 3335 2085 3642 2141; x_wconf 88' lang='lat' dir='ltr'><strong>rescribere</strong></span> 
     </span>
    </p>
   </div>
   <div class='ocr_carea' id='block_1_66' title="bbox 2039 2179 3642 2250">
    <p class='ocr_par' dir='ltr' id='par_1_66' title="bbox 2039 2179 3642 2250">
     <span class='ocr_line' id='line_1_66' title="bbox 2039 2179 3642 2250; baseline -0.002 -14"><span class='ocrx_word' id='word_1_492' title='bbox 2039 2182 2253 2236; x_wconf 85' lang='lat' dir='ltr'><strong>curavi.</strong></span> <span class='ocrx_word' id='word_1_493' title='bbox 2276 2181 2472 2236; x_wconf 88' lang='lat' dir='ltr'><strong>Testes</strong></span> <span class='ocrx_word' id='word_1_494' title='bbox 2493 2189 2674 2235; x_wconf 90' lang='lat' dir='ltr'><strong>autem</strong></span> <span class='ocrx_word' id='word_1_495' title='bbox 2706 2181 2916 2246; x_wconf 88' lang='lat' dir='ltr'><strong>idonei,</strong></span> <span class='ocrx_word' id='word_1_496' title='bbox 2950 2195 3088 2250; x_wconf 90' lang='lat' dir='ltr'><strong>quos</strong></span> <span class='ocrx_word' id='word_1_497' title='bbox 3115 2179 3180 2232; x_wconf 92' lang='lat' dir='ltr'><strong>ad</strong></span> <span class='ocrx_word' id='word_1_498' title='bbox 3214 2180 3351 2234; x_wconf 89' lang='lat' dir='ltr'><strong>hanc</strong></span> <span class='ocrx_word' id='word_1_499' title='bbox 3380 2194 3493 2233; x_wconf 89' lang='lat' dir='ltr'><strong>rem</strong></span> <span class='ocrx_word' id='word_1_500' title='bbox 3521 2193 3642 2232; x_wconf 89' lang='lat' dir='ltr'><strong>cor-</strong></span> 
     </span>
    </p>
   </div>
   <div class='ocr_carea' id='block_1_67' title="bbox 2039 2271 3636 2345">
    <p class='ocr_par' dir='ltr' id='par_1_67' title="bbox 2039 2271 3636 2345">
     <span class='ocr_line' id='line_1_67' title="bbox 2039 2271 3636 2345; baseline -0.001 -17"><span class='ocrx_word' id='word_1_501' title='bbox 2039 2275 2401 2329; x_wconf 90' lang='lat' dir='ltr'><strong>roborandam</strong></span> <span class='ocrx_word' id='word_1_502' title='bbox 2446 2273 2715 2328; x_wconf 76' lang='lat' dir='ltr'><strong>concitari</strong></span> <span class='ocrx_word' id='word_1_503' title='bbox 2770 2271 2932 2345; x_wconf 83' lang='lat' dir='ltr'><strong>(Leg.</strong></span> <span class='ocrx_word' id='word_1_504' title='bbox 2973 2272 3340 2342; x_wconf 80' lang='lat' dir='ltr'><strong>consultavi),</strong></span> <span class='ocrx_word' id='word_1_505' title='bbox 3375 2271 3430 2326; x_wconf 91' lang='lat' dir='ltr'><strong>hi</strong></span> <span class='ocrx_word' id='word_1_506' title='bbox 3462 2279 3588 2325; x_wconf 89' lang='lat' dir='ltr'><strong>sunt</strong></span> <span class='ocrx_word' id='word_1_507' title='bbox 3623 2289 3636 2326; x_wconf 91' lang='lat'><strong>:</strong></span> 
     </span>
    </p>
   </div>
   <div class='ocr_carea' id='block_1_68' title="bbox 2039 2362 3637 2437">
    <p class='ocr_par' dir='ltr' id='par_1_68' title="bbox 2039 2362 3637 2437">
     <span class='ocr_line' id='line_1_68' title="bbox 2039 2362 3637 2437; baseline -0.004 -14"><span class='ocrx_word' id='word_1_508' title='bbox 2039 2367 2337 2437; x_wconf 70' lang='lat' dir='ltr'><strong>Gregorius</strong></span> <span class='ocrx_word' id='word_1_509' title='bbox 2384 2366 2761 2421; x_wconf 84' lang='lat' dir='ltr'><strong>Nazianzenus</strong></span> <span class='ocrx_word' id='word_1_510' title='bbox 2807 2364 3072 2419; x_wconf 85' lang='lat' dir='ltr'><strong>mirabilis</strong></span> <span class='ocrx_word' id='word_1_511' title='bbox 3115 2364 3329 2428; x_wconf 88' lang='lat' dir='ltr'><strong>doctor,</strong></span> <span class='ocrx_word' id='word_1_512' title='bbox 3377 2362 3637 2434; x_wconf 73' lang='lat' dir='ltr'><strong>(lyrillus,</strong></span> 
     </span>
    </p>
   </div>
   <div class='ocr_carea' id='block_1_69' title="bbox 2039 2455 3638 2527">
    <p class='ocr_par' dir='ltr' id='par_1_69' title="bbox 2039 2455 3638 2527">
     <span class='ocr_line' id='line_1_69' title="bbox 2039 2455 3638 2527; baseline -0.006 -11"><span class='ocrx_word' id='word_1_513' title='bbox 2039 2461 2395 2526; x_wconf 84' lang='lat' dir='ltr'><strong>Athanasius,</strong></span> <span class='ocrx_word' id='word_1_514' title='bbox 2423 2459 2787 2527; x_wconf 82' lang='lat' dir='ltr'><strong>&#39;l‘lieOphilus,</strong></span> <span class='ocrx_word' id='word_1_515' title='bbox 2820 2459 3131 2522; x_wconf 89' lang='lat' dir='ltr'><strong>Anatolius,</strong></span> <span class='ocrx_word' id='word_1_516' title='bbox 3155 2457 3436 2511; x_wconf 83' lang='lat' dir='ltr'><strong>Jobannes</strong></span> <span class='ocrx_word' id='word_1_517' title='bbox 3461 2455 3638 2526; x_wconf 84' lang='lat' dir='ltr'><strong>Chry-</strong></span> 
     </span>
    </p>
   </div>
   <div class='ocr_carea' id='block_1_70' title="bbox 2039 2547 3639 2620">
    <p class='ocr_par' dir='ltr' id='par_1_70' title="bbox 2039 2547 3639 2620">
     <span class='ocr_line' id='line_1_70' title="bbox 2039 2547 3639 2620; baseline -0.004 -12"><span class='ocrx_word' id='word_1_518' title='bbox 2039 2563 2334 2620; x_wconf 86' lang='lat' dir='ltr'><strong>sostotnns,</strong></span> <span class='ocrx_word' id='word_1_519' title='bbox 2384 2552 2730 2612; x_wconf 85' lang='lat' dir='ltr'><strong>Eustachius,</strong></span> <span class='ocrx_word' id='word_1_520' title='bbox 2780 2550 3050 2606; x_wconf 87' lang='lat' dir='ltr'><strong>Eusebius</strong></span> <span class='ocrx_word' id='word_1_521' title='bbox 3094 2547 3546 2618; x_wconf 78' lang='lat' dir='ltr'><strong>chronographus</strong></span> <span class='ocrx_word' id='word_1_522' title='bbox 3584 2554 3639 2602; x_wconf 89' lang='lat' dir='ltr'><strong>et</strong></span> 
     </span>
    </p>
   </div>
   <div class='ocr_carea' id='block_1_71' title="bbox 2041 2627 3640 2715">
    <p class='ocr_par' dir='ltr' id='par_1_71' title="bbox 2041 2627 3640 2715">
     <span class='ocr_line' id='line_1_71' title="bbox 2041 2627 3640 2715; baseline -0.004 -15"><span class='ocrx_word' id='word_1_523' title='bbox 2041 2657 2228 2701; x_wconf 89' lang='lat' dir='ltr'><strong>uoster</strong></span> <span class='ocrx_word' id='word_1_524' title='bbox 2261 2627 2536 2700; x_wconf 77' lang='lat' dir='ltr'><strong>Hilarius:</strong></span> <span class='ocrx_word' id='word_1_525' title='bbox 2571 2645 2661 2715; x_wconf 88' lang='lat' dir='ltr'><strong>qui</strong></span> <span class='ocrx_word' id='word_1_526' title='bbox 2693 2661 2885 2699; x_wconf 87' lang='lat' dir='ltr'><strong>omnes</strong></span> <span class='ocrx_word' id='word_1_527' title='bbox 2920 2660 3028 2698; x_wconf 91' lang='lat' dir='ltr'><strong>uno</strong></span> <span class='ocrx_word' id='word_1_528' title='bbox 3057 2659 3154 2698; x_wconf 89' lang='lat' dir='ltr'><strong>ore</strong></span> <span class='ocrx_word' id='word_1_529' title='bbox 3180 2644 3485 2710; x_wconf 82' lang='lat' dir='ltr'><strong>eodemque</strong></span> <span class='ocrx_word' id='word_1_530' title='bbox 3504 2656 3640 2695; x_wconf 88' lang='lat' dir='ltr'><strong>con-</strong></span> 
     </span>
    </p>
   </div>
   <div class='ocr_carea' id='block_1_72' title="bbox 2040 2735 3638 2805">
    <p class='ocr_par' dir='ltr' id='par_1_72' title="bbox 2040 2735 3638 2805">
     <span class='ocr_line' id='line_1_72' title="bbox 2040 2735 3638 2805; baseline -0.006 -10"><span class='ocrx_word' id='word_1_531' title='bbox 2040 2755 2228 2804; x_wconf 89' lang='lat' dir='ltr'><strong>sensu,</strong></span> <span class='ocrx_word' id='word_1_532' title='bbox 2258 2739 2421 2792; x_wconf 89' lang='lat' dir='ltr'><strong>veluti</strong></span> <span class='ocrx_word' id='word_1_533' title='bbox 2450 2753 2579 2792; x_wconf 89' lang='lat' dir='ltr'><strong>vera</strong></span> <span class='ocrx_word' id='word_1_534' title='bbox 2601 2739 2774 2792; x_wconf 89' lang='lat' dir='ltr'><strong>saneti</strong></span> <span class='ocrx_word' id='word_1_535' title='bbox 2803 2737 3042 2805; x_wconf 87' lang='lat' dir='ltr'><strong>Spiritus</strong></span> <span class='ocrx_word' id='word_1_536' title='bbox 3069 2751 3296 2805; x_wconf 81' lang='lat' dir='ltr'><strong>organa,</strong></span> <span class='ocrx_word' id='word_1_537' title='bbox 3324 2735 3638 2789; x_wconf 88' lang='lat' dir='ltr'><strong>anathema-</strong></span> 
     </span>
    </p>
   </div>
   <div class='ocr_carea' id='block_1_73' title="bbox 2042 2830 3642 2900">
    <p class='ocr_par' dir='ltr' id='par_1_73' title="bbox 2042 2830 3642 2900">
     <span class='ocr_line' id='line_1_73' title="bbox 2042 2830 3642 2900; baseline -0.003 -12"><span class='ocrx_word' id='word_1_538' title='bbox 2042 2837 2110 2888; x_wconf 92' lang='lat' dir='ltr'><strong>tis</strong></span> <span class='ocrx_word' id='word_1_539' title='bbox 2155 2849 2414 2888; x_wconf 82' lang='lat' dir='ltr'><strong>mucrooe</strong></span> <span class='ocrx_word' id='word_1_540' title='bbox 2453 2842 2681 2888; x_wconf 80' lang='lat' dir='ltr'><strong>censent</strong></span> <span class='ocrx_word' id='word_1_541' title='bbox 2723 2847 2844 2886; x_wconf 87' lang='lat' dir='ltr'><strong>esse</strong></span> <span class='ocrx_word' id='word_1_542' title='bbox 2899 2830 3207 2893; x_wconf 80' lang='lat' dir='ltr'><strong>feriendos,</strong></span> <span class='ocrx_word' id='word_1_543' title='bbox 3263 2832 3352 2900; x_wconf 91' lang='lat' dir='ltr'><strong>qui</strong></span> <span class='ocrx_word' id='word_1_544' title='bbox 3406 2832 3456 2883; x_wconf 92' lang='lat' dir='ltr'><strong>in</strong></span> <span class='ocrx_word' id='word_1_545' title='bbox 3512 2843 3642 2884; x_wconf 87' lang='lat' dir='ltr'><strong>usus</strong></span> 
     </span>
    </p>
   </div>
   <div class='ocr_carea' id='block_1_74' title="bbox 2038 2920 3639 2996">
    <p class='ocr_par' dir='ltr' id='par_1_74' title="bbox 2038 2920 3639 2996">
     <span class='ocr_line' id='line_1_74' title="bbox 2038 2920 3639 2996; baseline -0.004 -14"><span class='ocrx_word' id='word_1_546' title='bbox 2038 2928 2301 2982; x_wconf 89' lang='lat' dir='ltr'><strong>laicorum</strong></span> <span class='ocrx_word' id='word_1_547' title='bbox 2332 2941 2500 2996; x_wconf 89' lang='lat' dir='ltr'><strong>panes</strong></span> <span class='ocrx_word' id='word_1_548' title='bbox 2527 2925 2862 2980; x_wconf 88' lang='lat' dir='ltr'><strong>oblationum</strong></span> <span class='ocrx_word' id='word_1_549' title='bbox 2897 2923 3274 2978; x_wconf 88' lang='lat' dir='ltr'><strong>contulerint:</strong></span> <span class='ocrx_word' id='word_1_550' title='bbox 3309 2923 3436 2993; x_wconf 91' lang='lat' dir='ltr'><strong>quia</strong></span> <span class='ocrx_word' id='word_1_551' title='bbox 3464 2920 3639 2975; x_wconf 84' lang='lat' dir='ltr'><strong>omni-</strong></span> 
     </span>
    </p>
   </div>
   <div class='ocr_carea' id='block_1_75' title="bbox 2042 3015 3638 3085">
    <p class='ocr_par' dir='ltr' id='par_1_75' title="bbox 2042 3015 3638 3085">
     <span class='ocr_line' id='line_1_75' title="bbox 2042 3015 3638 3085; baseline -0.004 -11"><span class='ocrx_word' id='word_1_552' title='bbox 2042 3037 2110 3074; x_wconf 92' lang='lat' dir='ltr'><strong>no</strong></span> <span class='ocrx_word' id='word_1_553' title='bbox 2144 3019 2519 3074; x_wconf 85' lang='lat' dir='ltr'><strong>sacerdotibus</strong></span> <span class='ocrx_word' id='word_1_554' title='bbox 2559 3019 2688 3071; x_wconf 89' lang='lat' dir='ltr'><strong>solis</strong></span> <span class='ocrx_word' id='word_1_555' title='bbox 2720 3017 3008 3081; x_wconf 89' lang='lat' dir='ltr'><strong>debentur,</strong></span> <span class='ocrx_word' id='word_1_556' title='bbox 3045 3017 3146 3070; x_wconf 84' lang='lat' dir='ltr'><strong>nisi</strong></span> <span class='ocrx_word' id='word_1_557' title='bbox 3182 3018 3318 3069; x_wconf 77' lang='lat' dir='ltr'><strong>forte</strong></span> <span class='ocrx_word' id='word_1_558' title='bbox 3361 3015 3638 3085; x_wconf 70' lang='lat' dir='ltr'><strong>religionis</strong></span> 
     </span>
    </p>
   </div>
   <div class='ocr_carea' id='block_1_76' title="bbox 2039 3107 3639 3181">
    <p class='ocr_par' dir='ltr' id='par_1_76' title="bbox 2039 3107 3639 3181">
     <span class='ocr_line' id='line_1_76' title="bbox 2039 3107 3639 3181; baseline -0.003 -16"><span class='ocrx_word' id='word_1_559' title='bbox 2039 3113 2210 3181; x_wconf 85' lang='lat' dir='ltr'><strong>gratia</strong></span> <span class='ocrx_word' id='word_1_560' title='bbox 2262 3111 2382 3165; x_wconf 90' lang='lat' dir='ltr'><strong>laici</strong></span> <span class='ocrx_word' id='word_1_561' title='bbox 2433 3125 2530 3180; x_wconf 93' lang='lat' dir='ltr'><strong>pro</strong></span> <span class='ocrx_word' id='word_1_562' title='bbox 2579 3110 2962 3164; x_wconf 87' lang='lat' dir='ltr'><strong>benedictione</strong></span> <span class='ocrx_word' id='word_1_563' title='bbox 3001 3109 3068 3164; x_wconf 89' lang='lat' dir='ltr'><strong>de</strong></span> <span class='ocrx_word' id='word_1_564' title='bbox 3115 3125 3276 3162; x_wconf 90' lang='lat' dir='ltr'><strong>manu</strong></span> <span class='ocrx_word' id='word_1_565' title='bbox 3335 3107 3639 3162; x_wconf 85' lang='lat' dir='ltr'><strong>sacerdotis</strong></span> 
     </span>
    </p>
   </div>
   <div class='ocr_carea' id='block_1_77' title="bbox 2039 3199 3635 3274">
    <p class='ocr_par' dir='ltr' id='par_1_77' title="bbox 2039 3199 3635 3274">
     <span class='ocr_line' id='line_1_77' title="bbox 2039 3199 3635 3274; baseline -0.004 -16"><span class='ocrx_word' id='word_1_566' title='bbox 2039 3203 2333 3274; x_wconf 71' lang='lat' dir='ltr'><strong>accipiant.</strong></span> <span class='ocrx_word' id='word_1_567' title='bbox 2363 3201 2480 3257; x_wconf 87' lang='lat' dir='ltr'><strong>N0n</strong></span> <span class='ocrx_word' id='word_1_568' title='bbox 2525 3201 2700 3257; x_wconf 90' lang='lat' dir='ltr'><strong>solum</strong></span> <span class='ocrx_word' id='word_1_569' title='bbox 2730 3209 2912 3256; x_wconf 88' lang='lat' dir='ltr'><strong>autem</strong></span> <span class='ocrx_word' id='word_1_570' title='bbox 2943 3201 3011 3255; x_wconf 91' lang='lat' dir='ltr'><strong>de</strong></span> <span class='ocrx_word' id='word_1_571' title='bbox 3055 3200 3281 3270; x_wconf 88' lang='lat' dir='ltr'><strong>panibus</strong></span> <span class='ocrx_word' id='word_1_572' title='bbox 3318 3201 3370 3252; x_wconf 92' lang='lat' dir='ltr'><strong>in</strong></span> <span class='ocrx_word' id='word_1_573' title='bbox 3405 3199 3635 3252; x_wconf 86' lang='lat' dir='ltr'><strong>ecclesia</strong></span> 
     </span>
    </p>
   </div>
   <div class='ocr_carea' id='block_1_78' title="bbox 2039 3291 3636 3363">
    <p class='ocr_par' dir='ltr' id='par_1_78' title="bbox 2039 3291 3636 3363">
     <span class='ocr_line' id='line_1_78' title="bbox 2039 3291 3636 3363; baseline -0.004 -12"><span class='ocrx_word' id='word_1_574' title='bbox 2039 3298 2143 3352; x_wconf 90' lang='lat' dir='ltr'><strong>hoc</strong></span> <span class='ocrx_word' id='word_1_575' title='bbox 2191 3305 2491 3350; x_wconf 83' lang='lat' dir='ltr'><strong>sanxerunt</strong></span> <span class='ocrx_word' id='word_1_576' title='bbox 2539 3305 2720 3363; x_wconf 85' lang='lat' dir='ltr'><strong>patres</strong></span> <span class='ocrx_word' id='word_1_577' title='bbox 2765 3293 2959 3359; x_wconf 89' lang='lat' dir='ltr'><strong>nostri,</strong></span> <span class='ocrx_word' id='word_1_578' title='bbox 3002 3292 3097 3347; x_wconf 86' lang='lat' dir='ltr'><strong>sed</strong></span> <span class='ocrx_word' id='word_1_579' title='bbox 3137 3293 3205 3347; x_wconf 90' lang='lat' dir='ltr'><strong>de</strong></span> <span class='ocrx_word' id='word_1_580' title='bbox 3236 3291 3488 3345; x_wconf 90' lang='lat' dir='ltr'><strong>omnibus</strong></span> <span class='ocrx_word' id='word_1_581' title='bbox 3516 3305 3636 3359; x_wconf 78' lang='lat' dir='ltr'><strong>qua:</strong></span> 
     </span>
    </p>
   </div>
   <div class='ocr_carea' id='block_1_79' title="bbox 2037 3385 3633 3454">
    <p class='ocr_par' dir='ltr' id='par_1_79' title="bbox 2037 3385 3633 3454">
     <span class='ocr_line' id='line_1_79' title="bbox 2037 3385 3633 3454; baseline -0.003 -12"><span class='ocrx_word' id='word_1_582' title='bbox 2037 3391 2194 3443; x_wconf 84' lang='lat' dir='ltr'><strong>altari</strong></span> <span class='ocrx_word' id='word_1_583' title='bbox 2240 3387 2566 3450; x_wconf 78' lang='lat' dir='ltr'><strong>offeruntur,</strong></span> <span class='ocrx_word' id='word_1_584' title='bbox 2603 3388 2850 3442; x_wconf 87' lang='lat' dir='ltr'><strong>dicentes</strong></span> <span class='ocrx_word' id='word_1_585' title='bbox 2881 3395 3040 3454; x_wconf 88' lang='lat' dir='ltr'><strong>atque</strong></span> <span class='ocrx_word' id='word_1_586' title='bbox 3083 3385 3341 3439; x_wconf 87' lang='lat' dir='ltr'><strong>docentes</strong></span> <span class='ocrx_word' id='word_1_587' title='bbox 3381 3399 3633 3454; x_wconf 79' lang='lat' dir='ltr'><strong>magnum</strong></span> 
     </span>
    </p>
   </div>
   <div class='ocr_carea' id='block_1_80' title="bbox 2039 3477 3635 3550">
    <p class='ocr_par' dir='ltr' id='par_1_80' title="bbox 2039 3477 3635 3550">
     <span class='ocr_line' id='line_1_80' title="bbox 2039 3477 3635 3550; baseline -0.003 -13"><span class='ocrx_word' id='word_1_588' title='bbox 2039 3483 2190 3537; x_wconf 77' lang='lat' dir='ltr'><strong>nefas</strong></span> <span class='ocrx_word' id='word_1_589' title='bbox 2221 3497 2366 3545; x_wconf 91' lang='lat' dir='ltr'><strong>esse,</strong></span> <span class='ocrx_word' id='word_1_590' title='bbox 2410 3493 2463 3536; x_wconf 90' lang='lat' dir='ltr'><strong>et</strong></span> <span class='ocrx_word' id='word_1_591' title='bbox 2511 3497 2608 3550; x_wconf 88' lang='lat' dir='ltr'><strong>per</strong></span> <span class='ocrx_word' id='word_1_592' title='bbox 2649 3481 2830 3534; x_wconf 88' lang='lat' dir='ltr'><strong>omnia</strong></span> <span class='ocrx_word' id='word_1_593' title='bbox 2869 3479 3134 3533; x_wconf 87' lang='lat' dir='ltr'><strong>diabolica</strong></span> <span class='ocrx_word' id='word_1_594' title='bbox 3180 3479 3486 3533; x_wconf 81' lang='lat' dir='ltr'><strong>temeritate</strong></span> <span class='ocrx_word' id='word_1_595' title='bbox 3532 3477 3635 3532; x_wconf 89' lang='lat' dir='ltr'><strong>hoc</strong></span> 
     </span>
    </p>
   </div>
   <div class='ocr_carea' id='block_1_81' title="bbox 2037 3571 3634 3645">
    <p class='ocr_par' dir='ltr' id='par_1_81' title="bbox 2037 3571 3634 3645">
     <span class='ocr_line' id='line_1_81' title="bbox 2037 3571 3634 3645; baseline -0.003 -16"><span class='ocrx_word' id='word_1_596' title='bbox 2037 3575 2148 3630; x_wconf 89' lang='lat' dir='ltr'><strong>lieri</strong></span> <span class='ocrx_word' id='word_1_597' title='bbox 2176 3575 2502 3645; x_wconf 89' lang='lat' dir='ltr'><strong>ubicumque</strong></span> <span class='ocrx_word' id='word_1_598' title='bbox 2534 3575 2830 3634; x_wconf 80' lang='lat' dir='ltr'><strong>acciderit;</strong></span> <span class='ocrx_word' id='word_1_599' title='bbox 2862 3585 2916 3628; x_wconf 91' lang='lat' dir='ltr'><strong>et</strong></span> <span class='ocrx_word' id='word_1_600' title='bbox 2955 3572 3112 3626; x_wconf 84' lang='lat' dir='ltr'><strong>valde</strong></span> <span class='ocrx_word' id='word_1_601' title='bbox 3141 3587 3260 3626; x_wconf 88' lang='lat' dir='ltr'><strong>esse</strong></span> <span class='ocrx_word' id='word_1_602' title='bbox 3292 3571 3634 3625; x_wconf 89' lang='lat' dir='ltr'><strong>intolerabile</strong></span> 
     </span>
    </p>
   </div>
   <div class='ocr_carea' id='block_1_82' title="bbox 2034 3665 3635 3732">
    <p class='ocr_par' dir='ltr' id='par_1_82' title="bbox 2034 3665 3635 3732">
     <span class='ocr_line' id='line_1_82' title="bbox 2034 3665 3635 3732; baseline -0.003 -11"><span class='ocrx_word' id='word_1_603' title='bbox 2034 3679 2234 3722; x_wconf 84' lang='lat' dir='ltr'><strong>sanctae.</strong></span> <span class='ocrx_word' id='word_1_604' title='bbox 2263 3669 2544 3732; x_wconf 81' lang='lat' dir='ltr'><strong>Ecclesiae,</strong></span> <span class='ocrx_word' id='word_1_605' title='bbox 2582 3677 2640 3720; x_wconf 92' lang='lat' dir='ltr'><strong>ut</strong></span> <span class='ocrx_word' id='word_1_606' title='bbox 2686 3669 2804 3720; x_wconf 89' lang='lat' dir='ltr'><strong>sine</strong></span> <span class='ocrx_word' id='word_1_607' title='bbox 2836 3667 3067 3720; x_wconf 87' lang='lat' dir='ltr'><strong>vindicta</strong></span> <span class='ocrx_word' id='word_1_608' title='bbox 3103 3665 3419 3720; x_wconf 58' lang='lat' dir='ltr'><strong>“sanctorum</strong></span> <span class='ocrx_word' id='word_1_609' title='bbox 3467 3676 3635 3716; x_wconf 82' lang='lat' dir='ltr'><strong>cano-</strong></span> 
     </span>
    </p>
   </div>
   <div class='ocr_carea' id='block_1_83' title="bbox 2034 3757 3639 3829">
    <p class='ocr_par' dir='ltr' id='par_1_83' title="bbox 2034 3757 3639 3829">
     <span class='ocr_line' id='line_1_83' title="bbox 2034 3757 3639 3829; baseline -0.003 -15"><span class='ocrx_word' id='word_1_610' title='bbox 2034 3776 2162 3814; x_wconf 87' lang='lat' dir='ltr'><strong>num</strong></span> <span class='ocrx_word' id='word_1_611' title='bbox 2195 3770 2495 3814; x_wconf 86' lang='lat' dir='ltr'><strong>remaneat.</strong></span> <span class='ocrx_word' id='word_1_612' title='bbox 2534 3759 2689 3814; x_wconf 89' lang='lat' dir='ltr'><strong>Unde</strong></span> <span class='ocrx_word' id='word_1_613' title='bbox 2730 3757 3154 3829; x_wconf 66' lang='lat' dir='ltr'><strong>Chrysostomus</strong></span> <span class='ocrx_word' id='word_1_614' title='bbox 3197 3758 3248 3812; x_wconf 89' lang='lat' dir='ltr'><strong>in</strong></span> <span class='ocrx_word' id='word_1_615' title='bbox 3296 3769 3639 3811; x_wconf 81' lang='lat' dir='ltr'><strong>commenta-</strong></span> 
     </span>
    </p>
   </div>
   <div class='ocr_carea' id='block_1_84' title="bbox 2033 3849 3635 3925">
    <p class='ocr_par' dir='ltr' id='par_1_84' title="bbox 2033 3849 3635 3925">
     <span class='ocr_line' id='line_1_84' title="bbox 2033 3849 3635 3925; baseline -0.004 -17"><span class='ocrx_word' id='word_1_616' title='bbox 2033 3855 2130 3908; x_wconf 87' lang='lat' dir='ltr'><strong>riis</strong></span> <span class='ocrx_word' id='word_1_617' title='bbox 2168 3868 2330 3924; x_wconf 80' lang='lat' dir='ltr'><strong>Super</strong></span> <span class='ocrx_word' id='word_1_618' title='bbox 2371 3854 2680 3907; x_wconf 77' lang='lat' dir='ltr'><strong>Matthaeum</strong></span> <span class='ocrx_word' id='word_1_619' title='bbox 2723 3852 2949 3925; x_wconf 79' lang='lat' dir='ltr'><strong>(Manli.</strong></span> <span class='ocrx_word' id='word_1_620' title='bbox 2999 3867 3095 3917; x_wconf 82' lang='lat' dir='ltr'><strong>xu,</strong></span> <span class='ocrx_word' id='word_1_621' title='bbox 3129 3850 3214 3922; x_wconf 86' lang='lat' dir='ltr'><strong>l),</strong></span> <span class='ocrx_word' id='word_1_622' title='bbox 3257 3850 3345 3904; x_wconf 92' lang='lat' dir='ltr'><strong>ubi</strong></span> <span class='ocrx_word' id='word_1_623' title='bbox 3386 3849 3635 3916; x_wconf 82' lang='lat' dir='ltr'><strong>discipuli</strong></span> 
     </span>
    </p>
   </div>
   <div class='ocr_carea' id='block_1_85' title="bbox 2032 3938 3634 4012">
    <p class='ocr_par' dir='ltr' id='par_1_85' title="bbox 2032 3938 3634 4012">
     <span class='ocr_line' id='line_1_85' title="bbox 2032 3938 3634 4012; baseline -0.004 -14"><span class='ocrx_word' id='word_1_624' title='bbox 2032 3945 2210 4012; x_wconf 73' lang='lat' dir='ltr'><strong>Spic:is</strong></span> <span class='ocrx_word' id='word_1_625' title='bbox 2255 3943 2529 3998; x_wconf 88' lang='lat' dir='ltr'><strong>vellebant</strong></span> <span class='ocrx_word' id='word_1_626' title='bbox 2567 3943 2820 4008; x_wconf 88' lang='lat' dir='ltr'><strong>sabbato,</strong></span> <span class='ocrx_word' id='word_1_627' title='bbox 2870 3950 2923 3995; x_wconf 90' lang='lat' dir='ltr'><strong>et</strong></span> <span class='ocrx_word' id='word_1_628' title='bbox 2967 3940 3226 3995; x_wconf 64' lang='lat' dir='ltr'><strong>Pharisaei</strong></span> <span class='ocrx_word' id='word_1_629' title='bbox 3268 3938 3634 4009; x_wconf 73' lang='lat' dir='ltr'><strong>reprehende-</strong></span> 
     </span>
    </p>
   </div>
   <div class='ocr_carea' id='block_1_86' title="bbox 2031 4033 3630 4104">
    <p class='ocr_par' dir='ltr' id='par_1_86' title="bbox 2031 4033 3630 4104">
     <span class='ocr_line' id='line_1_86' title="bbox 2031 4033 3630 4104; baseline -0.004 -11"><span class='ocrx_word' id='word_1_630' title='bbox 2031 4039 2181 4103; x_wconf 85' lang='lat' dir='ltr'><strong>bant,</strong></span> <span class='ocrx_word' id='word_1_631' title='bbox 2211 4038 2289 4092; x_wconf 89' lang='lat' dir='ltr'><strong>sic</strong></span> <span class='ocrx_word' id='word_1_632' title='bbox 2313 4039 2385 4090; x_wconf 88' lang='lat' dir='ltr'><strong>ait</strong></span> <span class='ocrx_word' id='word_1_633' title='bbox 2411 4055 2422 4089; x_wconf 92' lang='lat'><strong>:</strong></span> <span class='ocrx_word' id='word_1_634' title='bbox 2457 4037 2512 4092; x_wconf 89' lang='lat' dir='ltr'><strong>Si</strong></span> <span class='ocrx_word' id='word_1_635' title='bbox 2540 4051 2644 4091; x_wconf 92' lang='lat' dir='ltr'><strong>non</strong></span> <span class='ocrx_word' id='word_1_636' title='bbox 2679 4037 2830 4090; x_wconf 89' lang='lat' dir='ltr'><strong>licuit</strong></span> <span class='ocrx_word' id='word_1_637' title='bbox 2867 4036 3036 4090; x_wconf 79' lang='lat' dir='ltr'><strong>David</strong></span> <span class='ocrx_word' id='word_1_638' title='bbox 3065 4045 3118 4090; x_wconf 90' lang='lat' dir='ltr'><strong>et</strong></span> <span class='ocrx_word' id='word_1_639' title='bbox 3147 4035 3280 4088; x_wconf 79' lang='lat' dir='ltr'><strong>viris</strong></span> <span class='ocrx_word' id='word_1_640' title='bbox 3303 4035 3422 4104; x_wconf 75' lang='lat' dir='ltr'><strong>ejus</strong></span> <span class='ocrx_word' id='word_1_641' title='bbox 3453 4033 3630 4088; x_wconf 84' lang='lat' dir='ltr'><strong>adhuc</strong></span> 
     </span>
    </p>
   </div>
   <div class='ocr_carea' id='block_1_87' title="bbox 2031 4130 3633 4200">
    <p class='ocr_par' dir='ltr' id='par_1_87' title="bbox 2031 4130 3633 4200">
     <span class='ocr_line' id='line_1_87' title="bbox 2031 4130 3633 4200; baseline -0.002 -15"><span class='ocrx_word' id='word_1_642' title='bbox 2031 4133 2132 4185; x_wconf 91' lang='lat' dir='ltr'><strong>sub</strong></span> <span class='ocrx_word' id='word_1_643' title='bbox 2191 4131 2381 4185; x_wconf 86' lang='lat' dir='ltr'><strong>umbra</strong></span> <span class='ocrx_word' id='word_1_644' title='bbox 2446 4131 2580 4200; x_wconf 80' lang='lat' dir='ltr'><strong>legis</strong></span> <span class='ocrx_word' id='word_1_645' title='bbox 2631 4130 2924 4184; x_wconf 88' lang='lat' dir='ltr'><strong>comedere</strong></span> <span class='ocrx_word' id='word_1_646' title='bbox 2980 4145 3147 4199; x_wconf 88' lang='lat' dir='ltr'><strong>panes</strong></span> <span class='ocrx_word' id='word_1_647' title='bbox 3208 4130 3633 4200; x_wconf 84' lang='lat' dir='ltr'><strong>propositionis,</strong></span> 
     </span>
    </p>
   </div>
   <div class='ocr_carea' id='block_1_88' title="bbox 2031 4224 3630 4296">
    <p class='ocr_par' dir='ltr' id='par_1_88' title="bbox 2031 4224 3630 4296">
     <span class='ocr_line' id='line_1_88' title="bbox 2031 4224 3630 4296; baseline -0.001 -17"><span class='ocrx_word' id='word_1_648' title='bbox 2031 4227 2247 4295; x_wconf 90' lang='lat' dir='ltr'><strong>quando</strong></span> <span class='ocrx_word' id='word_1_649' title='bbox 2272 4227 2339 4280; x_wconf 91' lang='lat' dir='ltr'><strong>ab</strong></span> <span class='ocrx_word' id='word_1_650' title='bbox 2371 4224 2687 4281; x_wconf 78' lang='lat' dir='ltr'><strong>Abimelech</strong></span> <span class='ocrx_word' id='word_1_651' title='bbox 2718 4240 2886 4296; x_wconf 90' lang='lat' dir='ltr'><strong>panes</strong></span> <span class='ocrx_word' id='word_1_652' title='bbox 2919 4227 3074 4296; x_wconf 88' lang='lat' dir='ltr'><strong>petiit</strong></span> <span class='ocrx_word' id='word_1_653' title='bbox 3109 4226 3254 4280; x_wconf 79' lang='lat' dir='ltr'><strong>fame</strong></span> <span class='ocrx_word' id='word_1_654' title='bbox 3284 4224 3630 4289; x_wconf 87' lang='lat' dir='ltr'><strong>stimulante;</strong></span> 
     </span>
    </p>
   </div>
   <div class='ocr_carea' id='block_1_89' title="bbox 2029 4317 3632 4390">
    <p class='ocr_par' dir='ltr' id='par_1_89' title="bbox 2029 4317 3632 4390">
     <span class='ocr_line' id='line_1_89' title="bbox 2029 4317 3632 4390; baseline -0.001 -18"><span class='ocrx_word' id='word_1_655' title='bbox 2029 4319 2308 4390; x_wconf 93' lang='lat' dir='ltr'><strong>quomodo</strong></span> <span class='ocrx_word' id='word_1_656' title='bbox 2337 4333 2480 4373; x_wconf 91' lang='lat' dir='ltr'><strong>nunc</strong></span> <span class='ocrx_word' id='word_1_657' title='bbox 2512 4319 2811 4389; x_wconf 75' lang='lat' dir='ltr'><strong>Evangelio</strong></span> <span class='ocrx_word' id='word_1_658' title='bbox 2841 4327 3164 4373; x_wconf 87' lang='lat' dir='ltr'><strong>eoruscaute</strong></span> <span class='ocrx_word' id='word_1_659' title='bbox 3195 4317 3510 4386; x_wconf 90' lang='lat' dir='ltr'><strong>persuaderi</strong></span> <span class='ocrx_word' id='word_1_660' title='bbox 3539 4317 3632 4371; x_wconf 90' lang='lat' dir='ltr'><strong>de-</strong></span> 
     </span>
    </p>
   </div>
   <div class='ocr_carea' id='block_1_90' title="bbox 2029 4399 3633 4479">
    <p class='ocr_par' dir='ltr' id='par_1_90' title="bbox 2029 4399 3633 4479">
     <span class='ocr_line' id='line_1_90' title="bbox 2029 4399 3633 4479; baseline -0.002 -12"><span class='ocrx_word' id='word_1_661' title='bbox 2029 4412 2122 4467; x_wconf 90' lang='lat' dir='ltr'><strong>bet</strong></span> <span class='ocrx_word' id='word_1_662' title='bbox 2151 4413 2304 4468; x_wconf 80' lang='lat' dir='ltr'><strong>laicis</strong></span> <span class='ocrx_word' id='word_1_663' title='bbox 2331 4421 2388 4466; x_wconf 91' lang='lat' dir='ltr'><strong>ut</strong></span> <span class='ocrx_word' id='word_1_664' title='bbox 2423 4413 2751 4472; x_wconf 81' lang='lat' dir='ltr'><strong>oblationem</strong></span> <span class='ocrx_word' id='word_1_665' title='bbox 2789 4399 2984 4479; x_wconf 88' lang='lat' dir='ltr'><strong>panum</strong></span> <span class='ocrx_word' id='word_1_666' title='bbox 3031 4411 3144 4465; x_wconf 87' lang='lat' dir='ltr'><strong>Deo</strong></span> <span class='ocrx_word' id='word_1_667' title='bbox 3181 4411 3484 4466; x_wconf 84' lang='lat' dir='ltr'><strong>oblaturum</strong></span> <span class='ocrx_word' id='word_1_668' title='bbox 3518 4410 3633 4464; x_wconf 89' lang='lat' dir='ltr'><strong>suis</strong></span> 
     </span>
    </p>
   </div>
   <div class='ocr_carea' id='block_1_91' title="bbox 2030 4504 3626 4574">
    <p class='ocr_par' dir='ltr' id='par_1_91' title="bbox 2030 4504 3626 4574">
     <span class='ocr_line' id='line_1_91' title="bbox 2030 4504 3626 4574; baseline -0.003 -14"><span class='ocrx_word' id='word_1_669' title='bbox 2030 4506 2217 4560; x_wconf 87' lang='lat' dir='ltr'><strong>usibus</strong></span> <span class='ocrx_word' id='word_1_670' title='bbox 2262 4505 2515 4573; x_wconf 78' lang='lat' dir='ltr'><strong>rapiant&quot;</strong></span> <span class='ocrx_word' id='word_1_671' title='bbox 2555 4505 2694 4559; x_wconf 89' lang='lat' dir='ltr'><strong>Dicit</strong></span> <span class='ocrx_word' id='word_1_672' title='bbox 2733 4520 2972 4573; x_wconf 88' lang='lat' dir='ltr'><strong>namque</strong></span> <span class='ocrx_word' id='word_1_673' title='bbox 3012 4504 3240 4574; x_wconf 90' lang='lat' dir='ltr'><strong>perinde</strong></span> <span class='ocrx_word' id='word_1_674' title='bbox 3277 4504 3570 4574; x_wconf 77' lang='lat' dir='ltr'><strong>Apostolus</strong></span> <span class='ocrx_word' id='word_1_675' title='bbox 3614 4522 3626 4556; x_wconf 76' lang='grc' dir='ltr'><em>τ</em></span> 
     </span>
    </p>
   </div>
   <div class='ocr_carea' id='block_1_92' title="bbox 327 4575 3625 4667">
    <p class='ocr_par' dir='ltr' id='par_1_92' title="bbox 327 4575 3625 4667">
     <span class='ocr_line' id='line_1_92' title="bbox 327 4575 3625 4667; baseline 0.002 -24"><span class='ocrx_word' id='word_1_676' title='bbox 327 4589 453 4643; x_wconf 83' lang='lat' dir='ltr'><strong>liliis</strong></span> <span class='ocrx_word' id='word_1_677' title='bbox 484 4589 605 4658; x_wconf 89' lang='lat' dir='ltr'><strong>ejus</strong></span> <span class='ocrx_word' id='word_1_678' title='bbox 632 4606 644 4642; x_wconf 86' lang='lat'><strong>:</strong></span> <span class='ocrx_word' id='word_1_679' title='bbox 674 4590 764 4658; x_wconf 90' lang='lat' dir='ltr'><strong>qui</strong></span> <span class='ocrx_word' id='word_1_680' title='bbox 813 4604 982 4658; x_wconf 89' lang='lat' dir='ltr'><strong>panes</strong></span> <span class='ocrx_word' id='word_1_681' title='bbox 1028 4589 1186 4659; x_wconf 82' lang='lat' dir='ltr'><strong>longe</strong></span> <span class='ocrx_word' id='word_1_682' title='bbox 1213 4601 1371 4646; x_wconf 89' lang='lat' dir='ltr'><strong>erant</strong></span> <span class='ocrx_word' id='word_1_683' title='bbox 1400 4591 1467 4645; x_wconf 90' lang='lat' dir='ltr'><strong>ab</strong></span> <span class='ocrx_word' id='word_1_684' title='bbox 1511 4592 1630 4645; x_wconf 78' lang='lat' dir='ltr'><strong>istis</strong></span> <span class='ocrx_word' id='word_1_685' title='bbox 1669 4592 1917 4661; x_wconf 88' lang='lat' dir='ltr'><strong>panibus,</strong></span> <span class='ocrx_word' id='word_1_686' title='bbox 1949 4575 2004 4634; x_wconf 73' lang='lat' dir='ltr'><strong>D</strong></span> <span class='ocrx_word' id='word_1_687' title='bbox 2033 4617 2050 4650; x_wconf 75' lang='grc' dir='ltr'><strong>ι</strong></span> <span class='ocrx_word' id='word_1_688' title='bbox 2074 4599 2174 4665; x_wconf 83' lang='lat' dir='ltr'><strong>Qui</strong></span> <span class='ocrx_word' id='word_1_689' title='bbox 2201 4599 2354 4652; x_wconf 88' lang='lat' dir='ltr'><strong>altari</strong></span> <span class='ocrx_word' id='word_1_690' title='bbox 2376 4598 2638 4660; x_wconf 86' lang='lat' dir='ltr'><strong>serviunt,</strong></span> <span class='ocrx_word' id='word_1_691' title='bbox 2661 4597 2729 4651; x_wconf 89' lang='lat' dir='ltr'><strong>de</strong></span> <span class='ocrx_word' id='word_1_692' title='bbox 2744 4597 2902 4650; x_wconf 87' lang='lat' dir='ltr'><strong>altari</strong></span> <span class='ocrx_word' id='word_1_693' title='bbox 2930 4597 3256 4665; x_wconf 85' lang='lat' dir='ltr'><strong>participent</strong></span> <span class='ocrx_word' id='word_1_694' title='bbox 3279 4596 3550 4667; x_wconf 75' lang='lat' dir='ltr'><strong>(x,qncest.</strong></span> <span class='ocrx_word' id='word_1_695' title='bbox 3573 4595 3625 4660; x_wconf 75' lang='grc' dir='ltr'>Ι,</span> 
     </span>
    </p>
   </div>
   <div class='ocr_carea' id='block_1_93' title="bbox 326 4681 1920 4756">
    <p class='ocr_par' dir='ltr' id='par_1_93' title="bbox 326 4681 1920 4756">
     <span class='ocr_line' id='line_1_93' title="bbox 326 4681 1920 4756; baseline 0.004 -22"><span class='ocrx_word' id='word_1_696' title='bbox 326 4682 418 4753; x_wconf 91' lang='lat' dir='ltr'><strong>qui</strong></span> <span class='ocrx_word' id='word_1_697' title='bbox 452 4697 594 4738; x_wconf 76' lang='lat' dir='ltr'><strong>nuuc</strong></span> <span class='ocrx_word' id='word_1_698' title='bbox 620 4681 670 4736; x_wconf 89' lang='lat' dir='ltr'><strong>in</strong></span> <span class='ocrx_word' id='word_1_699' title='bbox 695 4689 879 4735; x_wconf 88' lang='lat' dir='ltr'><strong>sancta</strong></span> <span class='ocrx_word' id='word_1_700' title='bbox 914 4681 1159 4738; x_wconf 86' lang='lat' dir='ltr'><strong>Ecclesia</strong></span> <span class='ocrx_word' id='word_1_701' title='bbox 1187 4683 1521 4751; x_wconf 73' lang='lat' dir='ltr'><strong>offeruntur;</strong></span> <span class='ocrx_word' id='word_1_702' title='bbox 1567 4687 1688 4756; x_wconf 90' lang='lat' dir='ltr'><strong>quia</strong></span> <span class='ocrx_word' id='word_1_703' title='bbox 1717 4685 1792 4740; x_wconf 91' lang='lat' dir='ltr'><strong>illi</strong></span> <span class='ocrx_word' id='word_1_704' title='bbox 1820 4687 1920 4741; x_wconf 90' lang='lat' dir='ltr'><strong>sub</strong></span> 
     </span>
    </p>
   </div>
   <div class='ocr_carea' id='block_1_94' title="bbox 328 4775 1920 4850">
    <p class='ocr_par' dir='ltr' id='par_1_94' title="bbox 328 4775 1920 4850">
     <span class='ocr_line' id='line_1_94' title="bbox 328 4775 1920 4850; baseline 0.003 -21"><span class='ocrx_word' id='word_1_705' title='bbox 328 4775 514 4830; x_wconf 87' lang='lat' dir='ltr'><strong>umbra</strong></span> <span class='ocrx_word' id='word_1_706' title='bbox 549 4775 708 4846; x_wconf 64' lang='lat' dir='ltr'><strong>Legi~~</strong></span> <span class='ocrx_word' id='word_1_707' title='bbox 731 4786 916 4842; x_wconf 88' lang='lat' dir='ltr'><strong>erant;</strong></span> <span class='ocrx_word' id='word_1_708' title='bbox 946 4777 1034 4846; x_wconf 90' lang='lat' dir='ltr'><strong>qui</strong></span> <span class='ocrx_word' id='word_1_709' title='bbox 1072 4791 1205 4832; x_wconf 89' lang='lat' dir='ltr'><strong>vero</strong></span> <span class='ocrx_word' id='word_1_710' title='bbox 1242 4776 1420 4840; x_wconf 90' lang='lat' dir='ltr'><strong>modo,</strong></span> <span class='ocrx_word' id='word_1_711' title='bbox 1455 4778 1556 4832; x_wconf 81' lang='lat' dir='ltr'><strong>sub</strong></span> <span class='ocrx_word' id='word_1_712' title='bbox 1597 4780 1766 4850; x_wconf 76' lang='lat' dir='ltr'><strong>gratia</strong></span> <span class='ocrx_word' id='word_1_713' title='bbox 1794 4789 1920 4834; x_wconf 89' lang='lat' dir='ltr'><strong>sunt</strong></span> 
     </span>
    </p>
   </div>
   <div class='ocr_carea' id='block_1_95' title="bbox 325 4865 1917 4943">
    <p class='ocr_par' dir='ltr' id='par_1_95' title="bbox 325 4865 1917 4943">
     <span class='ocr_line' id='line_1_95' title="bbox 325 4865 1917 4943; baseline 0.004 -21"><span class='ocrx_word' id='word_1_714' title='bbox 325 4865 559 4937; x_wconf 89' lang='lat' dir='ltr'><strong>Spiritus</strong></span> <span class='ocrx_word' id='word_1_715' title='bbox 590 4869 794 4935; x_wconf 91' lang='lat' dir='ltr'><strong>sancti,</strong></span> <span class='ocrx_word' id='word_1_716' title='bbox 845 4869 941 4923; x_wconf 91' lang='lat' dir='ltr'><strong>toti</strong></span> <span class='ocrx_word' id='word_1_717' title='bbox 991 4870 1190 4924; x_wconf 92' lang='lat' dir='ltr'><strong>mundo</strong></span> <span class='ocrx_word' id='word_1_718' title='bbox 1242 4871 1534 4943; x_wconf 78' lang='lat' dir='ltr'><strong>Evangelio</strong></span> <span class='ocrx_word' id='word_1_719' title='bbox 1573 4885 1917 4941; x_wconf 82' lang='lat' dir='ltr'><strong>coruscante,</strong></span> 
     </span>
    </p>
   </div>
   <div class='ocr_carea' id='block_1_96' title="bbox 328 4961 1920 5036">
    <p class='ocr_par' dir='ltr' id='par_1_96' title="bbox 328 4961 1920 5036">
     <span class='ocr_line' id='line_1_96' title="bbox 328 4961 1920 5036; baseline 0.004 -22"><span class='ocrx_word' id='word_1_720' title='bbox 328 4961 619 5016; x_wconf 90' lang='lat' dir='ltr'><strong>lucidiores</strong></span> <span class='ocrx_word' id='word_1_721' title='bbox 639 4978 760 5018; x_wconf 50' lang='lat' dir='ltr'><strong>esse</strong></span> <span class='ocrx_word' id='word_1_722' title='bbox 778 4961 1047 5019; x_wconf 88' lang='lat' dir='ltr'><strong>videntur.</strong></span> <span class='ocrx_word' id='word_1_723' title='bbox 1066 4963 1178 5032; x_wconf 88' lang='lat' dir='ltr'><strong>Qua</strong></span> <span class='ocrx_word' id='word_1_724' title='bbox 1206 4962 1386 5018; x_wconf 82' lang='lat' dir='ltr'><strong>fronte</strong></span> <span class='ocrx_word' id='word_1_725' title='bbox 1403 4975 1617 5036; x_wconf 90' lang='lat' dir='ltr'><strong>antqua</strong></span> <span class='ocrx_word' id='word_1_726' title='bbox 1636 4967 1920 5021; x_wconf 87' lang='lat' dir='ltr'><strong>conscien—</strong></span> 
     </span>
    </p>
   </div>
   <div class='ocr_carea' id='block_1_97' title="bbox 327 5056 1918 5130">
    <p class='ocr_par' dir='ltr' id='par_1_97' title="bbox 327 5056 1918 5130">
     <span class='ocr_line' id='line_1_97' title="bbox 327 5056 1918 5130; baseline 0.003 -21"><span class='ocrx_word' id='word_1_727' title='bbox 327 5056 397 5109; x_wconf 90' lang='lat' dir='ltr'><strong>tia</strong></span> <span class='ocrx_word' id='word_1_728' title='bbox 430 5057 740 5111; x_wconf 90' lang='lat' dir='ltr'><strong>oblationes</strong></span> <span class='ocrx_word' id='word_1_729' title='bbox 801 5057 963 5111; x_wconf 92' lang='lat' dir='ltr'><strong>vultis</strong></span> <span class='ocrx_word' id='word_1_730' title='bbox 1011 5059 1285 5127; x_wconf 88' lang='lat' dir='ltr'><strong>accipere,</strong></span> <span class='ocrx_word' id='word_1_731' title='bbox 1328 5063 1416 5128; x_wconf 88' lang='lat' dir='ltr'><strong>qui</strong></span> <span class='ocrx_word' id='word_1_732' title='bbox 1445 5061 1536 5113; x_wconf 80' lang='lat' dir='ltr'><strong>vix</strong></span> <span class='ocrx_word' id='word_1_733' title='bbox 1579 5061 1771 5114; x_wconf 88' lang='lat' dir='ltr'><strong>valetis</strong></span> <span class='ocrx_word' id='word_1_734' title='bbox 1816 5074 1918 5130; x_wconf 94' lang='lat' dir='ltr'><strong>pro</strong></span> 
     </span>
    </p>
   </div>
   <div class='ocr_carea' id='block_1_98' title="bbox 323 5148 1918 5220">
    <p class='ocr_par' dir='ltr' id='par_1_98' title="bbox 323 5148 1918 5220">
     <span class='ocr_line' id='line_1_98' title="bbox 323 5148 1918 5220; baseline 0.004 -20"><span class='ocrx_word' id='word_1_735' title='bbox 323 5148 498 5212; x_wconf 75' lang='lat' dir='ltr'><strong>Vobis,</strong></span> <span class='ocrx_word' id='word_1_736' title='bbox 531 5148 726 5204; x_wconf 90' lang='lat' dir='ltr'><strong>nedum</strong></span> <span class='ocrx_word' id='word_1_737' title='bbox 747 5164 845 5220; x_wconf 91' lang='lat' dir='ltr'><strong>pro</strong></span> <span class='ocrx_word' id='word_1_738' title='bbox 870 5149 1008 5213; x_wconf 91' lang='lat' dir='ltr'><strong>aliis,</strong></span> <span class='ocrx_word' id='word_1_739' title='bbox 1044 5150 1154 5205; x_wconf 90' lang='lat' dir='ltr'><strong>Deo</strong></span> <span class='ocrx_word' id='word_1_740' title='bbox 1175 5166 1361 5220; x_wconf 89' lang='lat' dir='ltr'><strong>preces</strong></span> <span class='ocrx_word' id='word_1_741' title='bbox 1383 5149 1613 5207; x_wconf 63' lang='lat' dir='ltr'><strong>offerre?</strong></span> <span class='ocrx_word' id='word_1_742' title='bbox 1640 5151 1772 5219; x_wconf 86' lang='lat' dir='ltr'><strong>Quia</strong></span> <span class='ocrx_word' id='word_1_743' title='bbox 1798 5167 1918 5220; x_wconf 78' lang='lat' dir='ltr'><strong>pia-</strong></span> 
     </span>
    </p>
   </div>
   <div class='ocr_carea' id='block_1_99' title="bbox 322 5242 1920 5315">
    <p class='ocr_par' dir='ltr' id='par_1_99' title="bbox 322 5242 1920 5315">
     <span class='ocr_line' id='line_1_99' title="bbox 322 5242 1920 5315; baseline 0.004 -21"><span class='ocrx_word' id='word_1_744' title='bbox 322 5252 448 5294; x_wconf 73' lang='lat' dir='ltr'><strong>Vum</strong></span> <span class='ocrx_word' id='word_1_745' title='bbox 478 5251 562 5296; x_wconf 90' lang='lat' dir='ltr'><strong>est</strong></span> <span class='ocrx_word' id='word_1_746' title='bbox 588 5251 640 5296; x_wconf 92' lang='lat' dir='ltr'><strong>et</strong></span> <span class='ocrx_word' id='word_1_747' title='bbox 671 5253 856 5296; x_wconf 89' lang='lat' dir='ltr'><strong>contra</strong></span> <span class='ocrx_word' id='word_1_748' title='bbox 885 5242 1222 5298; x_wconf 91' lang='lat' dir='ltr'><strong>Dominicum</strong></span> <span class='ocrx_word' id='word_1_749' title='bbox 1264 5255 1617 5315; x_wconf 67' lang='lat' dir='ltr'><strong>praeceptum,</strong></span> <span class='ocrx_word' id='word_1_750' title='bbox 1652 5257 1704 5300; x_wconf 90' lang='lat' dir='ltr'><strong>et</strong></span> <span class='ocrx_word' id='word_1_751' title='bbox 1753 5245 1920 5300; x_wconf 90' lang='lat' dir='ltr'><strong>detri-</strong></span> 
     </span>
    </p>
   </div>
   <div class='ocr_carea' id='block_1_100' title="bbox 323 5336 1915 5410">
    <p class='ocr_par' dir='ltr' id='par_1_100' title="bbox 323 5336 1915 5410">
     <span class='ocr_line' id='line_1_100' title="bbox 323 5336 1915 5410; baseline 0.006 -23"><span class='ocrx_word' id='word_1_752' title='bbox 323 5343 566 5388; x_wconf 87' lang='lat' dir='ltr'><strong>mentum</strong></span> <span class='ocrx_word' id='word_1_753' title='bbox 600 5336 795 5389; x_wconf 76' lang='lat' dir='ltr'><strong>anima:</strong></span> <span class='ocrx_word' id='word_1_754' title='bbox 821 5352 934 5390; x_wconf 75' lang='lat' dir='ltr'><strong>sua:</strong></span> <span class='ocrx_word' id='word_1_755' title='bbox 977 5337 1160 5404; x_wconf 79' lang='lat' dir='ltr'><strong>infert,</strong></span> <span class='ocrx_word' id='word_1_756' title='bbox 1191 5343 1278 5408; x_wconf 89' lang='lat' dir='ltr'><strong>qui</strong></span> <span class='ocrx_word' id='word_1_757' title='bbox 1310 5340 1439 5394; x_wconf 88' lang='lat' dir='ltr'><strong>illud</strong></span> <span class='ocrx_word' id='word_1_758' title='bbox 1473 5357 1633 5410; x_wconf 80' lang='lat' dir='ltr'><strong>agerc</strong></span> <span class='ocrx_word' id='word_1_759' title='bbox 1664 5352 1915 5409; x_wconf 87' lang='lat' dir='ltr'><strong>conatur,</strong></span> 
     </span>
    </p>
   </div>
   <div class='ocr_carea' id='block_1_101' title="bbox 321 5425 1914 5501">
    <p class='ocr_par' dir='ltr' id='par_1_101' title="bbox 321 5425 1914 5501">
     <span class='ocr_line' id='line_1_101' title="bbox 321 5425 1914 5501; baseline 0.008 -22"><span class='ocrx_word' id='word_1_760' title='bbox 321 5425 464 5496; x_wconf 93' lang='lat' dir='ltr'><strong>quod</strong></span> <span class='ocrx_word' id='word_1_761' title='bbox 518 5427 568 5480; x_wconf 89' lang='lat' dir='ltr'><strong>ei</strong></span> <span class='ocrx_word' id='word_1_762' title='bbox 615 5429 764 5483; x_wconf 87' lang='lat' dir='ltr'><strong>nulla</strong></span> <span class='ocrx_word' id='word_1_763' title='bbox 810 5431 1022 5486; x_wconf 90' lang='lat' dir='ltr'><strong>ratione</strong></span> <span class='ocrx_word' id='word_1_764' title='bbox 1063 5434 1400 5488; x_wconf 87' lang='lat' dir='ltr'><strong>conceditur.</strong></span> <span class='ocrx_word' id='word_1_765' title='bbox 1459 5435 1596 5501; x_wconf 77' lang='lat' dir='ltr'><strong>Quia</strong></span> <span class='ocrx_word' id='word_1_766' title='bbox 1661 5437 1914 5491; x_wconf 89' lang='lat' dir='ltr'><strong>omnibus</strong></span> 
     </span>
    </p>
   </div>
   <div class='ocr_carea' id='block_1_102' title="bbox 319 5519 1916 5598">
    <p class='ocr_par' dir='ltr' id='par_1_102' title="bbox 319 5519 1916 5598">
     <span class='ocr_line' id='line_1_102' title="bbox 319 5519 1916 5598; baseline 0.006 -24"><span class='ocrx_word' id='word_1_767' title='bbox 319 5519 522 5574; x_wconf 87' lang='lat' dir='ltr'><strong>sanctis</strong></span> <span class='ocrx_word' id='word_1_768' title='bbox 549 5522 794 5591; x_wconf 90' lang='lat' dir='ltr'><strong>patribus</strong></span> <span class='ocrx_word' id='word_1_769' title='bbox 841 5526 1151 5595; x_wconf 90' lang='lat' dir='ltr'><strong>nostrisque</strong></span> <span class='ocrx_word' id='word_1_770' title='bbox 1187 5527 1454 5595; x_wconf 80' lang='lat' dir='ltr'><strong>prioribus</strong></span> <span class='ocrx_word' id='word_1_771' title='bbox 1508 5528 1723 5598; x_wconf 89' lang='lat' dir='ltr'><strong>placuit,</strong></span> <span class='ocrx_word' id='word_1_772' title='bbox 1779 5529 1916 5584; x_wconf 90' lang='lat' dir='ltr'><strong>hanc</strong></span> 
     </span>
    </p>
   </div>
   <div class='ocr_carea' id='block_1_103' title="bbox 320 5612 1914 5692">
    <p class='ocr_par' dir='ltr' id='par_1_103' title="bbox 320 5612 1914 5692">
     <span class='ocr_line' id='line_1_103' title="bbox 320 5612 1914 5692; baseline 0.006 -26"><span class='ocrx_word' id='word_1_773' title='bbox 320 5614 660 5667; x_wconf 88' lang='lat' dir='ltr'><strong>sanctionem</strong></span> <span class='ocrx_word' id='word_1_774' title='bbox 686 5612 826 5681; x_wconf 79' lang='lat' dir='ltr'><strong>ﬁeri,</strong></span> <span class='ocrx_word' id='word_1_775' title='bbox 855 5624 910 5671; x_wconf 87' lang='lat' dir='ltr'><strong>et</strong></span> <span class='ocrx_word' id='word_1_776' title='bbox 933 5633 1030 5671; x_wconf 90' lang='lat' dir='ltr'><strong>nos</strong></span> <span class='ocrx_word' id='word_1_777' title='bbox 1056 5619 1316 5673; x_wconf 87' lang='lat' dir='ltr'><strong>simiiiter</strong></span> <span class='ocrx_word' id='word_1_778' title='bbox 1343 5620 1394 5674; x_wconf 92' lang='lat' dir='ltr'><strong>in</strong></span> <span class='ocrx_word' id='word_1_779' title='bbox 1431 5620 1618 5675; x_wconf 88' lang='lat' dir='ltr'><strong>ilsdetn</strong></span> <span class='ocrx_word' id='word_1_780' title='bbox 1656 5621 1914 5692; x_wconf 82' lang='lat' dir='ltr'><strong>persiste-</strong></span> 
     </span>
    </p>
   </div>
   <div class='ocr_carea' id='block_1_104' title="bbox 320 5710 1914 5788">
    <p class='ocr_par' dir='ltr' id='par_1_104' title="bbox 320 5710 1914 5788">
     <span class='ocr_line' id='line_1_104' title="bbox 320 5710 1914 5788; baseline 0.004 -25"><span class='ocrx_word' id='word_1_781' title='bbox 320 5723 380 5763; x_wconf 91' lang='lat' dir='ltr'><strong>re</strong></span> <span class='ocrx_word' id='word_1_782' title='bbox 403 5710 673 5778; x_wconf 75' lang='lat' dir='ltr'><strong>Volumus,</strong></span> <span class='ocrx_word' id='word_1_783' title='bbox 701 5721 755 5763; x_wconf 93' lang='lat' dir='ltr'><strong>ut</strong></span> <span class='ocrx_word' id='word_1_784' title='bbox 773 5713 953 5766; x_wconf 88' lang='lat' dir='ltr'><strong>nullus</strong></span> <span class='ocrx_word' id='word_1_785' title='bbox 980 5713 1171 5768; x_wconf 84' lang='lat' dir='ltr'><strong>amicat</strong></span> <span class='ocrx_word' id='word_1_786' title='bbox 1194 5714 1408 5770; x_wconf 88' lang='lat' dir='ltr'><strong>irritum</strong></span> <span class='ocrx_word' id='word_1_787' title='bbox 1427 5715 1604 5770; x_wconf 76' lang='lat' dir='ltr'><strong>facere</strong></span> <span class='ocrx_word' id='word_1_788' title='bbox 1626 5716 1746 5776; x_wconf 88' lang='lat' dir='ltr'><strong>hoc,</strong></span> <span class='ocrx_word' id='word_1_789' title='bbox 1771 5723 1914 5788; x_wconf 89' lang='lat' dir='ltr'><strong>quod</strong></span> 
     </span>
    </p>
   </div>
   <div class='ocr_carea' id='block_1_105' title="bbox 324 5803 1917 5880">
    <p class='ocr_par' dir='ltr' id='par_1_105' title="bbox 324 5803 1917 5880">
     <span class='ocr_line' id='line_1_105' title="bbox 324 5803 1917 5880; baseline 0.007 -25"><span class='ocrx_word' id='word_1_790' title='bbox 324 5803 677 5857; x_wconf 79' lang='lat' dir='ltr'><strong>eoostitutum</strong></span> <span class='ocrx_word' id='word_1_791' title='bbox 702 5815 804 5872; x_wconf 90' lang='lat' dir='ltr'><strong>est,</strong></span> <span class='ocrx_word' id='word_1_792' title='bbox 834 5805 878 5860; x_wconf 89' lang='lat' dir='ltr'><strong>si</strong></span> <span class='ocrx_word' id='word_1_793' title='bbox 905 5806 960 5862; x_wconf 90' lang='lat' dir='ltr'><strong>in</strong></span> <span class='ocrx_word' id='word_1_794' title='bbox 999 5818 1260 5880; x_wconf 89' lang='lat' dir='ltr'><strong>perpetua</strong></span> <span class='ocrx_word' id='word_1_795' title='bbox 1293 5809 1642 5867; x_wconf 87' lang='lat' dir='ltr'><strong>damnatione</strong></span> <span class='ocrx_word' id='word_1_796' title='bbox 1680 5812 1917 5866; x_wconf 86' lang='lat' dir='ltr'><strong>noluerit</strong></span> 
     </span>
    </p>
   </div>
   <div class='ocr_carea' id='block_1_106' title="bbox 2025 4691 3630 4765">
    <p class='ocr_par' dir='ltr' id='par_1_106' title="bbox 2025 4691 3630 4765">
     <span class='ocr_line' id='line_1_106' title="bbox 2025 4691 3630 4765; baseline 0.001 -19"><span class='ocrx_word' id='word_1_797' title='bbox 2025 4709 2073 4748; x_wconf 87' lang='lat' dir='ltr'><strong>c.</strong></span> <span class='ocrx_word' id='word_1_798' title='bbox 2115 4693 2226 4765; x_wconf 78' lang='lat' dir='ltr'><strong>l3).</strong></span> <span class='ocrx_word' id='word_1_799' title='bbox 2265 4713 2284 4746; x_wconf 72' lang='grc' dir='ltr'><strong>ι</strong></span> <span class='ocrx_word' id='word_1_800' title='bbox 2323 4693 2466 4764; x_wconf 79' lang='lat' dir='ltr'><strong>Ergo</strong></span> <span class='ocrx_word' id='word_1_801' title='bbox 2507 4694 2630 4762; x_wconf 89' lang='lat' dir='ltr'><strong>quia</strong></span> <span class='ocrx_word' id='word_1_802' title='bbox 2683 4691 2995 4747; x_wconf 88' lang='lat' dir='ltr'><strong>sacerdotes</strong></span> <span class='ocrx_word' id='word_1_803' title='bbox 3037 4707 3134 4762; x_wconf 90' lang='lat' dir='ltr'><strong>pro</strong></span> <span class='ocrx_word' id='word_1_804' title='bbox 3176 4694 3426 4747; x_wconf 82' lang='lat' dir='ltr'><strong>omnibus</strong></span> <span class='ocrx_word' id='word_1_805' title='bbox 3471 4707 3630 4747; x_wconf 86' lang='lat' dir='ltr'><strong>orare</strong></span> 
     </span>
    </p>
   </div>
   <div class='ocr_carea' id='block_1_107' title="bbox 2024 4785 3624 4857">
    <p class='ocr_par' dir='ltr' id='par_1_107' title="bbox 2024 4785 3624 4857">
     <span class='ocr_line' id='line_1_107' title="bbox 2024 4785 3624 4857; baseline -0.001 -16"><span class='ocrx_word' id='word_1_806' title='bbox 2024 4786 2202 4841; x_wconf 89' lang='lat' dir='ltr'><strong>solent</strong></span> <span class='ocrx_word' id='word_1_807' title='bbox 2230 4800 2456 4855; x_wconf 89' lang='lat' dir='ltr'><strong>quorum</strong></span> <span class='ocrx_word' id='word_1_808' title='bbox 2491 4785 2869 4856; x_wconf 83' lang='lat' dir='ltr'><strong>eleemosynas</strong></span> <span class='ocrx_word' id='word_1_809' title='bbox 2897 4794 2950 4838; x_wconf 88' lang='lat' dir='ltr'><strong>et</strong></span> <span class='ocrx_word' id='word_1_810' title='bbox 2991 4785 3297 4841; x_wconf 88' lang='lat' dir='ltr'><strong>oblationes</strong></span> <span class='ocrx_word' id='word_1_811' title='bbox 3325 4785 3624 4857; x_wconf 89' lang='lat' dir='ltr'><strong>accipiunt,</strong></span> 
     </span>
    </p>
   </div>
   <div class='ocr_carea' id='block_1_108' title="bbox 2025 4878 3624 4952">
    <p class='ocr_par' dir='ltr' id='par_1_108' title="bbox 2025 4878 3624 4952">
     <span class='ocr_line' id='line_1_108' title="bbox 2025 4878 3624 4952; baseline -0.001 -19"><span class='ocrx_word' id='word_1_812' title='bbox 2025 4897 2127 4952; x_wconf 91' lang='lat' dir='ltr'><strong>qua</strong></span> <span class='ocrx_word' id='word_1_813' title='bbox 2176 4879 2351 4935; x_wconf 78' lang='lat' dir='ltr'><strong>fronte</strong></span> <span class='ocrx_word' id='word_1_814' title='bbox 2390 4889 2728 4950; x_wconf 74' lang='lat' dir='ltr'><strong>prmsumunt</strong></span> <span class='ocrx_word' id='word_1_815' title='bbox 2771 4879 2894 4934; x_wconf 90' lang='lat' dir='ltr'><strong>laici</strong></span> <span class='ocrx_word' id='word_1_816' title='bbox 2926 4879 3250 4941; x_wconf 80' lang='lat' dir='ltr'><strong>oblationes,</strong></span> <span class='ocrx_word' id='word_1_817' title='bbox 3298 4894 3434 4949; x_wconf 82' lang='lat' dir='ltr'><strong>quas</strong></span> <span class='ocrx_word' id='word_1_818' title='bbox 3461 4878 3624 4933; x_wconf 87' lang='lat' dir='ltr'><strong>Chri-</strong></span> 
     </span>
    </p>
   </div>
   <div class='ocr_carea' id='block_1_109' title="bbox 2026 4971 3626 5044">
    <p class='ocr_par' dir='ltr' id='par_1_109' title="bbox 2026 4971 3626 5044">
     <span class='ocr_line' id='line_1_109' title="bbox 2026 4971 3626 5044; baseline -0.002 -16"><span class='ocrx_word' id='word_1_819' title='bbox 2026 4974 2184 5028; x_wconf 91' lang='lat' dir='ltr'><strong>stiani</strong></span> <span class='ocrx_word' id='word_1_820' title='bbox 2219 4989 2318 5044; x_wconf 92' lang='lat' dir='ltr'><strong>pro</strong></span> <span class='ocrx_word' id='word_1_821' title='bbox 2361 4973 2598 5044; x_wconf 90' lang='lat' dir='ltr'><strong>peccatis</strong></span> <span class='ocrx_word' id='word_1_822' title='bbox 2637 4974 2751 5027; x_wconf 88' lang='lat' dir='ltr'><strong>suis</strong></span> <span class='ocrx_word' id='word_1_823' title='bbox 2777 4971 3033 5037; x_wconf 80' lang='lat' dir='ltr'><strong>oil&#39;erunt,</strong></span> <span class='ocrx_word' id='word_1_824' title='bbox 3062 4974 3146 5026; x_wconf 89' lang='lat' dir='ltr'><strong>vel</strong></span> <span class='ocrx_word' id='word_1_825' title='bbox 3187 4972 3500 5032; x_wconf 87' lang='lat' dir='ltr'><strong>comedere,</strong></span> <span class='ocrx_word' id='word_1_826' title='bbox 3543 4972 3626 5026; x_wconf 92' lang='lat' dir='ltr'><strong>vel</strong></span> 
     </span>
    </p>
   </div>
   <div class='ocr_carea' id='block_1_110' title="bbox 2023 5065 3627 5136">
    <p class='ocr_par' dir='ltr' id='par_1_110' title="bbox 2023 5065 3627 5136">
     <span class='ocr_line' id='line_1_110' title="bbox 2023 5065 3627 5136; baseline -0.002 -16"><span class='ocrx_word' id='word_1_827' title='bbox 2023 5067 2143 5121; x_wconf 90' lang='lat' dir='ltr'><strong>aliis</strong></span> <span class='ocrx_word' id='word_1_828' title='bbox 2189 5067 2524 5133; x_wconf 88' lang='lat' dir='ltr'><strong>concedere,</strong></span> <span class='ocrx_word' id='word_1_829' title='bbox 2554 5081 2676 5120; x_wconf 89' lang='lat' dir='ltr'><strong>cum</strong></span> <span class='ocrx_word' id='word_1_830' title='bbox 2718 5068 2816 5136; x_wconf 89' lang='lat' dir='ltr'><strong>ipsi</strong></span> <span class='ocrx_word' id='word_1_831' title='bbox 2862 5082 2964 5119; x_wconf 90' lang='lat' dir='ltr'><strong>non</strong></span> <span class='ocrx_word' id='word_1_832' title='bbox 3014 5065 3251 5119; x_wconf 86' lang='lat' dir='ltr'><strong>debeant</strong></span> <span class='ocrx_word' id='word_1_833' title='bbox 3283 5080 3378 5133; x_wconf 92' lang='lat' dir='ltr'><strong>pro</strong></span> <span class='ocrx_word' id='word_1_834' title='bbox 3412 5065 3627 5133; x_wconf 89' lang='lat' dir='ltr'><strong>populis</strong></span> 
     </span>
    </p>
   </div>
   <div class='ocr_carea' id='block_1_111' title="bbox 2023 5157 3624 5230">
    <p class='ocr_par' dir='ltr' id='par_1_111' title="bbox 2023 5157 3624 5230">
     <span class='ocr_line' id='line_1_111' title="bbox 2023 5157 3624 5230; baseline -0.003 -13"><span class='ocrx_word' id='word_1_835' title='bbox 2023 5162 2216 5218; x_wconf 81' lang='lat' dir='ltr'><strong>orare?</strong></span> <span class='ocrx_word' id='word_1_836' title='bbox 2247 5161 2326 5216; x_wconf 92' lang='lat' dir='ltr'><strong>0b</strong></span> <span class='ocrx_word' id='word_1_837' title='bbox 2359 5162 2479 5228; x_wconf 90' lang='lat' dir='ltr'><strong>hoc,</strong></span> <span class='ocrx_word' id='word_1_838' title='bbox 2517 5177 2648 5230; x_wconf 87' lang='lat' dir='ltr'><strong>papa</strong></span> <span class='ocrx_word' id='word_1_839' title='bbox 2681 5161 2940 5230; x_wconf 65' lang='lat' dir='ltr'><strong>gloriose,</strong></span> <span class='ocrx_word' id='word_1_840' title='bbox 2986 5160 3204 5212; x_wconf 89' lang='lat' dir='ltr'><strong>mittere</strong></span> <span class='ocrx_word' id='word_1_841' title='bbox 3253 5166 3467 5226; x_wconf 88' lang='lat' dir='ltr'><strong>oportet</strong></span> <span class='ocrx_word' id='word_1_842' title='bbox 3498 5157 3624 5212; x_wconf 89' lang='lat' dir='ltr'><strong>illos</strong></span> 
     </span>
    </p>
   </div>
   <div class='ocr_carea' id='block_1_112' title="bbox 2022 5251 3626 5326">
    <p class='ocr_par' dir='ltr' id='par_1_112' title="bbox 2022 5251 3626 5326">
     <span class='ocr_line' id='line_1_112' title="bbox 2022 5251 3626 5326; baseline -0.002 -17"><span class='ocrx_word' id='word_1_843' title='bbox 2022 5266 2445 5326; x_wconf 84' lang='lat' dir='ltr'><strong>praesumptores</strong></span> <span class='ocrx_word' id='word_1_844' title='bbox 2470 5255 2520 5306; x_wconf 92' lang='lat' dir='ltr'><strong>in</strong></span> <span class='ocrx_word' id='word_1_845' title='bbox 2547 5251 3164 5308; x_wconf 75' lang='lat' dir='ltr'><strong>exconmiunicatimiem</strong></span> <span class='ocrx_word' id='word_1_846' title='bbox 3189 5260 3541 5319; x_wconf 58' lang='lat' dir='ltr'><strong>perpetuam;</strong></span> <span class='ocrx_word' id='word_1_847' title='bbox 3568 5260 3626 5306; x_wconf 91' lang='lat' dir='ltr'><strong>ut</strong></span> 
     </span>
    </p>
   </div>
   <div class='ocr_carea' id='block_1_113' title="bbox 2020 5343 3622 5412">
    <p class='ocr_par' dir='ltr' id='par_1_113' title="bbox 2020 5343 3622 5412">
     <span class='ocr_line' id='line_1_113' title="bbox 2020 5343 3622 5412; baseline -0.002 -10"><span class='ocrx_word' id='word_1_848' title='bbox 2020 5349 2201 5402; x_wconf 78' lang='lat' dir='ltr'><strong>c;eteri</strong></span> <span class='ocrx_word' id='word_1_849' title='bbox 2239 5355 2441 5403; x_wconf 89' lang='lat' dir='ltr'><strong>metum</strong></span> <span class='ocrx_word' id='word_1_850' title='bbox 2480 5347 2735 5411; x_wconf 86' lang='lat' dir='ltr'><strong>habeant,</strong></span> <span class='ocrx_word' id='word_1_851' title='bbox 2769 5354 2824 5398; x_wconf 92' lang='lat' dir='ltr'><strong>et</strong></span> <span class='ocrx_word' id='word_1_852' title='bbox 2851 5344 3084 5412; x_wconf 89' lang='lat' dir='ltr'><strong>amplius</strong></span> <span class='ocrx_word' id='word_1_853' title='bbox 3131 5344 3243 5397; x_wconf 62' lang='lat' dir='ltr'><strong>bare</strong></span> <span class='ocrx_word' id='word_1_854' title='bbox 3288 5345 3338 5396; x_wconf 90' lang='lat' dir='ltr'><strong>in</strong></span> <span class='ocrx_word' id='word_1_855' title='bbox 3384 5343 3622 5398; x_wconf 74' lang='lat' dir='ltr'><strong>Ecclesia</strong></span> 
     </span>
    </p>
   </div>
   <div class='ocr_carea' id='block_1_114' title="bbox 2021 5441 2331 5496">
    <p class='ocr_par' dir='ltr' id='par_1_114' title="bbox 2021 5441 2331 5496">
     <span class='ocr_line' id='line_1_114' title="bbox 2021 5441 2331 5496; baseline -0.013 0"><span class='ocrx_word' id='word_1_856' title='bbox 2021 5456 2089 5496; x_wconf 92' lang='lat' dir='ltr'><strong>ne</strong></span> <span class='ocrx_word' id='word_1_857' title='bbox 2124 5441 2272 5495; x_wconf 82' lang='lat' dir='ltr'><strong>ﬁant.</strong></span> <span class='ocrx_word' id='word_1_858' title='bbox 2313 5459 2331 5492; x_wconf 75' lang='grc' dir='ltr'><strong>ι</strong></span> 
     </span>
    </p>
   </div>
   <div class='ocr_carea' id='block_1_115' title="bbox 2089 5529 3618 5602">
    <p class='ocr_par' dir='ltr' id='par_1_115' title="bbox 2089 5529 3618 5602">
     <span class='ocr_line' id='line_1_115' title="bbox 2089 5529 3618 5602; baseline -0.002 -15"><span class='ocrx_word' id='word_1_859' title='bbox 2089 5532 2178 5587; x_wconf 66' lang='grc' dir='ltr'><strong>Ἠ.</strong></span> <span class='ocrx_word' id='word_1_860' title='bbox 2216 5531 2506 5602; x_wconf 82' lang='lat' dir='ltr'><strong>Utrumque</strong></span> <span class='ocrx_word' id='word_1_861' title='bbox 2535 5545 2664 5601; x_wconf 79' lang='lat' dir='ltr'><strong>Opus</strong></span> <span class='ocrx_word' id='word_1_862' title='bbox 2692 5529 2992 5599; x_wconf 78' lang='lat' dir='ltr'><strong>impostoris</strong></span> <span class='ocrx_word' id='word_1_863' title='bbox 3021 5546 3148 5584; x_wconf 77' lang='lat' dir='ltr'><strong>esse.</strong></span> <span class='ocrx_word' id='word_1_864' title='bbox 3172 5559 3241 5570; x_wconf 85' lang='lat'><strong>-—</strong></span> <span class='ocrx_word' id='word_1_865' title='bbox 3263 5531 3417 5585; x_wconf 87' lang='lat' dir='ltr'><strong>Circa</strong></span> <span class='ocrx_word' id='word_1_866' title='bbox 3455 5545 3618 5595; x_wconf 85' lang='lat' dir='ltr'><strong>quam</strong></span> 
     </span>
    </p>
   </div>
   <div class='ocr_carea' id='block_1_116' title="bbox 2019 5622 3620 5696">
    <p class='ocr_par' dir='ltr' id='par_1_116' title="bbox 2019 5622 3620 5696">
     <span class='ocr_line' id='line_1_116' title="bbox 2019 5622 3620 5696; baseline -0.001 -16"><span class='ocrx_word' id='word_1_867' title='bbox 2019 5625 2303 5696; x_wconf 86' lang='lat' dir='ltr'><strong>epistolam</strong></span> <span class='ocrx_word' id='word_1_868' title='bbox 2348 5625 2399 5679; x_wconf 85' lang='lat' dir='ltr'><strong>in</strong></span> <span class='ocrx_word' id='word_1_869' title='bbox 2432 5623 2746 5693; x_wconf 81' lang='lat' dir='ltr'><strong>Hieranymi</strong></span> <span class='ocrx_word' id='word_1_870' title='bbox 2781 5622 3070 5676; x_wconf 82' lang='lat' dir='ltr'><strong>novissima</strong></span> <span class='ocrx_word' id='word_1_871' title='bbox 3104 5623 3340 5677; x_wconf 89' lang='lat' dir='ltr'><strong>editione</strong></span> <span class='ocrx_word' id='word_1_872' title='bbox 3374 5632 3620 5679; x_wconf 91' lang='lat' dir='ltr'><strong>notatum</strong></span> 
     </span>
    </p>
   </div>
   <div class='ocr_carea' id='block_1_117' title="bbox 2020 5717 3623 5787">
    <p class='ocr_par' dir='ltr' id='par_1_117' title="bbox 2020 5717 3623 5787">
     <span class='ocr_line' id='line_1_117' title="bbox 2020 5717 3623 5787; baseline 0.001 -13"><span class='ocrx_word' id='word_1_873' title='bbox 2020 5731 2126 5787; x_wconf 91' lang='lat' dir='ltr'><strong>est,</strong></span> <span class='ocrx_word' id='word_1_874' title='bbox 2171 5719 2240 5772; x_wconf 87' lang='lat' dir='ltr'><strong>ab</strong></span> <span class='ocrx_word' id='word_1_875' title='bbox 2278 5720 2397 5786; x_wconf 82' lang='lat' dir='ltr'><strong>ejus</strong></span> <span class='ocrx_word' id='word_1_876' title='bbox 2435 5717 2631 5787; x_wconf 78' lang='lat' dir='ltr'><strong>Opiﬁce</strong></span> <span class='ocrx_word' id='word_1_877' title='bbox 2663 5735 2682 5767; x_wconf 86' lang='grc'><strong>‹</strong></span> <span class='ocrx_word' id='word_1_878' title='bbox 2723 5717 2943 5770; x_wconf 91' lang='lat' dir='ltr'><strong>nomina</strong></span> <span class='ocrx_word' id='word_1_879' title='bbox 2987 5719 3208 5787; x_wconf 74' lang='lat' dir='ltr'><strong>congeri</strong></span> <span class='ocrx_word' id='word_1_880' title='bbox 3257 5729 3560 5783; x_wconf 90' lang='lat' dir='ltr'><strong>auctorum,</strong></span> <span class='ocrx_word' id='word_1_881' title='bbox 3592 5735 3623 5776; x_wconf 89' lang='lat' dir='ltr'><strong>e</strong></span> 
     </span>
    </p>
   </div>
   <div class='ocr_carea' id='block_1_118' title="bbox 2023 5809 3626 5885">
    <p class='ocr_par' dir='ltr' id='par_1_118' title="bbox 2023 5809 3626 5885">
     <span class='ocr_line' id='line_1_118' title="bbox 2023 5809 3626 5885; baseline 0 -17"><span class='ocrx_word' id='word_1_882' title='bbox 2023 5813 2225 5885; x_wconf 88' lang='lat' dir='ltr'><strong>quibus</strong></span> <span class='ocrx_word' id='word_1_883' title='bbox 2257 5823 2436 5867; x_wconf 85' lang='lat' dir='ltr'><strong>tamen</strong></span> <span class='ocrx_word' id='word_1_884' title='bbox 2474 5810 2609 5865; x_wconf 87' lang='lat' dir='ltr'><strong>nihil</strong></span> <span class='ocrx_word' id='word_1_885' title='bbox 2652 5810 2891 5877; x_wconf 85' lang='lat' dir='ltr'><strong>adducit,</strong></span> <span class='ocrx_word' id='word_1_886' title='bbox 2923 5809 3049 5882; x_wconf 88' lang='lat' dir='ltr'><strong>quia</strong></span> <span class='ocrx_word' id='word_1_887' title='bbox 3089 5810 3218 5868; x_wconf 91' lang='lat' dir='ltr'><strong>nihil</strong></span> <span class='ocrx_word' id='word_1_888' title='bbox 3252 5827 3439 5868; x_wconf 88' lang='lat' dir='ltr'><strong>eorum</strong></span> <span class='ocrx_word' id='word_1_889' title='bbox 3482 5813 3626 5885; x_wconf 75' lang='lat' dir='ltr'><strong>lege-</strong></span> 
     </span>
    </p>
   </div>
  </div>
