4120 6186
514 216 661 278 1215

1998 214 2351 273 ΑΒΒΕΝΒΔ.

3683 217 3823 274 1216

517 343 637 400 rat;
683 331 1054 405 Chrysostomi
1102 331 1422 386 nominatim
1468 331 1890 387 commentarios
1933 331 2111 398 citari,
2141 335 2197 394 Α
2219 340 2365 386 sunt.
2396 329 2491 387 Cui
2524 331 2685 404 igitur
2710 332 3002 388 reddamus
3037 333 3317 389 decretum
3352 343 3541 391 contra
3575 350 3695 402 eos,
3724 339 3822 405 qui

521 441 645 484 cum
670 424 825 480 divus
857 424 1220 496 Hieronymus
1238 424 1685 496 Cbrysostomnm
1718 439 1942 496 prorsus
1966 424 2120 495 igno-

523 518 682 574 rarit.
718 535 737 570 ι
771 516 1041 588 Ignoravit
1080 528 1230 573 certe
1259 520 1686 574 commentarios
1725 519 1844 587 ejus
1885 518 1937 573 in
1987 518 2121 573 Mat-

524 609 748 676 thaaum,
797 608 1054 680 quamdiu
1108 608 1370 663 Damasus
1410 609 1568 663 vixit.
1619 611 1778 663 Anno
1819 607 1964 664 enim
2014 608 2119 664 58f

523 703 716 761 vivere
742 703 902 759 desiit
931 704 1020 757 hic
1064 717 1222 773 papa.
1245 702 1670 774 Chrysostumus
1697 712 1875 757 autem
1909 710 2118 757 tantum

523 811 669 853 anno
693 797 797 855 586
827 795 1112 867 presbyter
1135 794 1415 850 ordinatus
1444 793 1758 849 concionari
1793 795 1977 864 erepit.
2004 793 2116 850 Sed

525 902 581 948 et
603 891 764 948 verba
799 894 945 946 velut
971 905 1034 945 ex
1067 887 1476 944 commentariis
1501 889 1620 957 ejus
1655 888 1704 942 in
1730 888 1919 942 Matth.
1944 903 2040 950 xu,
2068 887 2119 952 I,

525 985 615 1040 hic
638 985 822 1051 citata,
859 984 912 1038 in
954 983 1064 1039 illis
1103 981 1301 1037 frustra
1347 981 1718 1052 quaesivimus.
1765 981 2033 1036 Praeterea
2077 979 2121 1034 si

523 1077 812 1148 epistolam
843 1079 1000 1132 istam
1031 1092 1152 1132 cum
1187 1077 1468 1143 praemisso
1497 1075 1718 1131 decreto
1753 1074 2120 1139 conferamus,

524 1170 684 1225 unius
702 1169 1052 1240 ejusdemque
1074 1167 1296 1223 artificis
1321 1181 1459 1238 Opus
1485 1183 1607 1241 esse
1626 1167 2121 1237 deprehendemus,

524 1263 691 1318 modo
708 1261 1003 1317 consiliarii
1024 1262 1113 1332 qui
1130 1261 1469 1328 consulatur,
1492 1261 1653 1316 modo
1673 1260 1869 1330 judieis
1887 1262 1980 1332 qui
2001 1276 2124 1317 sen-

528 1355 752 1410 tentiam
795 1354 960 1421 dicat,
992 1369 1280 1425 personam
1314 1354 1557 1410 ferentis.
1595 1355 1661 1408 Et
1690 1369 1754 1409 ex
1787 1353 1977 1410 eodem
2009 1355 2127 1425 qui-

526 1445 648 1503 dem
673 1446 820 1503 fonte
842 1463 967 1502 eum
991 1448 1281 1518 Gregorius
1303 1449 1588 1518 presbyter
1603 1447 1821 1502 nomine
1842 1446 2125 1518 Polycarpi

525 1551 707 1608 nctus,
749 1551 864 1595 tum
906 1541 1204 1596 Gratianus
1235 1551 1524 1611 utrumque
1561 1550 1971 1608 excerpserunt.
2022 1539 2128 1594 Iut-

523 1647 801 1706 postoretu
825 1651 1042 1716 tutoque
1071 1637 1236 1690 multa
1265 1636 1374 1690 alia
1400 1635 1654 1703 produnt.
1679 1634 1810 1689 Nam
1833 1649 1955 1689 cum
1980 1650 2125 1690 anno

2220 425 2522 481 oblationes
2545 427 2614 483 de
2635 429 2806 482 sacris
2831 427 3077 483 ecclesiis
3100 428 3317 484 auferre
3334 429 3654 497 moliuntur,
3673 429 3820 499 quod

2221 517 2378 574 nobis
2410 528 2465 572 ιιι
2492 522 2709 590 antiqua
2741 534 2968 576 cccxvm
3004 529 3218 590 patrum
3250 520 3597 576 Nicanorem
3631 522 3822 591 regula

2222 611 2636 668 mendacissime
2679 612 2978 682 jactitatnr,
3028 614 3129 668 nisi
3171 615 3456 670 netissimo
3507 613 3829 670 mendacio-

2223 723 2340 762 rum
2383 707 2686 776 bujusmodi
2713 709 2967 778 parenti?

2291 798 2381 854 26.
2419 799 2512 875 _De
2567 800 2900 855 violatoribus
2948 817 3223 856 canonum.
3267 831 3339 842 -
3379 802 3433 856 In
3487 801 3830 858 editionibus

2221 895 2574 951 conciliorum
2606 907 2856 963 quartum
2898 894 3000 950 boc
3037 898 3268 951 refertur
3290 896 3604 952 decretum:
3637 916 3655 948 ι
3691 897 3830 952 Vio-

2224 986 2426 1042 latores
2443 1003 2711 1040 canonum
2741 987 3024 1040 voluntarii
3041 988 3285 1057 graviter
3301 1003 3328 1041 a
3350 989 3553 1043 sanctis
3578 988 3831 1058 patribus

2218 1078 2551 1149 judicantur,
2573 1089 2668 1134 eta
2683 1089 2872 1134 sancto
2897 1080 3124 1149 Spiritu.
3147 1079 3301 1149 cujus
3319 1081 3575 1135 instinctu
3593 1096 3656 1136 ac
3673 1081 3831 1135 dono

2225 1171 2408 1226 dictati
2455 1181 2600 1236 sunt,
2648 1171 3299 1243 damnanturzqnoniatn
3351 1173 3731 1242 blasphemare
3761 1174 3826 1228 in

2227 1265 2485 1334 Spiritum
2533 1275 2781 1320 sanctum
2824 1281 2929 1321 nou
2983 1266 3275 1336 incongrue
3325 1266 3594 1331 videntur,
3650 1278 3760 1322 etc.
3803 1285 3823 1318 ι

2225 1355 2372 1412 Istud
2398 1368 2573 1412 tamen
2605 1358 2865 1414 ineditum
2896 1373 3002 1412 non
3037 1368 3172 1413 erat.
3197 1359 3243 1413 A
3272 1357 3531 1413 Gratiano
3557 1359 3705 1413 enim
3726 1358 3827 1426 23,

2225 1460 2417 1522 quaest.
2446 1469 2485 1517 ι,
2515 1467 2566 1507 c.
2597 1454 2651 1516 5,
2679 1453 3014 1522 descriptum
3050 1461 3134 1507 est
3172 1467 3240 1508 ex
3272 1468 3335 1505 ea
3362 1453 3610 1522 epistola,
3656 1467 3829 1522 quam

2224 1544 2462 1600 Isidorus
2491 1545 2756 1600 Mercator
2783 1545 3016 1600 Datnaso
3051 1556 3108 1598 ut
3139 1545 3205 1599 ad
3236 1545 3513 1599 Aurelium
3543 1544 3831 1614 Carthagi-

2227 1654 2451 1696 nensem
2475 1639 2789 1709 episcopum
2814 1639 3136 1694 rescribenti
3160 1639 3492 1708 suppositam
3509 1638 3825 1694 collectioni

525 1728 632 1786 502
670 1730 770 1784 sub
795 1729 1125 1801 Symmacho
1154 1744 1288 1799 papa
1322 1743 1509 1784 coram
1539 1728 1769 1783 concilio
1801 1728 1940 1784 lecta
1971 1736 2121 1783 esset
2153 1721 2200 1781 Β
2226 1746 2338 1786 sua:
2365 1731 2704 1802 lprteposuit,
2752 1746 3020 1799 quamque
3061 1729 3203 1800 apud
3245 1729 3514 1784 Labbeutn
3539 1771 3552 1792 ,
3595 1738 3726 1783 tom.
3780 1727 3824 1782 II

526 1825 799 1893 scriptura
830 1824 975 1894 regis
1006 1823 1356 1886 Herulorum,
1381 1837 1487 1888 qua
1513 1821 1735 1892 regibus
1761 1821 1814 1874 in
1841 1820 2127 1875 facultates

530 1917 779 1973 ecclesia:
827 1916 1104 1986 quoddam
1146 1915 1234 1985 jus
1279 1915 1580 1969 attribuere
1628 1912 1902 1977 teutabat,
1945 1921 2005 1966 ut
2046 1910 2124 1966 rei

531 2010 798 2065 hactenus
827 2009 1084 2064 inaudita:
1116 2009 1433 2064 reclamavit
1465 2009 1779 2063 universum
1805 2005 2124 2070 concilium,

530 2116 596 2158 ac
633 2103 950 2156 nominatim
998 2101 1240 2156 Eulalius
1279 2103 1571 2170 episc0pus
1611 2099 1750 2154 dixit
1795 2098 2123 2171 (Symmaclt.

525 2213 610 2269 ep.
644 2211 701 2262 v,
732 2213 785 2251 η.
820 2195 910 2267 Il)
942 2213 957 2254 ;
997 2215 1015 2248 ‹
1048 2195 1224 2251 Laieis
1254 2197 1505 2266 quamvis
1553 2193 1820 2264 religiosis
1865 2192 2009 2247 nulla
2058 2192 2126 2248 de

525 2291 914 2348 ecclesiasueis
959 2291 1308 2346 facultatibus
1353 2290 1536 2360 aliqua
1559 2287 1887 2358 disponendi
1931 2286 2128 2358 legitur

524 2399 783 2454 umquam
827 2383 1084 2438 attributa
1138 2382 1388 2436 facultas.
1431 2402 1451 2434 ›
1492 2381 1836 2452 Quapropter
1880 2381 2120 2444 Damasi,

524 2488 590 2530 ac
640 2474 802 2544 longe
851 2475 1024 2545 magis
1071 2475 1304 2528 Nictenae
1350 2474 1569 2544 synodi,
1614 2474 1952 2543 temporibus
1991 2473 2128 2528 nihil

525 2581 664 2636 opus
701 2577 838 2629 erat,
876 2575 933 2621 ut
967 2566 1035 2621 ab
1066 2566 1452 2621 ecclesiasticis
1478 2566 1842 2621 oblationibus
1870 2566 1977 2620 sibi
2008 2567 2128 2621 vin-

525 2659 773 2716 dicandis
804 2660 926 2715 laici
971 2669 1374 2716 coercerentur.
1407 2660 1515 2714 Ista
1559 2675 1718 2729 prava
1760 2662 2120 2727 consuetudo,

527 2770 691 2826 quam
724 2755 776 2808 in
810 2753 926 2809 dies
963 2755 1148 2824 augeri
1182 2764 1236 2807 et
1265 2769 1516 2809 crescere
1557 2752 1822 2822 impostor
1857 2754 2122 2824 queritur,

525 2845 712 2902 swculi
755 2847 934 2916 potius
965 2862 1041 2912 ιι,
1077 2845 1231 2900 initia
1263 2848 1422 2914 sapit.
1458 2845 1727 2912 Quocirca
1753 2846 1995 2916 episcopi
2029 2831 2127 2900 an-

533 2952 605 2992 no
648 2937 754 2993 856
788 2938 840 2991 iu
878 2938 1302 3008 Aquisgrancusi
1345 2953 1383 2990 ιι
1422 2938 1658 2991 concilio
1701 2939 2039 3009 congregati,
2075 2938 2124 2992 id

530 3028 673 3100 quod
702 3039 861 3084 antea
890 3048 910 3081 ι
946 3037 1139 3084 contra
1169 3044 1284 3095 eos,
1313 3029 1407 3098 qui
1450 3030 1654 3084 nullum
1687 3045 1806 3085 esse
1830 3030 2123 3086 discrimen

2230 1823 2438 1879 Coucil.
2467 1839 2587 1894 pag.
2613 1823 2721 1879 865
2753 1832 2807 1878 et
2833 1824 2961 1878 alibi
2995 1824 3267 1893 vulgatam
3302 1823 3492 1878 videre
3525 1823 3673 1878 licet.

2297 1914 2387 1968 27.
2423 1912 2501 1968 De
2530 1915 2960 1985 metropolitauis,
2989 1916 3075 1985 qui
3111 1915 3328 1984 pallium
3369 1925 3605 1982 expetere
3653 1917 3829 1986 negli-

2228 2018 2457 2079 gunt.—
2476 2007 2818 2063 Postremum
2849 2009 2920 2061 ita
2949 2023 3009 2062 se
3037 2008 3225 2062 habet:
3258 2026 3276 2059 ‹
3310 2007 3576 2076 Quoniam
3601 2009 3827 2078 quidam

2229 2101 2769 2170 metropolitanorum
2813 2100 2976 2155 fidem
3018 2117 3198 2164 suatn,
3249 2101 3547 2155 secundum
3590 2102 3828 2170 priscam

2227 2191 2717 2257 consuetudinem,
2763 2203 2964 2244 sancta:
3019 2191 3134 2246 sedi
3183 2191 3496 2259 apostolicae
3549 2206 3830 2261 exponere

2229 2281 2622 2347 detrectantes,
2652 2297 2808 2336 usum
2835 2281 2978 2352 pallii
3005 2297 3180 2350 neque
3204 2292 3488 2351 expetunt,
3519 2297 3615 2337 nec
3638 2283 3825 2352 perci-

2231 2375 2415 2446 piunt;
2447 2389 2509 2430 ac
2554 2390 2647 2445 per
2675 2374 2777 2429 hoc
2815 2375 3190 2445 episcOporum
3222 2377 3557 2429 consecratio
3585 2375 3828 2430 vidnatis

2230 2467 2474 2522 ecclesiis
2519 2482 2624 2521 non
2672 2468 2790 2522 sine
2844 2466 3085 2536 periculo
3133 2466 3435 2535 protelatur
3469 2483 3480 2519 :
3519 2467 3719 2536 placuit
3763 2476 3826 2520 ut

2229 2563 2473 2632 quisquis
2501 2561 2953 2631 metropolitanns
2981 2560 3117 2614 infra
3149 2570 3263 2614 tres
3285 2575 3500 2616 menses
3528 2574 3827 2614 consecra-

2231 2658 2392 2714 tionis
2418 2674 2528 2712 sna:
2557 2657 2621 2711 ad
2660 2657 2817 2712 fidem
2859 2671 3013 2710 suam
3055 2654 3448 2725 exponendam,
3486 2653 3830 2724 palliumque

2229 2751 2634 2821 suscipiendum
2681 2750 2748 2804 ad
2795 2748 3146 2820 apostolicam
3196 2747 3376 2804 sedem
3425 2763 3527 2803 non
3580 2747 3826 2813 miserit,

2230 2846 2519 2900 commissa
2553 2845 2654 2898 sibi
2695 2855 2878 2899 careat
2917 2843 3209 2914 dignitate;
3244 2846 3420 2914 sitque
3445 2843 3663 2898 licentia
3707 2859 3831 2899 me-

2231 2936 2571 3008 tropolitauis
2599 2937 2741 3002 aliis,
2768 2946 2887 3004 post
2915 2937 3207 2991 secundam
3237 2947 3295 2990 et
3334 2936 3549 2991 tertiam
3580 2952 3830 2992 commo-

2229 3034 2518 3097 nitionem,
2565 3031 2804 3086 viduatis
2833 3031 3103 3096 ecclesiis,
3151 3046 3274 3085 cum
3320 3031 3552 3085 consilio
3594 3029 3831 3084 Romani

527 3121 800 3190 dicebant,
835 3122 877 3176 si
909 3122 1071 3178 rebus
1101 3124 1207 3176 Deo
1234 3122 1428 3177 oblatis
1456 3125 1506 3177 in
1539 3123 1652 3177 suis
1700 3124 2122 3179 necessitatibus
2152 3107 2198 3172 (ἶ
2231 3124 2529 3196 pontificis,
2564 3123 2872 3178 ordinando
2914 3124 3200 3194 episeopos
3240 3124 3533 3179 subvenire
3563 3125 3715 3193 (Am.
3748 3123 3831 3178 vi-

528 3225 836 3286 uterentur,
868 3237 888 3268 ›
925 3216 990 3270 ad
1021 3216 1306 3287 Pippinum
1340 3234 1522 3288 regem
1563 3221 1917 3288 scripserant,
1951 3222 2122 3276 tribus

527 3307 685 3364 libris
729 3308 796 3363 ad
842 3309 1092 3364 eumdem
1137 3325 1320 3381 regem
1363 3313 1543 3367 missis
1572 3314 1994 3382 Scripturarum,
2031 3330 2126 3385 pa-

528 3414 668 3460 trum
701 3403 1173 3475 conciliorumque
1203 3406 1528 3462 testimoniis
1553 3407 1968 3464 conﬁrmarunt.

597 3499 688 3553 25.
724 3498 932 3553 Isidoro
965 3497 1249 3554 Mercatori
1279 3501 1421 3554 haud
1450 3509 1636 3556 temere
1663 3503 1823 3557 tribui
1850 3513 2125 3568 utrumque

527 3607 697 3664 posse.
740 3621 810 3632 -ι
853 3590 1156 3663 Utrumque
1205 3594 1369 3664 igitur
1415 3596 1678 3666 scriptum
1722 3606 1847 3666 apte
1887 3599 1938 3651 in
1993 3598 2124 3651 illttd

528 3685 786 3742 convenit
823 3696 1058 3754 tempus,
1085 3703 1195 3756 quo
1221 3688 1461 3744 Isidorus
1507 3691 1773 3760 impostor
1801 3693 1953 3745 vixit.
1985 3691 2128 3746 heu-

528 3788 670 3836 trum
700 3779 918 3851 quidem
949 3791 1129 3837 exstat
1172 3785 1224 3837 itt
1271 3785 1448 3853 ampla
1483 3785 1602 3853 ejus
1629 3785 1952 3840 collectione
1986 3804 1998 3840 :
2030 3786 2124 3840 sed

531 3871 665 3928 nihil
699 3881 852 3927 vetat
897 3876 1186 3942 quominus
1217 3887 1337 3944 post
1362 3875 1478 3944 ejus
1509 3876 1802 3930 editionem
1850 3878 2122 3947 ingenium

530 3968 830 4024 mendaciis
871 3969 1009 4024 adeo
1053 3969 1340 4024 fecundqu
1386 3969 1635 4024 nonnihil
1677 3971 1800 4024 novi
1836 3971 2127 4039 monuisse

530 4072 840 4116 censeatur.
873 4061 1016 4116 Sane
1059 4063 1149 4130 qni
1191 4061 1260 4116 de
1299 4077 1458 4116 versu
1489 4062 1670 4116 Gloria
1725 4062 1871 4115 Patri
1921 4064 1970 4115 in
2021 4063 2127 4115 fine

529 4151 797 4222 cujusque
839 4152 1031 4221 psalmi
1085 4153 1432 4221 adjungendo
1466 4151 1778 4223 Hieronymi
1809 4152 2030 4206 nomine
2059 4153 2126 4206 ad

531 4243 822 4300 Damasum
873 4243 1115 4312 scripsit,
1159 4263 1176 4296 ‹
1219 4244 1482 4299 Precatur
1527 4260 1657 4316 ergo
1702 4245 1875 4298 cliens
1913 4253 2060 4310 tuus,
2103 4265 2120 4297 ι

529 4337 722 4394 eodem
754 4339 973 4392 nomine
998 4335 1247 4392 eumdem
1272 4336 1472 4406 alloqui
1501 4352 1644 4392 nunc
1673 4336 1883 4391 videtur
1912 4338 1962 4391 in
1989 4337 2128 4392 hunc

531 4430 775 4495 modum,
805 4450 821 4484 ι
851 4430 986 4498 Quia
1008 4432 1076 4487 de
1101 4433 1398 4501 quaestione
1423 4447 1583 4502 quam
1613 4433 1939 4502 preposuisti
1969 4433 2128 4486 clien-

2227 3220 2405 3274 duatte
2449 3219 2767 3274 ecclesiae...
2818 3217 3124 3273 ordinando
3173 3219 3538 3289 episc0pum).
3583 3217 3638 3272 Si
3699 3233 3828 3272 vero

2226 3312 2583 3368 consecrandi
2612 3313 2860 3382 episcopi
2889 3312 3213 3380 negligentia
3243 3313 3579 3382 provenerit,
3604 3322 3659 3364 ut
3683 3311 3822 3365 ultra

2228 3415 2340 3462 tres
2369 3422 2583 3462 menses
2611 3407 2841 3462 ecclesia
2871 3407 3087 3459 viduata
3120 3408 3416 3464 consistat;
3443 3407 3826 3460 communione

2227 3501 2473 3570 privetur
2496 3516 2601 3568 quo
2636 3514 2804 3569 usque
2835 3509 2925 3553 aut
2952 3497 3073 3552 loco
3094 3497 3275 3564 cedat,
3300 3509 3391 3552 ant
3423 3514 3482 3552 se
3505 3513 3828 3552 consecran-

2228 3594 2354 3650 dum
2390 3593 2634 3663 prtebere
2679 3608 2784 3645 non
2830 3591 3065 3646 differat.
3107 3591 3262 3659 Quod
3311 3592 3357 3645 si
3403 3591 3540 3645 ultra
3586 3593 3825 3660 quinque

2229 3702 2446 3744 menses
2486 3701 2580 3754 per
2606 3700 2757 3740 suam
2789 3685 3176 3756 negligentiam
3223 3685 3517 3738 retinuerit
3556 3685 3826 3738 viduatam

2229 3780 2550 3845 ecclesiam;
2588 3794 2760 3847 neque
2790 3777 2886 3844 ibi,
2917 3792 3094 3846 neque
3121 3776 3250 3836 alibi
3273 3776 3714 3831 Consecrationis
3737 3776 3827 3828 do-

2230 3889 2358 3928 num
2395 3872 2682 3940 percipiat,
2709 3872 2873 3924 immo
2903 3869 3307 3937 tuetrottolitaui
3337 3868 3654 3938 snijudicio
3674 3868 3829 3922 cedat

2233 3968 2381 4037 (Ana.
2418 3965 2679 4034 recedat).
2720 3983 2736 4015 ι
2777 3965 2840 4017 Et
2867 3962 3009 4017 istud
3038 3962 3256 4032 quidem
3289 3963 3520 4015 Damaso
3549 3963 3620 4015 ab
3641 3960 3833 4016 Ansel-

2231 4073 2320 4114 mo
2345 4059 2437 4114 lib.
2468 4075 2539 4124 γι,
2565 4073 2612 4111 c.
2646 4057 2747 4120 80;
2775 4055 3086 4110 Burchardo
3125 4055 3219 4108 lib.
3253 4070 3291 4117 ι,
3329 4070 3377 4108 c.
3402 4053 3502 4119 25;
3531 4053 3834 4124 Polycarpo

2231 4155 2326 4209 lib.
2357 4170 2416 4219 ll,
2451 4153 2532 4206 tit.
2569 4152 2658 4217 10,
2691 4161 2746 4206 et
2784 4150 3092 4205 Panormiac
3119 4159 3344 4205 auctore
3377 4149 3471 4204 lih.
3520 4167 3598 4210 Ill,
3643 4166 3692 4205 c.
3743 4152 3834 4216 Il,

2231 4248 2544 4304 ascribitur.
2578 4247 2646 4301 At
2680 4246 2768 4300 lvo
2796 4261 2912 4316 par.
2943 4261 3020 4307 tu,
3055 4260 3107 4299 c.
3137 4245 3260 4309 156,
3294 4261 3358 4300 ac
3387 4244 3680 4299 Gratianus
3701 4246 3833 4300 dist.

2234 4339 2358 4402 IOO,
2403 4355 2452 4393 c.
2489 4341 2543 4402 l,
2581 4338 2779 4408 quibus
2807 4344 2862 4391 et
2903 4336 3145 4391 concinit
3178 4335 3528 4391 Innocentius
3566 4337 3658 4403 Ill,
3687 4338 3786 4392 lib.
3818 4353 3835 4392 ι

2232 4435 2392 4504 epist.
2432 4435 2555 4499 117,
2603 4433 2668 4487 ad
2705 4431 3094 4487 Bituricensetn
3146 4431 3646 4501 archiepiscopum,
3678 4433 3839 4499 cujus

531 4527 640 4581 tulo
672 4535 783 4580 tuo.
818 4545 837 4578 ›
874 4525 972 4593 Qui
1004 4536 1234 4595 utroque
1264 4525 1316 4579 in
1341 4526 1542 4595 scripto
1567 4526 1906 4580 sanctionem
1937 4541 2128 4581 recens
2155 4506 2209 4566 Ῑ)
2237 4528 2446 4583 initium
2481 4526 2563 4580 Ne
2586 4527 2630 4579 si
2659 4525 2905 4589 universi,
2932 4523 3062 4578 illud
3093 4524 3314 4596 Pelagio
3335 4526 3662 4578 attribuunt.
3685 4523 3838 4578 Idem

532 4626 644 4673 tem
687 4619 839 4673 velut
867 4617 1139 4689 antiquam
1172 4629 1481 4673 sanctorum
1519 4629 1730 4688 patrum
1763 4619 2002 4688 regulam
2035 4634 2128 4673 au-

533 4708 650 4763 dire
680 4710 814 4774 vult,
861 4725 1040 4764 nonne
1069 4710 1409 4780 dignoscitur
1447 4712 1562 4780 ipse
1609 4726 1752 4777 esse,
1793 4713 1884 4774 qui
1933 4711 2128 4781 placita

534 4814 631 4855 sua
677 4808 950 4870 tamquam
994 4801 1257 4870 majorum
1301 4802 1516 4858 decreta
1549 4802 1828 4858 venditare
1871 4803 2030 4867 solet,
2067 4817 2131 4856 ac

534 4893 866 4949 vetustiores
910 4892 1184 4947 Romanos
1232 4894 1516 4963 pontifices
1555 4895 1814 4950 inducere
1845 4894 2132 4949 consuevit

531 5000 722 5042 eorum
749 4984 990 5041 vindices
1039 4986 1403 5053 decretorum,
1436 5004 1555 5058 qua:
1597 4988 1926 5058 posteriores
1968 4989 2127 5044 dum-

532 5079 1025 5135 taxatedixerunt?
1048 5081 1150 5150 Ipsi
1179 5081 1394 5136 demum
1422 5083 1690 5153 peculiare
1711 5093 1793 5138 est
1820 5095 2126 5139 commenta

531 5187 626 5229 sua
659 5173 860 5230 Nictcni
903 5175 1116 5230 Consilii
1160 5176 1341 5230 ﬁctilia
1370 5179 1690 5233 auctoritate
1717 5180 2122 5235 counnendarc.

533 5265 688 5334 Quod
721 5275 778 5321 ut
799 5267 847 5322 ei
887 5267 1099 5323 felicius
1139 5267 1320 5332 cedat,
1360 5269 1429 5323 ab
1467 5270 1583 5336 ipso
1628 5270 1972 5325 collectionis
2014 5286 2128 5326 sua:

531 5361 798 5434 prommio
833 5362 886 5418 id
917 5380 1130 5420 summo
1171 5365 1354 5420 studio
1395 5365 1639 5431 enititur,
1671 5375 1727 5420 ut
1759 5363 1960 5422 Nicmni
1996 5382 2130 5422 cou-

530 5456 642 5513 cilii
675 5458 834 5528 longe
864 5459 1048 5529 plures
1091 5475 1354 5526 canones,
1383 5475 1545 5531 quam
1577 5460 1668 5530 qui
1700 5460 1968 5516 habentur
1996 5461 2123 5515 olim

531 5547 704 5603 fuisse
746 5549 1088 5618 persuadeat.
1125 5551 1278 5607 Unde
1306 5561 1360 5606 et
1393 5553 1704 5618 identidem,
1750 5552 1845 5608 sed
1894 5555 2126 5609 maxime

532 5637 588 5691 in
614 5639 972 5707 pseudooJulii
995 5642 1241 5711 epistola,
1266 5643 1494 5714 plurima
1520 5647 1643 5701 huic
1665 5645 1900 5701 concilio
1919 5645 2128 5702 adscri-

536 5728 666 5780 bere
703 5745 809 5785 non
862 5733 1015 5788 timet
1057 5733 1300 5802 decreta,
1332 5752 1454 5808 quae
1484 5738 1551 5791 ab
1594 5753 1659 5794 eo
1693 5753 1918 5807 prorsus
1949 5738 2123 5794 aliena

2230 4620 2598 4679 Innocentius.
2633 4627 2793 4675 extra
2825 4617 2892 4672 de
2926 4617 3173 4672 trauslat.
3205 4618 3370 4688 episc.
3403 4617 3527 4680 c.2,
3556 4617 3583 4688 §
3621 4619 3673 4682 Ι,
3697 4619 3842 4672 rela-

2232 4725 2339 4779 tus,
2383 4716 2530 4769 velttt
2557 4729 2620 4768 ex
2653 4712 2861 4767 Conone
2896 4723 3176 4780 postrema
3200 4712 3320 4781 ejus
3349 4713 3515 4767 verba
3545 4714 3628 4767 sic
3656 4713 3796 4767 citat
3824 4731 3837 4766 :

2238 4828 2256 4861 ‹
2289 4809 2474 4879 Neque
2511 4807 2667 4870 illttd,
2696 4806 2838 4876 quod
2871 4807 2922 4861 in
2957 4804 3167 4860 Conone
3194 4806 3390 4873 legitur
3421 4807 3488 4860 de
3530 4807 3738 4870 electo,
3783 4815 3843 4861 ut

2233 4903 2278 4957 si
2307 4902 2442 4956 ttltra
2470 4915 2562 4955 sex
2590 4901 2736 4968 (nota
2775 4898 2846 4953 ibi
2882 4913 3002 4962 sex,
3049 4913 3152 4950 non
3195 4898 3433 4966 quinque
3460 4897 3586 4968 legi)
3614 4910 3843 4952 menses

2237 5011 2333 5065 per
2373 5009 2525 5048 suam
2570 4991 2948 5062 negligentiam
2987 4991 3276 5046 retinuerit
3317 4991 3605 5045 ecclesiam
3641 4991 3843 5045 vidua-

2235 5094 2365 5152 tam,
2400 5098 2501 5139 nec
2527 5083 2599 5137 ibi
2628 5097 2727 5137 nec
2744 5083 2867 5137 alibi
2883 5082 3086 5136 donum
3112 5083 3551 5137 consecrationis
3577 5083 3841 5152 accipiat.

2233 5179 2402 5232 immo
2431 5175 2840 5242 metropolitani
2869 5176 2948 5230 sui
2983 5175 3137 5230 cedat
3157 5175 3390 5245 judicio.
3420 5186 3526 5231 etc.
3565 5193 3584 5228 ι

2304 5269 2395 5325 28.
2431 5269 2629 5323 Verum
2657 5283 2834 5338 neque
2875 5270 3122 5334 Damaso,
3151 5284 3326 5340 neque
3360 5269 3626 5340 Pelagio!
3662 5284 3762 5324 aut
3799 5268 3843 5325 II

2234 5362 2504 5433 congruit,
2540 5371 2727 5432 utpote
2758 5377 2862 5429 quo
2893 5362 3163 5416 asseritur
3210 5376 3273 5416 ac
3327 5360 3634 5416 vindicatur
3663 5361 3841 5416 αἰθρί-

2234 5455 2380 5526 plina
2401 5465 2591 5510 octavo
2625 5463 2832 5508 tantum
2857 5453 3058 5508 sazculo
3088 5453 3329 5517 inducta,
3351 5454 3430 5508 uti
3465 5453 3728 5522 colligere
3756 5463 3843 5507 est

2235 5565 2300 5604 ex
2327 5549 2562 5604 concilio
2591 5547 2677 5602 cui
2709 5547 3018 5602 Bonifacius
3045 5546 3336 5617 episcopus
3359 5545 3710 5616 Moguntinus
3739 5562 3842 5601 an-

2235 5658 2305 5697 no
2349 5642 2453 5696 742
2497 5639 2734 5711 praefuit,
2772 5650 2825 5696 et
2853 5639 2921 5695 de
2958 5656 3068 5712 quo
3107 5642 3271 5709 epist.
3305 5639 3405 5695 105
3439 5639 3558 5709 ipse
3597 5641 3840 5696 scribit:

2241 5754 2259 5784 ι
2303 5736 2648 5790 Decrevimus
2679 5743 2866 5790 nostro
2895 5731 3146 5805 synodali
3176 5725 3472 5802 cenventn,
3509 5743 3564 5790 et
3591 5733 3836 5791 confessi
