4120 6186
306 254 442 315 ﬁl?

979 256 1215 314 MONlT.
1258 254 1326 314 IN
1367 251 1875 315 KALENDARIUM
1914 253 2268 315 ECCLESIIE
2303 257 2922 318 CARTHAGINENSIS.

3458 256 3598 314 Hi8

304 389 488 428 sumus
514 372 674 428 tidem
707 374 1034 429 catholicam
1059 385 1114 429 et
1145 375 1406 428 unitatem
1433 383 1488 431 et
1508 374 1902 446 subjectionem
1930 375 1978 437 Α
2011 375 2286 429 novissimi
2329 373 2569 430 editores
2617 375 2881 433 Gratiani.
2918 386 3014 444 pro
3045 385 3110 428 co
3139 370 3282 443 quod
3324 371 3378 428 in
3423 371 3600 430 fronte

303 465 563 520 Romana:
592 467 839 521 ecclesia:
870 467 974 522 line
1001 477 1155 522 tenus
1183 482 1422 530 servare,
1445 477 1638 521 sancto
1669 466 1828 522 Petro
1849 474 1905 520 et.

301 557 524 612 vicariis
552 557 672 628 ejus
704 559 842 614 velle
886 558 1105 630 subjici,
1148 560 1605 628 metropolitanos
1644 559 1810 628 pallia
1835 557 1902 612 ab

302 648 393 704 illa
421 649 554 705 sede
597 665 862 720 quaerere.
901 670 921 704 ›
957 650 1113 708 Unde
1146 651 1366 720 planum
1398 661 1485 706 est
1528 649 1904 720 metr0polita-

300 743 408 809 nis,
440 745 633 799 saltem
666 744 720 798 in
751 744 947 811 Gallia,
978 745 1206 800 necdum
1237 761 1381 801 anno
1407 745 1510 800 742
1538 745 1700 800 ullam
1730 745 1906 814 impo-

300 836 460 891 sitam
500 836 671 893 fuisse
702 838 896 908 legem,
921 853 1025 907 qua
1052 839 1208 907 pallia
1237 852 1483 908 quaerere
1504 837 1571 892 ab
1597 836 1899 906 apostolica

301 929 431 984 sede
470 940 815 1000 cogerentur.
859 930 1031 986 Immo
1083 930 1325 986 Francos
1371 931 1594 986 decreto
1640 930 1902 1001 praedicto

301 1037 407 1077 non
440 1024 624 1077 statim
659 1025 936 1093 paruisse,
967 1039 1030 1078 ac
1074 1026 1554 1096 metropolitanos,
1584 1025 1746 1080 anab
1771 1039 1903 1094 apo-

299 1115 489 1169 stolica
537 1115 668 1170 sede
705 1115 866 1186 pallia
898 1128 1230 1187 quaererent,
1272 1118 1437 1172 etiam
1469 1128 1654 1187 postea
1695 1116 1902 1172 delibe-

299 1222 472 1273 rassc,
515 1222 639 1262 cum
674 1224 742 1263 ex
771 1210 998 1279 epistola
1029 1210 1062 1264 5
1083 1209 1393 1264 Zacchariae
1418 1225 1568 1280 papae
1596 1210 1662 1264 ad
1691 1209 1904 1264 Bonifa-

298 1301 460 1365 cittm,
499 1310 610 1355 tum
663 1317 729 1356 ex
773 1317 834 1357 ea
879 1318 1037 1370 quam
1073 1301 1382 1356 Bonifacius
1429 1301 1553 1355 huic
1600 1300 1899 1370 rescripsit,

295 1394 688 1462 comperimus.
720 1393 774 1450 Si
807 1403 987 1449 autem
1017 1394 1200 1448 medio
1225 1394 1426 1448 saeculo
1457 1410 1546 1448 vm
1584 1393 1822 1447 nondum
1856 1393 1902 1447 is

297 1484 455 1556 plane
477 1486 793 1542 obtinuerat
817 1503 952 1549 mos,
975 1499 1032 1542 ut
1057 1489 1124 1541 ab
1146 1487 1449 1558 apostolica
1471 1487 1602 1542 sede
1621 1487 1779 1555 pallia
1797 1502 1902 1540 me-

299 1580 611 1648 tropolitani
630 1593 960 1650 qumrerent;
976 1582 1098 1651 quis
1117 1597 1224 1635 non
1247 1584 1346 1635 hac
1373 1582 1536 1634 etiam
1553 1591 1711 1636 actate
1731 1581 1900 1634 multo

297 1675 572 1728 recentius
593 1683 818 1730 censeat
840 1675 1139 1739 decretum,
1163 1676 1308 1745 quod
1337 1675 1540 1730 editum
1566 1690 1687 1729 esse
1709 1675 1897 1745 liquet,

2006 467 2289 521 memorati
2321 466 2524 522 decreti
2554 467 2783 534 obtinet,
2826 464 3074 536 Pelagius
3103 481 3261 535 papa,
3306 465 3359 518 in
3391 463 3601 521 duobus

2005 560 2284 616 codicibus
2324 560 2600 615 Vaticanis
2629 560 2815 614 haberi
2859 557 3089 612 Joannes
3137 555 3284 611 VIII
3331 573 3394 611 ea:
3431 557 3602 611 conci-

2005 655 2076 709 lio
2104 670 2158 710 ιιι
2201 656 2342 725 apud
2389 654 2704 709 Ravennam.
2747 653 2859 709 Nec
2896 652 3180 723 quisquam
3214 652 3422 708 inficias
3454 650 3602 720 ierit,

2003 747 2134 802 illud
2167 757 2289 815 apte
2321 747 2372 801 in
2406 757 2650 816 tempora
2680 746 2975 801 convenire
3020 744 3180 815 hujus
3220 759 3396 814 papae,
3439 758 3600 814 quem

2004 839 2133 895 item
2175 838 2466 895 Gratianus
2492 838 2622 894 dist.
2656 837 2779 905 100,
2825 855 2876 894 c.
2919 839 2974 899 4.
3008 838 3189 894 laudat
3222 839 3282 892 ut
3307 837 3602 894 Wiliberto

2005 934 2389 1003 Agrippinensi
2431 935 2688 1002 episcopo
2731 933 2810 988 sic
2855 932 3183 988 scribentem
3229 950 3241 985 :
3280 950 3298 984 ‹
3345 931 3599 1004 Optatum

2004 1024 2096 1079 tibi
2147 1024 2368 1094 pallium
2421 1039 2562 1078 nunc
2605 1023 2858 1078 conferre
2903 1023 3266 1094 nequivimus,
3306 1025 3429 1092 quia
3474 1021 3601 1078 fidei

2006 1129 2110 1174 tuae
2143 1119 2385 1189 paginam
2420 1119 2596 1172 minus
2625 1133 2784 1188 quam
2816 1126 3066 1186 oporteat
3093 1117 3371 1172 continere
3397 1117 3606 1185 reperi-

2004 1227 2147 1266 mus.
2181 1231 2200 1264 ι
2230 1211 2330 1267 llic
2356 1212 2407 1265 itt
2438 1219 2759 1265 transcursu
2800 1209 3052 1273 observo,
3083 1209 3295 1264 etiamsi
3326 1209 3604 1265 Zachariae

2004 1320 2155 1374 papa:
2182 1320 2300 1359 aevo
2346 1305 2397 1358 id
2449 1305 2617 1359 moris
2665 1303 2903 1358 nondum
2936 1303 3267 1370 obtinuerat,
3311 1312 3366 1358 ut
3411 1319 3603 1359 omnes

2005 1397 2410 1466 metropolitani
2459 1397 2683 1466 pallium
2727 1397 2796 1449 ab
2835 1394 3153 1465 apostolicae
3192 1394 3322 1449 sede
3359 1409 3607 1465 qua-rere

2006 1498 2348 1552 tenerentur,
2399 1503 2495 1543 eos
2549 1496 2727 1543 tamen
2771 1487 2971 1557 quibus
3022 1497 3132 1541 tum
3175 1487 3601 1556 concedebatur,

2003 1582 2152 1652 prius
2183 1581 2491 1651 apostolicae
2521 1581 2637 1634 sedi
2681 1580 2840 1634 fidem
2873 1593 3022 1633 suam
3064 1593 3337 1647 exponere
3363 1591 3600 1632 consue-

2003 1675 2166 1728 visse.
2197 1673 2458 1739 Quocirca
2489 1673 2680 1728 scribit
2703 1672 2842 1726 idem
2876 1686 3011 1741 papa
3042 1671 3201 1740 epist.
3236 1672 3270 1723 4
3293 1670 3358 1724 ad
3386 1669 3601 1725 Bonifa-

296 1781 416 1822 cttm
441 1769 553 1838 jam
588 1768 752 1838 longo
795 1785 893 1823 usu
923 1779 1198 1837 receptum
1232 1779 1366 1833 erat,
1398 1778 1452 1822 ιιι
1487 1767 1895 1836 metrOpolttani
1927 1793 1976 1853 Β
2003 1767 2144 1821 cium
2172 1784 2185 1819 :
2216 1786 2233 1817 ί
2267 1765 2514 1833 Qualiter
2541 1765 2684 1819 enim
2728 1779 2845 1818 mos
2886 1763 3033 1833 pallii
3066 1763 3168 1829 sit,
3197 1762 3282 1817 vel
3325 1763 3600 1833 quomodo

296 1874 405 1914 non
453 1861 629 1916 solum
679 1862 747 1917 ab
789 1863 1086 1933 apostolica
1127 1861 1260 1918 sede
1303 1872 1618 1932 expeterent
1651 1861 1896 1933 pallium,

2004 1860 2161 1916 ﬁdem
2184 1875 2334 1915 suam
2362 1875 2633 1929 exponere
2659 1859 2896 1916 debeant
2923 1859 2976 1914 hi
3001 1850 3092 1930 qui
3117 1858 3280 1928 pallio
3310 1858 3385 1914 uti
3406 1874 3602 1916 conce-

295 1966 484 2006 verum
532 1956 694 2009 etiam
743 1954 923 2024 quoad
968 1954 1100 2010 illttd
1143 1956 1535 2025 percepissent,
1579 1954 1758 2008 officio
1799 1970 1899 2009 suo
1997 1952 2219 2021 duntur,
2253 1954 2331 2009 eis
2359 1953 2682 2008 direximus.
2722 1972 2740 2004 ›

296 2040 446 2114 fungi
474 2053 528 2099 et
554 2044 840 2116 episcOpos
866 2045 1123 2101 ordinare
1148 2063 1256 2102 non
1281 2047 1558 2102 valerent?
1581 2046 1900 2102 Monuerunt

2245 2185 2492 2198 *-

1517 2320 1773 2402 DUO
1851 2315 2385 2403 CARMINA

917 2479 969 2540 Α
1013 2477 1477 2554 QUIBUSDAM
1521 2480 1854 2544 INSUPER
1895 2481 2231 2543 DAMASO
2273 2482 2502 2544 PAPIE
2547 2482 2958 2548 ASCRIPTA.

460 2763 892 2829 El‘ITAPlllUM
937 2763 1225 2820 SISENNII
1270 2763 1728 2820 PRESBYTERI.

660 2858 823 2920 (Apud
850 2857 1055 2908 Gruter.
1083 2871 1195 2920 pag.
1225 2856 1365 2916 1172,
1392 2871 1443 2907 n.
1466 2856 1540 2920 9.)

368 2942 661 3012 Presbyter
685 2941 770 2996 hic
803 2942 973 2995 voluit
1004 2941 1256 2996 Sisinnus
1289 2956 1494 3010 ponere
1526 2940 1788 3007 membra,

367 3035 630 3091 Omnibus
661 3043 917 3104 acceptus
950 3034 1187 3104 p0pulis,
1217 3034 1525 3104 dignusque
1551 3035 1832 3098 sacerdos;

365 3127 468 3195 Qui
494 3127 659 3183 sciret
687 3137 892 3182 sanctae
919 3141 1139 3183 servare
1173 3127 1375 3182 l'cedera
1411 3129 1640 3182 matris:

367 3222 612 3278 Blandus
643 3237 829 3277 amore
864 3223 956 3277 Dei
989 3237 1208 3293 semper
1229 3222 1319 3289 qui
1351 3222 1532 3276 vivere
1563 3231 1768 3287 nosset,

364 3315 780 3384 Contentusque
807 3331 907 3371 suo
933 3317 1170 3372 nesciret
1197 3316 1466 3387 principis
1492 3316 1689 3370 aulam.

349 3431 446 3487 AD
485 3429 824 3499 QUEMDAM
864 3428 1200 3485 FRATREM
1241 3427 1762 3484 CORRIPIENDUM
1784 3437 1832 3479 τι.

295 3522 358 3588 (Ε
399 3523 698 3574 membranis
714 3522 1064 3588 _Btblioth_ecae
1108 3521 1429 3588 Rassiopeiae,
1468 3535 1597 3571 nunc
1641 3520 1894 3584 Angeliczc

713 3583 916 3636 Eremit.
943 3584 1381 3645 Augustiucnsium
1404 3585 1476 3650 δ.)

363 3669 572 3744 Tityre,
600 3678 654 3726 tu
685 3669 792 3724 lido
821 3669 1090 3724 recubans
1120 3669 1222 3724 sub
1253 3669 1491 3741 tegmine
1518 3669 1718 3725 Christi
1763 3711 1766 3713 .

363 3841 392 3870 ι
421 3829 501 3886 Ita
531 3829 846 3884 inscribitur
871 3844 898 3882 a
929 3827 1155 3884 librario
1183 3827 1286 3883 hoc
1308 3827 1637 3896 epistolium.

295 3908 316 3924 ”
362 3900 391 3941 ιι
417 3902 557 3958 Cod.
592 3918 695 3957 nts.
729 3901 1035 3957 membrau.
1060 3900 1244 3956 sazculi
1270 3916 1343 3965 ιιι,
1374 3899 1470 3955 fol.
1497 3899 1588 3967 51,
1609 3899 1708 3970 sig.
1740 3913 1888 3953 num.

293 3990 530 4033 ιιιχινιι.
616 4031 623 4037 _

304 4112 1918 4142 ,________,___._________________._.__.

2081 2765 2302 2822 Divinos
2329 2766 2550 2838 apicesc
2581 2781 2739 2822 sacro
2769 2765 3067 2822 modularis
3097 2767 3149 2824 in
3178 2781 3294 2824 ore.

2074 2860 2190 2914 Non
2223 2858 2384 2915 falsas
2411 2857 2656 2914 fabulasd
2687 2861 2868 2916 studio
2895 2860 3174 2916 meditaris
3203 2861 3346 2916 inani
3373 2879 3387 2916 :

2073 2953 2184 3007 illis
2207 2968 2332 3007 nam
2358 2953 2573 3023 capitur
2603 2953 2776 3009 felicis
2807 2953 2975 3024 gloria
3005 2955 3151 3024 vitaz,

2073 3055 2193 3110 Istis
2219 3054 2514 3110 succedent
2541 3070 2717 3126 pinna:
2738 3054 2854 3111 sine
2885 3055 2993 3110 fine
3021 3069 3309 3125 perennes.

1923 3175 1969 3238 ρ
2073 3158 2226 3215 Unde
2257 3172 2410 3225 cave,
2450 3157 2638 3220 frater,
2665 3173 2732 3213 ne
2763 3159 2915 3212 vanis
2947 3173 3016 3212 ne
3047 3167 3099 3212 te
3127 3156 3361 3214 subdere
3386 3157 3556 3225 curis,

2069 3261 2272 3318 Inferni
2299 3262 2516 3332 rapiant
2545 3262 2801 3316 miserum
2831 3276 2900 3318 ne
2931 3269 3129 3316 tartara
3159 3259 3306 3315 tetri.

2070 3366 2210 3435 Quin
2241 3365 2420 3435 potius
2449 3378 2634 3419 sacras
2661 3364 2843 3418 animo
2873 3363 3080 3432 spirare
3109 3371 3382 3419 memento

2070 3467 2401 3538 Scripturas,
2434 3466 2660 3535 dapibus
2691 3464 2891 3521 faciant
2922 3482 3042 3537 quae
3081 3473 3300 3537 pectora
3331 3463 3520 3521 castis.

2071 3568 2148 3625 'l‘e
2174 3567 2387 3623 Domini
2415 3568 2623 3622 salvum
2651 3575 2946 3623 conservet
2974 3567 3144 3638 gratia
3172 3581 3411 3637 semper.

2078 3836 2098 3897 ς
2130 3823 2401 3897 Psalmos,
2431 3835 2490 3880 ut
2519 3834 2672 3897 puto,
2706 3826 2943 3883 denotat.

2001 3893 2095 4024 cod
2125 3897 2275 4023 llapd
2313 3893 2592 3967 eleganter
2623 3898 2850 3967 primatu
2882 3898 3035 3954 vocis
3077 3897 3284 3970 fabulas
3331 3895 3595 3970 syllabam

2070 3984 2203 4039 rrtpt
2237 4009 2249 4022 .

871 4289 1395 4364 MONITUM
1455 4286 1568 4359 IN
1623 4281 2100 4370 SEQUENS
2149 4283 2999 4357 KALENDABIUM.

1524 4461 1617 4538 (Et;
1644 4461 1873 4514 Analect.
1900 4458 2130 4511 Mabilon.
2160 4473 2208 4522 p.
2236 4459 2370 4520 165.)

362 4749 475 4807 Hoc
503 4748 890 4807 Kalendarium
921 4744 1250 4801 Sanctorum
1274 4783 1288 4808 ,
1319 4753 1458 4811 quos
1488 4738 1617 4794 olim
1643 4734 2094 4805 Carthaginensis
2135 4731 2382 4788 Ecclesia
2411 4730 2703 4802 quotannis
2735 4729 3045 4796 recolebat,
3074 4729 3388 4788 Africanum
3420 4732 3604 4790 dicere

289 4845 447 4911 licet,
479 4845 722 4902 omnium
753 4859 874 4912 qua:
903 4840 1163 4895 hactenus
1193 4835 1334 4908 typis
1358 4835 1569 4904 vulgata
1597 4843 1742 4898 sunt,
1774 4842 1832 4886 ut
1863 4829 2080 4901 quidem
2111 4839 2275 4900 puto,
2299 4827 2736 4900 antiquissimum
2770 4838 2823 4882 et
2846 4828 3202 4884 rarissimum.
3242 4829 3536 4900 Repertum
3566 4847 3595 4886 a

291 4937 446 4992 nobis
486 4947 570 4992 est
598 4936 736 4992 felici
759 4949 888 4989 casu
915 4932 968 4987 in
997 4930 1231 5003 quodam
1275 4927 1572 4984 veterrima
1603 4924 1793 4980 codice
1823 4925 2059 4980 celebris
2085 4923 2401 4978 monasterii
2429 4922 2808 4978 Cluuiacensis
2835 4962 2850 4987 ,
2881 4923 3199 4979 continente
3229 4925 3369 4978 heati
3401 4926 3598 4980 Hiero-

289 5033 438 5102 nymi
466 5027 904 5087 Commentarios
936 5027 988 5080 in
1028 5026 1217 5079 Isaiam
1241 5063 1256 5089 ,
1291 5022 1461 5077 immo
1487 5021 1538 5075 in
1575 5019 1797 5083 codice,
1823 5019 1918 5073 sed
1956 5018 2164 5074 codicis
2189 5017 2366 5087 ligneo
2395 5015 2678 5086 operculo,
2718 5016 2881 5070 tineis
2927 5031 2990 5071 ac
3022 5017 3302 5072 vermibus
3339 5033 3599 5084 curroso,

288 5123 528 5180 alfixum.
561 5127 756 5191 Opera:
793 5120 1026 5192 pretium
1059 5118 1158 5173 fuit
1187 5115 1609 5170 vetustissimam
1655 5122 1709 5167 ct
1752 5127 2022 5168 semesam
2071 5113 2442 5166 membranam
2485 5124 2514 5163 a
2548 5107 2694 5178 ligno
2730 5107 2974 5165 carrioso
3016 5107 3301 5164 divellere.
3345 5107 3602 5178 Operculi

287 5237 415 5292 pars
438 5221 614 5277 antica
643 5217 955 5276 Kalendarii
999 5216 1328 5286 principium
1351 5253 1366 5279 ,
1409 5214 1616 5283 pestica
1645 5210 1912 5282 reliquum
1949 5210 2288 5266 continebat.
2323 5208 2605 5278 Scriptura
2635 5206 2878 5262 Romana
2907 5215 3024 5274 est,
3059 5206 3257 5262 litteris
3284 5206 3600 5277 tnajusculis

285 5327 544 5383 exarata,
577 5315 781 5370 saeculo
804 5312 1044 5380 septimo
1077 5326 1182 5365 non
1215 5307 1462 5362 interior.

358 5409 650 5480 Antiquius
679 5416 766 5465 est
792 5403 1178 5460 Kalendarium
1211 5419 1335 5458 cum
1382 5402 1434 5455 in
1467 5416 1533 5456 eo
1561 5401 1692 5457 nttlli
1738 5393 1945 5464 sancti,
1973 5399 2172 5454 nedum
2217 5399 2537 5470 Fulgentius
2569 5398 2906 5467 Episcopus,
2953 5396 3300 5466 reperiantur
3329 5397 3393 5452 iis
3423 5407 3603 5469 poste-

284 5506 486 5568 riores,
517 5504 607 5575 qui
635 5503 688 5558 in
721 5501 1089 5556 Vandalorum
1121 5496 1504 5568 persecutione
1547 5496 1650 5550 sub
1685 5493 2000 5549 lluunerico
2035 5496 2181 5563 ltege
2212 5494 2356 5562 passi
2409 5504 2556 5549 sunt.
2589 5493 2690 5559 Qui
2735 5501 2866 5547 tunc
2915 5493 2967 5546 in
3012 5490 3192 5545 Africa
3243 5507 3425 5547 annuo
3454 5493 3602 5548 cultu

284 5597 701 5656 lienorabantur
722 5597 931 5663 sancti,
965 5595 1212 5666 plerique
1235 5600 1391 5649 erant
1417 5591 1743 5661 populares:
1775 5587 1996 5660 quidam
2027 5597 2203 5643 tamen
2236 5603 2301 5643 ex
2334 5587 2518 5642 Italica
2549 5598 2603 5641 et
2628 5604 2694 5641 ex
2728 5587 3010 5657 Hispania,
3039 5596 3239 5656 pra-ter
3259 5584 3612 5656 Apostolicos

283 5699 466 5762 viros,
497 5696 704 5751 nullum
753 5693 998 5761 Deiparze
1041 5692 1280 5758 festum,
1313 5689 1382 5745 de
1422 5703 1524 5758 qua
1558 5687 1743 5742 nullus
1772 5685 1913 5756 apud
1942 5686 2302 5753 Augustinum
2345 5692 2607 5740 tractatus
2657 5699 2752 5740 seu
2798 5697 3002 5739 sermo.
3043 5683 3235 5737 Annus
3277 5699 3306 5739 a
3348 5699 3444 5740 xm
3481 5683 3602 5741 Kal.

283 5789 415 5850 Maii
440 5787 652 5861 incipit,
677 5801 874 5857 nempe
905 5793 1025 5856 post
1048 5783 1296 5841 Pascha:
1331 5778 1537 5838 desinit
1571 5780 1624 5835 in
1655 5777 1892 5853 χιιιΚιιΙ.
1914 5777 2126 5851 Martii.
2157 5777 2372 5832 Nullum
2409 5776 2604 5832 festum
2637 5793 2733 5848 per
2767 5785 2936 5832 totum
2965 5775 3216 5832 Martium
3243 5791 3486 5835 mensem
3511 5819 3525 5846 ,
3553 5775 3606 5835 id
