4120 6186
416 304 553 364 1235

1259 309 1350 367 DE
1390 307 1824 368 SANCTITATE
1865 305 2091 366 SlRlCIl
2127 306 2334 365 ΡΑΡιΕ
2370 307 2857 367 DISSERTATIO.

3571 307 3712 368 1254

412 425 910 499 synodicam_anno
952 424 1074 499 590
1091 441 1156 481 ex
1195 425 1405 499 synodo
1441 436 1628 499 contra
1670 423 2012 499 Origenistas
2037 423 2088 485 Α
2117 424 2369 499 minicurn
2396 422 2638 499 Pascha},
2667 425 2754 492 qui
2784 426 2992 499 futurus
3021 435 3094 478 est
3132 423 3448 499 VIII__Idu_s
3497 425 3718 499 Aprilis,

412 495 689 553 emiSSam.
727 495 922 553 Postea
954 497 1105 552 addit
1136 516 1148 550 :
1186 496 1427 552 Secunda
1451 496 1724 551 Paschalis
1751 496 1891 550 dicta
1916 495 2010 548 ad-

409 583 586 622 versus
611 567 906 640 Origcuem,
931 580 976 623 et
997 571 1112 638 ejus
1137 568 1423 640 discipulos
1445 567 1774 640 peculiariter
1795 569 2008 639 scripta.

409 655 526 706 qua:
574 638 730 694 etiam
770 638 1114 700 desideratur.
1162 639 1373 710 haecque
1406 639 1500 694 illa
1540 648 1638 703 est,
1670 638 2012 710 de_quaipse

413 710 764 782 Hieronymus
791 711 844 782 in
870 713 1088 782 epistola
1119 711 1185 764 ad
1210 708 1606 765 Pammachium
1627 719 1676 764 et
1705 708 2012 765 Marcellam

408 781 626 853 scribit,
650 798 766 835 cum
797 781 868 835 ait
895 799 913 835 :
947 781 1154 853 Siquid
1195 792 1366 835 autem
1415 782 1500 834 hic
1549 783 1718 835 minus
1766 783 2013 853 adversus

413 851 688 923 Origenem
721 853 914 906 dictum
942 851 1051 918 est,
1082 853 1136 907 in
1165 855 1414 924 prteteriti
1445 853 1570 906 anni
1597 851 1815 924 epistola
1844 853 2011 906 canti-

411 934 585 979 uetur.
614 923 686 978 At
714 924 1032 994 Paschalem
1064 923 1362 980 secundam
1390 923 1676 994 epistulam
1708 923 1842 976 dicit
1870 924 2012 978 idem

411 994 681 1050 Barcinins
707 993 854 1049 illam
893 1009 1016 1052 esse
1038 1037 1052 1058 ,
1089 1012 1210 1064 qua:
1246 993 1434 1062 incipit
1465 1013 1478 1048 :
1512 993 1868 1050 Solemnitatis
1901 995 2013 1047 Au-

409 1076 596 1138 gustae,
619 1074 754 1138 θέε..
780 1082 897 1138 quin
924 1068 1099 1138 prima
1123 1067 1322 1136 legitur
1350 1068 1400 1120 in
1424 1065 1560 1138 (ἰαί-(1.
1587 1066 1645 1118 S.
1676 1066 2011 1138 Hieronymi.

424 1139 610 1191 t‘ertite
650 1135 933 1192 Paschalis
976 1135 1192 1192 initium
1231 1153 1354 1192 esse
1388 1156 1401 1192 :
1433 1136 1694 1191 Christum
1739 1135 2014 1190 Dominum

407 1207 615 1280 gloriw,
645 1217 749 1262 etc.
774 1209 1036 1275 Quartam
1071 1224 1202 1264 vero
1231 1208 1300 1262 ita
1326 1209 1564 1280 exordiri
1599 1227 1612 1262 :
1645 1207 1798 1262 Nunc
1817 1224 2017 1276 quoque

410 1279 512 1332 Dei
557 1280 670 1333 t'iva
718 1280 998 1347 sapientia,
1049 1288 1155 1336 etc.
1203 1280 1448 1349 Denique
1497 1279 1733 1334 advertit
1784 1281 2014 1347 primam

410 1349 732 1421 Paschalem
754 1393 769 1416 ,
800 1366 922 1418 qua:
964 1351 1128 1406 modo
1159 1366 1264 1406 non
1296 1360 1505 1410 exstat,
1545 1351 1811 1421 scriptam
1848 1349 2017 1406 fuisse

409 1435 501 1493 an.
531 1420 640 1476 400
671 1438 768 1490 pro
809 1437 955 1476 anno
985 1422 1238 1493 sequenti
1265 1422 1393 1493 401.
1429 1420 1746 1478 Secundam
1793 1435 2018 1493 compo-

408 1492 570 1547 sitam
610 1508 700 1547 an.
731 1494 830 1549 401
881 1509 978 1563 pro
1015 1491 1106 1549 an.
1153 1493 1279 1549 402.
1325 1492 1564 1549 Tertiam
1601 1507 1747 1548 anno
1784 1491 1890 1547 4οὶ
1919 1508 2018 1554 pro

412 1578 558 1618 anno
624 1563 751 1620 405.
807 1564 1053 1636 Denique
1111 1578 1358 1632 quartam
1415 1572 1702 1636 exaratam,
1753 1580 1842 1636 an.
1890 1563 2020 1636 403

410 1650 509 1697 pro
537 1650 682 1690 anno
707 1636 836 1691 401.
858 1635 1074 1691 Etenim
1105 1652 1228 1691 cum
1257 1637 1454 1690 littera:
1477 1635 1773 1690 Paschales
1797 1635 1851 1688 in
1879 1635 2018 1690 festo

408 1705 730 1774 Epiphania:
771 1706 1124 1762 Alexandria:
1169 1707 1597 1774 publicarentur.
1642 1706 2017 1761 denuntiando

408 1777 551 1831 diem
602 1777 766 1832 futuri
809 1793 876 1833 eo
918 1793 1062 1832 anno
1101 1778 1412 1844 Paschatis,
1449 1789 1582 1839 etc..
1618 1792 1763 1831 anno
1795 1777 2016 1832 Juliano

407 1848 676 1912 superiori
725 1850 1222 1917 componebantur.
1255 1849 1453 1904 Verum
1500 1857 1718 1904 constat
1756 1857 1865 1903 tres
1896 1857 2016 1903 lan-

409 1927 520 1975 tum
561 1918 854 1987 Theophili
877 1922 1163 1991 epistolas
1195 1920 1490 1975 Paschales
1523 1936 1552 1974 a
1587 1921 1650 1972 l).
1681 1920 2016 1991 Hieronymo

411 1995 813 2059 interpretatas.
848 1990 962 2047 Hoc
991 2005 1284 2061 antequam
1324 1992 1721 2052 demonstrem.
1765 1990 2017 2059 suppono

413 2061 836 2135 hiesermonem
871 2078 1004 2135 esse,
1045 2063 1114 2118 de
1152 2064 1400 2135 epistolis
1443 2063 1803 2135 Paschalibus
1833 2063 2004 2135 Theo-

411 2132 543 2206 phili
572 2143 761 2206 contra
789 2133 1149 2206 Origenistas,
1174 2132 1203 2189 a
1233 2135 1292 2206 S.
1321 2134 1657 2206 Hieronymo
1686 2133 1894 2206 Latinis
1916 2150 2013 2206 aug

408 2202 558 2258 ribus
603 2203 854 2259 donatas.
893 2202 1032 2260 Nam
1080 2204 1420 2272 Theophilus
1460 2202 1696 2273 singulis
1740 2204 1901 2259 annis
1932 2205 2015 2259 sui

408 2276 1044 2346 episcopatusepistolas
1076 2276 1370 2331 Paschales
1403 2277 1736 2346 publicabat.
1775 2276 1912 2330 l-linc
1956 2276 2011 2330 in

407 2345 620 2416 synodo
671 2345 940 2416 Ephesina
986 2356 1091 2400 act.
1140 2363 1154 2399 ι
1192 2345 1436 2413 legitur:
1474 2345 1751 2414 TlteOphili
1790 2348 2014 2402 sanctis-

408 2415 528 2469 simi
556 2418 788 2486 episcopi
817 2415 1154 2489 Alcxandriw
1179 2433 1245 2470 ea:
1273 2417 1451 2489 quinta
1485 2416 1746 2489 Paschali
1763 2417 2013 2489 epistola,

410 2497 464 2560 et
490 2493 703 2554 postea,
734 2487 968 2558 ejusdem
999 2503 1061 2541 ea:
1089 2495 1235 2560 sexta
1267 2487 1517 2560 Paschali
1559 2487 1802 2560 epistola;
1834 2490 2016 2556 Quare

411 2556 503 2612 hic
533 2556 950 2628 tantum—sermo
979 2569 1061 2611 est
1091 2557 1160 2612 de
1191 2559 1445 2618 epistolis
1479 2556 1860 2622 Paschalibus,
1895 2576 2015 2628 qua:

411 2637 634 2683 ex5tant
676 2637 810 2682 tom.
843 2627 915 2681 IX
959 2642 1182 2701 operum
1221 2630 1279 2701 S.
1322 2629 1676 2701 Hieronymi,
1721 2647 1842 2700 qua:
1892 2627 2018 2685 sunt

410 2701 758 2770 solummodo
787 2709 921 2753 tres.
947 2698 1150 2766 Quarta
1179 2700 1352 2755 tribus
1380 2700 1488 2755 illis
1510 2698 1573 2755 ex
1601 2698 1767 2770 pravo
1798 2702 2014 2756 illarum

410 2770 607 2825 ordine
632 2769 926 2825 inducitur.

448 2883 629 2938 Prima
655 2882 874 2956 cpistola
910 2882 1187 2937 Paschalis
1216 2884 1451 2955 designat
1485 2883 1692 2938 Pascha
1721 2896 1808 2939 an.
1845 2884 1974 2940 402.

484 2981 538 3035 In
587 2981 804 3052 laudato
853 2981 1041 3036 codice
1071 2981 1145 3052 S.
1179 2980 1496 3052 Hieronymi
1541 2982 1690 3047 prior
1738 2981 2018 3038 Paschalis

411 3053 605 3122 incipit
649 3070 661 3106 :
706 3051 1065 3107 Solemnitatis
1114 3050 1359 3122 Augustm
1391 3050 1577 3105 sermo
1619 3053 1850 3116 divinus,
1905 3065 2012 3108 etc.

414 3125 542 3180 llam
574 3126 626 3178 in
656 3135 889 3193 quatuor
930 3131 1112 3190 partes
1141 3124 1421 3177 dividitur.
1457 3123 1514 3177 In
1562 3124 1726 3186 priori
1762 3126 2016 3178 hortatur

410 3195 602 3250 lideles
632 3195 699 3248 ad
731 3195 978 3249 sanctius
1011 3193 1339 3247 celebranda
1375 3197 1510 3248 festa
1539 3193 1846 3249 Pasclialia.
1879 3196 2010 3250 Dein
2042 3200 2088 3259 C

409 3266 688 3321 secundo:
719 3267 928 3321 Cessent
970 3263 1290 3335 Apollinaris
1335 3264 1602 3331 discipuli,
1639 3277 1771 3331 etc.,
1819 3277 2008 3320 contra

409 3337 746 3410 Apollinarii
776 3352 998 3410 errores
1040 3337 1338 3410 invehitur.
1369 3336 1557 3410 Tertio
1593 3354 1604 3388 :
1641 3336 1824 3392 Sciant
1853 3339 2012 3410 igitur

407 3426 460 3463 se
488 3408 647 3481 hujus
667 3407 1032 3470 solemnitatis.
1063 3418 1169 3481 etc.
1199 3407 1454 3481 ()rigeuis
1485 3423 1714 3481 errores
1738 3407 2007 3474 conlittat,

412 3480 500 3551 tibi
552 3479 716 3551 vocat
749 3481 1062 3551 iOrigenem
1118 3479 1346 3551 hydram
1403 3481 1643 3551 omnium
1705 3479 2008 3534 haareseon.

408 3549 656 3605 Tandem
691 3566 704 3602 :
736 3550 968 3618 Denique
993 3567 1056 3604 ne
1083 3549 1342 3621 occupati,
1378 3559 1508 3621 etc.,
1535 3550 1598 3602 ad
1632 3551 2008 3615 pcenilentiam

411 3621 686 3675 hortatur.
723 3621 1088 3692 Hieronymus
1144 3620 1308 3687 epist.
1360 3620 1450 3685 ‘78,
1487 3621 1551 3675 ad
1599 3621 2007 3676 Pammachium

409 3700 466 3746 et
493 3692 823 3756 Marcellam,
861 3693 1054 3748 scribit
1079 3692 1500 3747 :Alerandrinas
1537 3709 1660 3762 opes
1692 3693 1861 3761 primo
1897 3709 2013 3746 vere

410 3763 743 3827 transmitto,
782 3779 981 3831 nempe
1025 3764 1299 3818 laudatam
1346 3763 1664 3817 l’asclialetn
1720 3765 2008 3831 episuilatn

411 3833 727 3907 Theophili,
771 3851 950 3904 quam,
1001 3835 1212 3907 inquit,
1259 3835 1437 3907 sciatis
1482 3835 1535 3886 in
1579 3843 1799 3907 quatuor
1841 3845 2010 3907 partes

412 3903 652 3958 divisam.
686 3903 752 3957 In
783 3903 952 3973 primo
993 3903 1232 3959 hortatur
1270 3906 1534 3957 credentes
1574 3904 1642 3956 ad
1686 3903 2012 3959 Dominicum

410 3974 614 4030 Pascha
645 3974 1027 4047 celebrandum.
1062 3976 1126 4029 In
1155 3975 1381 4047 secundo
1410 3982 1454 4025 et
1479 3976 1628 4028 tertio
1652 3975 1770 4047 loco
1806 3975 2010 4047 Apolli-

410 4047 615 4118 narium
646 4054 692 4098 ct
724 4046 997 4118 Urigenem
1019 4046 1232 4118 jugulat
1254 4046 1347 4118 ;_in
1377 4053 1564 4113 quarto
1682 4055 1759 4118 est
1782 4057 2010 4098 extremo

409 4115 676 4169 lucreticos
722 4117 790 4168 ad
817 4115 1162 4183 paenitentiam
1210 4115 1530 4168 cohortatur.
1574 4116 1633 4169 Si
1675 4117 1801 4182 quid
1838 4127 2010 4170 autem

408 4185 492 4238 hic
523 4187 694 4239 minus
723 4189 964 4258 adversus
996 4187 1269 4258 Origene»:
1299 4186 1491 4258 dictum
1530 4195 1632 4258 est,
1666 4190 1719 4240 in
1761 4189 2008 4258 prmteriti

407 4259 532 4310 anni
559 4255 777 4325 epistola
807 4255 1118 4311 continetur.
1154 4257 1321 4310 Recte.
1348 4256 1567 4326 quidem
1609 4255 1875 4310 Baronius
1908 4275 2007 4308 no-

412 4331 540 4382 tavit
573 4328 714 4382 hanc
749 4331 1062 4381 l'asclialem
1100 4330 1368 4396 priorem,
1393 4341 1513 4394 quae
1543 4327 1728 4397 incipit
1759 4345 1771 4380 :
1807 4328 2010 4382 So’em-

411 4401 589 4454 nitatis
634 4401 902 4469 Augusta),
938 4408 1070 4463 etc.,
1123 4398 1344 4452 missam
1389 4397 1553 4469 fuisse
1601 4414 1628 4449 a
1658 4399 2010 4469 Hieronymo

410 4485 534 4524 cum
569 4467 800 4538 cpistola
852 4471 964 4535 78,
1021 4469 1087 4523 ad
1145 4468 1583 4522 Pammachium.
1639 4467 1712 4522 At
1761 4470 1843 4523 vir
1874 4467 2010 4524 alio-

409 4543 538 4610 quin
571 4540 926 4595 doctissimus
960 4557 1064 4593 non
1099 4538 1337 4593 advertit
1359 4540 1571 4608 cyclnm
1610 4539 1924 4594 Paschalem
1954 4543 2004 4596 in

410 4609 652 4680 ejusdem
701 4612 949 4681 epistola:
1006 4611 1114 4665 line
1163 4611 1498 4675 expositum.
1549 4609 1763 4664 Etenim
1821 4612 2012 4668 indicit

412 4681 612 4738 Pascha
642 4698 707 4736 eo
741 4698 885 4735 anno
922 4681 1309 4736 celebrandum
1359 4681 1642 4735 undecima
1675 4681 1766 4736 die
1805 4685 2010 4738 mensis

411 4752 750 4809 Ptiarmuthi.
807 4751 1470 4824 Egyptiornmrmenses
1507 4753 1762 4824 quinque
1817 4752 2014 4809 diebus

415 4825 801 4892 praecedebant
849 4822 1067 4878 menses
1111 4822 1449 4892 Latinorum.
1497 4823 1555 4878 S.
1585 4823 1908 4878 Ambrosius
1953 4827 2006 4880 in

409 4891 634 4965 epistola
659 4895 728 4947 ad
748 4894 1017 4965 episcopos
1040 4909 1130 4964 per
1154 4891 1593 4965 fEmiliam‘tom.
1621 4893 1710 4955 IV,
1738 4910 1860 4965 pag.
1877 4896 2007 4962 306,

412 4967 486 5018 ait
517 4983 540 5037 :_
567 4960 786 5037 Primus
818 4960 952 5037 enim
994 4960 1183 5037 mensis
1223 4960 1683 5037 apud/Egyptios
1723 4960 1796 5018 est
1810 4960 2010 5037 'Pharé

411 5034 596 5106 mut/ii,
641 5045 688 5088 et
732 5036 917 5101 incipit
970 5051 1022 5106 vl
1066 5035 1171 5106 kal.
1218 5034 1434 5106 Aprilis,
1481 5034 1752 5106 'el'ﬁnitur
1790 5052 1860 5091 vn
1903 5036 2010 5091 Ital.

413 5105 565 5160 Maii.
611 5106 746 5161 llinc
786 5106 946 5177 docet
994 5105 1202 5177 Pascha
1230 5105 1317 5177 eo
1364 5123 1530 5172 anno,
1573 5105 1768 5176 nempe
1814 5107 2017 5164 Christi

411 5177 540 5241 387,
571 5176 958 5231 celebrandum
983 5192 1058 5230 vn
1087 5175 1197 5231 kal.
1229 5175 1375 5237 Maii,
1403 5177 1496 5246 qni
1528 5187 1612 5233 est
1647 5175 1768 5232 dies
1798 5179 2020 5242 trigesi-

413 5263 532 5301 mus
579 5247 897 5320 Pharmuthi
944 5250 1166 5320 mensis.
1218 5246 1476 5320 Pluribus
1509 5249 1632 5304 aliis
1661 5251 1931 5320 exemplis
1963 5251 2017 5305 id

412 5319 671 5383 ostendit,
702 5320 774 5373 uti
815 5320 978 5372 etiam
1023 5319 1079 5374 S.
1125 5318 1406 5389 Pretcrius
1448 5323 1743 5389 episc0pus
1781 5318 2019 5377 Alexan-

413 5390 600 5462 drinus
626 5404 689 5462 ac
721 5399 926 5462 martyr
953 5389 1008 5462 in
1027 5390 1267 5462 epistola
1291 5388 1355 5442 ad
1379 5389 1438 5445 S.
1464 5388 1706 5446 Leonem
1733 5408 2010 5462 magnum.

415 5457 599 5530 Itaque
629 5461 835 5515 Pascha
868 5457 1011 5526 quod
1048 5461 1099 5513 in
1151 5460 1251 5514 hac
1291 5461 1528 5528 epistola
1576 5457 1869 5531 'lheophili
1916 5465 2015 5519 tle-

414 5533 694 5604 nuntiatur
721 5531 955 5584 futurum
987 5531 1281 5604 undecima
1312 5532 1400 5585 die
1429 5534 1639 5604 mensis
1664 5533 2011 5604 Pharmutlii,

412 5617 441 5656 a
482 5603 690 5657 Latinis
731 5611 1010 5675 peractum
1054 5603 1275 5675 estatie
1326 5617 1384 5657 v1
1427 5603 1666 5675 Aprilis,
1701 5607 1778 5658 uti
1825 5620 2020 5675 reapse

411 5675 638 5743 contigit
669 5688 756 5728 an.
787 5671 916 5738 402,
948 5672 1107 5743 cyclo
1140 5673 1284 5728 Solis
1329 5689 1448 5739 χιχ,
1485 5671 1680 5730 ίιλιιητε
1723 5692 1798 5742 tv,
1833 5671 2014 5732 lith.

415 5746 474 5816 8.
507 5746 840 5816 Augustinus
875 5746 1058 5816 epist.
1089 5743 1217 5816 Δ256
1274 5747 1475 5800 scribit
1547 5747 1612 5801 ad
1682 5745 2022 5816 Xantippum

414 5811 704 5872 Primatem
731 5811 996 5870 Numidia;
1029 5831 1042 5866 :
1073 5811 1201 5866 Cum
1228 5824 1430 5869 centum
1471 5817 1580 5871 dies
1609 5824 1776 5872 essent
1813 5811 2015 5873 ad'Do-

2115 509 2312 622 petnpe
2340 495 2373 550 6
2400 494 2605 566 Aprilis
2634 511 2782 552 anno
2811 495 2942 562 402,
2967 511 3074 567 quo
3100 511 3246 552 anno
3269 494 3581 569 Xantippu's
3602 505 3724 553 erat

2163 581 2352 621 rimas.

2163 581 2352 621 rimas.

2190 681 2434 737 Secunda
2461 683 2514 736 in
2543 684 2722 756 codice
2753 682 3064 756 Hieronymi
3101 682 3380 756 Paschalis
3417 684 3643 756 epistola

2562 754 2759 808 indicat
2787 753 2997 808 Pascha
3028 772 3116 810 an.
3143 755 3271 812 401.

2189 868 2320 934 Quae
2362 870 2599 924 secunda
2632 871 2882 940 sequitur
2910 871 2962 925 in
2997 870 3192 924 ordine
3218 871 3564 926 Paschalium
3596 873 3724 938 epi-

2117 940 2387 1013 stularum
2418 941 2732 1013 Theophili.
2759 942 2811 995 in
2843 942 3033 1013 codice
3061 941 3118 996 S.
3148 943 3464 1013 Hieronymi
3491 943 3721 1012 incipit:

2117 1008 2380 1085 Qhristutn
2406 1008 2587 1065 losum
2620 1012 3122 1085 Dominumigloritc,
3155 1024 3293 1085 e_tc.,
3327 1008 3379 1068 in
3410 1031 3513 1080 qua
3549 1008 3726 1085 ftisius

2119 1080 2372 1155 Origenis
2401 1098 2620 1136 errores
2648 1100 2676 1138 a
2710 1080 3020 1152 TheOpﬁilo
3063 1083 3442 1139 confutantur.
3477 1086 3534 1140 In
3569 1084 3724 1155 ejus-

2118 1153 2244 1207 dem
2273 1154 2379 1207 ﬁne
2405 1155 2663 1208 indicitur
2686 1155 2893 1209 Pascha
2917 1155 3306 1210 celebrandum
3331 1157 3418 1210 die
3442 1157 3508 1212 19
3532 1153 3726 1212 mensis

2121 1223 2468 1291 Pharmuthi;
2514 1241 2711 1296 nempe
2761 1227 2904 1294 apud
2957 1227 3183 1281 Latinos
3223 1227 3316 1282 die
3356 1244 3447 1282 xw
3491 1227 3724 1296 Aprilis,

2121 1311 2227 1362 qua
2275 1312 2406 1349 sane
2451 1297 2538 1350 die
2588 1299 2640 1350 in
2689 1297 2923 1351 ecclesia
2976 1298 3219 1353 Romana
3253 1299 3596 1353 celebratum
3639 1309 3728 1354 est

2120 1365 2322 1440 festum
2356 1367 2621 1440 Paschalis
2661 1382 2803 1440 anno
2834 1367 2962 1440 401,
2994 1369 3148 1440 cyclo
3180 1369 3326 1425 Solis
3359 1385 3491 1424 xvnt
3512 1413 3525 1431 ,
3555 1371 3727 1425 Luna:

2122 1453 2205 1501 nt,
2241 1438 2322 1511 lit.
2355 1438 2416 1511 F.
2447 1438 2524 1492 Ex
2561 1438 2710 1493 hisce
2752 1438 3117 1494 Paschalilius
3146 1440 3590 1505 characteribus,
3627 1441 3728 1511 qui

2120 1510 2417 1564 certissimi
2448 1522 2577 1564 sunt
2620 1525 2890 1564 annorum
2925 1511 3172 1574 indices,
3204 1522 3347 1580 patet
3384 1515 3552 1566 hasce
3589 1510 3727 1567 dnas

2122 1582 2387 1648 epistolas
2414 1582 2632 1636 inverso
2665 1581 2859 1636 ordine
2887 1596 2915 1634 a
2949 1581 3353 1637 Collectoribus
3395 1583 3725 1648 collocatas,

2121 1666 2242 1706 cum
2270 1652 2507 1707 secunda
2531 1652 2826 1721 designans
2848 1652 3052 1706 Pascha
3083 1670 3170 1709 an.
3201 1654 3304 1707 401
3334 1655 3486 1723 prius
3517 1655 3726 1720 scripta

2126 1737 2188 1777 ac
2221 1724 2496 1792 publicata
2529 1726 2693 1778 luerit
2733 1739 2762 1776 a
2793 1724 3121 1793 ’l‘lieophilo,
3166 1740 3328 1791 quam
3375 1724 3568 1788 altera,
3603 1741 3727 1793 qua:

2047 1814 2094 1873 Β
2123 1794 2415 1873 tlettutitiat
2465 1795 2675 1873 Pascha
2729 1795 3025 1873 sequentis
3059 1796 3186 1850 anni
3229 1794 3356 1873 402.
3410 1795 3549 1873 Hinc
3596 1811 3724 1873 cum

2123 1863 2484 1936 Hieronymus
2535 1867 2758 1919 mittens
2800 1865 3139 1927 Pasclialem.
3171 1882 3291 1936 qua).
3332 1866 3527 1933 incipit
3562 1883 3575 1919 :
3622 1865 3725 1921 So-

2120 1935 2398 2008 lemnitatis
2441 1935 2727 2007 Augustae,
2782 1949 2915 2002 ete.,
2966 1938 3018 1992 in
3060 1952 3163 2008 qua
3193 1935 3473 1991 indicitur
3515 1936 3728 2008 Pascha

2119 2008 2249 2060 anni
2278 2007 2418 2072 402,
2456 2006 2646 2062 scribit
2694 2008 2924 2074 epistola
2980 2007 3050 2064 78
3079 2006 3118 2062 V:
3175 2008 3234 2063 Si
3277 2008 3408 2079 quid
3433 2018 3608 2062 autem
3636 2006 3725 2061 hic

2119 2080 2290 2132 minus
2317 2080 2564 2132 adversus
2590 2079 2860 2150 Origenem
2890 2080 3086 2133 dictum
3117 2090 3210 2146 est,
3243 2080 3296 2132 in
3321 2081 3572 2148 prwteriti
3598 2080 3729 2132 anni

2119 2151 2338 2218 epistola
2366 2151 2676 2212 continetur,
2719 2151 2976 2220 intelligit
3003 2151 3332 2205 Paschalem
3363 2151 3490 2204 anni
3527 2161 3727 2217 praete-

2123 2221 2214 2276 riti
2244 2222 2372 2287 401,
2402 2236 2524 2290 quas
2555 2223 2744 2293 incipit
2777 2240 2788 2276 :
2818 2221 3086 2276 Christum
3115 2221 3322 2285 Jesum,
3352 2231 3488 2284 etc.,
3514 2233 3568 2277 et
3600 2236 3728 2289 per-

2121 2307 2305 2363 peram
2337 2293 2579 2348 secunda
2612 2294 2665 2348 in
2695 2293 2890 2349 ordine
2925 2294 3147 2362 legitur,
3180 2309 3301 2364 qua-
3325 2294 3502 2362 prima
3529 2307 3727 2356 reapse

2119 2365 2350 2418 exstitit.
2406 2365 2559 2419 Hunc
2611 2367 2888 2420 inversum
2946 2364 3198 2420 ordinem
3259 2380 3366 2417 non
3421 2364 3726 2420 observans

2121 2435 2427 2501 Barouins,
2479 2451 2603 2490 cum
2659 2437 2947 2507 epistolam
3009 2446 3199 2490 contra
3253 2435 3563 2507 Origeuem
3597 2435 3727 2488 anni

2118 2508 2400 2579 prwteriti,
2439 2505 3013 2578 quartam—epistolam
3058 2509 3126 2562 ab
3173 2508 3509 2578 Hieronymo
3551 2505 3727 2560 inter-

2119 2585 2412 2649 pretatam,
2439 2596 2552 2646 quae
2577 2580 2730 2632 etiam
2761 2581 3105 2640 desideratur,
3139 2593 3200 2633 ac
3234 2579 3440 2641 tribus,
3479 2593 3731 2649 quaesu-

2120 2647 2370 2719 persunt,
2419 2654 2658 2718 priorem
2701 2652 2862 2703 aliam
2907 2651 3165 2703 obtrusit.
3213 2649 3480 2718 Equidem
3521 2649 3578 2702 S.
3613 2647 3726 2702 Leo

2121 2734 2349 2789 magnus
2433 2721 2484 2774 in
2557 2721 2720 2785 epist.
2780 2721 2869 2785 97,
2929 2721 2994 2774 ad
3058 2720 3298 2774 Leonem
3392 2722 3726 2784 Augustum,

2119 2807 2239 2859 Cap.
2273 2791 2305 2845 8
2332 2793 2407 2846 ait
2435 2811 2448 2846 :
2483 2791 2543 2847 S.
2578 2791 2852 2858 Theophili
2880 2792 3110 2859 episcOpi
3144 2790 3492 2845 Alexandrini
3520 2790 3586 2842 de
3613 2791 3728 2858 epi-

2119 2866 2256 2936 stola
2300 2863 2588 2928 Paschali,
2632 2881 2786 2931 quam
2826 2880 2917 2932 per
2958 2862 3255 2936 {Egyptum
3299 2859 3727 2936 destinavit,_nhi

2122 2935 2322 2990 inserit
2355 2937 2624 3003 prolixum
2667 2931 3141 2992 testimonium'cx
3184 2934 3433 2988 Pasrhali
3467 2949 3555 2986 an.
3591 2931 3722 3003 402.

2121 3007 2188 3064 Et
2236 3001 2464 3080 inferius
2496 3028 2507 3061 :
2542 3009 2937 3080 ltemrjusdem
2980 3008 3171 3080 ina/ia
3217 3005 3465 3080 Paschali
3503 3001 3726 3080 epistola

2120 3090 2301 3133 contra
2321 3079 2614 3149 Origenem,
2634 3075 2930 3149 ubi'lttudat
2953 3078 3104 3132 verba
3125 3094 3191 3131 ea"
3211 3075 3460 3149 Paschali
3481 3091 3569 3149 an.
3585 3075 3620 3149 Δ4
3631 3075 3692 3127 01
3707 3113 3723 3126 .

2123 3150 2302 3204 Verba
2345 3145 2526 3205 aniem
2563 3160 2686 3205 sunt
2709 3145 2860 3220 juitta
2897 3150 3406 3220 interpretationem
3439 3145 3726 3220 Salliero-

2119 3222 2289 3293 nymi.
2320 3222 2504 3290 Quare
2534 3217 2782 3290 tempore
2820 3222 3018 3277 Leonis
3051 3234 3205 3293 papa:
3239 3218 3470 3293 forsitan
3498 3217 3725 3293 inverso

2116 3288 2309 3348 ordine
2346 3288 2410 3348 in
2451 3288 2929 3349 codice'Romano
2974 3291 3329 3362 legebantur;
3365 3289 3509 3362 unde
3552 3288 3724 3362 priori

2115 3366 2239 3419 loco
2279 3366 2539 3426 secunda.
2591 3365 2882 3434 posteriori
2929 3356 3061 3418 vero
3107 3364 3257 3430 prior
3305 3360 3576 3434 appellata
3621 3356 3725 3434 luit

2118 3435 2317 3491 ibidem
2364 3453 2390 3488 a
2423 3435 2474 3490 S.
2514 3428 2696 3491 Leone
2727 3451 2944 3505 magno.
2981 3428 3182 3487 Verum
3227 3433 3280 3486 in
3311 3428 3544 3487 citatidis
3571 3428 3722 3484 testi-

2115 3508 2316 3562 mouiis
2347 3507 2490 3561 haud
2525 3523 2742 3576 semper
2772 3509 2908 3560 ordo
2933 3515 3213 3561 servatur.

2335 3598 2514 3652 Tertia
2547 3597 2822 3653 Paschalis
2844 3607 2987 3652 notat
3009 3596 3218 3650 Pascha
3247 3612 3336 3650 an.
3368 3595 3493 3649 404.

2190 3692 2304 3746 Hoc
2355 3691 2600 3745 advertit
2643 3690 2808 3746 etiam
2865 3689 3132 3744 Baronius
3178 3705 3243 3742 ex
3290 3703 3378 3742 an.
3434 3688 3561 3746 404.
3613 3700 3722 3756 quo

2119 3778 2309 3818 mense
2354 3761 2615 3817 Januario
2661 3763 2878 3816 obierat
2914 3763 2970 3815 S.
3024 3760 3193 3815 Paula
3218 3801 3232 3819 .
3265 3769 3399 3814 tom.
3432 3759 3498 3823 V,
3529 3757 3595 3810 ad
3630 3773 3722 3810 an.

2117 3833 2245 3895 404,
2286 3850 2405 3902 pag.
2439 3833 2566 3898 222,
2599 3833 2694 3888 sed
2727 3849 2793 3886 ex
2837 3832 3160 3887 charactere
3195 3830 3448 3884 Paschali
3472 3830 3726 3902 fidipsum

2117 3899 2321 3958 certius
2359 3899 2665 3974 apparebit.
2728 3904 2860 3958 Nam
2911 3905 2962 3956 iu
3022 3906 3128 3956 line
3175 3902 3422 3974 epistolae
3469 3899 3728 3974 indicitur

2118 3975 2325 4028 Pascha
2372 3970 2614 4028 futurum
2662 3976 2922 4041 vigesima
2963 3989 3026 4027 ac
3071 3970 3310 4026 secunda
3342 3973 3432 4025 die
3477 3970 3729 4041 ejusdem

2118 4050 2345 4109 mensis.
2375 4046 2590 4100 scilicet
2622 4045 2942 4100 Pharmuthi
2971 4087 2985 4109 ,
3016 4045 3120 4097 hoc
3153 4055 3232 4097 est
3269 4043 3410 4112 apud
3444 4042 3727 4112 Romanos

2116 4115 2205 4169 die
2233 4133 2342 4170 xm
2375 4116 2607 4182 Aprilis,
2639 4133 2744 4184 qua
2789 4117 2877 4170 die
2913 4132 3058 4169 anno
3103 4111 3342 4168 bisextili
3377 4113 3483 4168 404
3519 4111 3729 4184 Pascha

2117 4180 2455 4258 celebratum
2491 4180 2772 4258 fuitcyclo
2799 4187 2946 4242 So!is
2981 4202 3104 4258 axx,
3140 4186 3308 4238 Luna:
3337 4200 3413 4243 vt.
3450 4184 3536 4237 lit.
3565 4180 3724 4258 C.AB.

2117 4257 2176 4311 S.
2211 4257 2495 4312 Proterius
2533 4259 2586 4311 in
2621 4254 2847 4326 epistola
2880 4257 2949 4310 ad
2994 4257 3232 4310 Leonem
3275 4269 3575 4326 magnum,
3603 4254 3679 4305 ait
3709 4270 3727 4306 :

2126 4327 2390 4398 Vigesimo
2411 4331 2639 4382 secundo
2659 4323 2752 4398 die
2773 4327 3050 4381 Dominico
3072 4323 3388 4398 Pliarmullti
3417 4325 3604 4398 mensis
3630 4339 3730 4398 no:

2116 4393 2328 4464 verum,
2361 4401 2451 4468 qui
2501 4409 2585 4453 est
2621 4415 2688 4452 xv
2728 4397 2840 4452 kal.
2885 4398 3074 4463 Maias,
3114 4413 3233 4468 seu
3263 4396 3327 4450 t7
3360 4396 3600 4468 Aprili,
3634 4393 3731 4468 ubi

2115 4480 2297 4524 tamen
2349 4465 2420 4524 de
2462 4469 2733 4524 Paschate
2781 4470 3011 4522 alterius
3048 4466 3176 4521 anni
3226 4467 3486 4530 loquitur.
3522 4465 3604 4518 Ex
3645 4465 3732 4517 his

2116 4541 2428 4610 cvlligimus
2477 4543 2866 4610 Hieronymum
2917 4556 3023 4610 non
3080 4540 3251 4592 fuisse
3303 4536 3728 4610 interpretatum

2121 4607 2441 4666 Pasclialetti
2475 4628 2575 4683 pro
2608 4607 2752 4666 anno
2784 4609 3023 4683 403,}ili
3055 4609 3275 4683 dicebat
3307 4607 3606 4683 Duronius,
3637 4607 3734 4683 qui

2117 4684 2296 4737 eidem
2346 4678 2492 4736 anno
2540 4681 2876 4736 attribnebat
2927 4680 3272 4742 Paschalem,
3318 4695 3437 4747 qute
3491 4678 3729 4747 incipit:

2122 4751 2378 4808 Christum
2411 4753 2594 4808 Jesum
2624 4751 2904 4807 Dominum
2929 4753 3131 4822 glorite,
3166 4758 3298 4812 etc.,
3331 4764 3456 4818 qua:
3486 4749 3732 4822 secunda

2120 4825 2172 4879 in
2198 4825 2320 4879 cod.
2358 4824 2672 4896 Hieronymi
2708 4819 3056 4896 recensc'tur;
3089 4822 3210 4896 lucc
3248 4821 3430 4896 enim,
3461 4822 3539 4875 uti
3582 4819 3733 4896 dice-

2125 4896 2268 4962 bam,
2314 4891 2579 4966 designat
2608 4895 2813 4949 Pascha
2861 4909 2951 4949 au.
3001 4893 3131 4959 401,
3175 4908 3240 4949 ac
3282 4892 3528 4947 omnium
3580 4891 3734 4961 prior

2121 4977 2276 5022 recto
2301 4967 2497 5022 ordine
2526 4968 2755 5022 locanda
2781 4976 2886 5020 est.

2199 5039 2275 5091 Ex
2305 5038 2390 5091 his
2420 5038 2593 5092 fusius
2623 5037 2929 5104 explanatis
2960 5035 3273 5106 colligimus
3295 5047 3505 5106 annum
3537 5029 3736 5106 synodi

2124 5108 2514 5163 Alexandrina:
2564 5101 2752 5163 contra
2786 5101 3130 5179 Origenistas
3170 5103 3463 5179 t-elelirata)
3495 5117 3524 5155 a
3555 5101 3738 5179 'lheo-

2125 5179 2309 5249 philo;
2345 5193 2522 5254 neque
2549 5181 2697 5254 enim
2735 5171 2916 5233 habita
2949 5180 3169 5254 l'nit‘att.
3205 5174 3334 5254 599,
3378 5182 3437 5226 ut
3471 5187 3593 5254 cum
3615 5171 3738 5254 .ξέ-

2124 5241 2492 5305 ἱ’(›ηἱυὀιριέι’ἰ
2521 5252 2932 5314 existimarunt,
2965 5249 3060 5303 sed
3093 5261 3239 5300 anno
3272 5241 3736 5313 insequentium,

2123 5336 2244 5376 cum
2299 5321 2640 5392 Theophilus
2696 5323 2750 5377 in
2801 5321 3052 5392 Paschali
3109 5329 3461 5392 tantuman.
3519 5314 3620 5369 401
3673 5317 3737 5392 in

2125 5395 2372 5465 proxima
2401 5387 2614 5465 synodo
2644 5388 3310 5465 damnatosOrigenistas
3337 5387 3736 5465 insecutussit.

2127 5455 2343 5519 Etenim
2411 5455 2783 5534 Hieronymus
2825 5455 3097 5534 epistola
3158 5459 3228 5513 78
3257 5499 3301 5534 ,_
3333 5458 3558 5534 mittens
3604 5455 3739 5534 Pas-

2129 5535 2342 5590 chalem
2370 5551 2462 5589 an.
2495 5529 2639 5600 402,
2655 5536 2732 5586 ait
2759 5551 2772 5586 :
2808 5533 2868 5588 Si
2894 5529 3018 5597 quid
3050 5542 3222 5585 autem
3249 5530 3332 5583 hic
3357 5529 3527 5582 minus
3553 5531 3743 5583 adver-

2129 5623 2215 5660 sus
2248 5605 2568 5676 Origenistas
2609 5606 2803 5658 dictum
2835 5614 2944 5665 est,
2981 5605 3034 5657 in
3079 5601 3326 5671 praeteriti
3365 5601 3490 5654 anni
3522 5600 3742 5676 cpistola

2130 5671 2439 5732 contiuelur.
2468 5676 2537 5730 Et
2563 5678 2782 5743 quidem
2821 5681 2864 5730 si
2890 5677 3140 5745 Origeuis
3174 5689 3392 5728 errores
3421 5686 3511 5725 an.
3546 5671 3652 5745 ’599
3684 5671 3740 5726 in

2133 5750 2346 5820 synodo
2377 5819 2384 5820 ί
2410 5750 2762 5820 ργαιύθῃηιθξὶ
2804 5743 3106 5820 finissent“,
3175 5747 3490 5820 neutiquam
3526 5743 3742 5820 cidem.

2137 5813 2478 5889 'l'heOphilus
2506 5820 2558 5874 iu
2592 5818 2838 5874 Paschali
2863 5834 2957 5873 an.
2993 5814 3101 5874 400
3125 5817 3486 5888 pepercisset.
3513 5813 3742 5868 Accedit
