1892 3050
602 315 718 389 ΡΒ
732 310 1137 387 [ΕΙΡΑΤΙΟ.

97 628 195 656 Tertius
212 627 331 661 Operum
350 625 476 662 Origeuis
495 628 584 652 tomus
601 621 791 658 complectitur
809 617 933 649 residuas
950 619 1009 655 eius
1023 619 1049 647 in
1066 617 1213 647 Proverbia
1230 612 1397 649 Salomonis.
1415 617 1443 644 iu
1458 614 1604 662 canticum
1622 624 1690 644 can-

69 675 179 705 ticomm.
198 674 224 700 in
237 660 349 705 lsaiam,
368 660 568 703 in‘Jeremiam,
586 671 612 697 in
631 670 767 702 Tlirenos,
785 669 810 695 in
827 668 1009 698 Ezechielem,
1028 667 1054 693 iu
1074 664 1155 699 Osee,
1172 665 1199 692 in
1220 664 1376 692 Matthaeum
1392 663 1459 692 etin
1474 660 1576 691 Lucam
1590 663 1692 699 ἐξηγή-

69 717 127 751 σειξ.
142 718 258 753 Speciale
271 717 405 744 Mcnitum
425 706 480 743 fere
496 715 609 750 singulis
627 714 766 749 praefixum
785 717 836 743 est,
853 712 925 739 unde
951 712 979 738 tit
1004 715 1033 738 ut
1046 711 1078 737 de
1096 710 1149 737 illis
1174 710 1272 737 iterum
1289 710 1378 744 aliqua
1402 708 1509 744 praefari
1527 718 1692 744 supervaca-

70 773 139 792 neum
154 764 285 797 rideatur,
302 763 356 791 nisi
377 761 445 789 forte
462 761 564 797 aliquid
581 761 693 796 insuper
710 758 855 786 dicendum
878 757 915 784 sit
936 757 969 784 de
992 754 1200 783 commentariis
1221 755 1248 782 in
1266 754 1421 782 Matthmum
1436 760 1462 782 et
1477 755 1510 783 de
1528 755 1647 783 homiliis
1666 756 1692 783 in

70 813 168 840 Lucam.
1282 809 1284 811 -

99 859 169 885 Circa
190 865 290 885 annum
308 851 410 884 Christi
433 855 496 888 255,
523 855 672 890 imperante
687 848 822 888 Philippo,
838 848 873 879 ‘23
890 851 917 879 in
934 847 1090 878 Mattlurum
1105 854 1193 877 tomos
1204 848 1358 877 elaboratas
1375 849 1409 876 ab
1422 848 1539 884 Origene
1555 849 1640 878 fuisse
1655 856 1695 877 tea

71 909 144 932 statur
161 902 292 930 Eusebius
310 901 411 928 llislor.
435 899 499 927 εισι.
517 896 564 926 lib.
582 907 620 931 vr,
634 906 693 933 cap.
715 893 759 924 ‘56.
778 891 902 923 Totidem
919 896 1016 931 legisse
1033 903 1062 922 se
1081 895 1179 922 fatetur
1207 893 1390 930 Hieronymus
1417 895 1443 922 in
1464 895 1599 930 prommio
1617 896 1690 923 Com.

72 955 167 977 mnuar.
185 950 211 976 in
227 948 396 976 illaulla-um.
415 947 594 983 Quapropter,
609 944 698 981 inquit
715 944 829 972 lluetius
842 940 995 979 Origcniau.
1017 943 1063 970 lib.
1079 948 1119 975 ιιι,
1132 946 1198 970 sect.
1213 943 1241 974 2,
1258 946 1335 970 num.
1348 937 1374 974 '7,
1391 942 1518 970 mendosa
1533 951 1594 971 esse
1610 943 1695 978 liquet

73 997 119 1023 bmc
136 996 212 1023 verba
229 1003 244 1021 e
256 995 372 1030 prologo
387 994 557 1030 Hieronymi,
573 987 619 1028 qui
634 992 761 1028 prmﬁxtis
774 996 815 1018 est
832 984 935 1018 Latina)
951 990 1166 1025 interpretationi
1181 990 1356 1017 homiliarum
1376 986 1501 1024 Origenis
1522 991 1548 1017 in
1566 990 1666 1018 Lucam
1687 1001 1694 1018 :

73 1043 192 1077 Siquidem
206 1042 273 1069 illud
290 1041 361 1076 quod
385 1041 448 1068 olim
468 1040 558 1068 Roma:
569 1044 663 1067 sancta
681 1038 799 1067 Blwsilla
816 1031 993 1072 ﬂagitaverat,
1009 1042 1036 1064 ut
1059 1037 1093 1064 56
1112 1042 1195 1064 tomos
1210 1036 1283 1063 illius
1302 1036 1328 1063 in
1351 1036 1518 1068 Hall/areum,
1538 1043 1561 1064 et
1582 1037 1696 1072 quinque

74 1090 128 1115 alios
147 1089 170 1114 iu
189 1087 301 1118 Lucam,
324 1092 348 1114 et
360 1087 393 1114 39
412 1086 438 1112 in
453 1085 584 1112 Joannem
602 1089 699 1111 nosth
713 1079 810 1118 [iugum
822 1080 962 1110 traderem.
977 1078 1132 1117 Legendum
1150 1083 1222 1109 enim
1237 1082 1370 1110 2510mm:
1385 1082 1458 1109 illius
1478 1083 1506 1110 iu‘
1527 1083 1695 1117 ΜαιιΙιωιιηι,

72 1135 214 1168 Cnrruptam
230 1133 377 1160 lectionem
397 1131 527 1159 Erasmus
540 1131 566 1158 in
583 1129 692 1157 Censur.
706 1128 752 1155 lib.
769 1124 875 1162 Origcu.
886 1147 893 1159 ,
909 1127 1002 1155 Sixtus
1019 1127 1147 1155 Senensis
1163 1127 1287 1154 Biblioth.
1300 1127 1348 1154 lib.
1367 1135 1403 1158 ιν.
1414 1133 1439 1155 et
1454 1127 1544 1156 Josias
1564 1126 1698 1156 Simleius

74 1189 98 1208 ac
111 1180 245 1207 Couradus
266 1179 375 1207 Frisius
393 1179 419 1206 in
437 1178 554 1213 Epitom.
568 1177 655 1210 Bibl.,
673 1176 786 1203 Gesner.
805 1175 890 1203 secuti
907 1180 979 1202 sunt.
997 1175 1125 1202 Mendesa
1146 1182 1255 1210 quoque
1272 1175 1316 1202 illa
1334 1175 1361 1202 in
1379 1174 1468 1202 Ruﬁni
1487 1174 1620 1203 Ini-ccliru
1635 1183 1653 1204 ll
1669 1176 1696 1204 in

77 1227 254 1262 lliermiymum,
268 1227 300 1254 in
317 1220 417 1261 quibus
431 1225 465 1252 26
482 1224 606 1259 Origenis
619 1223 644 1250 in
661 1218 816 1250 Matthmum
833 1219 918 1248 libros
931 1221 965 1248 ab
978 1220 1141 1256 Hieronymo
1154 1226 1383 1250 commemoratos
1401 1220 1483 1248 fuisse
1503 1221 1601 1256 refert;
1616 1228 1696 1258 quem

75 1273 141 1299 etiam
159 1280 282 1300 errorem
301 1276 411 1299 secutus
427 1274 468 1298 est
484 1264 643 1297 Vincentius
657 1263 822 1296 B'elloracent

949 1266 985 1294 ut.
1001 1264 1144 1298 (ιοι-υὶηηί.
1160 1267 1207 1294 lib.
1227 1269 1304 1300 hut,
1319 1275 1378 1302 cap.
1398 1265 1441 1295 45.
1462 1262 1494 1295 Ut
1512 1271 1540 1295 ιιι
1555 1273 1607 1300 est,
1624 1270 1696 1304 prim

74 1326 122 1345 rem
137 1323 264 1346 tomorum
287 1318 394 1344 illorum
409 1320 513 1351 partem
523 1312 684 1351 jamdudum
700 1319 807 1349 tempus
821 1313 983 1348 absumpsit,
1002 1317 1083 1348 atque
1099 1313 1120 1340 si
1135 1316 1253 1348 quatuor
1269 1313 1366 1347 exigua
1382 1313 1528 1341 admodum
1546 1314 1697 1349 fragmenta

74 1364 204 1398 cxceperis,
220 1364 294 1391 nihil
311 1370 325 1389 e
341 1362 479 1397 prioribus
498 1368 593 1388 novem
610 1360 690 1388 tomis
711 1356 792 1386 hodie
809 1362 942 1394 superest.
968 1354 1152 1384 Posteribrcm
1168 1361 1271 1392 partem
1290 1363 1305 1384 τι
1317 1357 1411 1385 Matth.
1425 1365 1486 1391 ςιιι,
1502 1358 1547 1390 59.
1562 1367 1649 1394 usque
1663 1360 1697 1386 ad

76 1410 142 1437 linem
156 1411 248 1445 partim
261 1410 358 1437 Graaee
373 1414 400 1436 et
413 1408 517 1442 Latine,
533 1408 629 1444 partim
642 1407 737 1435 Latine
751 1412 856 1435 tantum
873 1406 1015 1433 habemus.
1029 1404 1122 1432 Grzcca
1135 1413 1149 1432 a
1163 1403 1254 1432 .‘liattli.
1269 1410 1331 1439 xm,
1347 1405 1391 1437 36,
1404 1406 1437 1434 ad
1452 1413 1518 1437 xm.
1534 1406 1580 1437 33,
1593 1407 1699 1442 primus

76 1457 97 1482 iu
112 1456 190 1483 lucem
208 1455 297 1482 edidit
312 1454 514 1482 illustrissimus
528 1452 625 1480 Petrus
642 1446 736 1479 Daniel
754 1446 879 1484 liuetius,
896 1457 928 1477 ac
945 1457 1014 1477 nova
1030 1458 1078 1477 sua
1093 1450 1315 1485 interpretatione
1332 1447 1429 1478 Latina
1451 1450 1572 1485 donarit,
1596 1453 1698 1481 omissa

77 1503 158 1534 reteri,
172 1510 252 1537 quam
270 1509 323 1529 nos
345 1502 452 1529 duabus
470 1500 504 1528 de
518 1496 610 1528 causis
633 1493 801 1527 retinendam
817 1519 824 1532 ,
845 1496 873 1525 et
889 1497 983 1525 saltem
1002 1498 1028 1524 in
1051 1497 1103 1525 ima
1128 1498 1287 1533 paginarum
1308 1505 1356 1526 ora
1373 1499 1618 1534 repfa-senhndam
1636 1508 1699 1528 esse

76 1551 223 1578 Credidimus
238 1560 244 1577 :
261 1551 292 1577 1ο
309 1549 385 1582 Quod
406 1549 457 1577 etsi
480 1548 570 1576 minus
592 1546 714 1583 elegans,
732 1542 787 1574 imo
809 1544 924 1574 barbara
950 1546 1110 1581 plerumque
1127 1546 1268 1580 videatur,
1286 1546 1462 1574 nihilominus
1479 1547 1581 1575 Grzecis
1600 1549 1700 1576 intelli-

76 1598 158 1632 gendis
178 1602 204 1625 et
220 1598 253 1625 ad
281 1598 424 1625 sanitatem
449 1591 623 1625 restituendis
640 1595 790 1630 szrpissime
806 1594 934 1628 inservit;
958 1593 986 1621 2"
1000 1594 1072 1630 quod
1099 1602 1151 1621 non
1177 1593 1213 1621 ibi
1237 1594 1348 1628 desiuit,
1366 1594 1409 1621 ubi
1431 1595 1530 1623 desinit
1556 1600 1700 1625 c'oatextua

77 1645 181 1678 Graecus,
195 1646 242 1675 sed
257 1645 295 1673 ad
311 1645 430 1672 Matth-ari
445 1645 525 1672 tinem
544 1652 630 1680 usque
653 1638 833 1679 progreditur,
851 1648 877 1670 ct
894 1643 934 1669 sic
951 1650 1011 1677 quze
1028 1638 1120 1669 Gl'iBCC
1134 1639 1274 1678 deperdita
1292 1648 1367 1675 sunt,
1389 1635 1487 1670 Latine
1500 1644 1701 1679 qumlammodo

79 1695 189 1722 restituit.

107 1740 140 1767 Ad
151 1741 276 1769 homilias
293 1740 320 1768 in
334 1736 435 1768 Lucam
450 1740 521 1776 quod
539 1740 645 1773 attinet,
662 1746 725 1767 cum
741 1733 918 1774 cpistolarum
930 1737 958 1765 S.
970 1732 1067 1773 ignatii
1079 1737 1206 1773 martyris
1219 1737 1382 1766 Autiocheni
1393 1738 1522 1766 disertam
1536 1741 1700 1770 mentionem

81 1785 148 1814 iaciat
162 1788 272 1815 homilia
298 1793 390 1821 sexta,
414 1792 441 1815 et
466 1787 668 1822 lgnatianarum
686 1786 865 1821 epistularum
884 1785 1047 1813 auctoritate
1064 1782 1185 1821 jugulari
1210 1793 1240 1813 se
1267 1786 1495 1820 persentiscerent
1522 1786 1701 1816 Ιιοῑῡιοιῐοιίο

82 1830 260 1867 Presbyteriani
281 1834 362 1868 vulgo
374 1832 451 1863 dicti,
469 1832 570 1867 quibus
586 1832 776 1867 episcoporum
794 1831 862 1859 ordo
875 1831 1000 1866 displicet
1018 1831 1182 1867 presbyteris
1198 1839 1230 1859 ex
1245 1831 1306 1867 jure
1325 1831 1418 1859 divino
1432 1833 1566 1868 superior,
1584 1833 1703 1861 incredi-

83 1877 127 1904 bile
138 1878 204 1906 dictu
219 1884 261 1907 est
277 1884 345 1915 quot
363 1887 422 1907 sese
435 1879 473 1906 illi
486 1879 573 1906 modis
590 1879 757 1906 versaverint
770 1883 800 1905 ut
814 1878 940 1905 homilias
956 1877 982 1903 in
1000 1876 1100 1905 Lucam
1115 1878 1223 1913 Origeni
1237 1877 1398 1907 adimerent.
1415 1883 1441 1905 et
1457 1879 1570 1913 petimur
1590 1879 1651 1906 inde
1667 1880 1702 1907 ad

83 1925 264 1958 Ignatianarum
279 1927 457 1962 epis-totarum
471 1927 612 1954 veritatem
628 1926 803 1954 astruendam
819 1930 1010 1960 argumentum
1028 1925 1158 1953 radicitus
1175 1919 1331 1953 crelierem.
1351 1925 1404 1953 Alii
1422 1930 1507 1953 totum
1527 1927 1597 1954 istud
1614 1927 1704 1954 homi-

83 1971 166 1999 liarum
180 1981 245 2009 opus
261 1975 395 2001 natalium
418 1974 575 2002 Latinorum
592 1974 700 2001 indiciis
720 1978 824 2001 scatere
848 1969 1033 2004 ciamitarunt,
1049 1971 1129 2007 idque
1153 1972 1268 2007 probare
1284 1974 1355 2001 serio
1379 1973 1492 2000 tentavit
1505 1973 1622 2001 Dallteus
1639 1982 1702 2011 pag.

83 2020 127 2048 439
139 2025 164 2047 et
177 2021 236 2055 Ml),
248 2022 336 2049 variis
350 2021 376 2049 in
393 2021 512 2049 medium
528 2022 642 2056 prolatis
655 2029 716 2056 qua:
735 2029 768 2048 ex
785 2021 845 2047 istis
864 2020 983 2047 homiliis
997 2019 1141 2054 descripsit
1156 2020 1233 2053 locis,
1248 2020 1295 2048 sed
1309 2029 1370 2055 qua:
1384 2021 1473 2048 solutu
1489 2025 1578 2049 tamen
1591 2023 1705 2050 omnino

83 2067 160 2095 facilia
180 2074 239 2096 sunt
262 2069 386 2095 animum
404 2068 553 2096 attendenti
568 2068 665 2102 partim
682 2068 715 2094 ad
730 2072 838 2095 :utatem
856 2066 977 2093 auctoris
989 2064 1124 2101 Origcnis,
1148 2066 1194 2101 qui
1209 2075 1266 2098 eas,
1282 2071 1349 2094 teste
1363 2060 1538 2104 Hieronymo,
1554 2069 1644 2096 adiuro
1657 2068 1701 2104 ju-

83 2113 149 2140 renis
164 2114 326 2148 composuit,
337 2114 436 2149 partim
452 2114 485 2141 ad
503 2114 676 2148 interpretem
692 2110 900 2149 Hieronymum,
916 2113 961 2141 cui
978 2113 1004 2140 in
1024 2113 1159 2140 Verteudis
1174 2110 1275 2141 Griecis
1290 2113 1381 2141 sciunt
1394 2113 1490 2141 eruditi
1508 2115 1628 2142 solemne
1645 2123 1707 2144 esse

85 2160 200 2187 nonnulla
217 2160 352 2189 interdum
369 2161 402 2189 de
417 2169 468 2189 suo
484 2161 614 2188 inserere.
638 2159 718 2190 Certe
742 2162 839 2189 harum
864 2157 1041 2189 h‘omiiiarutu’
1056 2160 1246 2197 primi-genium
1266 2165 1403 2189 auctorem
1422 2170 1476 2189 non
1495 2161 1631 2195 Latinum,
1657 2165 1705 2191 sed

85 2205 195 2233 Graecum
207 2214 264 2234 esse
279 2207 379 2234 invicte
392 2207 487 2242 probat
505 2207 617 2235 Graecus
631 2212 788 2239 contextus,
813 2207 892 2243 cujus
916 2207 1063 2235 maximam
1079 2212 1182 2243 partem
1201 2207 1281 2236 hodie
1306 2214 1533 2243 repneseutamus
1548 2217 1580 2239 ex
1597 2213 1706 2241 schedia

86 2261 143 2280 mss.
155 2253 303 2281 Combeiisii
321 2259 349 2282 et
368 2254 473 2287 Grabii,
489 2255 536 2289 qui
552 2255 586 2282 ad
598 2262 662 2283 suos
677 2263 744 2283 usus
760 2250 837 2282 ilium
855 2263 870 2282 e
887 2255 971 2283 rariis
996 2263 1062 2283 mss.
1080 2254 1237 2290 Anglicanis
1251 2260 1279 2283 et
1296 2252 1443 2283 Gallicanis
1460 2257 1600 2285 codicibus
1623 2267 1705 2288 crue-

87 2305 150 2327 runt.
164 2297 221 2328 Huc
236 2301 302 2329 adde
317 2301 390 2337 quod
408 2307 519 2330 sanctus
536 2301 718 2338 Hieronymus
734 2303 760 2330 in
777 2298 906 2337 Catalogo
924 2303 994 2330 inter
1010 2305 1092 2337 opera
1117 2310 1132 2329 a
1148 2309 1178 2330 se
1192 2302 1275 2335 edita,
1293 2302 1320 2330 in
1334 2297 1435 2330 Luea‘m
1452 2303 1577 2332 homilias
1596 2305 1705 2341 triginta

87 2355 171 2376 norem
182 2349 287 2382 recitat,
302 2355 327 2378 et
342 2350 369 2377 in
383 2350 494 2385 prologo
507 2350 540 2378 ad
556 2349 667 2378 Paulam
685 2355 713 2378 et
728 2350 906 2378 Eustochium
921 2350 1041 2378 declarat
1058 2357 1088 2377 se
1101 2357 1148 2377 ea-s
1161 2358 1192 2376 ex
1210 2345 1327 2385 Origene
1342 2349 1526 2378 transtulisse.
1545 2348 1622 2379 Hune
1644 2351 1706 2379 Ilie-

88 2397 180 2430 ronymi
194 2396 330 2432 prologum
346 2402 431 2425 totum
449 2398 475 2424 in
498 2405 574 2425 suam
592 2397 752 2425 Invectivam
774 2398 946 2432 transeripsit
963 2397 1090 2429 llulinus,
1105 2402 1133 2424 ct
1149 2396 1214 2432 quid
1232 2397 1258 2424 in
1275 2397 1326 2424 hoc
1341 2403 1424 2433 opere
1440 2398 1520 2426 inﬁde
1536 2400 1707 2427 transtulerit

91 2440 266 2477 Hieronymus,
278 2443 390 2471 osteidit
403 2448 451 2470 aut
466 2443 572 2475 innuit;
589 2443 623 2470 de
642 2447 740 2470 caetero
756 2442 823 2477 quin
839 2442 1018 2478 primigenius
1030 2443 1143 2470 istarum
1159 2442 1335 2480 homiliarunt
1350 2448 1444 2471 auctor
1460 2444 1495 2471 sit
1508 2444 1648 2480 Origenes,
1672 2454 1707 2474 ne

91 2489 163 2515 ullqu
175 2489 282 2524 quidem
297 2489 405 2517 dubium
424 2496 524 2517 movet.
539 2489 610 2524 Ergo
627 2490 739 2525 perinde
753 2497 784 2517 ac
798 2489 990 2525 Hieronymus.
1005 2498 1052 2517 eas
1066 2489 1175 2525 Origeni
1192 2479 1330 2518 as'criberc
1352 2491 1505 2520 Censendus
1519 2479 1567 2519 est,
1577 2491 1704 2523 Ruﬁnus.

90 2535 217 2564 Reclamat
236 2541 323 2564 tautel
343 2537 429 2566 Dailaai
446 2538 652 2573 ὑπερασπιστὴς
669 2537 811 2565 Matthaaus
831 2537 1026 2572 Larroquanus
1049 2538 1075 2565 in
1103 2538 1161 2565 suis
1182 2538 1215 2565 ad
1234 2532 1393 2575 [quatientis
1407 2538 1548 2567 Pcarsonii
1570 2540 1707 2570 Vindicius

89 2583 323 2615 observationibus.
341 2588 368 2611 et
384 2591 411 2611 ut
429 2585 556 2613 homilias
572 2585 599 2614 in
624 2585 725 2613 Lucam
750 2593 863 2620 quoquo
878 2586 960 2613 modo
975 2584 1085 2621 Origeui
1099 2586 1207 2621 eripiat,
1224 2594 1343 2622 sequens
1371 2587 1488 2615 instituit
1507 2589 1679 2618 ratiocinium
1696 2598 1706 2619 :

94 2638 102 2656 ι
119 2629 201 2664 Initio,
215 2631 311 2666 inquit,
329 2631 570 2667 inperitAntonini
586 2633 735 2660 Garacallu:
752 2633 798 2667 qui
818 2641 931 2668 regnare
947 2633 1030 2668 coepit
1056 2642 1128 2661 anno
1150 2627 1257 2661 Domini
1273 2628 1338 2666 212,
1355 2640 1415 2670 post
1427 2633 1521 2669 lgnatii
1545 2637 1706 2673 martyrium

94 2677 146 2709 105,
162 2677 288 2713 Origenes
309 2686 408 2706 anntm
424 2681 509 2708 aetatis
526 2681 635 2709 circiter
660 2689 721 2708 xxvi
748 2681 889 2715 attigerat;
906 2680 1097 2708 Alexandriam
1122 2688 1177 2709 non
1200 2680 1308 2716 penitus
1325 2680 1469 2716 dereliquit
1486 2686 1549 2709 ante
1569 2683 1707 2711 decimum

94 2723 226 2753 Alexandri
243 2725 334 2753 Severi
350 2733 459 2759 amum,
471 2729 522 2756 hoe
535 2733 587 2760 est.
603 2733 665 2756 ante
681 2736 783 2756 annum
799 2728 900 2756 Christi
915 2728 979 2760 254,
993 2728 1081 2756 atratis
1099 2736 1156 2756 suae
1170 2732 1230 2756 xtvr
1245 2728 1286 2756 vel
1304 2736 1386 2755 ιιιιίι.
1402 2727 1498 2761 Nullas
1511 2733 1600 2762 autem
1617 2729 1706 2757 horni-

95 2769 138 2798 lial
152 2771 238 2799 adhuc
253 2772 396 2806 scripsisse
408 2779 511 2803 constat
524 2783 556 2803 ex
575 2775 644 2803 libro
657 2781 734 2803 sexto
751 2775 872 2807 Eusebii,
889 2783 949 2810 cap.
970 2775 1015 2803 24.
1035 2776 1071 2802 lbi
1096 2775 1170 2803 enim
1186 2780 1329 2803 enm-ierat
1345 2783 1425 2809 opera
1442 2775 1535 2804 omnia
1557 2784 1617 2811 qua:
1641 2776 1705 2803 Ale-

96 2819 204 2848 xandria:
219 2819 413 2851 eluborarcrat,
425 2821 499 2848 nulla
514 2823 623 2856 penitus
638 2823 753 2851 istarum
776 2823 950 2851 luuniliarum
975 2824 1114 2851 mentione
1138 2823 1228 2859 facta;
1245 2828 1270 2850 et
1287 2830 1346 2857 cap.
1363 2822 1397 2849 52
1411 2822 1533 2856 ejusdem
1556 2823 1618 2850 libri
1634 2822 1706 2851 idem

245 2869 377 2898 Parnm.
396 2868 448 2896 (in.
470 2870 550 2901 XIII,

1509 2873 1520 2900 l

795 2945 1046 3013 481596
