1892 3050
202 104 232 133 ll
795 105 946 134 PR/EFAT

1092 105 1146 138 ΟΜ.
1169 105 1213 134 111.
1807 114 1839 140 η

199 165 335 193 Eusebius
359 170 493 194 memorat
505 165 632 201 θήκαις
650 166 854 194 lucubrationes
874 167 1006 194 Cmsarete
1022 166 1050 193 in
1063 166 1209 195 Palaestina
1223 166 1351 202 scriptas,
1365 172 1394 196 et
1411 176 1482 204 quas
1499 168 1614 198 Athenis
1629 177 1839 207 composuerat,

200 212 375 240 limniliarum
390 217 481 240 autem
498 220 551 240 non
564 213 698 240 meminit.
716 212 778 240 llaec
791 212 882 240 omnia
904 212 927 240 si
945 211 1070 241 conferas
1083 220 1146 241 cum
1163 213 1299 248 capitibus
1313 214 1340 248 3,
1356 215 1401 248 15,
1419 215 1463 248 l6,
1484 215 1530 248 25,
1548 216 1575 244 in
1592 224 1623 243 ea
1639 218 1725 252 magis
1740 219 1839 246 contir-

200 260 319 288 maberis
332 260 471 295 opinione,
488 265 551 288 ante
567 265 674 288 aetatem
689 261 792 288 virilem
808 260 936 288 homilias
950 268 1005 288 non
1021 260 1167 296 scripsisse
1184 260 1328 297 Origenem
1344 270 1352 289 :
1369 267 1396 290 et
1408 261 1430 290 si
1449 262 1533 290 bteret
1549 263 1596 290 tibi
1620 264 1720 299 aliquis
1739 265 1790 292 hac
1805 266 1840 293 de

201 313 230 333 re
241 306 398 341 scrupulus,
414 307 506 335 animo
519 307 599 335 facile
611 307 755 339 eximatur,
774 311 919 342 postquam
936 306 1057 335 audieris
1072 308 1251 343 sexagenario
1263 307 1395 343 majorem
1413 308 1499 337 fuisse
1512 308 1668 344 Origenem,
1691 318 1753 337 cum
1773 318 1839 339 suas

199 353 328 382 homilias
343 355 424 382 scribi
447 363 546 390 passus
566 360 608 383 est
626 364 633 382 :
652 355 722 390 quod
736 363 751 382 a
766 355 835 383 viris
846 355 935 383 doctis
948 355 1170 384 animadversum
1183 356 1306 391 quidem,
1325 363 1378 383 non
1404 361 1495 384 autem
1521 362 1649 385 accurate
1672 365 1839 393 perpensum

200 409 249 428 nec
265 406 358 429 exacte
373 402 550 436 ponderatum
576 403 669 430 mirari
683 402 751 430 satis
780 410 896 438 nequeo,
915 410 977 431 eum
1002 407 1093 430 tamen
1115 403 1140 431 id
1167 403 1268 431 diserte
1287 407 1400 431 testatur
1416 403 1562 437 Eusebius,
1585 404 1629 432 cui
1646 405 1693 432 uni
1711 405 1738 431 in
1754 404 1840 432 rebus

198 448 323 482 Origenis
336 449 398 484 plus
421 450 584 477 credendum
602 450 739 483 existimo,
755 458 836 487 quam
855 451 978 486 pluribus
1002 450 1174 488 Hieronymis
1190 451 1230 479 vel
1244 451 1359 479 llnlinis.
1380 451 1446 480 Rem
1465 452 1502 479 ita
1518 457 1612 480 narrat
1628 452 1763 480 Eusebius
1785 452 1835 484 lib.

197 500 236 525 vt,
258 502 317 529 cap.
335 495 368 521 56
388 505 394 522 :
411 495 476 522 Cum
489 496 553 530 ﬁdes
565 501 672 529 nostra,
697 502 725 524 ut
741 505 792 532 pur
816 502 884 530 erat,
901 503 1041 533 augeretur
1063 499 1090 525 in
1107 499 1173 530 dies,
1195 503 1221 525 et
1241 499 1363 525 doctrina
1379 498 1591 526 Christianorum
1614 507 1718 526 summa
1740 499 1840 534 ubique

201 539 319 567 libertate
336 540 476 575 [i'ueretun
498 542 623 578 Origenes
636 543 694 578 jam
710 544 882 579 sexagenario
907 544 1003 579 major,
1021 549 1110 579 utpote
1132 545 1176 579 qui
1190 552 1222 571 ατ
1238 545 1365 571 diuturna
1375 545 1562 572 exercitatione
1576 545 1719 572 maximum
1730 543 1839 571 dicendi

199 594 274 613 usum
300 587 351 614 sibi
367 596 555 623 corripui-asset,
569 590 707 622 conciones
719 599 782 626 quas
794 591 904 618 habebat
927 595 961 618 ad
976 591 1102 626 populum
1117 600 1133 618 tt
1155 592 1269 619 notariis
1292 593 1378 628 excipi
1392 593 1521 628 permisit,
1534 601 1593 620 cum
1617 593 1645 620 id
1671 596 1748 619 antea
1775 592 1838 627 ﬁeri

199 641 331 669 Nunquam
348 636 525 663 εοιιτεειςίδιει.
541 636 578 664 Ex
598 636 640 664 his
655 638 832 673 consequitur
849 638 1014 674 Hieronymo
1037 639 1202 674 imposuisse
1219 639 1394 668 homiliarum
1409 641 1435 668 in
1454 640 1557 668 Lucam
1572 641 1692 668 codicem
1709 639 1838 676 Origcnis

203 683 313 709 nomine
335 688 537 718 praenotatum;
560 689 586 712 et
606 690 680 713 certe
708 686 854 713 verisimile
879 691 921 714 est
944 685 1014 714 falso
1031 687 1134 715 codicis
1152 687 1230 715 titulo
1252 688 1377 716 delusum
1398 688 1483 716 fuisse
1508 687 1722 724 Hieronymum;
1741 692 1836 714 tamen

197 730 327 763 quoniam
344 730 370 758 in
397 731 451 759 illis
467 732 589 760 homiliis
604 732 720 761 eximias
737 733 798 761 illas
823 733 924 769 ingenii
947 733 1105 770 Origeniani
1123 734 1202 763 dotes
1224 743 1278 763 non
1303 735 1537 764 animadvertebat
1557 743 1618 771 qua:
1640 735 1667 762 in
1695 734 1836 769 germanis

192 777 322 812 tirigenis
339 778 449 814 scriptis
472 780 574 808 micare
595 780 693 814 solent,
712 781 746 808 ab
761 788 793 809 eo
807 781 955 809 admodum
969 782 1067 816 juvene
1086 783 1202 818 scriptas
1225 782 1295 812 falso
1314 785 1420 819 putavit
1437 793 1444 812 :
1462 791 1525 811 nam
1546 782 1726 819 sexagenario
1740 781 1836 816 major

195 830 252 852 erat
269 825 401 861 Origenes
415 835 477 855 cum
493 828 620 857 homilias
635 837 700 857 suas
714 837 783 865 quas
799 830 914 857 habebat
937 831 970 858 ad
991 831 1120 866 populum
1133 838 1150 858 a
1164 831 1279 860 notariis
1292 832 1379 867 excipi
1393 832 1526 867 permisit.
1543 830 1685 858 Errantem
1701 829 1836 864 llierony-

196 879 272 898 mum
287 876 397 899 secutus
422 879 465 900 est
488 872 614 907 Rut‘mus,
629 881 663 902 eo
683 875 770 910 magis
787 875 858 910 quod
882 875 958 903 illum
977 876 1142 911 suggillandi
1159 877 1332 905 occasionem
1356 882 1461 906 tantum
1479 876 1636 913 quaerebat;
1659 883 1722 904 cum
1740 879 1834 903 autem

188 925 257 944 eam
272 916 300 943 in
314 917 490 946 bomiliarum
505 918 619 946 istarum
636 919 733 948 Latina
747 920 924 948 translatione
937 925 1035 949 nactus
1049 928 1133 955 esset,
1153 923 1204 950 soli
1216 923 1320 951 codicis
1333 923 1413 951 titulo
1431 923 1556 956 adhaesit,
1571 930 1622 951 nec
1632 922 1750 957 amplius
1763 923 1835 950 scire

192 961 334 989 «laboravit
345 967 411 987 num
426 970 488 990 vere
502 963 628 999 Origcnis
645 970 747 998 essent,
764 965 836 1000 quod
850 973 881 992 ex
901 965 1008 993 illarum
1023 967 1228 1002 comparatione
1243 975 1305 995 cum
1323 969 1448 1004 genuinis
1472 969 1546 997 illius
1561 969 1689 1004 operibus
1707 968 1832 1003 dignosci

197 1015 314 1044 poterat.
331 1019 342 1036 ι
363 1009 451 1039 Habes
463 1010 535 1046 quod
550 1009 722 1038 ineluctabile
736 1011 849 1046 putabat
869 1010 1013 1039 Matthaaus
1037 1011 1232 1048 Larroquanus
1249 1020 1454 1049 argumentum.
1479 1015 1526 1043 sed
1551 1014 1624 1050 quod
1650 1014 1832 1042 nihilominus

196 1057 298 1084 inutilius
322 1062 364 1084 est
381 1056 510 1092 ponderis
535 1064 582 1084 seu
610 1055 752 1089 momenti,
769 1060 860 1091 utpote
875 1055 945 1083 falso
957 1056 1093 1091 principio
1110 1057 1270 1090 subnixum,
1293 1066 1390 1094 nempe
1409 1058 1557 1086 Eusebium
1573 1059 1708 1086 allirmare
1724 1059 1829 1086 nullam

185 1104 338 1140 ~0rigenem
364 1104 483 1133 edidisse
505 1104 645 1132 homiliam
670 1108 733 1132 ante
751 1103 841 1132 astatis
862 1111 919 1131 sua:
942 1111 1046 1131 annum
1070 1112 1114 1131 ιι.
1140 1105 1223 1140 Atqui
1237 1104 1262 1132 id
1279 1113 1333 1133 non
1348 1106 1414 1134 dicit
1428 1105 1574 1134 Eusebius.
1598 1105 1626 1133 ld
1647 1113 1732 1133 unum
1748 1105 1830 1138 dicit,

186 1150 337 1186 εοιὶεεηειη
361 1155 424 1178 ante
440 1150 528 1179 aetatis
551 1158 607 1178 sum
624 1158 725 1178 annum
742 1150 942 1185 sexagesimum
966 1157 1020 1178 non
1039 1151 1198 1186 permisisse
1214 1155 1244 1179 ut
1257 1152 1406 1180 conciones
1423 1159 1492 1187 quas
1509 1152 1627 1179 habebat
1648 1152 1681 1179 ad
1698 1152 1830 1188 populum

193 1208 208 1224 ει
230 1197 344 1225 notariis
365 1198 564 1232 exciperentur.
583 1197 658 1229 Esto,
676 1204 729 1224 non
750 1196 914 1232 permiserit.
928 1195 1057 1232 Nunquid
1075 1205 1128 1224 non
1143 1201 1292 1232 potuerunt
1302 1198 1398 1226 saltem
1422 1198 1535 1233 aliquot,
1551 1197 1706 1233 cuiusmodi
1721 1202 1786 1225 sunt
1801 1198 1828 1225 in

193 1243 294 1271 Lucam
309 1243 505 1275 oratiunculas,
531 1242 590 1278 ipso
607 1251 661 1270 non
685 1243 874 1278 permittente,
899 1247 947 1270 ant
970 1242 1067 1276 inscio,
1094 1243 1150 1271 imo
1165 1243 1247 1271 etiam
1266 1244 1370 1278 invito,
1387 1252 1403 1272 a
1419 1244 1533 1272 notariis
1548 1243 1677 1272 novitatis
1691 1243 1778 1271 avidis
1801 1249 1830 1272 et

192 1290 261 1317 locri
284 1290 390 1325 cupidis
413 1290 518 1324 excipi?
537 1288 607 1322 Quid
623 1289 714 1316 obstat
731 1288 880 1324 quominus
896 1287 922 1315 id
939 1287 1004 1315 olim
1019 1292 1149 1324 expertus
1166 1289 1202 1316 sit
1217 1289 1360 1325 Origenes,
1375 1291 1447 1326 quod
1465 1298 1538 1318 nunc
1560 1290 1644 1318 etiam
1664 1290 1716 1318 sibi
1735 1290 1829 1318 invitis

191 1335 316 1363 accidere
341 1335 461 1370 quotidie
485 1339 638 1370 qut-runtur
661 1334 831 1362 celeberrimi
859 1334 1083 1368 concionatores,
1109 1342 1226 1370 quorum
1250 1343 1391 1364 sermones
1415 1337 1514 1364 notarii
1537 1336 1636 1365 occulti
1659 1335 1830 1371 surripiunt?

192 1391 203 1407 1
228 1382 291 1414 Sed,
307 1383 394 1418 inquit
409 1382 615 1417 Larroquanus,
633 1381 767 1410 Eusebius
779 1389 833 1409 non
846 1382 1000 1410 emissurus
1023 1381 1119 1410 fuisset
1133 1381 1259 1419 Origeuis
1273 1391 1323 1419 pro
1337 1382 1486 1419 lgnatianis
1501 1384 1625 1420 epistolis
1640 1383 1828 1412 teutimonium

189 1429 263 1463 quod
276 1433 365 1455 exstat
379 1427 490 1454 humilia
506 1432 581 1455 sexta
597 1427 623 1454 in
637 1426 750 1459 Lucam,
765 1427 788 1455 si
801 1433 850 1462 pro
863 1427 982 1462 genuino
995 1425 1120 1462 Origenis
1135 1427 1190 1456 fetu
1207 1428 1258 1456 hoc
1269 1429 1443 1456 homiliarum
1456 1436 1526 1464 opus
1540 1429 1690 1457 habuisset.
1709 1428 1740 1456 Si
1753 1429 1827 1456 enim

183 1473 297 1501 lacinia:
317 1472 457 1509 Polycarpi
473 1473 596 1509 epistolae
611 1481 664 1501 non
682 1473 784 1502 oblitus
799 1478 852 1507 est,
865 1481 916 1501 nec
935 1472 1030 1508 lgnatii
1044 1474 1185 1502 sententia:
1202 1475 1237 1502 ab
1250 1475 1352 1503 Irenaeo
1375 1481 1541 1509 memoratae,
1556 1482 1617 1508 cur,
1630 1483 1734 1511 quaeso,
1751 1483 1824 1510 pra:-

183 1521 352 1549 1ermisissct
367 1521 458 1548 locum
472 1528 505 1548 ex
518 1520 630 1547 homilia
648 1524 725 1548 sexta
750 1519 777 1547 in
792 1519 894 1548 Lucam
916 1520 1118 1556 depromptum,
1132 1520 1178 1548 ubi
1197 1521 1325 1556 martyris
1347 1521 1444 1557 lgnatii
1466 1522 1580 1557 epistola
1595 1521 1742 1550 laudatur?
1764 1530 1774 1548 ι
1791 1522 1829 1550 At

182 1569 328 1595 iniit-mum
349 1568 438 1595 adlme
462 1568 514 1595 hoc
535 1571 578 1595 est
601 1566 770 1602 Larroquani
790 1571 993 1602 argumentum.
1019 1566 1072 1594 Pro
1089 1567 1209 1602 genuino
1226 1568 1300 1595 enim
1313 1566 1439 1603 Origenis
1453 1575 1535 1603 opere
1553 1567 1670 1596 habebat
1691 1567 1828 1595 Eusebius

180 1616 273 1644 ‘libros
289 1616 359 1650 Περὶ
381 1615 494 1650 ἀρχῶν,
512 1615 557 1642 ubi
573 1616 624 1643 ista
646 1614 749 1642 Christi
763 1614 842 1642 verba
862 1624 869 1642 ε
888 1614 944 1650 Ego
961 1623 1012 1642 non
1028 1623 1086 1642 sum
1103 1614 1263 1642 damonium
1280 1615 1478 1650 incorporeum,
1506 1615 1628 1643 citantur
1647 1612 1681 1642 e'x
1696 1614 1828 1643 Doctrina

189 1665 282 1697 Puri;
302 1669 421 1692 attamen
438 1670 500 1691 cum
517 1664 611 1691 eadem
629 1663 656 1690 in
674 1670 728 1690 una
745 1661 841 1698 lgnatii
853 1663 967 1698 epistola
985 1662 1166 1698 reperiantur.
1182 1662 1275 1690 mirari
1297 1670 1326 1690 se
1340 1662 1406 1691 dicit
1424 1661 1558 1691 Eusebius
1573 1663 1645 1691 unde
1657 1662 1707 1690 ista
1724 1663 1826 1697 depro-

180 1719 264 1739 mere
285 1710 402 1746 potuerit
425 1710 557 1746 lgnatius.
585 1709 704 1737 Eusebio
720 1709 802 1745 igitur
815 1709 842 1737 in
858 1710 1019 1737 memoriam
1034 1717 1088 1738 non
1110 1709 1214 1738 redibat
1225 1709 1349 1745 Origenis
1361 1709 1448 1743 locus,
1465 1717 1515 1738 nec
1530 1714 1670 1745 propterea
1681 1709 1745 1744 jure
1760 1709 1826 1744 quis

179 1758 223 1786 ab
237 1756 352 1792 Origene
372 1756 458 1784 libros
481 1755 551 1790 "api
566 1754 678 1791 ἀρχῶν,
701 1760 748 1783 aut
767 1755 895 1782 homilias
910 1755 936 1782 in
953 1754 1054 1782 Lucam
1075 1755 1279 1790 abjudicaverit.
1307 1755 1393 1784 lnstat
1414 1755 1607 1791 Larroquanus
1622 1764 1630 1783 :
1647 1755 1768 1783 homiliae
1789 1756 1827 1784 59

180 1806 316 1840 scriptor,
337 1804 462 1840 quisquis
477 1803 522 1836 sit,
545 1803 641 1831 Isaiam
661 1807 689 1830 et
711 1802 836 1830 Psalmos
857 1802 1009 1830 Iittcralitcr
1024 1810 1038 1830 a
1055 1802 1213 1831 Sadducmis
1232 1803 1385 1832 intellectus
1407 1804 1445 1831 ait
1462 1812 1469 1831 :
1488 1811 1550 1831 nam
1566 1810 1629 1831 cum
1649 1803 1774 1838 quaedam
1788 1811 1824 1831 ex

188 1859 305 1888 utroque
325 1853 395 1880 libro
412 1852 558 1885 attulisset,
574 1859 635 1887 quae
650 1850 829 1887 spiritualiter
846 1857 908 1879 esse
921 1850 1078 1885 accipienda
1097 1851 1201 1884 dcilnit,
1222 1859 1281 1887 qute
1292 1852 1393 1886 omnia,
1406 1851 1507 1887 inquit,
1527 1850 1701 1886 corporaliter
1722 1850 1825 1878 intelli-

179 1901 306 1937 :gettlibtu
323 1900 489 1933 Sadductcis,
512 1900 558 1935 qui
575 1904 650 1927 erant
665 1899 752 1935 portio
765 1898 932 1932 Judworum,
949 1899 1015 1926 dicit
1036 1898 1162 1927 Saluator
1174 1908 1184 1927 :
1199 1899 1314 1928 Nescitis
1334 1900 1498 1936 Scripturas,
1515 1909 1595 1936 neque
1619 1901 1739 1928 virtutem
1760 1899 1822 1928 Dei.

178 1949 215 1977 f'ld
229 1957 292 1977 vero
314 1956 329 1976 a
348 1948 474 1984 genuinis
487 1947 613 1984 Origenis
627 1947 767 1983 opusculis
781 1947 900 1975 alienum
914 1953 976 1975 esse
995 1952 1081 1982 patet,
1095 1955 1157 1975 cum
1172 1955 1186 1975 a
1201 1947 1359 1976 Sadducaeis
1372 1956 1426 1976 non
1441 1948 1511 1975 alios
1526 1955 1608 1983 quam
1620 1947 1719 1984 Moysis
1733 1947 1823 1976 libros

176 2005 217 2027 ex
237 2001 294 2025 toto
310 1995 399 2025 Veteri
415 1996 598 2024 Instrumenta
610 1995 746 2023 admissos
758 1999 915 2023 constanter
928 1995 1040 2024 scribat.
1061 1994 1140 2022 Solos
1161 1994 1243 2023 Hosis
1262 1995 1344 2022 libros
1363 1996 1494 2030 recipiunt
1507 1994 1652 2022 Samarin
1673 1998 1696 2021 ιι
1714 1992 1823 2022 Saddu-

174 2043 253 2074 mei,
269 2041 372 2077 inquit,
396 2041 465 2069 libro
492 2041 580 2077 primo
602 2045 695 2068 contra
711 2040 828 2075 Celsum,
846 2048 923 2068 num.
939 2040 985 2074 49,
1001 2045 1029 2068 et
1050 2044 1157 2068 tractat.
1180 2040 1216 2068 22
1239 2040 1266 2067 in
1291 2039 1446 2068 Mattbwum
1471 2050 1478 2068 :
1502 2039 1646 2068 Saddacari
1666 2040 1820 2076 Scriptura;

176 2088 254 2116 alia;
269 2092 345 2114 extra
355 2087 439 2114 libros
456 2087 587 2114 Moaaicos
599 2095 650 2114 non
664 2087 793 2122 legebant,
809 2095 854 2114 nec
867 2087 938 2122 ipsos
950 2087 1061 2122 [egentet
1074 2086 1262 2121 intelligebant.
1287 2086 1326 2114 Ita
1343 2091 1420 2115 vetus
1434 2087 1568 2122 interpres
1582 2087 1704 2115 Latinus.
1722 2087 1818 2116 Grtcca

186 2133 265 2160 aliter
279 2141 309 2161 se
326 2133 428 2161 habent
444 2143 450 2161 :
471 2133 614 2161 Sadducwi
637 2134 720 2161 aliam
745 2132 912 2168 Scriptura":
928 2142 944 2161 a
963 2133 1042 2168 legali
1064 2141 1115 2160 non
1130 2133 1292 2167 admittunt;
1311 2138 1338 2162 et
1357 2134 1451 2169 paucis
1471 2134 1621 2169 interiectis
1644 2143 1650 2161 :
1672 2132 1818 2162 Sadductei

185 2179 339 2214 Scriptura:
354 2187 412 2215 qua
428 2179 509 2215 legem
522 2184 677 2215 sequuntur,
693 2187 744 2207 non
758 2179 913 2206 admittunt.
935 2179 963 2207 Si
981 2187 1044 2207 vere
1066 2178 1196 2214 Origenes
1212 2184 1284 2208 esset
1300 2180 1346 2216 qui
1365 2181 1391 2208 in
1414 2180 1514 2208 Lucam
1534 2181 1639 2216 scrips’t
1654 2179 1688 2207 de
1705 2178 1816 2209 Saddu-

184 2228 259 2260 cacis,
280 2235 334 2255 non
351 2228 429 2256 aliter
453 2229 574 2256 locutum
594 2236 654 2256 esse
668 2236 717 2263 par
732 2233 774 2256 est
789 2228 911 2257 credere.
929 2228 1015 2256 Aliter
1032 2232 1123 2255 tamen
1146 2227 1268 2263 loquitur
1291 2228 1408 2264 scriptor
1433 2229 1553 2256 humilia:
1572 2229 1612 2257 59.
1630 2226 1700 2263 Ergo
1716 2227 1816 2257 saltem

177 2273 242 2299 inec
258 2272 371 2300 liomilia
394 2272 429 2299 ab
453 2272 512 2308 ipso
527 2272 653 2308 Origenis
676 2273 772 2308 genio,
788 2280 880 2305 more,
898 2280 930 2300 ac
947 2280 1027 2301 sensu
1046 2272 1132 2300 aliena
1147 2277 1205 2307 est,
1231 2278 1258 2301 et
1283 2274 1397 2309 proinde
1424 2282 1473 2310 pro
1497 2275 1590 2310 spuria
1601 2273 1692 2301 haberi
1719 2274 1814 2307 debet,

185 2319 338 2354 Respondet
359 2318 521 2347 Pcarsonius
538 2319 698 2354 scriptorem
715 2317 832 2347 ltomilite
853 2319 886 2347 '59
903 2319 929 2345 in
944 2317 1045 2346 Lucam
1064 2325 1118 2345 non
1135 2318 1269 2346 allirmare
1287 2319 1451 2348 Sadducazos
1467 2321 1610 2356 prophetas
1631 2320 1658 2346 in
1678 2327 1813 2348 canonem

184 2367 387 2402 Scripturarum
403 2366 548 2402 recepisse.
566 2365 621 2394 lloc
637 2371 741 2394 tantum
758 2366 836 2398 dicit,
852 2365 1018 2393 Sadduezeos
1035 2364 1106 2393 male
1124 2365 1291 2393 intellexisse
1312 2366 1468 2402 prophetas.
1488 2366 1633 2395 Potuerunt
1647 2371 1748 2399 autem.
1770 2367 1812 2394 in-

181 2414 252 2450 quit,
268 2420 295 2442 et
311 2414 471 2450 intelligere,
491 2419 518 2442 et
538 2414 621 2441 etiam
644 2414 725 2447 male,
741 2421 773 2442 ea
787 2421 848 2449 qua:
864 2421 912 2449 pro
928 2412 1078 2449 Seripturis
1103 2412 1190 2440 sacris
1207 2421 1262 2440 non
1280 2413 1409 2441 habuere.
1427 2412 1486 2441 Non
1508 2412 1681 2441 admittebant
1697 2412 1810 2448 quidem

161 2459 325 2494 ,δικιδυωί
343 2467 436 2488 sacras
453 2459 609 2495 Scripturas
622 2464 699 2487 extra
714 2459 800 2486 libros
822 2458 969 2491 Mosaicos,
987 2458 1108 2491 scilicet,
1132 2457 1221 2493 inquit
1238 2459 1402 2487 Pearsonius
1414 2479 1422 2492 ,
1442 2459 1469 2486 in
1487 2457 1668 2486 cmtrorersiis
1682 2458 1746 2493 ﬁdei
1761 2459 1810 2487 tle-

183 2506 355 2535 tcrminandis
372 2514 381 2533 :
396 2512 477 2542 atque
491 2506 543 2534 hoc
557 2513 637 2533 suum
655 2505 790 2540 glossema
807 2505 985 2532 rabbinornm
999 2505 1162 2533 auctoritate
1178 2509 1271 2532 tuetur
1289 2514 1296 2532 :
1314 2505 1388 2540 quod
1406 2505 1509 2532 abunde
1524 2502 1630 2531 sullicit.

168 2543 175 2572 δ
215 2553 368 2587 Antequam
387 2552 450 2580 huic
467 2551 680 2588 prmfatiuncula':
696 2552 759 2579 linis
784 2552 957 2586 imponatur,
983 2550 1065 2585 iustae
1080 2550 1248 2580 defensionis
1277 2552 1345 2579 ratio
1365 2552 1422 2587 jam
1441 2559 1456 2579 a
1478 2558 1521 2577 me
1543 2550 1678 2584 ροειυιιι.
1699 2556 1728 2579 ttt
1745 2559 1806 2580 eum
1836 2549 1839 2552 ’

179 2601 307 2635 repellam
332 2600 551 2629 criminationem
577 2608 631 2636 qua
656 2600 683 2627 in
709 2607 752 2627 mc
776 2607 843 2627 usus
858 2603 898 2626 est
913 2598 1042 2626 dominus
1059 2597 1170 2626 Alexius
1195 2599 1350 2627 Desessarts
1370 2600 1397 2626 in
1420 2598 1508 2627 libello
1521 2597 1620 2624 Gallice
1642 2598 1745 2632 scripto
1759 2599 1804 2626 cui
1835 2600 1837 2602 ’

181 2646 288 2673 titulum
304 2645 366 2674 fecit
381 2655 387 2673 ε
407 2646 516 2680 Défeuse
532 2646 568 2672 du
580 2645 718 2673 sentiment
733 2645 777 2672 des
792 2645 876 2672 saintr
890 2644 967 2671 Pares
980 2649 1004 2671 et
1018 2644 1063 2671 de:
1074 2644 1196 2671 ductare
1209 2645 1375 2680 catulique:
1390 2643 1468 2673 surle
1479 2651 1564 2670 mour
1578 2643 1654 2678 fatur
1666 2643 1765 2678 d‘Elie,
1779 2650 1805 2672 et

176 2701 226 2719 sar
238 2693 265 2719 la
285 2692 410 2719 véritable
430 2693 594 2728 intelligence
618 2693 664 2720 dea
687 2685 830 2724 Ecritures,
852 2689 898 2718 ubi
922 2698 984 2726 pag.
1004 2691 1055 2718 158
1068 2696 1096 2719 et
1108 2699 1185 2727 seqq.
1205 2691 1262 2719 hac
1278 2692 1406 2727 leguntur
1419 2703 1426 2717 ε
1439 2688 1571 2716 ι’έιὶιοιιτ
1586 2689 1618 2716 de
1637 2689 1664 2716 la
1684 2690 1804 2718 deruiére

177 2740 278 2765 edition
296 2739 340 2765 des
356 2739 472 2766 (Euvres
485 2738 627 2774 d‘Origéne
644 2747 660 2766 α
673 2739 722 2765 mis
735 2738 751 2765 ὰ
765 2738 790 2764 la
810 2738 860 2764 tete
873 2738 908 2764 du
923 2738 1018 2764 second
1033 2739 1133 2765 volume
1147 2747 1198 2765 tute
1211 2739 1316 2773 préface
1330 2738 1363 2765 ait
1382 2739 1402 2765 il
1410 2737 1525 2772 expliqu
1540 2736 1567 2763 lu
1580 2737 1699 2764 met/rode
1710 2737 1804 2766 πνοή-

178 2788 240 2820 {hac
260 2796 326 2821 puur
338 2787 492 2821 interpreter
505 2786 658 2817 l'Ecriture.
677 2786 703 2814 Il
719 2796 745 2814 se
757 2787 807 2821 fait
828 2787 920 2822 gluire,
933 2787 1014 2818 dit-il,
1031 2787 1063 2812 de
1078 2787 1166 2821 ropier
1185 2795 1213 2813 ce
1228 2794 1278 2822 que
1290 2786 1401 2814 l‘autesr
1411 2783 1513 2812 duSens
1532 2784 1634 2811 littérnl
1648 2789 1672 2810 et
1689 2785 1724 2811 du
1742 2793 1802 2813 una

179 2834 307 2867 ειῃνιὶιμκ
320 2833 366 2860 de:
381 2834 479 2861 winter
492 2832 638 2867 Ecritures,
656 2834 726 2862 seton
740 2834 766 2862 lu
783 2835 900 2861 doctriue
914 2835 959 2861 des
974 2833 1062 2868 Pirrs,
1079 2843 1095 2861 ιι
1110 2835 1149 2862 dit
1161 2842 1207 2861 sur
1219 2843 1247 2862 cc
1259 2835 1336 2868 sujet,
1351 2833 1414 2860 lens
1430 2833 1448 2858 le
1463 2832 1557 2859 second
1575 2832 1693 2865 cliapitrc
1708 2832 1740 2859 de
1753 2840 1803 2862 tota
