1892 3050
216 105 228 135 ι
235 105 252 134 5
825 107 902 135 PRA-I
907 107 963 134 l’A'l

1098 107 1179 135 T031.
1208 107 1251 136 111.
1817 111 1845 137 ltS

599 165 604 170 ‘
623 180 742 208 DOMINI
762 180 890 208 CA‘ROLI
908 180 1076 208 DELARUE
1094 180 1185 208 VIT/E
1207 180 1444 209 COMPENDIUM.

251 251 373 279 Corbeize
388 251 459 288 apud
475 252 624 280 Ambianos
637 260 660 280 tv
673 251 736 280 και.
756 252 824 288 Aug.
840 260 886 280 an.
901 252 973 280 1683i
987 257 1066 280 natus
1081 251 1112 280 1).
1128 253 1245 280 Carolus
1262 252 1385 284 Belarue,
1398 252 1492 280 Meldis
1505 252 1664 280 adolescens
1689 252 1717 280 S.
1740 252 1845 282 Faronis

214 298 241 326 in
259 301 385 328 etettobio
405 302 538 329 solemnia
559 302 697 336 religionis
721 305 782 328 vota
801 301 857 328 Deo
880 302 1048 336 nuucupavit
1074 309 1100 328 xt
1119 300 1179 327 Kal.
1203 301 1329 328 Dec.'an.
1354 301 1434 328 l705.
1450 300 1514 328 Inde
1535 301 1688 335 theologia,
1713 301 1846 329 llehraicis

214 345 372 381 Graecisque
395 347 492 375 litteris
519 348 672 374 institutum
696 347 725 374 D.
744 341 901 374 Bernardus
925 347 958 374 de
980 347 1154 375 Moutfaucon
1175 348 1215 374 vir
1231 348 1304 374 otnni
1326 347 1487 374 eruditionis
1504 347 1583 374 laude
1606 347 1775 374 clarissimus
1798 347 1844 374 sub

215 391 295 418 liuent
312 400 356 419 an.
374 391 443 419 1712
457 393 619 427 discipulum
634 393 684 419 sibi
703 392 814 420 accivit.

249 438 375 474 Origcnis
391 439 511 475 llexupla
531 440 630 475 publici
643 439 715 474 juris
739 440 855 467 faciebat
871 439 901 466 D.
929 439 1084 468 Bernartius
1107 441 1140 467 de
1160 440 1354 472 iliontfaueou,
1377 441 1498 476 illudque
1515 441 1572 468 fore
1591 441 1720 468 censebat
1738 441 1845 469 utilissi-

214 489 289 514 htnm
311 488 331 514 si
348 488 450 523 reliqua
469 489 535 515 tanti
550 488 691 522 scriptm-is
709 495 803 522 opera,
819 491 875 514 tam
891 488 934 515 illa
951 496 1068 523 quoruto
1086 488 1181 515 Latina
1196 493 1300 515 tantunt
1323 493 1447 523 superest
1466 489 1661 524 interpretatio,
1681 497 1763 524 quam
1791 497 1846 524 qute

214 533 305 561 Graeca
322 535 354 561 al
369 543 419 562 nos
432 540 624 569 pervenerunt,
649 535 682 562 ad
704 540 826 563 veterum
847 536 1097 570 manuscriptorum
1116 535 1195 563 fidem
1214 541 1418 566 revocarentur,
1433 535 1459 562 in
1482 542 1622 570 unumque
1644 544 1744 570 corpus
1759 536 1845 563 omnis

213 582 411 624 eo'nvenircnt:
433 582 505 617 quod
529 590 578 610 nec
603 582 704 610 factum
730 583 764 610 ab
784 583 882 611 Huelio
899 583 946 619 qui
964 583 1070 616 Graeca,
1096 591 1145 610 nec
1161 591 1175 610 a
1202 583 1316 610 Met-lino
1329 583 1559 618 Genebrardoque
1579 583 1625 618 qtti
1642 583 1748 615 Latina,
1764 591 1845 618 eaque

213 630 318 657 mendis
332 630 431 665 ubique
446 631 576 658 sententia
592 631 744 658 ediderant.
772 631 821 659 Ast
843 631 916 665 aliis,
943 639 993 659 nec
1011 631 1125 658 minOris
1140 631 1271 658 momenti
1291 636 1356 658 tunc
1374 631 1490 665 negotiis
1508 631 1654 666 impeditus
1673 631 1845 658 doctissimus

210 677 262 710 vir,
277 678 443 712 provinciam
464 679 535 706 hanc
551 679 686 714 discipulo
704 679 861 706 demat-dat.

245 725 363 754 Publica:
388 726 514 755 utilitatis
537 727 731 762 promerendae
755 727 856 761 cupido
872 727 965 754 animo
984 727 1099 754 arduttm
1116 735 1186 762 opus
1206 725 1362 762 aggreditur
1385 725 1416 753 D.
1443 725 1559 753 Carolus
1574 726 1698 758 Delarue,
1722 734 1773 754 nec
1789 734 1844 761 qua

211 773 292 808 vulgo
309 777 462 807 sequttntur
479 772 589 799 fastidia
605 772 750 798 deterrent.
768 771 814 799 Sic
830 776 902 800 totus
916 772 1039 799 incubuit
1056 772 1081 798 in
1095 772 1250 805 Origenem,
1269 777 1297 798 ιιι
1312 780 1386 798 anno
1401 771 1470 798 i725
1485 772 1539 798 dtto
1550 771 1668 807 Operum
1685 772 1744 806 ejus
1761 773 1845 807 prima

206 820 350 847 Volumina
377 819 447 854 typis
471 817 651 850 mandaverit,
670 825 730 852 quae
744 817 890 852 plaudente
903 818 970 845 orbe
986 818 1119 845 litterario
1132 818 1157 844 in
1175 818 1263 845 lucem
1282 818 1441 852 prodierunt
1453 826 1529 845 anno
1554 819 1664 845 ineunte
1681 819 1761 847 1755.
1778 819 1845 847 Inter

211 871 324 894 caeteros
346 866 503 893 laudatores
525 865 565 893 sic
579 865 612 893 dc
628 865 682 892 illis
704 865 874 893 celeberrimi
890 865 1029 893 societatis
1045 865 1204 892 Sorhonicas
1220 866 1346 892 doctores
1371 866 1397 892 in
1420 867 1500 901 epist.
1515 866 1548 893 ad
1569 865 1626 894 RR.
1643 866 1694 893 PP.
1711 868 1843 902 superior.

212 922 304 949 gener.
321 913 406 949 prior.
424 919 450 941 et
473 913 600 941 monach.
616 914 646 940 S.
663 912 792 940 Germani
813 921 827 940 a
844 911 942 945 Pratis,
956 913 1082 948 imprcss.
1101 921 1146 940 an.
1168 913 1246 945 1735,
1263 921 1324 948 pag.
1341 913 1376 940 20
1391 922 1398 940 :
1412 913 1472 940 Non
1493 921 1578 948 agre,
1601 919 1628 940 ut
1647 922 1705 948 spes
1726 919 1785 948 est,
1805 915 1844 941 in-

210 961 319 995 quiunt,
335 966 452 988 nostram
464 961 716 988 mtinnnlrcrsionem
728 961 793 996 feret
807 961 1002 988 eruditissimus
1012 961 1119 993 anus,
1136 966 1226 995 utpote
1239 962 1284 996 qui
1296 969 1347 988 non
1358 962 1393 988 sit
1406 966 1433 988 ut
1446 962 1512 988 levia
1525 961 1698 997 illaingeniu,
1713 970 1773 997 qua:
1787 962 1846 997 quia

210 1007 278 1034 nihil
295 1008 407 1041 hu‘bettt,
431 1008 497 1034 nihil
524 1008 575 1034 sibi
602 1008 738 1035 detrahere
759 1012 879 1043 possunt.
900 1010 1030 1035 Accurate
1048 1009 1123 1042 edit,
1150 1014 1273 1036 accurate
1293 1014 1366 1036 notat
1387 1010 1456 1044 quod
1485 1010 1630 1036 notandum
1654 1015 1711 1042 est;
1732 1019 1845 1046 nonaque

211 1052 333 1088 Ot'igcais
361 1053 440 1080 editio
459 1060 553 1088 magno
569 1061 669 1088 semper
690 1054 740 1081 erit
760 1058 914 1089 argumento
945 1054 1031 1089 ipsum
1058 1062 1073 1081 ε
1103 1055 1255 1088 promiscua
1281 1056 1495 1091 quotidianarum
1516 1056 1647 1083 editorum
1671 1057 1748 1084 turba
1764 1066 1844 1085 secer-

211 1101 323 1128 nendnn.
331 1123 337 1128 .

199 1142 202 1145 ’
246 1147 343 1182 ttperis
359 1154 467 1175 summo
484 1147 603 1183 pontifici
612 1147 748 1175 Clementi
765 1146 812 1178 XII
827 1147 944 1175 dedicati
959 1147 1159 1182 nuncupatoria
1179 1148 1294 1184 epistola
1317 1150 1491 1177 sanctissimo
1508 1149 1580 1178 Patri
1599 1151 1667 1178 adeo
1684 1152 1796 1187 placuit,
1818 1158 1844 1181 ιη

202 1194 269 1228 ‘ejus
286 1194 456 1221 bibliotheca:
472 1201 573 1229 praeses
595 1194 798 1222 illustrissimus
821 1193 851 1221 D.
869 1193 1071 1229 d'lnghembert
1086 1199 1151 1221 tttnc
1164 1194 1325 1223 Theodosius
1345 1197 1581 1232 archiepiscopus,
1601 1198 1681 1226 hodie
1699 1201 1843 1235 episcopus

209 1240 491 1275 Cartmntoractensis,
504 1242 542 1268 ita
557 1241 645 1268 amico
660 1239 832 1274 rescripserit
847 1240 952 1267 auctori
969 1248 976 1266 :
994 1239 1058 1266 Μοη
1081 1241 1269 1268 tres-reserent!
1287 1241 1362 1274 Pére,
1386 1243 1456 1276 j‘eus
1467 1243 1611 1270 J‘Itonneur
1629 1245 1663 1271 de
1679 1245 1727 1272 I-ire
1739 1247 1755 1272 ti
1773 1252 1843 1273 notre

209 1287 287 1314 Suint
303 1287 369 1315 Pcre
388 1288 411 1315 le
424 1288 496 1323 Pape
512 1293 583 1314 votrc
595 1287 678 1322 épitre
696 1289 870 1320 détlicntolre,
889 1287 935 1315 des
955 1297 1004 1323 que
1017 1289 1046 1323 je
1063 1288 1127 1315 l‘eus
1143 1296 1227 1319 recite.
1251 1288 1288 1315 Sa
1303 1288 1422 1316 Sainteté
1443 1298 1474 1316 en
1493 1291 1610 1317 entendit
1625 1291 1653 1317 lu
1668 1291 1767 1319 lecture
1786 1300 1844 1319 anet:

207 1342 259 1361 une
280 1335 410 1361 attention
426 1339 450 1361 et
468 1343 518 1361 unc
530 1334 696 1369 satisfaction
709 1343 758 1369 que
772 1334 802 1369 je
823 1342 854 1361 ne
881 1335 986 1361 saumis
1007 1342 1068 1361 votis
1077 1335 1207 1368 expritncr
1222 1342 1232 1361 :
1246 1339 1271 1361 et
1291 1343 1322 1361 en
1346 1336 1426 1362 mne
1439 1335 1467 1370 je
1486 1344 1517 1362 ne
1541 1337 1617 1363 sache
1640 1345 1687 1372 pas
1707 1338 1746 1365 lui
1772 1339 1845 1366 συσὶν

195 1382 197 1385 ’
206 1381 306 1416 jamais
321 1382 377 1408 rien
393 1380 430 1413 lu,
453 1381 544 1416 dppuis
564 1390 613 1417 que
628 1382 679 1416 Γιιὶ
693 1382 717 1408 le
732 1381 847 1408 banheur
860 1381 941 1408 d‘etre
955 1382 972 1408 ἁ
989 1389 1037 1408 son
1054 1381 1160 1414 service,
1175 1381 1220 1416 qui
1239 1381 1278 1408 lui
1297 1382 1335 1408 ait
1351 1383 1396 1416 plu
1410 1383 1566 1418 davanlage.
1592 1382 1768 1418 Vouspourcz
1779 1385 1844 1412 dom

207 1426 346 1460 imprimer
359 1431 425 1453 cette
438 1427 521 1461 epitre
534 1428 696 1454 dedicatoire
706 1427 878 1462 precisément
890 1434 990 1454 comnte
1011 1434 1074 1454 non:
1099 1435 1139 1454 me
1158 1427 1239 1454 Favez
1253 1428 1373 1462 envoyée.
1394 1427 1478 1455 Notre
1489 1427 1524 1456 tS.
1542 1428 1607 1456 l’ére
1625 1428 1649 1456 le
1663 1428 1745 1464 Pape,
1762 1436 1786 1457 et
1805 1429 1843 1460 Μ,

207 1474 232 1499 te
249 1473 372 1500 cardinal
386 1473 504 1506 Quirini,
524 1475 540 1501 ἡ
559 1475 603 1510 qtti
617 1475 646 1510 je
667 1474 714 1501 l‘ai
735 1475 808 1501 aussi
822 1473 1031 1509 communiquée,
1045 1474 1138 1509 jttgent
1157 1481 1206 1509 que
1225 1482 1287 1500 vous
1306 1482 1344 1501 ne
1357 1482 1454 1509 pourez
1470 1483 1486 1509 y
1507 1476 1614 1502 toucher
1634 1484 1696 1503 satis
1713 1477 1739 1503 Ia
1760 1477 1843 1512 gater.

205 1519 263 1548 J’ai
284 1519 422 1547 l‘honneur
444 1521 525 1547 d'étre
543 1529 603 1548 area
625 1521 759 1556 beaucottp
777 1521 809 1548 de
825 1520 1033 1553 consideration,
1053 1528 1113 1548 mon
1140 1519 1331 1547 tris—rteérend
1346 1519 1485 1554 ωιτν-εις.
1514 1521 1536 1547 Α
1555 1520 1655 1555 Rome,
1678 1522 1702 1550 le
1724 1522 1758 1550 i9
1787 1521 1843 1549 Νο-

205 1569 309 1596 ινεηιὺνε
324 1568 402 1596 1⁷52.

193 1614 197 1619 ”
239 1615 334 1643 Ῥνίοιηὶ
351 1614 477 1651 Origenis
493 1615 631 1643 volumine
645 1619 765 1650 recepto,
778 1623 904 1644 summus
920 1615 1041 1651 pontifex
1056 1623 1215 1651 expressam
1230 1616 1273 1644 sui
1289 1615 1381 1643 vultus
1398 1615 1546 1651 imaginem
1571 1615 1598 1642 in
1621 1615 1731 1644 duobus
1746 1615 1838 1643 numi~

207 1662 342 1689 sutatibus
361 1669 393 1688 ex
410 1669 479 1688 auro
494 1666 520 1689 ct
535 1667 647 1696 argento
665 1661 987 1696 (honorificentissimam
1008 1662 1103 1697 gratiae
1116 1666 1144 1689 et
1159 1661 1354 1689 benevolentiae
1371 1661 1480 1697 pignus)
1495 1661 1528 1688 ad
1542 1667 1681 1690 auctorem
1698 1662 1785 1695 misit,
1799 1662 1843 1690 cui

202 1709 279 1736 hanc
293 1708 375 1735 simul
396 1708 540 1743 epistolam
560 1709 731 1736 Sanetissimi
750 1709 837 1737 Patris
860 1710 971 1737 nomine
994 1710 1103 1744 scripsit
1122 1710 1356 1738 eminentissimus
1378 1709 1526 1737 cardinalis
1546 1709 1643 1737 Firrao
1665 1719 1672 1737 ε
1693 1710 1844 1737 Admodum

206 1756 343 1782 "verende
367 1754 456 1782 Pater.
483 1755 602 1782 Primum
628 1755 782 1790 θήσειιίηηί
805 1757 891 1792 operi:
907 1752 1027 1783 volumen
1042 1765 1057 1782 a
1074 1755 1239 1782 Paternitate
1254 1760 1300 1782 tua
1313 1756 1424 1782 nitidius
1442 1764 1474 1782 ae
1490 1756 1642 1790 diligentius
1656 1763 1736 1790 quant
1753 1761 1844 1788 antea,

194 1803 341 1838 .mulmque
351 1803 653 1838 pet-[usum‘emditionis
667 1803 726 1830 luce
743 1804 893 1838 posteritati
910 1804 1037 1830 traditum
1047 1802 1097 1830 SS.
1115 1803 1193 1830 Pater
1208 1807 1253 1829 tuo
1266 1803 1370 1829 nomine
1384 1802 1434 1829 sibi
1452 1806 1666 1837 repra’sentutum
1683 1801 1746 1828 [tcta
1757 1803 1845 1836 [route

193 1853 307 1886 accepit
332 1858 357 1878 et
382 1857 489 1887 gratum
504 1851 621 1885 habuit;
642 1857 717 1879 ratus
740 1853 767 1879 in
786 1853 834 1879 hoc
852 1852 1080 1887 ingeniosissimo,
1099 1851 1144 1878 sed
1170 1851 1293 1886 ambiguo
1315 1855 1423 1877 auctore
1442 1850 1656 1885 interpretando,
1674 1850 1806 1876 neminem
1822 1854 1844 1875 ιε

205 1899 288 1926 latere
303 1899 416 1926 coluisse
427 1899 516 1932 illum,
541 1900 686 1935 ubicunque
698 1901 837 1933 erraverit,
853 1908 911 1933 suo,
929 1908 980 1926 non
999 1899 1136 1926 catholica:
1153 1899 1288 1933 religionis
1304 1899 1401 1925 damno
1415 1906 1537 1929 errasse;
1556 1899 1622 1925 nihil
1643 1898 1722 1924 simul
1740 1898 1766 1924 in
1786 1897 1844 1931 ejus

192 1945 375 1973 -enncleandis
394 1947 529 1973 sententiis
543 1947 589 1973 tibi
603 1947 734 1974 excidisse
745 1947 815 1982 quod
829 1947 992 1973 sanctissimi
1013 1946 1130 1973 instituti
1148 1946 1225 1972 l't’a'll‘l
1243 1945 1381 1972 alumnum
1408 1953 1523 1980 certeque
1539 1945 1602 1978 ﬁdei
1618 1949 1774 1971 sectatorem
1793 1953 1844 1971 non

190 1992 305 2019 .detent.
324 1991 455 2024 Quocirca
469 1992 566 2020 donum
581 1999 655 2020 tuum
672 1993 698 2019 in
713 1992 879 2028 amplissima
894 1992 1118 2027 selectissimaque
1134 1991 1290 2018 bibliotheca
1314 1999 1362 2018 sua
1382 1991 1466 2017 locari
1490 1990 1583 2022 voluit,
1600 1990 1715 2026 obsequii
1736 1999 1800 2025 erga
1816 1998 1845 2017 κ

189 2038 245 2064 .tui
276 2038 482 2071 documentum,
507 2047 558 2074 quo
581 2039 719 2074 ponti/icio
748 2039 924 2066 benevolentia
939 2059 947 2071 ,
963 2039 986 2066 si
1013 2047 1043 2065 ca
1067 2038 1113 2065 tibi
1136 2039 1170 2065 sit
1196 2046 1278 2072 opus,
1297 2036 1444 2069 excitetur;
1464 2042 1488 2064 et
1505 2037 1618 2064 excitari
1630 2036 1779 2071 jucundum
1803 2037 1845 2065 illi

204 2084 315 2110 accidet.
333 2083 396 2111 "me
410 2093 449 2112 me
472 2085 638 2112 tuis-litteris
658 2086 749 2112 utldita
766 2091 877 2121 paterna
891 2086 1067 2112 benedictione
1090 2085 1244 2119 respondere
1257 2085 1350 2120 jussit.
1371 2083 1458 2112 Velim
1471 2092 1527 2120 ego,
1547 2089 1574 2110 ut
1592 2093 1642 2119 quo
1661 2085 1723 2112 mihi
1739 2086 1793 2111 sint
1815 2086 1843 2112 in

203 2131 300 2157 honore
316 2131 361 2166 qui
373 2131 454 2158 bonas
472 2131 563 2158 sedulo
576 2131 664 2158 studio
677 2131 782 2158 litteras
794 2136 985 2166 persequuntur
1000 2131 1104 2162 (horum
1123 2135 1211 2156 autem
1230 2139 1311 2158 unum
1328 2137 1352 2159 te
1365 2139 1423 2159 esse
1436 2131 1567 2166 gratulor)
1577 2151 1585 2163 ,
1606 2136 1725 2165 expertus
1737 2130 1842 2159 discas.

195 2177 294 2206 .Roma'
306 2186 342 2206 xtt
358 2177 421 2206 Kal.
434 2178 502 2206 Non.
519 2179 597 2206 “55.
612 2177 743 2206 Paternit.
760 2183 812 2206 tua:
825 2178 858 2206 ad
873 2178 962 2212 ofﬁcia
977 2182 1098 2212 paratus,
1115 2181 1164 2204 etc.

241 2225 378 2253 Postrema
391 2227 446 2255 duo
458 2226 584 2261 Origenis
597 2227 733 2254 volumina
745 2226 856 2261 jamjam
871 2226 981 2253 ineunte
991 2232 1063 2252 anno
1078 2225 1144 2252 1756
1156 2232 1214 2253 erat
1230 2224 1312 2260 prtio
1326 2225 1524 2252 commissurus
1540 2224 1570 2252 υ.
1585 2225 1699 2252 Carolus
1711 2224 1842 2259 Delarue,

195 2271 230 2297 -ni
245 2270 273 2298 Ι).
295 2271 426 2299 Vincentii
443 2271 575 2300 Thuillier
589 2273 699 2308 quicum
717 2273 752 2300 ab
767 2271 882 2299 solemni
907 2275 1033 2297 votorum
1059 2273 1261 2306 tntnctqiatioue
1279 2271 1446 2298 amicissime
1470 2279 1577 2306 semper
1590 2272 1703 2304 vixerat,
1726 2273 1840 2308 inopina

202 2323 290 2346 morte
300 2323 364 2347 tunc
374 2319 471 2347 fuisset
483 2327 497 2346 ει
507 2321 648 2355 proposito
660 2320 816 2348 deterritus.
829 2318 916 2346 Amici
929 2319 1000 2345 cuitu
1014 2319 1149 2346 desiderio
1163 2327 1292 2352 inserens,
1307 2324 1360 2346 tam
1375 2319 1553 2346 acerbissimo
1564 2320 1796 2355 contabuitluetu,
1813 2327 1843 2349 ut

203 2366 325 2397 thoracis
337 2365 515 2394 distillationc
531 2373 601 2401 pene
615 2366 672 2402 ipse
684 2366 868 2397 exanimatus,
879 2373 911 2392 ea
929 2365 986 2400 lege
1003 2364 1088 2392 fatum
1103 2365 1230 2401 ell‘ugisse
1243 2366 1391 2397 videretur,
1407 2370 1437 2392 ut
1450 2366 1531 2392 vitam
1547 2374 1606 2392 cum
1621 2366 1753 2400 languore
1778 2377 1842 2403 per-

202 2417 285 2446 petuo
299 2416 489 2440 commutat-et.
513 2413 589 2446 Quod
611 2418 701 2440 latncn
719 2413 887 2440 imminentis
900 2412 993 2440 obitus
1012 2413 1193 2447 praenuntiam
1208 2413 1348 2448 judiems,
1362 2417 1465 2448 qttanto
1479 2413 1563 2448 magis
1581 2412 1696 2448 languor
1712 2415 1842 2449 ingrave-

202 2460 305 2492 scebat,
315 2464 394 2488 tanto
411 2461 497 2495 magis
510 2469 540 2488 ea
553 2469 613 2496 quae
623 2464 785 2496 conceperat
798 2459 955 2495 foveralque
964 2459 1128 2487 Christiana:
1141 2460 1249 2495 pietatis
1264 2460 1380 2491 semina,
1396 2460 1538 2495 religiosus
1550 2459 1684 2495 adaugere
1698 2461 1841 2489 studebat.

200 2505 314 2534 Interim
331 2512 421 2535 tamen
436 2508 508 2543 quod
525 2507 625 2542 rigoris
642 2508 736 2536 deerat
758 2507 843 2535 animi
865 2508 994 2534 llrtnitatc
1018 2508 1159 2543 suppletis,
1177 2509 1286 2535 tertium
1303 2507 1428 2543 Origenis
1444 2508 1570 2535 volumen
1586 2507 1656 2542 typis
1672 2516 1744 2536 anno
1768 2510 1842 2537 1737

202 2560 265 2579 man
277 2554 360 2580 latum
377 2553 434 2588 jam
448 2561 518 2588 pene
532 2554 564 2581 ad
585 2554 666 2580 liuent
687 2553 860 2588 perduxerat,
875 2561 937 2580 cum
954 2553 1047 2588 lingua
1064 2553 1154 2580 subito
1171 2553 1331 2586 immobilis,
1354 2554 1502 2588 dextraque
1523 2553 1646 2587 corporis
1668 2558 1746 2588 parte
1762 2557 1843 2583 omni

201 2607 285 2627 settsu
300 2606 430 2635 motuque
443 2609 550 2635 expers,
570 2601 663 2635 paucis
677 2600 773 2627 diebus
788 2599 942 2627 exstinctus
957 2606 1009 2627 est.
1030 2599 1104 2627 Obiit
1122 2599 1235 2627 Lutetia:
1247 2599 1418 2626 Parisiorum
1436 2599 1462 2626 in
1478 2599 1644 2626 monasterio
1658 2597 1687 2626 S.
1703 2598 1842 2627 Germani

184 2634 219 2673 ’δ
235 2645 322 2674 Pratis
338 2634 408 2683 prid.
425 2634 495 2674 Non.
507 2646 618 2673 Octobr.
636 2653 680 2672 an.
697 2645 775 2673 “59.
796 2645 870 2672 Vixit
885 2653 971 2673 annos
986 2645 1031 2679 54,
1046 2654 1154 2673 menses
1170 2646 1197 2678 2,
1215 2646 1272 2673 dies
1288 2645 1313 2672 7.

236 2693 299 2719 Fuit
316 2692 346 2720 υ.
361 2694 476 2721 (ιιι-οιυε
489 2693 602 2721 Dt-larue
618 2691 798 2720 amantissimi
813 2691 998 2728 elegantisque
1014 2693 1158 2725 sermonis,
1171 2698 1281 2726 apertus
1296 2697 1324 2719 ct
1339 2691 1463 2726 simplex,
1476 2691 1545 2718 fidus
1555 2691 1670 2719 amicus.
1686 2690 1843 2720 familiares

183 2766 191 2774 -η
202 2739 263 2773 plus
279 2739 394 2773 diligens
408 2747 490 2774 quam
504 2739 607 2771 colens,
625 2746 731 2773 semper
749 2738 783 2765 ad
800 2738 1002 2765 insrrviendum
1022 2743 1143 2773 paratus.
1167 2737 1275 2765 Judieio
1298 2743 1325 2764 et
1339 2738 1439 2765 eximio
1454 2743 1478 2764 ct
1495 2739 1550 2765 aeri
1570 2739 1715 2765 accedebat
1740 2744 1841 2774 regi-ta

198 2785 300 2811 ιτα-νιδί
321 2785 422 2818 ingenii
443 2785 495 2818 vis,
522 2784 638 2812 facilitas
663 2784 854 2819 splendorque.
870 2782 998 2810 Pluribus
1015 2789 1078 2810 ante
1098 2789 1212 2810 mortem
1226 2783 1306 2810 anuis
1321 2784 1510 2818 gravissimum
1528 2785 1599 2810 aliud
1618 2792 1649 2812 ac
1665 2785 1781 2819 perutile
1799 2784 1840 2810 De

201 2831 406 2865 antiquitatibus
428 2831 614 2859 ecclesiasticis
627 2824 729 2860 Gallice
744 2831 972 2858 conscriln‘ndum
990 2838 1059 2865 opus
1083 2831 1229 2858 meditatus
1246 2831 1335 2858 luerat
1350 2831 1470 2859 eruditus
1486 2831 1534 2861 vir,
1547 2831 1659 2866 jamque
1677 2839 1731 2858 non
1746 2839 1840 2867 pauca
