1892 3050
80 129 110 155 51

799 136 941 166 HOMILIA
958 137 982 167 1.

510 235 1700 253 W

666 321 1029 402 ORIGEN
1033 324 1121 402 IS

333 469 414 534 IN
462 469 870 536 CANTICUM
930 471 1448 538 CANTICORUM

601 601 907 659 HOMILIA
966 602 1187 658 PRIMA

347 720 733 767 INTERPBETE
773 719 921 768 οινο
958 721 1332 769 HIERONYMO
1368 715 1426 770 (³).

99 893 154 929 12
169 893 321 928 Quomodo
333 894 481 924 didicimus
494 903 541 932 per
553 895 647 926 Mosen
661 897 786 934 quaedam
802 905 865 926 esse
879 899 900 929 Α
916 896 1046 932 fortitudo
1059 903 1161 931 mea,et
1173 897 1305 933 refugium
1318 907 1414 932 meum,
1425 904 1450 926 et
1457 899 1585 928 liberator
1592 908 1664 928 meus
1672 900 1707 930 “.

66 948 119 968 non
134 941 224 969 solum
240 946 350 976 sancta,
364 942 411 970 sed
425 947 453 970 et
463 942 565 972 Sancta
579 948 756 978 sanctorum,
771 949 799 973 et
809 945 862 972 alia

69 995 120 1014 non
131 990 238 1015 tantum
248 987 382 1022 Sabbata,
391 989 439 1017 sed
447 993 474 1017 et
485 989 602 1018 Sabbata
609 991 788 1019 sabbatorum
800 1000 808 1024 ;
822 991 863 1020 sic

66 1042 139 1062 nunc
163 1035 299 1063 docemur
321 1036 458 1065 scribente
480 1037 629 1066 Salomone
649 1046 711 1068 esse
735 1039 861 1075 quaedam

66 1087 119 1107 non
144 1081 235 1109 solum
260 1082 388 1116 cantica,
418 1084 465 1112 sed
488 1089 515 1111 et
540 1084 653 1113 Cantica
678 1086 860 1114 canticorum.

68 1127 167 1156 Beatus
179 1129 291 1163 quidem
307 1129 332 1157 is
345 1130 392 1166 qui
409 1130 560 1166 ingreditur
573 1138 681 1165 sancta,
696 1132 743 1160 sed
755 1132 862 1159 beatior

65 1175 110 1210 qui
129 1175 284 1210 ingreditur
297 1175 399 1204 Sancta
419 1181 589 1204 sanctorum.
608 1177 706 1205 Beatus
728 1178 775 1213 qui
795 1178 861 1206 sab-

68 1222 127 1249 bata
144 1221 314 1255 sabbatizal,
328 1222 375 1250 sed
393 1222 499 1250 beatior
513 1223 561 1258 qui
581 1223 735 1250 sabbatizat
761 1223 861 1251 sabba-

68 1272 156 1295 torum
173 1267 307 1296 Sabbata.
324 1267 425 1296 Beatus
439 1268 566 1296 similiter
580 1272 607 1296 et
626 1268 649 1296 is
663 1269 711 1304 qui
735 1269 861 1304 intelligit

67 1313 178 1340 cantica
200 1318 227 1342 et
243 1314 318 1342 canit
331 1322 364 1342 ca
380 1323 387 1342 :
404 1321 486 1341 nemo
500 1314 601 1349 quippe
618 1315 671 1342 nisi
688 1315 715 1342 in
733 1315 862 1343 solemni-

64 1361 169 1388 tatibus
194 1360 272 1388 canit
290 1369 297 1388 :
315 1360 363 1388 sed
394 1361 486 1388 multo
508 1361 614 1388 beatior
642 1360 688 1388 ille
712 1361 759 1396 qui
786 1361 862 1389 canit

65 1405 180 1434 Cantica
196 1406 379 1434 canticorum.
402 1405 435 1433 Et
457 1406 529 1434 sicut
551 1407 574 1434 is
589 1406 636 1442 qui
659 1406 811 1442 ingreditur
832 1407 859 1435 in

66 1450 168 1479 Sancta
183 1470 191 1483 ,
210 1451 335 1486 pluribus
350 1451 441 1479 adhuc
461 1451 582 1487 indiget,
599 1457 628 1478 ut
644 1452 731 1480 valeat
747 1452 865 1480 introire

916 942 1131 971 Pervenicndum
1144 943 1192 971 tibi
1204 949 1246 971 cst
1258 944 1291 971 ad
1309 944 1419 977 Isaiam,
1430 949 1460 973 ut
1471 953 1534 974 cum
1549 946 1596 974 illo
1607 946 1705 975 dicas:

913 989 1034 1016 συνθιαὺο
1052 990 1184 1016 canticum
1200 990 1297 1018 dilecto
1318 991 1357 1026 (ι)
1371 991 1452 1019 vinea
1466 1000 1529 1019 "me
1543 992 1576 1019 “.
1597 991 1631 1020 Et
1643 1000 1707 1021 cull

913 1036 1041 1063 universa
1055 1036 1210 1069 transieris,
1225 1037 1258 1064 ad
1277 1038 1374 1066 altiora
1387 1039 1552 1071 conscende,
1571 1043 1601 1067 ut
1614 1039 1706 1074 possis

912 1081 1002 1109 anima
1018 1082 1117 1110 decora
1132 1090 1195 1109 cum
1210 1090 1329 1118 sponso,
1341 1088 1369 1111 et
1381 1083 1433 1111 boc
1448 1092 1545 1112 canere
1561 1084 1707 1112 Canticum

912 1129 1092 1156 canticorum.
1115 1128 1168 1156 Sed
1181 1133 1248 1163 quot
1260 1137 1292 1156 ex
1308 1130 1432 1165 personis
1445 1135 1562 1164 constet,
1585 1131 1707 1159 incertus

913 1181 985 1202 sum.
1004 1173 1153 1202 Orantibus
1168 1179 1259 1202 autem
1272 1175 1361 1207 vobis,
1375 1179 1402 1202 et
1419 1176 1555 1204 revelante
1578 1176 1706 1210 Domino,

912 1224 1031 1254 quatuor
1047 1219 1114 1246 mihi
1131 1219 1157 1246 in
1173 1219 1216 1247 his
1232 1220 1326 1247 videor
1353 1220 1489 1248 invenisse
1504 1229 1647 1256 personas,
1662 1221 1706 1249 vi-

914 1272 972 1291 rnm
986 1269 1013 1291 ct
1025 1271 1174 1299 sponsam,
1190 1272 1253 1292 cum
1268 1273 1369 1300 sponsa
1389 1266 1617 1300 adolescentulas.
1640 1275 1704 1295 cum

912 1317 1015 1345 sponso
1031 1310 1166 1338 sodalium
1190 1318 1296 1347 greges.
1322 1310 1381 1339 Alia
1402 1312 1531 1340 dicuntur
1555 1320 1570 1340 a
1592 1321 1705 1348 sponsa,

911 1356 965 1383 alia
986 1363 1002 1383 a
1023 1363 1143 1391 sponso,
1163 1357 1294 1384 nonnulla
1315 1365 1330 1384 a
1347 1357 1519 1392 juvenculis,
1545 1359 1670 1394 quaedam
1690 1368 1706 1388 a

911 1402 1052 1430 sodalibus
1084 1402 1190 1438 sponsi.
1221 1403 1380 1438 Congruum
1413 1404 1514 1439 quippe
1542 1408 1583 1432 est
1618 1410 1649 1432 ut
1677 1406 1705 1433 in

912 1448 1014 1482 nuptiis
1025 1449 1291 1477 adolescentularum
1303 1450 1340 1478 sit
1351 1450 1497 1478 multitudo
1511 1459 1575 1479 cum
1588 1459 1704 1488 sponsa,

66 1498 92 1524 in
113 1497 217 1525 sancta
243 1501 422 1531 sanctorum;
446 1502 473 1525 ει
496 1499 543 1533 qui
565 1498 714 1526 Sabbatum
739 1499 860 1527 celebra;
908 1494 1041 1529 juvenum
1059 1495 1139 1522 turba
1153 1503 1216 1523 cum
1241 1503 1352 1531 sponso.
1379 1496 1442 1525 llaec
1456 1497 1548 1525 omnia
1565 1498 1620 1526 noli
1637 1497 1704 1526 l‘oris

65 1544 139 1579 quod
157 1551 173 1571 a
189 1544 307 1572 Domino
323 1544 425 1579 popqu
445 1545 625 1572 constitutum
639 1549 695 1578 est,
710 1545 795 1572 multa
810 1546 860 1573 ad-

65 1590 118 1618 huc
141 1590 300 1618 necessaria
327 1590 427 1623 habet,
451 1595 481 1618 nt
497 1597 560 1627 agat
585 1591 704 1619 Ssbbata
729 1592 858 1620 sabbato-

63 1643 146 1670 rum;
168 1637 265 1664 autem
298 1637 383 1664 modo
405 1636 516 1665 dillicile
537 1638 672 1673 reperitur
696 1638 742 1673 qui
760 1638 865 1674 omnia.

62 1689 127 1717 quae
150 1681 178 1709 in
203 1681 355 1717 Scripturis
379 1683 554 1711 continentur
569 1684 675 1711 cantica
693 1691 857 1719 peragrans,

63 1727 156 1755 valeat
182 1728 333 1756 ascendere
355 1729 390 1756 ad
411 1728 523 1758 Cantica
547 1730 730 1758 canticorum.
760 1730 858 1766 Egredi

61 1778 173 1809 oportet
187 1782 222 1802 ex
238 1774 376 1811 Egypto,
397 1779 425 1803 ct
440 1783 582 1811 egressum
600 1776 634 1804 de
654 1783 726 1804 terra
749 1776 858 1812 Δίωνι)ιί

63 1820 234 1855 pertransire
249 1827 326 1847 mare
342 1820 483 1853 Rubrum,
500 1826 531 1849 ut
552 1822 642 1856 possis
657 1822 777 1857 primum
792 1830 859 1850 can-

62 1867 149 1894 ticum
169 1873 279 1898 canere,
294 1866 389 1894 dicens
405 1874 412 1892 :
431 1866 574 1894 Cantemus
592 1867 723 1901 Domino,
746 1868 859 1904 gloriare

63 1911 134 1939 enim
146 1912 334 1947 magniﬁcatus
358 1916 396 1939 est
404 1912 437 1940 ⁸⁸.
452 1912 528 1941 Licet
540 1917 632 1940 autem
649 1914 768 1949 primum
781 1915 860 1943 dixe-

62 1959 105 1986 ris
120 1959 276 1992 canticum,
301 1959 393 1987 adhuc
416 1959 496 1995 longe
516 1967 546 1988 es
564 1967 579 1988 a
597 1959 712 1988 Cantico
736 1962 859 1990 cantico-

63 2012 137 2032 rum.
154 2003 319 2032 Pcrambula
335 2009 437 2033 terram
455 2005 555 2033 deserti
579 2006 755 2041 spiritaliter,
769 2008 858 2035 donec

64 2051 158 2079 venias
173 2052 208 2079 ad
225 2055 337 2087 puteum
355 2059 438 2087 quem
453 2051 583 2080 foderunt
598 2060 675 2086 reges
686 2072 693 2084 ,
710 2057 741 2080 ut
762 2053 799 2080 ibi
815 2060 859 2080 se-

62 2097 185 2124 cundum
202 2096 342 2125 canticum
358 2104 453 2124 canas.
477 2096 601 2125 Posthac
624 2097 686 2125 veni
709 2097 742 2124 ad
770 2097 858 2125 vicina

63 2147 166 2172 sanctae
181 2148 272 2176 terrae,
288 2148 319 2171 ut
332 2151 416 2178 super
429 2143 558 2171 Iordanis
580 2144 668 2178 ripam
692 2144 858 2172 constitutus

63 2191 157 2215 cantes
173 2187 314 2215 canticum
330 2187 411 2220 Mosi,
425 2187 520 2216 dicens
537 2195 544 2215 :
562 2188 693 2220 Attende,
706 2188 800 2216 calum
810 2209 818 2222 ,
832 2194 857 2216 et

63 2232 171 2268 loquar,
188 2238 214 2260 et
231 2233 326 2259 audiat
344 2237 415 2260 terra
441 2233 519 2260 verba
540 2233 595 2260 oris
618 2233 709 2261 mei".
735 2233 856 2261 ltursum

66 2279 147 2307 habes
171 2279 360 2307 necessarium
382 2283 412 2306 ut
435 2279 536 2307 milites
547 2299 555 2312 ,
570 2284 598 2308 et
615 2284 716 2307 terram
731 2285 856 2308 sanctam

67 2326 224 2354 hereditate
237 2325 393 2361 possideas,
408 2331 436 2354 et
449 2327 509 2362 apis
524 2327 573 2354 tibi
589 2327 744 2361 propbetct,
755 2331 783 2354 et
797 2326 858 2361 apis

65 2377 91 2400 te
108 2372 236 2407 iudicet:
253 2371 379 2400 Debbora
392 2372 493 2407 quippe
509 2372 569 2407 apis
591 2372 807 2407 interpretatur:
827 2376 858 2400 ut

67 2420 153 2454 possis
165 2422 193 2446 et
208 2418 275 2446 illud
291 2425 415 2451 carmen,
428 2418 501 2453 quod
518 2418 546 2445 in
561 2417 632 2446 libro
648 2417 776 2446 Judicum
789 2425 858 2445 con-

67 2466 209 2498 tinetur“.
224 2465 342 2494 edicere.
355 2465 395 2492 Ad
409 2464 566 2501 Regnorum
579 2465 709 2500 deinceps
726 2465 856 2493 volumen

67 2513 217 2540 ascendens
230 2512 292 2540 veni
308 2512 342 2539 ad
354 2512 491 2540 canticum
506 2511 618 2547 quando
634 2510 718 2538 David
737 2510 806 2546 fugit
821 2511 856 2538 de

66 2559 191 2588 manibus
211 2559 336 2586 omnium
351 2558 527 2586 inimicorum
543 2565 658 2586 suorum
671 2562 700 2585 et
716 2557 752 2586 de
770 2564 856 2585 manu

67 2604 146 2638 Saul,
172 2610 201 2634 et
225 2605 296 2633 dixit
312 2613 321 2633 :
336 2604 465 2632 Dentium
488 2604 686 2640 ﬁrmamentum
701 2611 806 2638 meum,
829 2608 857 2631 et

911 1548 1044 1576 quaerere,
1062 1542 1118 1569 noli
1132 1546 1210 1570 extra
1223 1550 1271 1570 eos
1288 1543 1335 1578 qui
1351 1543 1544 1578 praedicatione
1562 1543 1703 1580 Evangelii

874 1577 897 1606 Β
911 1587 1007 1615 salvati
1024 1592 1098 1615 sunt.
1110 1587 1252 1616 Christum
1267 1577 1398 1624 sponsum
1411 1590 1541 1626 intellige,
1550 1577 1702 1619 Ecclesiam

870 2250 894 2280 C

911 1641 1042 1668 sponsam
1066 1633 1126 1661 sine
1149 1635 1256 1662 macula
1280 1641 1307 1663 et
1326 1643 1411 1670 ruga,
1433 1635 1468 1663 de
1491 1644 1544 1670 qua
1570 1637 1704 1672 scriptum

909 1683 953 1706 est
969 1686 977 1705 τ
998 1677 1031 1706 Ut
1045 1679 1176 1707 exhiberet
1195 1681 1245 1707 sibi
1259 1681 1403 1716 gloriosam
1426 1681 1575 1709 Ecclesium
1589 1691 1641 1710 non
1654 1683 1704 1711 Ita-

910 1725 1011 1752 bentem
1025 1726 1157 1753 maculant
1166 1746 1174 1758 ,
1191 1735 1273 1762 neque
1288 1735 1398 1762 rugam,
1412 1733 1459 1756 aut
1475 1728 1578 1764 aliquid
1591 1737 1682 1757 eorum
1692 1750 1702 1762 ,

910 1772 955 1799 sed
975 1776 1004 1799 ut
1019 1773 1054 1799 sit
1076 1777 1170 1800 sancta
1195 1778 1219 1800 et
1245 1773 1460 1802 immaculata“.
1484 1774 1540 1803 Eos
1564 1783 1629 1804 vero
1655 1777 1703 1811 qui

910 1826 974 1846 curn
990 1819 1047 1846 sint
1059 1818 1164 1852 ﬁdeles,
1180 1827 1234 1847 non
1248 1824 1313 1847 sunt
1327 1824 1418 1848 tamen
1433 1820 1589 1849 istiusmodi
1606 1823 1702 1858 quales

909 1872 1002 1893 sermo
1024 1865 1154 1900 praefatus
1173 1871 1234 1900 est,
1257 1867 1304 1894 sed
1324 1866 1403 1902 juxta
1427 1867 1538 1896 modum
1555 1869 1702 1903 quemdam

909 1910 1001 1945 adepti
1024 1911 1150 1938 videntur
1171 1911 1303 1943 salutem,
1327 1912 1514 1940 animadverte
1531 1914 1701 1942 credentium

910 1958 1017 1985 animas
1031 1963 1057 1985 et
1071 1958 1289 1986 adolescentulas
1301 1966 1362 1987 esse
1376 1966 1439 1986 cum
1456 1967 1569 1995 sponsa.
1582 1961 1702 1996 Angulus

909 2011 990 2036 vero,
1004 2008 1031 2031 ct
1047 2011 1095 2034 eos
1111 2004 1158 2039 qui
1182 2009 1365 2039 pervenerunt
1380 2005 1408 2031 in
1424 2005 1510 2032 virum
1527 2005 1679 2040 perfectum
1692 2027 1701 2039 ,

910 2051 1029 2087 intelligo
1042 2052 1116 2080 viros
1127 2059 1190 2080 cum
1206 2059 1318 2087 sponso.
1338 2051 1403 2080 Inde
1419 2052 1502 2088 igitur
1521 2053 1591 2081 mihi
1606 2055 1701 2082 viden-

910 2103 954 2125 tur
970 2102 1089 2133 quatuor
1108 2098 1233 2131 ordines,
1253 2105 1338 2126 unum
1353 2101 1381 2126 et
1399 2106 1500 2132 unam,
1516 2099 1586 2127 duos
1601 2100 1702 2128 choros

910 2143 981 2171 inter
1001 2151 1031 2172 se
1050 2143 1242 2177 concinentes,
1267 2151 1396 2179 sponsam
1413 2152 1512 2173 canere
1525 2153 1588 2173 eum
1605 2145 1702 2180 juven-

910 2190 989 2223 culis,
1006 2198 1138 2225 sponsum
1157 2197 1256 2218 canere
1271 2197 1334 2218 cum
1351 2191 1443 2219 sociis.
1464 2190 1496 2218 Et
1514 2199 1578 2218 cum
1593 2191 1646 2220 hoc
1659 2191 1702 2219 in-

910 2236 1057 2269 tellexeris,
1072 2237 1137 2264 audi
1154 2236 1298 2264 Canticum
1312 2237 1494 2271 canticorum,
1506 2241 1533 2265 et
1547 2237 1647 2265 festina
1662 2238 1702 2265 in-

912 2281 1034 2316 telligere
1050 2281 1115 2308 illud
1126 2286 1154 2309 et
1169 2289 1232 2309 cum
1248 2289 1348 2316 sponsa
1365 2281 1457 2310 dicere
1473 2290 1504 2310 ea
1521 2290 1583 2318 quae
1598 2290 1700 2317 sponsa

908 2327 976 2355 dicit
989 2347 997 2360 ,
1018 2331 1048 2355 ut
1062 2327 1158 2356 audias
1171 2335 1232 2363 qute
1253 2327 1358 2356 audivit
1379 2332 1407 2355 et
1426 2335 1538 2363 sponsa.
1562 2328 1590 2356 Si
1606 2334 1699 2358 autem

909 2381 965 2401 non
983 2373 1105 2408 potueris
1119 2373 1211 2401 dicere
1230 2381 1292 2402 cum
1311 2381 1412 2409 sponsa
1433 2382 1495 2409 qua:
1510 2374 1589 2408 dixit,
1604 2380 1633 2403 ut
1647 2383 1698 2404 au-

907 2419 968 2447 dias
986 2426 1017 2446 ea
1034 2427 1096 2454 qua:
1117 2419 1189 2447 dicta
1212 2424 1278 2448 sunt
1303 2427 1427 2455 sponsae.
1452 2419 1551 2448 festina
1572 2421 1614 2449 vel
1636 2429 1699 2449 cum

909 2465 1003 2501 sponsi
1023 2465 1164 2493 sodalibus
1184 2465 1254 2493 lleri.
1278 2465 1364 2493 Porro
1381 2466 1404 2494 si
1419 2471 1447 2494 et
1461 2466 1515 2494 illis
1529 2466 1642 2494 inferior
1657 2475 1699 2500 es,

909 2517 970 2539 esto
985 2519 1048 2540 cum
1070 2511 1301 2546 adolescentulis,
1323 2520 1385 2547 quae
1415 2513 1443 2540 in
1466 2519 1575 2548 sponsae
1593 2513 1703 2541 deliciis

909 2561 1124 2585 commorantur.
1145 2555 1193 2584 Hae
1210 2556 1310 2592 quippe
1332 2557 1359 2585 in
1377 2557 1429 2585 hoc
1445 2557 1528 2591 libro,
1544 2557 1636 2585 fabula
1650 2565 1701 2593 pa-

910 2603 988 2637 riter,
1002 2607 1031 2632 et
1042 2603 1220 2639 epithalamio
1233 2608 1299 2632 sunt
1312 2611 1437 2639 persona
1453 2613 1460 2633 :
1476 2612 1509 2632 ex
1523 2611 1578 2640 quo
1591 2608 1618 2632 et
1636 2612 1703 2639 gen-

96 2683 120 2701 ²⁶
137 2683 225 2712 Exod.
241 2692 289 2718 xv,
309 2683 334 2711 1.
373 2683 396 2700 ³⁸
416 2682 495 2712 Deut.
511 2692 598 2717 xxxu,
617 2684 644 2712 Ι.
681 2684 704 2700 δ’
718 2683 808 2712 Judic.
827 2691 849 2712 v.

939 2681 1030 2719 lReg.
1046 2691 1114 2716 xxtl,
1129 2683 1157 2711 2.
1198 2683 1220 2700 δ’
1232 2681 1286 2712 lsa.
1304 2691 1330 2717 ν,
1345 2683 1371 2712 l.
1409 2683 1432 2700 “
1449 2683 1549 2719 Ephes.
1562 2683 1644 2718 v,27.

96 2755 133 2790 (3)
151 2755 266 2784 Collatte
281 2758 348 2790 sunt
369 2754 410 2782 hic
433 2753 554 2782 homiliai
565 2762 629 2790 cum
651 2762 718 2782 mss.
736 2754 747 2782 l
765 2755 849 2782 abba-

64 2790 105 2818 tiat
123 2789 153 2819 S.
170 2791 246 2819 Petri
263 2791 298 2818 de
319 2789 473 2817 Selincurte
486 2790 590 2818 ordinis
604 2789 850 2818 Prmmonstralen-

939 2753 978 2790 (ι)
999 2753 1049 2790 Sic
1058 2753 1139 2781 habet
1155 2753 1240 2782 codex
1253 2753 1485 2790 Selincurtianus.
1502 2752 1698 2782 Laudunensis

904 2788 974 2826 vero
985 2794 1012 2817 et
1028 2788 1219 2822 Turonensis,
1244 2789 1381 2816 dilectum.
1395 2788 1482 2825 _Libri
1509 2794 1589 2817 antea
1616 2791 1693 2826 editi,

65 2826 107 2859 sis,
126 2828 135 2853 t
151 2826 280 2855 ecclesia:
296 2825 466 2860 cathedralis
489 2825 691 2860 Laudunensis,
708 2825 720 2852 l
739 2825 850 2860 Major-is
905 2824 1018 2852 dilecta.

66 2860 225 2897 Iouasterii,
245 2862 260 2889 1
279 2860 442 2890 monasterii
457 2859 611 2889 Beccensis.
