1892 3050
187 117 224 145 59
730 115 924 144 ontctaxtsm
939 115 1123 158 curuum
1143 113 1279 148 castra.
1787 117 1820 144 40

188 165 248 191 tiles
260 163 311 190 sibi
325 162 533 196 epithalamium
543 163 761 195 \‘lntllCﬂl‘lllll.t‘l
779 165 856 191 istius
872 164 978 198 generis
994 167 1015 194 Α
1032 165 1114 192 modo
1127 172 1170 194 est
1182 168 1293 202 quidam
1312 164 1432 197 carnalis
1446 171 1535 204 eibus,
1547 176 1574 200 et
1590 172 1660 200 alius
1676 173 1825 208 spiritalis;

186 218 296 238 carmen
313 216 486 245 assumptum
501 215 542 239 est
555 208 828 245 (5).}:1pititalumium
841 211 975 245 siquidem

185 256 330 284 Canticum
355 257 536 284 canticorum.
566 256 687 283 Primum
716 263 815 290 sponsa
845 261 922 288 orat,
949 261 977 283 et

187 303 277 330 statim
295 303 320 330 in
336 303 432 330 mediis
447 303 573 337 precibus
589 304 708 331 auditur.
726 302 803 329 Videt
814 307 977 337 praesentem

187 357 330 383 sponsum,
344 349 417 375 vitet
438 349 657 376 atlolescentulas
669 357 718 377 Suo
733 349 875 376 comitatui
889 352 976 384 copu—

188 395 256 422 latas
291 394 391 421 Deinde
415 395 556 428 I'espotnlel
571 394 594 421 ci
611 402 748 429 sponsus:
764 398 791 421 et
806 399 867 428 post
881 394 976 429 sponsi

187 442 246 475 cloq
271 441 294 467 ia
306 462 314 472 ,
332 441 396 467 dum
414 441 456 466 ille
481 448 528 474 pro
545 440 603 474 ejus
617 440 718 473 patitur
739 440 842 470 salute.
862 448 976 475 respon-

186 488 250 513 ιιι-ιιι
274 488 397 518 δοιΙςιίι-ε,
425 488 511 514 donec
535 494 652 522 sponsus
666 487 702 514 sit
718 487 745 513 in
762 487 904 520 reenhitu,
922 491 946 514 et
960 494 975 514 ιι

187 534 314 567 passione
330 538 533 568 consurgat,se
546 532 669 567 ([ll:l‘tl:lltl
688 540 796 569 sponsa:
813 539 976 562 ornamenta

187 580 238 606 lact
245 589 318 607 ttros.

220 627 248 654 ‘2.
271 626 368 654 Verum
389 626 444 660 jam
463 626 520 660 ipsa
536 625 617 653 verba
634 626 757 660 ponenda
774 631 855 659 sunt,
874 626 900 653 in
916 626 978 661 qui-

185 674 236 700 bus
252 682 326 708 prius
343 682 391 699 \‘ux
409 681 517 708 sponszc
533 673 704 707 deprecantis
722 673 842 700 auditur.
861 672 938 707 (Cap.
958 681 976 705 t,

184 727 254 747 vers.
269 720 359 754 l:)13
370 719 509 755 Osrulctur
518 727 556 745 me
566 718 656 745 osculo
665 719 718 745 oris
729 727 781 745 sui.
791 719 913 752 Quorum
927 718 978 746 iste

183 771 224 794 est
243 775 340 794 srnsns
355 776 361 793 :
376 766 526 800 Quousque
549 773 669 800 sponsus
690 772 767 792 meus
783 765 866 792 tnittit
882 766 977 793 oscula

183 821 230 847 per
244 813 266 839 Μ
288 821 356 844 sem,
373 814 453 839 mittit
468 813 561 839 oscula
577 820 624 847 per
638 811 874 846 prophetasHam
891 812 976 846 ipsius

1019 215 1055 238 ,et
1073 211 1126 239 alia
1143 213 1234 241 carnis
1255 215 1341 248 potio,
1366 216 1419 243 alia
1439 217 1569 245 spiritus'
1591 218 1632 244 sic
1652 223 1694 244 est
1713 219 1824 245 auidam

1027 262 1106 282 amor
1122 257 1213 284 carnis
1228 266 1242 285 ει
1256 257 1355 286 Satana
1369 261 1490 294 veniens,
1507 262 1577 288 alius
1592 270 1669 289 amor
1680 270 1794 297 Spll‘lllls
1810 272 1825 290 ε

1029 301 1084 329 Deo
1093 304 1235 331 exordium
1258 306 1361 334 habens
1371 327 1378 339 ,
1400 313 1426 334 et
1437 316 1516 335 nemo
1528 313 1615 344 potest
1629 309 1735 336 t'uobus
1748 317 1825 337 altlo-

1029 347 1105 375 ribus
1120 349 1266 384 possideri.
1292 351 1319 378 Si
1339 353 1430 380 carnis
1452 359 1561 381 amator
1577 362 1617 387 es,
1633 363 1755 382 amorem
1773 356 1827 390 spi-

1030 395 1098 422 ritus
1113 404 1166 422 non
1180 397 1266 432 capis.
1284 397 1312 425 Si
1325 399 1416 426 omnia
1431 400 1581 435 corporalia
1594 401 1753 436 despcxisti,
1769 409 1824 430 nou

1029 441 1091 468 dico
1107 450 1216 469 carnem
1233 448 1280 470 aut
1300 445 1473 480 sanguinem,
1488 446 1534 474 sed
1558 453 1700 481 argentum
1719 452 1745 474 et
1760 456 1824 483 pos-

1029 486 1175 518 sessiones,
1187 488 1235 514 sed
1248 487 1334 523 ipsam
1351 495 1452 517 terram
1475 491 1621 529 ipsumque
1634 492 1747 525 emtum,
1764 494 1824 520 hate

1029 532 1128 566 quippe
1151 535 1375 567 pertransibunt;
1396 537 1417 564 si
1438 536 1488 564 ista
1507 537 1598 564 omnia
1621 539 1823 573 contempsisti,

1029 582 1055 604 et
1074 579 1107 605 ad
1125 579 1226 606 nullutn
1242 580 1338 607 horum
1364 582 1454 609 anima
1468 587 1513 609 tua
1532 583 1648 619 obligata
1666 589 1717 618 est,
1735 592 1825 620 neque

1028 632 1165 658 quoquam
1183 626 1310 654 vitiorum
1330 632 1424 655 amore
1444 629 1586 662 retincris,
1607 637 1684 664 potes
1699 638 1823 658 amorem

1029 678 1125 703 capere
1152 671 1313 706 spiritalem.
1340 673 1378 700 ita
1404 674 1487 702 locuti
1516 683 1613 702 sutuus
1638 677 1702 710 quia
1732 677 1826 704 evenit

1025 717 1148 756 occasio,
1174 722 1202 745 ut
1226 718 1260 746 de
1283 727 1376 746 amore
1399 720 1514 755 spiritali
1539 721 1631 756 aliqua
1655 721 1822 750 diceremus.

1032 754 1144 796 Expedit
1165 768 1255 790 autent
1280 765 1359 791 nobis
1376 765 1532 793 Salomonis
1554 767 1691 794 custodire
1718 775 1824 802 βιωθε-

1029 814 1122 843 ptum,
1144 814 1171 836 et
1193 810 1280 844 magis
1302 811 1375 838 illitis
1392 814 1438 846 qui
1461 820 1507 846 per
1528 812 1701 839 Salomonem
1728 814 1825 848 loque-

182 845 263 894 eppio
284 867 331 885 ora
348 859 520 893 contingi-re,
543 859 600 892 ipse
616 859 716 890 vtuiat,
739 858 797 890 ipse
819 858 974 885 descendat.
993 845 1012 872 Β
1029 856 1118 887 ΙιὲὶιυΓν
1141 854 1174 882 dli
1191 856 1323 890 sapientia
1344 856 1380 883 ila
1401 857 1513 884 (Πούπιδὲ
1528 859 1593 884 Ama
1617 858 1702 890 illam.
1720 864 1744 885 Et
1762 867 1823 885 ser-

182 906 248 931 Ut'at
263 905 345 939 igitur
357 905 448 939 sponsi
463 901 581 935 1’;ιιι·ι-ιιι,
596 909 622 930 et
637 903 702 930 dicit
717 903 751 930 al
767 911 829 930 eum
843 911 850 928 :
865 901 976 930 Oscula-

184 956 228 977 tur
239 959 278 976 me
289 950 378 976 oxrulo
393 950 445 976 oris
460 950 511 976 nti.
532 949 562 976 lit
579 952 642 984 quia
661 950 722 976 talis
738 954 779 976 cst
798 954 826 976 ιιι
840 950 977 984 complea-

184 1001 228 1024 tur
253 1004 337 1031 super
356 1002 414 1022 eam
440 995 626 1030 propheticum
650 995 715 1022 illud
738 995 764 1022 in
787 1002 841 1030 quo
860 995 973 1023 dicitur:

182 1042 276 1070 Adhuc
305 1048 328 1068 te
348 1043 467 1076 laqttcute
495 1041 582 1068 dicam
597 1049 606 1067 :
629 1041 694 1068 Em:
708 1042 820 1074 adsunt;
846 1046 974 1077 sponsam

183 1088 275 1121 sponsi
295 1087 373 1113 Pater
388 1087 509 1119 exaudit,
525 1086 608 1112 mittit
632 1086 731 1113 Filium
755 1094 846 1114 suum.
873 1085 975 1115 Videris

183 1133 226 1159 illa
249 1141 310 1160 eum
335 1133 413 1166 cujus
432 1133 629 1167 deprecabatur
652 1132 809 1164 adventum,
829 1140 909 1160 orare
928 1133 976 1160 de-

182 1180 261 1212 stitit,
289 1185 315 1206 et
340 1180 372 1206 ad
401 1186 461 1206 eum
489 1180 613 1207 cominus
638 1180 769 1214 loquitur.
793 1178 881 1215 (Vers.
898 1180 974 1214 1-2.)

183 1226 316 1258 Quoniam
335 1226 403 1253 bona
424 1225 504 1252 ubera
523 1231 569 1252 ttta
587 1232 666 1261 super
682 1227 783 1258 vinum,
800 1231 824 1253 et
844 1226 910 1253 od’or
926 1233 974 1253 un-

181 1277 337 1307 guentorum
356 1277 461 1298 tuorum
481 1279 559 1306 super
579 1272 669 1298 omnia
686 1276 820 1298 aromata.
848 1271 974 1306 Sponsus

183 1317 266 1352 igitur
288 1316 416 1343 Christus
442 1317 543 1343 missus
573 1325 588 1343 a
612 1316 691 1344 Patre
717 1317 792 1344 venit
818 1322 917 1344 unctus
941 1317 974 1345 ad

181 1370 328 1397 sponsam,
350 1367 376 1388 et
397 1362 497 1389 dicitur
520 1362 552 1388 ad
574 1370 634 1389 cum
654 1369 660 1388 :
687 1361 812 1389 Dilexisti
831 1363 973 1395 iustitiam,

180 1413 203 1435 et
218 1408 298 1434 odisti
317 1408 494 1441 iniquitatem,
513 1411 650 1441 propterea
672 1407 748 1434 unxit
774 1412 799 1434 te
811 1407 891 1440 Deus,
904 1408 973 1435 Deus

182 1461 242 1481 tuus
261 1454 318 1480 aleo
340 1453 526 1480 exsultationis
548 1459 604 1487 prce
626 1453 801 1488 participibus
829 1455 881 1481 tuis
893 1454 926 1481 “.
944 1454 972 1481 Si

181 1508 225 1528 me
247 1500 365 1535 tetigerit
392 1505 519 1534 sponsus,
546 1504 574 1526 ct
595 1507 645 1534 ego
664 1500 727 1526 boni
751 1500 843 1527 odoris
865 1508 923 1534 ero,
947 1506 973 1528 et

180 1555 230 1582 ego
244 1546 324 1573 liniar
339 1546 494 1581 unguentis,
509 1550 536 1573 et
551 1546 584 1572 ad
600 1554 643 1573 me
656 1554 742 1581 usque
755 1546 815 1581 ejus
829 1552 968 1582 unguenta

180 1593 348 1629 pervenient,
366 1597 395 1619 nt
410 1593 511 1627 possim
528 1600 589 1619 cunt
603 1592 731 1627 Apostolo
745 1592 835 1620 dicere
849 1602 856 1620 ε
869 1593 969 1620 Christi

179 1639 262 1666 bonus
279 1639 344 1666 ador
356 1647 447 1665 sumus
468 1639 495 1664 in
514 1639 585 1665 omni
601 1638 658 1665 loco
677 1638 709 1665 ".
727 1637 782 1666 Nos
800 1643 890 1666 autem
906 1647 968 1666 cum

180 1686 237 1712 haec
246 1685 410 1717 audivimus,
419 1684 506 1711 adhuc
515 1685 633 1719 peccatis
646 1684 774 1719 vitiisque
786 1684 924 1718 timemus,
936 1685 970 1713 de

179 1731 279 1766 quibus
289 1731 417 1765 propheta
425 1731 560 1765 paenitens
569 1730 689 1765 loquitur
697 1740 704 1758 :
714 1731 843 1758 l’utrueru
849 1736 875 1758 ut
884 1737 907 1758 et
915 1740 970 1758 cor-

180 1782 265 1811 rupta:
274 1783 334 1803 sunt
348 1777 484 1803 cicatrices
494 1784 557 1803 mea!
571 1784 587 1802 α
605 1776 673 1811 facit:
687 1776 848 1811 insipientia:
863 1785 926 1804 utea:
936 1777 968 1804 “.

179 1822 324 1850 Peccatum
341 1822 432 1850 odoris
447 1826 487 1850 est
501 1822 598 1857 putidi,
616 1822 702 1849 virtus
720 1823 806 1856 spirat
821 1828 969 1857 unguenta,

179 1876 296 1903 quorum
315 1873 393 1904 typos
409 1869 528 1903 reperies
550 1868 577 1894 in
595 1867 699 1895 Exodo.
723 1867 846 1896 Invenies
860 1877 970 1904 quoun

179 1914 215 1940 ibi
243 1918 365 1945 stacten,
391 1913 508 1949 onyclta,
535 1913 694 1948 galbanum,
713 1917 740 1940 et
762 1914 877 1949 reliqua.
907 1914 969 1942 Ila-c

178 1960 287 1995 quidem
309 1960 341 1986 ad
358 1960 498 1987 incensum
514 1967 520 1985 :
537 1959 636 1987 deinde
652 1960 685 1986 ad
703 1967 771 1995 opus
795 1961 968 1996 unguentarii

178 2007 253 2033 varia
280 2009 427 2033 sumuntur
449 2010 602 2041 unguenta,
636 2006 662 2033 in
683 2007 784 2041 quibus
805 2011 847 2034 est
867 2007 969 2034 uardus

177 2057 205 2079 et
219 2057 315 2080 stacte.
351 2051 383 2079 Et
404 2052 475 2079 Deus
488 2052 534 2087 qui
551 2051 615 2080 fecit
631 2053 729 2080 emtum
750 2058 777 2080 et
799 2058 909 2086 terram,
929 2054 969 2081 l0-

178 2099 272 2133 quitur
286 2099 318 2125 ad
335 2097 439 2127 Mosen.
456 2098 550 2125 dicens
570 2107 576 2125 :
598 2098 653 2133 Ego
680 2098 786 2133 implevi
810 2107 853 2126 eos
873 2100 969 2134 spiritu

178 2145 317 2178 sapientia!
335 2148 360 2170 et
382 2143 541 2176 intellectus,
561 2149 589 2170 ut
613 2144 714 2178 faciant
736 2152 814 2179 opera
832 2146 898 2172 artis
920 2153 969 2172 uu-

1028 900 1097 927 t-abit
1121 906 1163 932 te;
1186 901 1322 928 circumda
1347 902 1438 935 illam,
1456 908 1481 930 et
1501 904 1629 930 exaltabit
1653 908 1695 936 te:
1719 905 1822 932 honora

1028 947 1115 978 illam,
1141 952 1168 974 ut
1192 952 1216 973 te
1241 949 1417 982 amplectatur
1430 949 1464 974 ⁸⁸.
1483 948 1528 976 Est
1551 951 1662 984 quidam
1689 951 1823 985 spiritalis

1027 993 1179 1028 amplexus,
1195 998 1276 1028 atque
1301 996 1405 1022 utinam
1432 995 1573 1030 contingat
1587 1000 1617 1023 ut
1632 1002 1721 1023 meam
1738 1005 1824 1032 spon-

1027 1047 1084 1066 sam
1106 1040 1209 1067 arctius
1223 1040 1262 1075 (6)
1286 1041 1379 1076 sponsi
1402 1041 1546 1076 amplexus
1568 1041 1702 1075 includat,
1721 1047 1751 1070 ut
1771 1051 1823 1078 ego

1026 1092 1135 1120 quoque
1162 1086 1265 1120 possim
1289 1087 1380 1114 dicere
1404 1088 1476 1121 quod
1503 1087 1528 1114 in
1553 1088 1647 1115 elidant
1667 1088 1737 1115 libro
1752 1089 1822 1116 srri-

1025 1135 1101 1166 pttnn
1123 1136 1165 1158 est
1185 1141 1190 1158 :
1212 1131 1329 1159 Sinistra
1352 1133 1410 1167 ejus
1431 1132 1477 1160 sub
1499 1134 1584 1168 capite
1597 1142 1662 1166 meo,
1679 1140 1702 1162 et
1726 1135 1821 1163 dextra

1025 1178 1100 1204 illius
1118 1177 1315 1212 amplexabitur
1330 1187 1370 1206 me
1381 1179 1415 1211 δ’,

1061 1224 1087 1250 5.
1111 1224 1252 1251 Osculetur
1271 1232 1311 1251 me
1329 1232 1394 1259 ergo
1412 1225 1502 1252 osculo
1520 1225 1576 1252 oris
1597 1226 1650 1253 sui.
1672 1225 1758 1253 Moris
1779 1231 1822 1253 est

1027 1267 1230 1304 Seripturarum
1258 1270 1448 1305 imperativum
1477 1272 1587 1298 modum
1621 1280 1669 1306 pro
1699 1273 1822 1307 optativo

1025 1322 1138 1350 ponere,
1154 1320 1184 1342 ut
1202 1315 1238 1342 ibi
1253 1324 1260 1342 :
1273 1314 1356 1342 Pater
1370 1320 1460 1342 uoster
1473 1316 1519 1350 qui
1535 1324 1561 1343 es
1578 1316 1604 1343 iu
1620 1317 1704 1350 (telis,
1720 1318 1822 1344 sancti-

1025 1361 1121 1395 ﬁcatur
1144 1369 1239 1388 nomen
1255 1367 1329 1387 luunt
1347 1361 1383 1392 ιθ,
1401 1369 1462 1396 pro,
1486 1362 1595 1390 Utinam
1615 1363 1820 1397 sanctilieetur;

1025 1411 1052 1434 et
1066 1413 1139 1433 nunc
1157 1407 1184 1433 irt
1199 1406 1327 1441 praesenti
1342 1416 1349 1433 :
1365 1406 1510 1434 Osculctur
1532 1415 1572 1434 me
1589 1407 1678 1434 osculo
1697 1409 1753 1436 oris
1766 1408 1820 1441 sui,

1025 1459 1075 1487 pro
1087 1459 1119 1479 eo
1132 1452 1205 1486 quod
1221 1456 1275 1485 est,
1291 1451 1402 1479 Utinam
1419 1452 1570 1480 osculetur.
1594 1452 1694 1480 Deinde
1708 1453 1820 1488 conspi-

1025 1499 1062 1526 cit
1079 1505 1221 1533 sponsum.
1238 1497 1318 1525 Venit
1329 1498 1467 1525 delibutus
1488 1499 1636 1533 unguentis
1652 1507 1658 1524 :
1679 1506 1728 1525 nec
1741 1498 1822 1526 aliter

1024 1544 1058 1571 ad
1074 1552 1205 1579 sponsam
1228 1548 1336 1579 poterat
1351 1544 1454 1577 venire,
1473 1552 1523 1571 nec
1537 1544 1650 1572 decebat
1662 1545 1743 1572 alter
1757 1543 1814 1572 Pa-

1025 1595 1092 1617 trem
1107 1590 1139 1617 ad
1153 1590 1264 1625 nuptias
1278 1589 1377 1617 Filium
1391 1590 1538 1618 destinare.
1553 1590 1642 1619 Variis
1659 1598 1723 1618 eum
1741 1591 1823 1619 unxit

1024 1637 1172 1672 unguentis
1186 1657 1194 1670 ,
1228 1636 1293 1664 fecit
1315 1637 1391 1663 illum
1413 1636 1565 1664 Christum.
1596 1637 1678 1664 Venit
1703 1637 1822 1665 diversis

1024 1683 1157 1710 odoribus
1173 1683 1292 1718 spirans,
1309 1688 1335 1710 et
1350 1682 1436 1712 audit.
1450 1683 1513 1718 quia
1530 1682 1598 1710 bona
1613 1683 1696 1710 ubera
1712 1688 1759 1710 tua
1773 1692 1821 1710 su-

1026 1737 1073 1764 per
1083 1729 1184 1756 vinum.
1205 1729 1331 1763 Congrue
1344 1736 1435 1756 sermo
1449 1729 1559 1757 divinus
1575 1737 1657 1757 unam
1678 1730 1819 1757 eamdem-

1024 1783 1078 1811 que
1100 1783 1156 1802 rem
1173 1782 1223 1810 pro
1243 1775 1365 1802 locorum
1390 1775 1521 1810 qualitate
1540 1775 1658 1803 diversis
1676 1776 1819 1804 vocabulis

1024 1825 1174 1856 nttucupat.
1199 1820 1315 1854 Quando
1337 1821 1425 1848 hostia
1444 1821 1558 1848 otl'erlttr
1575 1821 1601 1848 in
1627 1821 1694 1857 lege,
1718 1826 1746 1849 et
1760 1822 1822 1850 vult

1024 1867 1191 1894 intellectum
1220 1867 1384 1900 ostendere,
1415 1867 1603 1901 pectusculum
1634 1867 1819 1902 separationis

1024 1913 1122 1940 otiatur
1132 1912 1181 1948 (7).
1199 1911 1314 1945 Quando
1329 1920 1391 1939 rero
1405 1913 1540 1940 recumbit
1554 1913 1653 1947 aliquis
1666 1920 1728 1940 cum
1739 1911 1818 1945 Jesu,

1024 1964 1051 1986 et
1071 1967 1202 1987 sensuum
1220 1959 1281 1993 ejus
1301 1958 1495 1986 communione
1514 1958 1673 1994 perfruitur,
1695 1966 1749 1986 non
1767 1966 1818 1994 pe-

1024 2005 1177 2032 etusculum
1207 2010 1237 2031 ut
1263 2012 1364 2039 supra,
1395 2003 1443 2032 sed
1471 2009 1566 2040 pectus
1592 2005 1742 2039 alloquitur
1764 2004 1816 2039 (8).

1023 2050 1109 2078 Porro
1128 2059 1190 2078 cum
1213 2057 1313 2085 sponsa
1336 2050 1459 2084 loquitur
1473 2050 1506 2077 ad
1526 2058 1667 2085 sponsum,
1683 2050 1747 2085 quia
1765 2057 1819 2077 nu-

1025 2097 1106 2132 ptiale
1129 2105 1242 2124 carmen
1268 2095 1416 2128 inducitur,
1442 2103 1497 2123 non
1519 2095 1718 2130 pectusculum,
1740 2100 1770 2122 ut
1787 2095 1817 2122 iu

1025 2143 1180 2177 sacriﬁcio;
1196 2150 1251 2169 non
1265 2147 1370 2177 pectus,
1389 2146 1419 2169 ut
1435 2141 1462 2169 in
1477 2141 1581 2170 Joanne
1597 2142 1750 2176 discipulo;
1767 2142 1817 2169 sed

179 2189 324 2224 gucutariw
337 2189 358 2204 ‘7
373 2198 379 2215 :
395 2193 423 2215 et
439 2189 633 2223 unguentarios
649 2189 719 2217 Deus
732 2189 821 2218 docet.
838 2190 901 2218 llaec
916 2191 967 2219 nisi
984 2194 1009 2223 Ι)
1024 2195 1053 2218 ιιι
1076 2191 1160 2217 ubera
1181 2190 1321 2221 nominat,
1341 2188 1434 2216 dicens
1454 2197 1462 2215 :
1486 2187 1556 2220 Quia
1575 2187 1642 2214 bona
1665 2188 1746 2214 ubera
1767 2192 1818 2214 tua

179 2234 338 2268 spiritaliter
363 2233 559 2268 intelligantur,
583 2241 674 2262 nonne
697 2235 794 2263 fabulae
818 2236 898 2263 sunt?
915 2236 966 2263 nisi

179 2279 280 2313 aliquid
303 2279 421 2306 habeant
442 2279 550 2310 secreti,
574 2287 665 2306 nonne
685 2279 794 2315 indigna
817 2286 882 2308 sunt
896 2281 970 2308 Deo?

180 2325 297 2352 Nv‘cesse
312 2330 354 2352 est
376 2325 459 2359 igitur
476 2333 538 2352 eum
560 2325 606 2360 qui
629 2326 724 2353 audire
737 2326 893 2361 Scripturns
913 2329 969 2362 spi-

181 2373 314 2400 ritualiter
327 2373 412 2404 novit,
432 2377 479 2399 aut
492 2373 537 2407 qtti
558 2377 630 2400 certe
647 2381 699 2400 non
720 2374 805 2406 novit,
822 2379 848 2402 et
861 2375 968 2402 desidet-

181 2425 223 2446 rat
243 2426 337 2452 nosse,
362 2420 435 2446 omni
456 2420 547 2446 labore
569 2420 744 2452 contendere,
767 2426 796 2447 nt
819 2428 871 2447 non
891 2421 968 2455 juxta

179 2472 290 2492 cantem
311 2470 339 2492 et
354 2465 514 2498 sanguinem
536 2471 722 2496 conversetur,
745 2474 799 2500 quo
822 2467 908 2501 possit
923 2467 967 2493 di-

180 2518 250 2546 gnus
274 2509 332 2536 ﬁeri
360 2509 522 2541 spiritalium
545 2515 733 2543 secretorum,
759 2516 787 2538 et
811 2517 841 2539 ut
865 2512 967 2546 aliquid

180 2556 326 2583 audentius
348 2556 448 2588 dicam,
469 2556 583 2590 spiritali
605 2557 733 2591 cupidine
750 2561 790 2584 vel
818 2565 910 2585 amore
928 2567 971 2586 ac-

180 2603 324 2636 cendatur;
343 2602 477 2637 siquidem
496 2607 538 2630 est
554 2607 582 2630 et
593 2603 722 2638 spiritalis
737 2611 825 2630 amor.
852 2603 885 2630 Et
899 2610 971 2640 quo-

217 2649 240 2664 “
253 2648 323 2676 Psal.
343 2657 415 2681 xuv,
430 2648 457 2677 8.
495 2649 517 2665 ’⁸⁸
530 2648 551 2676 ll
563 2649 627 2677 Cor.
642 2658 670 2683 ιι,
683 2650 727 2677 l5.

182 2692 212 2715 tt.
225 2684 251 2711 6.
289 2684 311 2699 ⁵⁸
323 2684 415 2712 Matth.
433 2693 469 2717 vt,
485 2685 511 2713 9.

217 2731 255 2767 l5)
280 2730 369 2758 Codex
397 2731 540 2759 Beccensis
563 2741 570 2759 :
598 2731 662 2760 Ha't:
694 2731 788 2767 quippe
810 2732 966 2766 fabulantur

182 2766 282 2800 pariter
300 2771 328 2801 et
355 2767 553 2798 epithalamium
572 2775 650 2794 suum
672 2768 822 2801 permutat.
851 2767 893 2793 Ex
918 2769 965 2794 hac

183 2805 270 2836 geules
283 2800 332 2826 sibi
344 2801 539 2834 epithalamium
551 2802 728 2833 vindicarunt,
737 2806 761 2828 et
776 2802 854 2828 istius
867 2803 966 2837 generis

183 2840 377 2862 διιτνιιηιιτιιιιιηι
389 2843 552 2868 assumptum
565 2842 614 2863 εει.

219 2871 258 2905 (li)
278 2870 356 2904 Mss,
372 2873 481 2898 arctius.
499 2871 576 2898 Libh.
591 2872 668 2905 edit.,
686 2871 776 2898 altior.

1021 2245 1100 2273 super
1114 2237 1212 2264 riuum.
1235 2234 1413 2263 Commuuica
1437 2239 1466 2261 ut
1485 2242 1585 2269 sponsa
1608 2242 1670 2262 cum
1687 2234 1814 2262 sensibus

1023 2284 1127 2319 sponsi,
1155 2287 1183 2311 et
1212 2282 1285 2310 scias
1312 2282 1374 2316 quia
1402 2281 1537 2308 inebriant
1566 2286 1648 2315 atque
1675 2281 1818 2308 lsetilieane

1022 2329 1175 2357 istiusmodi
1192 2329 1339 2364 cogitatus.
1358 2327 1501 2360 Quomodo
1515 2331 1605 2354 autem
1620 2327 1691 2354 calix
1704 2326 1814 2354 Domini

1022 2375 1163 2402 inebrians
1190 2381 1272 2408 quam
1305 2372 1504 2407 optirnusest.
1537 2372 1578 2399 sic
1603 2372 1685 2399 ubera
1718 2372 1815 2406 sponsi

1023 2421 1097 2448 otnni
1114 2420 1225 2447 meliora
1238 2423 1302 2446 sunt
1315 2419 1390 2445 vino.
1410 2417 1482 2450 Quia
1497 2417 1565 2445 bona
1580 2418 1661 2445 ubera
1674 2422 1720 2444 tua
1734 2425 1817 2451 super

1024 2469 1125 2495 viuum.
1147 2466 1174 2493 ln
1197 2466 1295 2493 mediis
1308 2465 1436 2500 precibus
1452 2465 1486 2492 ad
1503 2470 1633 2500 sponsum
1648 2465 1730 2492 verba
1748 2473 1815 2492 con-

1025 2513 1127 2542 vertit:
1144 2512 1178 2539 Et
1195 2512 1261 2538 odor
1281 2516 1475 2546 unguentorum
1495 2516 1601 2538 tuorum
1624 2519 1703 2545 super
1722 2511 1815 2537 ontnia

1025 2563 1157 2587 aromata.
1169 2557 1227 2585 Non
1246 2564 1312 2590 uno,
1327 2556 1374 2584 sed
1394 2556 1523 2583 omnibus
1539 2563 1658 2591 sponsus
1673 2563 1695 2582 vt
1705 2555 1746 2583 nit
1762 2563 1815 2582 un-

1026 2610 1087 2634 otus
1103 2603 1248 2639 unguentis
1268 2602 1317 2636 (9).
1343 2601 1371 2629 Si
1388 2607 1477 2635 autem
1497 2607 1525 2630 et
1540 2601 1574 2630 ad
1589 2609 1676 2629 meam
1692 2602 1814 2628 animam

782 2650 803 2665 ‘“
815 2650 887 2678 Psal.
905 2661 1008 2687 xxxv",
1026 2653 1053 2679 6.
1092 2651 1114 2666 ⁸⁷
1131 2649 1216 2677 Exod.
1232 2656 1306 2682 xxxi,
1324 2649 1350 2675 5.
1399 2647 1421 2663 ⁸⁸
1431 2647 1511 2675 Prov.
1529 2656 1566 2681 Iv,
1581 2647 1608 2679 7,
1622 2648 1649 2675 8.
1697 2648 1719 2664 "
1731 2648 1812 2676 Cant.

1055 2732 1093 2766 (7')
1115 2730 1337 2766 Selincurtianus
1353 2735 1379 2757 et
1393 2728 1547 2764 Beccensis,
1567 2730 1686 2764 o/fertur.

1058 2764 1096 2802 (8)
1119 2767 1200 2802 bilem
1215 2773 1295 2802 rrtss.,
1312 2764 1455 2802 eloquitur.

1057 2800 1095 2836 (tt)
1115 2801 1206 2829 Codex
1224 2800 1367 2827 Beccensis
1380 2807 1387 2827 :
1401 2808 1459 2836 non
1479 2807 1545 2833 uno,
1561 2800 1607 2827 sed
1626 2800 1746 2826 omnibus
1762 2807 1811 2826 ιιοι

1023 2842 1116 2863 unctus
1132 2835 1185 2863 t‘ttll
1201 2836 1263 2869 ungi
1278 2835 1430 2869 unguentis.
