1892 3050
65 153 92 181 ιι
797 148 939 179 ιιοιιιιιιΑ
960 148 980 176 l.
1664 154 1700 181 η

69 212 163 241 iactam
187 222 324 250 sponsam
350 225 428 245 suam
447 224 565 252 sponsus
580 223 672 244 venire
687 213 854 249 dignabitur,
871 214 893 241 A
906 209 1220 245 ιπωίιίωωτυοῐηίηιιει
1236 209 1410 246 Unguentum
1431 210 1503 238 enim
1517 211 1634 239 emlsum
1649 221 1699 240 110·

71 268 149 296 quam
164 268 274 296 oportet
285 270 348 291 esse
359 264 518 297 formosam,
532 269 562 291 ut
573 264 650 291 illum
663 263 696 290 de
708 261 780 289 caelo
790 260 823 288 ad
835 267 865 286 se

73 306 176 340 trahat,
201 312 233 335 ut
253 309 421 337 descendere
444 310 526 337 faciat
549 310 582 337 ad
605 314 702 339 terras,
726 311 757 334 ut
776 306 865 334 veniat

74 352 107 380 ad
128 353 271 380 amatam?
298 354 378 387 Quali
403 356 603 390 pulchritudine
630 352 783 382 decoranda
805 352 865 380 θειῖ

75 397 147 431 quali
165 398 246 425 debet
265 406 361 427 amore
377 399 491 433 fervere,
512 405 542 427 ut
553 408 583 428 ea
600 400 726 435 loquatur
741 398 775 426 ad
790 398 864 426 illam

76 449 135 476 quae
150 443 184 470 ad
199 442 349 477 perfectam
366 444 474 473 locutus
486 450 530 474 est
541 452 680 480 sponsam,
693 445 757 480 quia
773 443 863 471 cervix

74 492 129 520 tua,
144 488 210 522 quia
225 489 300 517 oculi
315 490 364 522 tui,
376 491 439 525 quia
451 498 525 525 genae
537 495 600 522 tuae,
615 490 679 526 quia
690 497 788 518 manus
800 495 864 524 tuae,

71 534 133 568 quia
151 539 249 562 vetth
264 539 340 569 tuus,
352 536 416 571 quia
426 536 532 563 humeri
543 536 593 567 tui,
603 536 665 571 quia
677 536 757 570 pedes
770 535 865 563 tui.De

72 578 184 612 quibus,
201 579 226 606 si
239 580 407 608 concesserit
420 579 562 614 Dominus,
574 581 774 616 disputabimus
793 587 864 615 quo-

71 624 155 651 modo
166 632 279 660 sponsae
290 626 412 654 membra
423 627 572 660 varientur,
582 632 609 654 et
616 627 784 662 singularum
802 634 866 661 par-

72 668 140 696 tium
148 669 210 697 laus
216 669 323 698 diversa
333 671 450 704 dicatur,
458 677 557 708 utpost
563 672 774 707 disputationem
782 673 865 700 etiam

71 715 105 741 ad
119 719 244 743 nostram
259 716 312 744 dici
331 717 449 745 animam
466 718 596 746 similiter
611 719 779 747 laboremus.
789 718 866 746 Bona

73 760 157 795 igitur
163 763 244 788 ubera
251 766 297 788 tua
305 771 382 797 super
389 764 488 798 uinum,
501 764 553 801 ιι
563 769 588 792 et
598 765 664 792 odor
674 770 867 800 unguentorum

74 811 181 833 tuorum
198 816 279 842 super
294 809 384 836 omnia
398 816 533 838 aromata.
550 811 578 838 Si
591 812 693 840 videris
721 819 864 847 sponSum.

73 857 138 879 tunc
155 852 292 889 intelliges
310 863 404 883 verum
419 863 480 883 esse
495 857 567 891 quod
582 857 683 885 dicitur
703 866 709 883 :
731 857 867 890 Quoniam

73 899 141 925 bona
160 899 242 926 ubera
262 905 308 927 tua
328 909 407 936 super
422 902 523 935 vinum,
546 907 571 929 et
586 903 652 930 odor
671 908 866 938 unguentorum

73 949 182 972 tuorum
197 953 277 980 super
289 947 377 974 omnia
390 954 523 975 aromata.
539 947 617 976 Multi
632 948 786 977 habuerunt
800 956 866 976 aro-

74 996 158 1018 mata.
183 990 287 1027 Regina
301 992 396 1021 Austri
417 993 515 1021 detulit
535 999 659 1022 aromata
679 993 865 1028 Salomoni",

73 1041 101 1063 et
118 1037 213 1072 plures
233 1037 279 1064 alii
299 1043 423 1066 aromata
445 1038 625 1074 possederunt
645 1047 652 1065 :
673 1038 721 1067 sed
742 1039 868 1066 habuerit

75 1082 138 1117 quis
166 1083 359 1117 quantalibet,
386 1092 442 1112 non
465 1089 582 1120 possunt
604 1084 706 1113 Christi
734 1084 867 1113 odoribus

74 1129 242 1162 comparari,
258 1129 292 1157 de
311 1130 412 1164 quibus
431 1138 504 1158 nune
526 1137 627 1165 sponsa
640 1131 700 1158 ait:
718 1130 792 1158 Odor
814 1139 867 1158 uu-

75 1179 234 1208 guentarum
250 1179 356 1202 tuorum
376 1184 454 1211 super
465 1177 554 1204 omnia
569 1180 701 1204 aromata.
717 1175 774 1212 Ego
791 1177 866 1204 arbi-

76 1224 134 1247 tror
150 1220 217 1254 quia
238 1225 266 1247 et
282 1220 371 1249 Moses
391 1221 488 1250 habuit
512 1227 644 1254 aromata,
668 1226 697 1250 et
713 1222 816 1256 Aaron,
839 1227 867 1250 et

77 1265 179 1300 singuli
203 1266 419 1302 prophetarum:
443 1275 537 1295 verum
559 1268 583 1296 si
600 1268 694 1295 videro
714 1267 866 1302 Christum,

75 1316 104 1338 et
120 1312 284 1340 suavitatem
301 1317 501 1349 unguentorum
515 1313 576 1350 ejus
592 1314 757 1350 odoremque
770 1321 865 1349 perce-

76 1364 154 1392 pero,
174 1358 268 1386 statim
290 1359 453 1387 sententiam
474 1359 584 1395 profero
597 1359 709 1389 dicens:
727 1360 800 1388 Odor
817 1367 868 1387 un-

76 1409 236 1437 guentorum
249 1409 356 1432 tuorum
368 1413 447 1440 super
457 1406 546 1432 omnia
557 1410 689 1434 aromata.

112 1449 140 1476 4.
162 1449 242 1477 Vere.
265 1449 294 1477 2.
316 1450 411 1478 Oleum
434 1451 545 1485 effusum
569 1459 662 1479 nomen
686 1456 772 1480 tuum.
800 1452 868 1480 Pro-

79 1493 222 1528 pheticum
247 1500 448 1523 sacramentum
464 1499 516 1524 est.
544 1495 744 1526 Tantummodo
768 1504 868 1526 nomen

916 263 978 283 men
999 255 1069 290 ejus.
1096 255 1174 283 Nunc
1188 256 1256 284 Mosi
1280 264 1379 284 nomen
1404 257 1523 290 auditur,
1536 258 1608 292 quod
1625 259 1702 293 prius

914 299 1015 328 Judaaaa
1042 305 1147 328 tantum
1168 301 1344 329 claudebatur
1368 303 1512 337 angustiis,
1527 310 1615 338 neque
1629 304 1702 330 enim

915 345 1071 374 Graecorum
1094 346 1228 382 quispiam
1252 347 1377 375 meminit
1398 348 1468 383 ejus,
1490 355 1578 383 neque
1599 349 1627 376 in
1649 349 1703 377 ulla

915 392 1057 426 gentilium
1078 392 1230 420 litterarum
1256 393 1370 421 historia
1397 394 1430 422 de
1458 394 1504 421 illo
1525 402 1575 422 ceu
1597 395 1704 423 caeteris

915 437 1047 472 scriptum
1069 438 1173 473 aliquid
1193 439 1358 467 invenimus.
1385 439 1481 467 Statim
1507 445 1537 468 ut
1556 439 1638 468 Jesus
1660 449 1706 468 ra-

915 482 1001 511 diavit
1014 483 1041 510 in
1056 485 1170 517 mundo,
1185 485 1281 513 eduxit
1293 493 1388 514 secum
1405 487 1491 522 legem
1505 491 1532 514 et
1543 487 1703 522 prophetas,

915 532 942 556 ct
956 535 1019 556 vere
1032 530 1198 565 completum
1211 536 1253 559 est
1266 539 1273 557 :
1292 530 1459 567 Unguentum
1474 533 1589 568 eﬁ'usum
1610 541 1705 561 nomen

916 579 943 602 ιιι
947 583 1001 603 um.

950 621 978 648 5.
1010 620 1088 649 Vers.
1107 622 1136 649 ὅ.
1157 622 1300 657 Propterea
1321 623 1470 657 jut'enculw
1493 624 1642 652 dilexerunt
1669 629 1693 652 te

915 665 985 699 Quia
1003 675 1049 701 per
1061 666 1192 701 Spiritum
1213 673 1336 696 sanctum
1357 669 1474 697 cltaritas
1488 670 1536 697 Dei
1554 671 1654 705 diffusa
1665 675 1705 698 est

916 711 943 738 in
956 712 1037 738 corda
1048 717 1140 740 nostra
1152 713 1186 747 “,
1201 721 1321 749 congrue
1346 723 1444 742 nomen
1462 716 1604 744 cll'usionis
1622 716 1706 745 infer-

917 762 981 786 tur:
998 757 1164 793 Unguentum
1179 760 1293 793 e/Tusum
1312 769 1405 788 nomen
1425 767 1510 789 tuum.
1532 761 1596 791 "me
1612 763 1706 791 dicens

920 810 1023 837 sponsa
1037 804 1255 832 ad'olescenlulas
1270 805 1412 841 conspicit.
1427 806 1543 840 Quando
1554 807 1599 835 illa
1609 808 1704 843 sponsi

918 853 1023 883 patrem
1048 850 1175 885 rogabat,
1200 855 1227 877 et
1249 850 1283 878 ad
1306 850 1395 886 ipsum
1421 859 1552 886 sponsum
1579 854 1705 881 cominus

883 884 904 914 Β
919 884 1103 928 loquebatur,
1131 895 1246 923 necdum
1275 884 1486 925 adulescentula
1509 897 1622 926 aderant
1645 907 1652 925 :
1677 898 1704 926 in

917 939 1017 967 mediis
1051 947 1116 968 vero
1148 941 1275 976 precibus
1311 942 1462 978 ingreditur
1496 943 1704 978 juvencularum

916 984 1019 1012 chorus
1045 990 1073 1012 et
1095 993 1204 1020 sponsa:
1228 986 1355 1016 laudatur
1376 988 1503 1024 eloquiis.
1529 988 1619 1024 (Vers.
1635 991 1705 1026 5-4.)

919 1029 1062 1065 Propterea
1071 1031 1221 1065 juvencula:
1236 1033 1386 1061 dilexerunt
1400 1039 1434 1068 te,
1446 1040 1471 1062 et
1487 1040 1656 1064 attraxerant
1667 1043 1702 1066 te.

917 1075 1189 1113 Adolescentulaeque
1203 1079 1368 1114 respondent
1382 1090 1389 1108 :
1403 1080 1468 1108 Post
1480 1086 1505 1108 te
1520 1081 1547 1108 in
1559 1081 1638 1109 odore
1656 1091 1706 1110 tm-

918 1126 1073 1155 gueutorum
1090 1127 1195 1150 tuorum
1211 1132 1356 1152 currentus.
1369 1125 1458 1158 Quam
1469 1126 1582 1161 pulchre
1595 1134 1704 1162 sponsa:

918 1167 1087 1202 pedissequte
1114 1168 1228 1196 necdum
1246 1169 1371 1197 llduciam
1390 1171 1490 1198 habent
1509 1179 1616 1206 sponsa:
1635 1173 1703 1208 (ll).

919 1211 1024 1247 Sponsa
1044 1220 1099 1240 non
1117 1217 1179 1248 post
1198 1220 1301 1250 tergum
1324 1214 1464 1250 sequitur,
1483 1216 1531 1244 sed
1553 1216 1704 1252 ingreditur

917 1257 1012 1292 juncta
1029 1257 1119 1291 lateri,
1139 1260 1372 1296 apprehenditque
1393 1261 1534 1290 dexteram
1552 1263 1658 1298 sponsi,
1677 1269 1705 1291 et

920 1310 1018 1332 manus
1041 1303 1103 1339 ejus
1126 1305 1219 1339 sponsi
1249 1304 1361 1333 dextera
1389 1307 1556 1335 continetur.
1584 1307 1705 1336 Famula:

920 1356 985 1377 vero
1010 1349 1202 1386 ingrediuntur
1224 1355 1287 1386 post
1310 1359 1381 1380 eam.
1410 1352 1557 1389 Sexaginta
1575 1359 1640 1382 sunt
1660 1362 1705 1383 re-

920 1395 990 1431 ginae
1004 1399 1032 1422 et
1047 1396 1183 1432 octoginta
1194 1397 1393 1432 concubinae,“
1404 1398 1566 1434 juvenculze,
1584 1408 1702 1436 quorum

921 1449 977 1470 non
993 1447 1036 1471 est
1050 1450 1182 1472 numerus
1194 1444 1229 1472 ".
1248 1443 1307 1472 Una
1324 1449 1365 1472 est
1383 1445 1508 1473 columba
1530 1454 1601 1480 mea,
1616 1448 1705 1483 perfe-

920 1493 963 1516 cta
982 1495 1053 1521 mea,
1066 1495 1121 1516 una
1135 1493 1176 1517 est
1191 1490 1269 1517 matri
1292 1497 1359 1523 suat,
1375 1498 1428 1518 una
1440 1496 1483 1520 est
1498 1492 1523 1519 ei
1537 1500 1598 1527 quae
1614 1494 1708 1522 conci-

77 1539 145 1567 Jesu
161 1540 236 1567 venit
255 1539 281 1567 in
298 1541 441 1575 mundum,
462 1547 489 1570 et
509 1547 679 1579 unguentum
704 1543 868 1579 praedicatur

925 1534 961 1568 pit
978 1533 1064 1562 illam.
1080 1533 1146 1562 Post
1165 1539 1190 1562 te
1207 1542 1272 1570 ergo
1291 1534 1320 1563 in
1336 1535 1420 1563 odore
1434 1542 1631 1572 unguentorum
1646 1543 1707 1567 tuo-

77 1585 208 1613 eﬂusum.
231 1584 260 1613 ln
273 1585 419 1622 Evangelio
434 1595 544 1623 quoque
561 1589 584 1605 "
607 1589 705 1616 mulier
729 1589 867 1624 accipiens

78 1630 252 1659 alabastrum
271 1633 402 1668 unguenti
427 1634 504 1661 nardi
523 1634 611 1669 pistici
634 1635 761 1670 pretiosi,
787 1639 869 1671 caput

81 1677 145 1706 Iesu
168 1677 305 1713 pedesque
334 1678 461 1713 perfudit.
488 1679 607 1708 Observa
631 1680 775 1716 diligenter
806 1689 869 1716 qua

78 1725 113 1752 de
130 1724 239 1752 duabus
265 1732 347 1757 super
376 1729 456 1760 caput
478 1726 601 1753 eﬂuderit
624 1726 775 1754 Salvatoris
798 1733 806 1752 :
829 1727 869 1755 si-

78 1770 190 1805 quidem
219 1770 356 1805 peccatrix
381 1779 462 1806 super
476 1772 556 1806 pedes
581 1773 615 1804 ",
627 1776 654 1799 et
664 1780 694 1800 ea
702 1779 761 1806 qua:
769 1770 871 1799 dicitur

80 1821 137 1842 non
164 1814 251 1842 fuisse
279 1816 417 1850 peccatrix
449 1825 531 1852 super
564 1822 645 1852 caput
677 1818 738 1852 ejus
765 1817 870 1846 fudisse

82 1865 251 1888 monstratur
269 1860 355 1897 "(l0)
370 1858 492 1889 Observa
508 1861 636 1897 inquam,
648 1867 675 1891 et
699 1864 819 1892 invenies
842 1864 869 1891 in

79 1906 239 1941 evangelica
256 1906 387 1940 lectione,
406 1915 460 1935 non
481 1906 587 1936 fabulas
607 1913 634 1936 et
650 1910 820 1938 narrationes
835 1910 870 1938 ab

79 1951 267 1986 evangelistis,
282 1952 328 1980 sed
344 1953 473 1988 mysteria
488 1961 549 1981 esse
571 1954 735 1990 conscripta.
758 1955 869 1990 lmpleta

77 2001 121 2022 est
144 1997 239 2031 utique
261 1997 346 2025 odore
360 1998 490 2033 unguenti
514 1999 621 2027 domus.
646 1999 674 2027 Si
691 2000 756 2035 quid
772 2009 870 2035 pecca-

78 2043 130 2070 trix
144 2043 252 2076 habuit,
268 2043 301 2071 ad
316 2043 398 2078 pedes
414 2044 583 2072 referendum
600 2050 656 2078 est;
675 2050 701 2073 et
721 2046 743 2074 si
758 2047 822 2082 quid
835 2055 867 2074 ea

77 2096 140 2124 quae
156 2097 213 2116 non
229 2089 376 2123 peccatrix,
396 2089 430 2117 ad
453 2095 543 2125 caput.
567 2090 621 2118 Nec
641 2091 740 2118 mirum
754 2093 866 2120 domum

78 2135 164 2163 fuisse
182 2135 267 2162 odore
286 2136 465 2170 completam,
487 2143 548 2164 cum
570 2137 621 2164 hoc
636 2137 731 2164 ordine
749 2138 868 2166 mundus

78 2182 233 2217 completus
249 2181 295 2209 sit.
320 2181 453 2210 Scribitur
474 2182 501 2210 in
519 2183 613 2210 eodem
630 2182 690 2210 loco
706 2184 740 2211 de
756 2183 867 2213 Simone

79 2226 189 2262 leproso
203 2231 231 2254 et
252 2226 334 2254 domo
356 2226 427 2261 ejus.
454 2227 510 2262 Ego
524 2233 590 2264 puto
612 2228 750 2264 leprosum
773 2229 866 2258 mundi

79 2274 160 2301 istius
177 2280 240 2300 esse
259 2273 420 2308 principem,
443 2279 470 2302 ct
482 2274 555 2302 hunc
576 2274 713 2309 leprosum
728 2273 866 2304 Simonem

80 2318 246 2354 nuncupari,
259 2318 339 2354 cujus
353 2319 451 2347 domus
464 2319 497 2347 ad
513 2319 658 2348 adventum
674 2320 775 2348 Christi
790 2321 867 2348 suavi

80 2364 164 2392 odore
180 2364 316 2398 completa
331 2362 367 2392 Sit
381 2370 477 2400 agente
495 2366 682 2401 paenitentiam
705 2367 867 2401 peccatrice,

81 2415 108 2437 et
131 2413 226 2437 sancta
251 2413 334 2444 caput
351 2409 416 2437 Iesu
442 2410 573 2445 unguenti
598 2411 730 2438 odoribus
755 2410 868 2446 perfun-

81 2456 170 2483 dente.
188 2454 356 2490 Unguentum
370 2455 482 2489 e/I‘usum
497 2465 590 2483 nomen
611 2462 696 2484 tuum.
725 2457 870 2490 Quomodo

81 2505 251 2536 unguentum
267 2501 341 2535 quod
358 2499 492 2528 eﬂusione
511 2508 561 2528 sua
578 2501 690 2529 odorem
704 2502 785 2537 longe
800 2502 868 2530 late-

81 2554 134 2581 que
148 2546 291 2581 dispergit,
313 2546 354 2573 sic
370 2545 472 2574 Christi
495 2554 593 2575 nomen
617 2547 733 2575 effusum
761 2553 813 2576 est.
840 2547 869 2575 In

80 2595 209 2622 universa
228 2599 299 2622 terra
312 2593 439 2622 Christus
455 2593 621 2627 nominatur,
634 2594 661 2621 in
673 2594 747 2622 omni
764 2595 868 2622 mundo

119 2667 140 2702 ⁸]
157 2666 191 2702 lll
207 2666 274 2702 Reg.
291 2674 319 2693 κ.

83 2701 106 2717 ⁸⁷
125 2701 134 2728 Ι
150 2701 214 2729 Cor.
235 2700 270 2734 Ix,
287 2702 332 2728 Ἠ.
372 2701 394 2716 ³⁸
409 2700 484 2727 Joan.
501 2708 541 2731 ιιι,
554 2700 599 2726 29.

121 2768 179 2802 (10)
196 2768 289 2796 Codex
307 2768 451 2796 Bcccensis
465 2778 472 2795 ε
489 2768 518 2796 Si
540 2769 671 2804 peccatrix
691 2778 768 2804 super
781 2771 868 2804 pedes,

83 2808 111 2830 et
123 2812 152 2830 ea
163 2812 220 2838 quae
231 2804 422 2837 diciturfuisse
430 2805 573 2837 peccatrix,
586 2813 636 2831 non
647 2806 781 2839 peccatrix
795 2813 872 2839 super

84 2845 163 2872 caput
179 2840 236 2874 ejus
251 2839 356 2874 [attigs
370 2839 510 2874 invenitur.

122 2873 294 2909 (lt)'Codcx
314 2873 485 2901 Turonensis
511 2884 515 2900 :
542 2883 619 2909 quum
643 2874 745 2909 pulchri
771 2883 872 2909 sponsa:

225 2933 366 2963 ιἈτιιοι..
385 2932 444 2962 Gn.
468 2932 555 2962 Xlll.

921 1588 983 1608 rum
998 1587 1140 1608 curremus
1154 1600 1161 1608 .
1175 1580 1244 1608 Cum
1260 1580 1334 1609 omni
1350 1581 1492 1610 honestate
1507 1583 1708 1612 deambulanti-

920 1627 973 1655 bus
985 1627 1089 1655 dictum
1105 1632 1148 1655 est
1161 1635 1168 1653 :
1183 1627 1247 1655 Post
1264 1632 1289 1655 te
1301 1628 1328 1655 in
1345 1628 1424 1656 odore
1437 1634 1627 1664 unguentorum
1648 1635 1707 1658 tuo-

921 1682 981 1701 rum
1004 1682 1155 1706 curremus,
1172 1673 1322 1702 secundum
1347 1673 1413 1702 illud
1426 1683 1433 1701 :
1446 1674 1560 1702 Cursum
1581 1684 1706 1704 consumo

922 1719 992 1747 ιιιαυὶ
1003 1719 1037 1753 ⁸⁸,
1049 1723 1076 1747 et
1093 1719 1159 1747 illud
1171 1727 1178 1746 :
1193 1719 1247 1752 Qui
1266 1719 1294 1747 in
1306 1719 1395 1748 stadio
1408 1726 1531 1754 currunt,
1547 1730 1635 1749 omnes
1648 1723 1709 1757 qui-

921 1767 981 1794 dem
1001 1770 1122 1799 currunt,
1140 1774 1208 1793 unus
1230 1771 1318 1793 autem
1339 1766 1435 1802 accipit
1454 1767 1573 1795 brevium
1583 1768 1616 1796 ".
1642 1768 1708 1796 Bra-

920 1812 996 1840 vium
1011 1812 1140 1840 Christus
1160 1816 1211 1841 est.
1230 1812 1261 1840 Et
1283 1813 1341 1841 haec
1353 1813 1464 1849 quidem
1485 1814 1706 1845 adolescentulos.

921 1866 990 1894 quas
1012 1864 1122 1894 propter
1144 1858 1246 1887 amoris
1269 1859 1410 1887 exordium
1428 1859 1495 1888 foris
1515 1865 1590 1888 stare
1605 1869 1708 1896 cogno-

922 1904 1036 1936 scimus,
1060 1904 1139 1939 juxta
1169 1904 1236 1932 illud
1265 1904 1418 1940 exemplum
1445 1913 1451 1931 :
1477 1905 1585 1934 Amicus
1617 1911 1707 1933 autem

921 1951 1010 1985 sponsi
1029 1955 1103 1977 stam
1121 1954 1147 1977 et
1167 1950 1277 1978 audiens
1298 1958 1358 1977 cum
1377 1951 1476 1986 gaudio
1488 1952 1583 1986 gaudet
1602 1957 1709 1987 propter

921 2004 1008 2024 vocem
1020 1995 1217 2031 sponsi".Tale
1233 1995 1361 2031 quiddam
1378 2001 1405 2024 et
1419 1997 1626 2025 adolescentulae
1645 2006 1705 2026 sus.

922 2042 1009 2070 tinent
1031 2049 1039 2068 :
1060 2042 1212 2070 introeunte
1236 2049 1338 2077 sponso
1363 2042 1515 2071 forinsecus
1546 2051 1708 2078 remanent,

922 2096 1023 2124 sponsa
1035 2095 1099 2115 vero
1124 2088 1259 2123 speciosa,
1280 2087 1411 2123 perfecta,
1433 2089 1492 2117 sine
1513 2090 1631 2124 macula,
1648 2092 1708 2119 sine

922 2143 1000 2170 ruga,
1018 2136 1045 2163 in
1062 2135 1155 2170 sponsi
1170 2135 1336 2168 cubiculum,
1351 2135 1377 2163 in
1393 2136 1495 2171 regium
1511 2138 1651 2172 penetrale
1664 2138 1708 2165 in—

923 2185 1015 2214 gressa
1028 2179 1172 2207 revertitur
1191 2180 1224 2207 ad
1239 2179 1411 2214 juvenculas,
1428 2187 1455 2208 et
1472 2182 1578 2209 nuntiat
1592 2182 1633 2210 eis
1646 2190 1708 2218 qua:

921 2223 979 2251 sola
1003 2225 1194 2259 conspexerit,
1220 2225 1339 2260 dicitque
1362 2225 1444 2261 (vers.
1467 2227 1495 2263 4)
1519 2235 1526 2254 :
1552 2227 1708 2257 Introduxit

921 2278 961 2298 me
976 2278 1022 2298 rea:
1034 2270 1062 2298 in
1074 2270 1225 2298 cubiculum
1245 2279 1332 2298 suum.
1348 2270 1407 2299 Non
1425 2272 1473 2306 ait,
1494 2272 1644 2302 introduxit
1658 2283 1708 2302 nos

921 2316 1014 2351 plures
1031 2316 1058 2344 in
1074 2316 1229 2344 cubiculum
1247 2325 1327 2345 suum
1343 2327 1350 2345 :
1364 2318 1457 2354 plures
1470 2317 1538 2356 foris
1555 2326 1706 2353 remanent,

921 2362 949 2390 in
971 2362 1126 2390 cubiculum
1150 2363 1208 2390 sola
1235 2363 1385 2398 ingreditur
1415 2372 1534 2399 sponsa,
1565 2370 1595 2393 ut
1619 2367 1709 2394 videat

923 2408 1067 2436 thesauros
1089 2408 1263 2436 absconditos
1278 2413 1305 2436 et
1322 2409 1496 2442 tenebrosos,
1518 2412 1709 2448 renuntietque

920 2454 1075 2488 juvenculis
1091 2462 1097 2480 :
1113 2453 1268 2481 Introduxit
1284 2462 1324 2482 me
1343 2463 1388 2482 rea:
1407 2455 1434 2482 in
1449 2456 1599 2484 cubiculum
1618 2466 1706 2486 suum.

924 2499 1030 2526 Rursus
1050 2498 1267 2531 adolescentulaa,
1285 2499 1311 2527 id
1324 2504 1366 2527 est
1384 2507 1546 2535 sponsarum
1574 2502 1707 2537 incipien-

923 2547 990 2573 tium
1013 2545 1092 2573 turba
1118 2545 1336 2580 quamplurima.
1360 2546 1482 2581 ingressa
1506 2554 1605 2581 sponsa
1631 2547 1710 2575 cubi-

923 2591 1015 2619 culum
1030 2591 1134 2626 sponsi,
1147 2595 1174 2618 et
1187 2590 1295 2618 vidente
1305 2591 1415 2619 divitias
1427 2592 1477 2619 viri
1489 2592 1544 2625 sui,
1557 2593 1622 2620 dum
1635 2594 1709 2622 illitis

357 2666 380 2681 δ’
393 2665 458 2692 Luc.
475 2673 521 2695 vn,
537 2665 580 2694 57.
596 2665 639 2691 58.
677 2665 699 2681 ⁵³
714 2665 808 2691 Matth.
826 2672 898 2695 xxw,
914 2665 939 2691 7.
979 2665 1002 2681 ⁵⁵
1015 2665 1095 2694 Rom.
1110 2676 1136 2700 v,
1155 2668 1181 2695 5.
1221 2668 1243 2683 "
1255 2667 1333 2696 Cant.
1351 2676 1387 2700 vl,
1407 2669 1433 2695 7.
1469 2667 1492 2683 ’θ
1507 2667 1528 2694 ll
1544 2667 1613 2695 Tim.
1631 2677 1667 2699 Iv.
1683 2669 1708 2696 7.

923 2772 999 2806 pedes
1010 2780 1068 2808 qum
1093 2772 1208 2799 nondum
1233 2772 1360 2808 fiduciam
1376 2774 1484 2808 habens,
1501 2780 1552 2804 etc.
1575 2776 1626 2804 Alii
1645 2786 1710 2805 mss.

927 2812 956 2834 ut
982 2808 1014 2847 in_
1032 2812 1125 2834 nostro
1146 2813 1230 2835 textu.
1248 2807 1324 2835 Libb.
1343 2809 1406 2836 edit.
1424 2807 1483 2837 loco
1498 2818 1600 2844 sponsa
1612 2813 1710 2840 balwnl

926 2850 1024 2876 sponst.

1514 2936 1533 2964 2
