1892 3050
204 139 241 167 15

735 139 893 168 ORIGENIS
912 138 946 166 IN
964 138 1141 167 CANTICUM
1161 139 1296 167 CANTIC.
1798 145 1824 167 tt

207 196 400 231 praestolamur
417 197 573 230 adventum,
593 197 660 224 laeta:
677 197 823 224 concinnat
838 206 844 223 :
861 194 990 222 Ersulta-
1005 195 1027 224 A
1042 195 1111 223 hanc
1122 201 1242 223 nostram
1258 194 1454 229 Ethiopissam
1470 195 1684 230 transmigravit.
1700 194 1823 223 Murum-

206 243 291 270 bimus
313 247 338 269 et
357 243 508 270 lwtabimur
531 243 607 270 inte.
636 243 689 270 Pro
704 250 810 278 sponsae
825 242 988 277 perfectione

206 287 342 314 natantur.
355 287 414 315 Non
426 292 468 315 est
482 288 619 316 aemulatio
633 288 659 315 in
673 289 826 315 virtutibus.
841 288 924 315 Amor
938 288 988 315 iste

206 333 337 366 mundus,
356 340 433 360 amor
455 333 505 361 ista
521 334 580 361 sine
592 334 659 360 vitio
674 338 725 361 est.
745 333 946 360 Exsultabimus
961 339 986 361 et

206 377 355 404 lmtabimur
376 379 404 404 in
428 383 462 407 te.
494 378 640 414 Diligentius
665 378 745 405 ubera
769 384 825 405 tua.
854 378 900 405 Illa
926 387 987 414 quae

205 423 292 456 major
309 427 361 455 est,
383 422 439 458 jam
464 427 573 450 tuorum
599 422 711 450 uberum
735 423 804 452 laeto
825 423 984 458 perfruitur,

203 472 231 494 et
245 467 366 502 loquitur
379 468 536 496 exsultans:
550 467 625 495 Bona
636 467 716 494 ubera
732 472 778 495 tua
792 477 869 503 super
884 469 983 496 uinum.

202 513 264 541 lata
278 521 341 541 vero
355 521 416 549 qua:
435 513 641 543 exsultationem
659 518 687 541 et
706 514 827 542 laetitiam
848 514 985 548 deferunt,

201 559 410 589 adolescentula:
433 560 533 595 quippe
556 564 637 591 sunt,
670 559 796 587 deferunt
812 560 983 592 charitatem,

200 611 227 635 t‘t
245 607 339 635 dicunt
354 615 361 634 :
377 607 576 634 Exsultabimut
593 610 618 634 et
635 606 786 634 lmtabimur
808 607 836 633 in
860 612 894 634 te.
914 606 984 633 Dili-

200 660 288 687 gemus
303 652 382 680 ubera
397 656 443 678 tua
454 660 532 687 super
545 653 644 678 vinum.
672 651 831 687 Diligemus,
846 651 983 686 inquiunt,

200 704 254 723 non
281 695 430 733 diligimus.
463 697 565 724 Deinde
591 697 741 732 loquuntur
773 697 806 724 ad
834 705 982 732 sponsam:

197 742 324 777 .li'quitat
346 742 441 769 dilexit
463 748 497 770 te.
524 742 648 770 Laudant
664 751 803 778 sponsam,
821 751 920 771 nomon
945 744 982 771 illi

196 788 333 822 aequitatis
348 796 363 815 a
377 789 494 823 propriis
506 789 651 817 virtutibus
665 789 844 824 imponentes.
857 789 981 825 Equites

195 831 290 859 dilexit
306 837 340 859 te.

1043 245 1083 267 ret
1106 240 1197 267 Aaron
1224 239 1405 268 sacerdotium
1427 238 1604 273 Judmorutn,
1624 245 1776 268 murmurct
1800 246 1825 267 et

1042 283 1126 313 Maria
1149 291 1285 320 synagoga
1309 291 1418 317 eorum;
1440 283 1547 320 Moyses
1562 285 1594 312 de
1610 285 1826 314 murmuratione

1043 337 1095 356 non
1112 334 1200 362 curat,
1216 334 1289 358 amat
1299 329 1496 365 Etliiopissam
1510 338 1600 362 suam,
1612 331 1645 357 dc
1656 338 1710 365 qua
1722 335 1749 357 ct
1761 331 1824 357 alibi

1041 375 1140 402 dicitur
1155 382 1201 409 per
1215 374 1375 409 prophetam
1391 383 1398 400 :
1414 374 1453 400 Ab
1470 375 1592 403 extremis
1606 374 1745 408 [luminum
1760 376 1824 410 ajfe-

1042 422 1097 447 rent
1113 418 1214 447 hostias
1225 419 1258 445 θ’.
1272 418 1305 445 Et
1319 426 1427 449 rursum
1442 427 1448 445 :
1461 418 1600 454 ΛΕιΙιὶορῐα
1617 420 1755 455 prwueniet
1768 428 1825 448 ma-

1040 471 1089 490 nus
1103 463 1159 498 ejus
1175 463 1226 490 Dea
1240 464 1272 490 ".
1286 463 1402 492 Pulchre
1417 465 1580 499 praeveniet;
1594 465 1732 501 quomodo
1750 466 1824 494 enim

1039 509 1067 536 in
1087 509 1233 544 Evangelia
1249 509 1347 537 mulier
1362 509 1406 539 illa
1422 517 1484 546 qua:
1500 510 1633 545 sanguine
1652 509 1761 542 ﬂuebat,
1779 518 1824 537 ai-

1041 555 1215 591 cliisynagogi
1231 555 1314 583 ﬁliam
1326 555 1467 583 curatione
1480 556 1611 590 prterenit
1622 556 1654 589 δ’,
1668 557 1708 582 sic
1719 555 1825 584 Ethio—

1038 599 1082 634 pia
1097 599 1180 627 lsrael
1193 603 1340 635 mgrotante
1358 604 1453 628 sanata
1470 604 1520 626 est.
1539 598 1651 626 Illorum
1669 599 1764 629 delicta
1780 608 1824 627 5a-

1037 645 1078 672 lut
1099 646 1218 680 gentibus
1245 645 1316 680 facta
1334 650 1372 672 ert
1391 646 1425 674 ad
1443 645 1620 674 wniulandum
1634 653 1677 672 eos
1689 645 1722 675 ⁸⁵⁸,
1735 644 1824 680 Nigra

1037 699 1096 717 sum
1110 697 1134 718 et
1145 691 1272 726 speciosa,
1286 690 1351 725 ﬁlia:
1364 691 1541 721 Hierusalem.
1556 690 1587 720 Ει
1599 696 1639 723 tu,
1653 692 1821 723 coclesiasti.

1037 744 1067 764 ca
1082 737 1183 768 anima,
1201 737 1233 765 ad
1249 737 1319 765 ﬁlias
1334 737 1503 768 Hierusalem
1514 742 1643 766 converte
1654 745 1820 770 sermonem,

1036 787 1063 810 et
1077 782 1198 813 dic:Mc
1222 783 1282 820 plus
1307 788 1380 810 amat
1405 791 1533 818 sponsus,
1559 791 1602 811 me
1625 783 1711 818 magis
1735 784 1823 818 diligit

1035 836 1118 864 quam
1140 837 1197 863 vos,
1221 837 1282 866 qua:
1306 829 1396 856 multa:
1411 829 1473 857 lilia:
1487 829 1667 858 Hierusalem.
1682 829 1739 857 Vos
1754 829 1822 856 foris

232 876 259 904 6.
279 877 399 905 Rursum
420 878 453 905 ad
471 879 687 907 adolescentulas
711 887 812 914 sponsa
837 880 982 914 responde;
998 871 1019 899 Β
1033 874 1124 907 statis,
1137 879 1163 906 et
1174 882 1302 909 sponsam
1316 875 1472 903 cubiculum
1488 875 1584 904 videtis
1602 875 1760 906 intrantem.
1775 875 1822 904 Ne-

198 923 282 956 (vers.
291 922 318 955 5,
337 923 386 958 6):
401 923 486 959 Nigra
502 932 569 957 sum,
582 930 607 952 et
627 925 753 959 speciosa,
769 925 834 960 ﬁlia:
852 925 981 953 Hierusa-

196 967 258 1001 lem,
273 972 302 994 ut
318 967 488 997 tabernacula
501 970 597 1002 Cedar,
618 974 646 996 ut
660 969 739 1004 pelles
751 969 910 1000 Salomonis.
929 970 980 1005 15

198 1013 239 1040 Ne
248 1014 405 1041 intueamt'ni
419 1023 468 1048 me,
487 1016 549 1050 quia
565 1024 611 1051 ego
625 1024 682 1043 sum
694 1016 842 1052 denigrata,
856 1018 980 1052 quoniam

196 1060 313 1094 despexit
326 1068 367 1087 me
385 1060 435 1088 sal.
451 1060 580 1096 Speciosa
593 1062 700 1096 quidem
717 1067 768 1096 est,
791 1067 817 1090 et
832 1071 980 1098 possumus

196 1104 317 1135 invenire
340 1105 477 1140 quomodo
501 1106 625 1141 speciosa
642 1107 678 1134 sit
695 1115 795 1142 sponsa
809 1117 816 1140 ;
832 1109 980 1143 quaerimus

195 1157 285 1178 autem
302 1152 440 1186 quomodo
456 1153 533 1188 nigra
548 1158 574 1181 et
593 1153 653 1180 sine
667 1154 785 1182 candore
802 1154 838 1182 sit
855 1155 977 1189 pulchra.

195 1197 385 1226 Paenitentiam
404 1199 460 1235 egit
471 1207 486 1226 a
499 1201 617 1235 peccatis
627 1221 634 1234 ,
650 1201 767 1236 speciem
782 1202 807 1228 ei
822 1201 917 1237 largita
938 1206 980 1229 est

193 1244 345 1277 conversio,
356 1249 383 1272 et
395 1245 456 1273 ideo
467 1246 589 1280 speciosa
607 1251 742 1274 cantatur.
756 1246 826 1279 Quia
837 1254 900 1274 vero
916 1254 980 1274 nee-

193 1289 258 1316 dum
282 1291 404 1317 omnium
429 1295 602 1325 peccatorum
625 1292 705 1319 sorde
723 1296 846 1327 purgata,
863 1292 979 1319 necdum

193 1335 248 1362 lota
263 1339 305 1363 est
320 1335 347 1363 in
361 1336 459 1369 salute,
482 1337 559 1371 nigra
580 1336 689 1369 dicitur,
705 1338 752 1364 sed
772 1338 798 1364 in
816 1342 875 1364 atro
888 1338 979 1366 colore

194 1388 248 1408 non
266 1387 416 1416 permanet.
439 1381 532 1416 Itaque
553 1382 668 1410 candida
691 1382 802 1417 quando
822 1383 855 1410 ad
875 1383 978 1418 majora

193 1426 343 1461 consurgit,
361 1431 387 1454 et
400 1434 461 1454 cum
482 1427 516 1454 ab
531 1427 680 1455 humilibus
692 1428 791 1463 incipit
799 1428 833 1456 ad
846 1428 901 1455 alta
916 1436 979 1456 con—

192 1472 333 1505 scandere,
345 1472 498 1508 diciturque
509 1473 543 1500 de
555 1481 586 1500 ea
599 1482 606 1500 :
625 1473 690 1506 Qua:
704 1479 742 1501 est
758 1474 811 1501 ista
822 1483 881 1510 quae
891 1483 979 1502 ascen-

192 1517 231 1544 dit
249 1517 375 1546 dealbala
386 1519 419 1547 ⁵9.
440 1518 473 1546 Et
494 1526 549 1554 quo
570 1518 741 1546 manifestius
756 1519 807 1547 hoc
818 1521 977 1555 mysterium
992 1535 1013 1563 ο

191 1563 371 1596 describatur,
386 1571 440 1591 non
453 1565 501 1598 ait,
518 1569 547 1591 ut
561 1565 587 1591 in
603 1564 740 1600 plerisque
754 1565 903 1599 codicibus,
916 1567 980 1602 legi-

192 1614 252 1636 tur:
263 1608 362 1637 laniant
376 1617 454 1644 super
467 1610 620 1645 fratruelom
634 1619 722 1643 suum,
737 1611 825 1645 idest,
836 1612 978 1649 ἐπιστηρι-

191 1653 291 1690 ξομένη
305 1655 351 1681 ἰπὶ
361 1655 408 1682 τὸν
421 1655 576 1690 ἀδελφιδοῦν
584 1656 677 1691 αὐτῆς,
695 1657 740 1684 sed
751 1657 978 1694 ἐπιστηριξομένη

191 1700 237 1727 ἐπὶ
250 1709 281 1727 το
294 1716 307 1727 ι.
316 1701 392 1736 τῆθος
405 1701 498 1734 αὑτοῦ,
514 1701 541 1729 id
554 1707 605 1734 est,
621 1710 698 1737 super
708 1708 797 1736 pectus
811 1703 868 1737 ejus
881 1712 978 1730 meum»

191 1746 264 1778 hanc,
279 1746 518 1781 signiﬂmnquue
532 1747 566 1774 de
581 1747 672 1774 anima
688 1755 795 1782 sponsa
808 1753 835 1776 et
851 1756 978 1776 sermone

191 1791 299 1823 dicitur,
317 1799 400 1826 super
418 1797 512 1827 pectus
526 1792 599 1820 illius
613 1794 785 1825 recumbens,
801 1794 865 1829 quia
877 1795 977 1829 princi-

191 1837 250 1872 pale
264 1837 302 1865 ibi
317 1837 408 1865 cordis
423 1844 465 1865 est
477 1838 574 1866 nostri.
589 1838 667 1866 Unde
685 1847 701 1866 a
723 1840 879 1871 carnalibus
899 1848 976 1868 rece-

189 1883 283 1910 dentes
295 1883 428 1918 spiritalia
442 1884 542 1911 sentire
556 1885 697 1918 debemus,
708 1890 735 1913 et
749 1886 897 1921 intelligere
909 1887 977 1914 mul-

189 1934 218 1956 to
235 1929 332 1962 melius
346 1937 407 1959 esse
423 1930 463 1958 sic
477 1938 581 1963 amare,
608 1939 690 1966 quam
716 1939 809 1959 amare
830 1933 973 1961 desistere.

188 1974 318 2003 Ascendit
341 1975 424 2009 igitur
448 1976 611 2004 recumbens
628 1984 711 2011 super
726 1981 820 2011 pectus
837 1977 975 2005 fratruelis

188 2018 231 2050 sui
244 2027 252 2046 :
269 2024 296 2049 et
310 2026 370 2053 qum
386 2027 458 2048 nunc
471 2020 498 2048 in
510 2021 622 2048 exordio
637 2021 736 2049 cantici
752 2022 828 2057 nigra
851 2023 972 2057 ponitur,

189 2064 217 2094 ilt
227 2065 395 2099 epithalamii
409 2065 461 2093 line
473 2065 506 2094 de
518 2071 550 2093 ea
566 2070 691 2094 cantatur
703 2075 709 2092 :
723 2067 789 2099 Qua:
802 2072 840 2094 est
853 2068 905 2095 ista
915 2077 973 2103 qua

188 2111 305 2140 ascendit
323 2111 447 2141 dealbata
457 2111 496 2138 ὀἳ
507 2111 691 2140 Intelleximus
704 2114 842 2148 quomodo
859 2118 886 2141 et
896 2115 974 2150 nigra

187 2161 214 2185 et
231 2157 352 2186 formosa
372 2157 408 2184 sit
429 2165 539 2193 sponsa.
565 2157 593 2185 Si
608 2163 699 2185 autem
720 2163 747 2186 et
765 2163 792 2186 tu
813 2167 866 2186 non
885 2161 973 2195 egeris

1033 927 1079 950 mo
1091 920 1195 948 dubitet
1206 919 1311 957 nigram
1323 925 1446 948 vocatam
1458 928 1518 949 csse
1531 920 1691 949 formosam.
1705 920 1760 957 Qui
1771 927 1823 950 uos

1033 972 1138 998 sumus,
1155 970 1185 997 ut
1200 973 1396 1003 cognoscamus
1411 966 1509 997 Deum.
1534 971 1564 997 ut
1584 966 1696 995 Cantica
1720 966 1823 994 cantici

1032 1011 1221 1047 prae-dicemus,
1235 1016 1266 1038 ut
1278 1013 1312 1040 ab
1323 1012 1468 1047 (Ethiopite
1481 1011 1592 1045 ﬁnibus,
1606 1017 1634 1038 ut
1648 1012 1681 1039 ab
1693 1016 1821 1039 extremo

1032 1061 1112 1088 terrae
1125 1058 1278 1087 venerimus
1290 1058 1449 1092 sapientiam
1465 1057 1521 1085 vcri
1538 1058 1632 1085 audire
1646 1057 1821 1088 Salomonis?

1032 1102 1064 1134 Et
1085 1103 1195 1138 quando
1217 1103 1366 1133 Salvatoris
1388 1111 1439 1131 vox
1462 1104 1612 1134 intonantis
1626 1104 1819 1133 auditur:Re-

1030 1150 1093 1184 gina
1112 1149 1204 1181 Austri
1224 1150 1305 1177 veniet
1326 1150 1353 1177 in
1370 1150 1516 1183 judicium,
1531 1153 1555 1176 et
1575 1149 1758 1179 condemnabit
1773 1150 1819 1176 Ita-

1030 1194 1113 1223 minet
1128 1194 1305 1230 generationis
1319 1194 1408 1228 hujus,
1432 1195 1494 1228 quia
1513 1194 1580 1225 venit
1596 1202 1613 1223 α
1625 1193 1722 1228 ﬁnibus
1742 1199 1819 1223 ιετηε

1031 1238 1124 1265 audire
1142 1239 1299 1268 sapientiam
1312 1238 1474 1272 Salomonis,
1489 1244 1514 1270 et
1529 1247 1585 1266 ecce
1602 1239 1661 1273 plus
1677 1247 1757 1274 quam
1770 1240 1818 1269 Sa-

1030 1284 1119 1315 lomon
1140 1285 1181 1313 hic
1191 1283 1215 1300 “
1231 1294 1238 1312 :
1256 1285 1319 1312 audi
1342 1285 1456 1320 mystica
1480 1293 1541 1323 qua:
1561 1285 1698 1315 dicantur.
1714 1284 1820 1320 Regina

1030 1329 1124 1357 Austri
1140 1330 1214 1357 venit
1229 1338 1244 1361 a
1260 1330 1359 1358 ﬁnibus
1374 1335 1453 1361 terra;
1463 1330 1595 1363 Ecclesia,
1609 1335 1636 1362 ct
1652 1331 1819 1363 condemnat

1031 1377 1156 1404 homines
1173 1377 1357 1412 generationis
1370 1376 1463 1414 hujus.
1480 1377 1505 1407 id
1523 1381 1564 1404 est
1577 1375 1685 1408 Judrcos
1700 1376 1777 1405 carni
1792 1381 1819 1408 ct

1030 1422 1157 1457 sanguini
1179 1422 1296 1450 deditos.
1317 1422 1397 1453 Venit
1412 1430 1427 1452 a
1444 1422 1544 1450 ﬁnibus
1564 1426 1642 1450 terra:
1661 1422 1757 1453 ainlire
1773 1430 1818 1449 sa-

1030 1468 1160 1503 pientiam
1179 1468 1344 1502 Salomonis,
1371 1476 1426 1497 non
1443 1468 1517 1500 illius
1534 1468 1580 1505 qui
1596 1468 1624 1498 in
1641 1467 1818 1500 'I‘estamento

1030 1512 1120 1541 Veteri
1131 1514 1306 1549 praedicatur.
1319 1514 1366 1543 sed
1380 1513 1462 1548 hujus
1473 1514 1520 1551 qui
1535 1514 1562 1541 in
1577 1513 1723 1549 Evangelia
1737 1513 1818 1545 Salo-

1030 1567 1111 1591 mone
1126 1561 1214 1596 major
1227 1567 1278 1588 cst.
1299 1561 1385 1596 Nigra
1396 1569 1454 1588 sum
1465 1566 1490 1587 et
1501 1561 1628 1597 speciosa,
1641 1561 1706 1597 ﬁlice
1720 1560 1818 1591 Hieru-

1029 1607 1122 1640 salem,
1145 1607 1221 1641 nigra
1243 1607 1310 1636 velut
1335 1607 1505 1639 tabernacula
1532 1606 1628 1639 Cedar,
1648 1607 1766 1643 speciosa
1786 1612 1817 1636 tu

1029 1652 1107 1687 pelles
1121 1651 1282 1680 Salomonis.
1301 1653 1361 1687 Ipsa
1379 1660 1489 1689 quoque
1503 1653 1614 1684 nomina
1630 1660 1692 1682 cum
1706 1659 1818 1686 sponsae

1029 1699 1127 1732 decore
1140 1698 1315 1730 conveniunt.
1330 1699 1414 1725 Aiunt
1424 1698 1528 1725 Hebraei
1542 1697 1628 1729 Cedar
1641 1698 1817 1737 interpretari

1029 1744 1165 1773 tenebras.
1179 1744 1260 1780 Nigra
1281 1753 1343 1777 sum
1357 1752 1422 1780 ergo
1435 1749 1464 1775 ut
1483 1744 1657 1775 tabernacula
1673 1744 1773 1780 Cedat,
1785 1750 1819 1776 ut

1029 1790 1188 1826 Ethiopes;
1213 1791 1335 1825 speciosa
1362 1795 1392 1817 ut
1415 1790 1497 1825 pelles
1519 1789 1674 1818 Salomonis
1694 1798 1764 1826 quas
1783 1798 1818 1817 co

1028 1842 1149 1871 tempore
1159 1837 1187 1866 in
1199 1836 1365 1869 tabernaculi
1377 1840 1539 1867 ornamento
1549 1835 1712 1870 composuit,
1726 1843 1819 1874 quan-

1027 1882 1063 1915 do
1080 1882 1208 1917 templum
1225 1890 1333 1914 summo
1345 1882 1437 1910 studio
1450 1887 1477 1910 et
1492 1882 1584 1913 labore
1600 1882 1749 1912 fabricatus
1761 1887 1816 1914 est,

1028 1927 1108 1957 Dives
1129 1929 1229 1963 quippe
1251 1927 1390 1962 Salomon,
1408 1933 1434 1958 et
1452 1928 1479 1955 in
1496 1928 1570 1959 omni
1590 1928 1722 1967 sapientia
1739 1928 1818 1960 illius

1026 1982 1107 2003 nemo
1126 1973 1263 2009 praecessit
1282 1975 1367 2001 illum.
1387 1974 1473 2009 Nigra
1487 1982 1545 2000 sum
1565 1979 1589 2000 et
1608 1974 1737 2008 speciosa,
1748 1974 1818 2008 ﬁlia:

1027 2020 1206 2052 Hierusalem,
1223 2026 1251 2047 ut
1266 2020 1442 2047 tabernacula
1452 2019 1548 2053 Cedar,
1559 2025 1586 2046 ul
1598 2019 1677 2054 pelles
1689 2019 1819 2050 Salonio.

1026 2068 1078 2095 nis.
1098 2066 1140 2094 Nc
1155 2066 1313 2095 intueamiui
1328 2074 1379 2099 me,
1393 2066 1454 2100 quia
1465 2073 1510 2100 ego
1524 2073 1581 2092 sum
1595 2065 1743 2100 denigratq.
1763 2065 1817 2097 Sa—

1025 2111 1126 2139 tisfecit
1142 2111 1176 2138 de
1192 2111 1301 2146 nigrore
1315 2118 1376 2142 suo,
1390 2114 1416 2137 ct
1430 2117 1477 2145 per
1497 2109 1685 2144 ptenitentiam
1699 2111 1733 2140 ad
1754 2118 1817 2139 mes

1026 2157 1095 2184 liora
1112 2163 1244 2183 conversa
1260 2156 1404 2182 annuntiat
1419 2162 1449 2182 se
1472 2155 1578 2182 ﬁliabus
1599 2153 1682 2181 Israel
1705 2154 1816 2189 nigram

188 2204 386 2239 pmnitentiam,
409 2212 475 2231 cave
496 2211 530 2232 no
547 2205 638 2232 anima
662 2210 708 2233 tua
728 2205 805 2240 nigra
825 2206 932 2233 dicatur
946 2210 973 2233 et

1045 2203 1134 2233 uidem
1152 2209 1223 2235 esse,
1245 2200 1292 2229 sed
1311 2200 1628 2240 pulcliram,_secundum
1643 2200 1716 2234 quod
1731 2208 1818 2240 supe-

188 2250 285 2284 turpit,
302 2254 330 2278 et
347 2250 448 2284 duplici
464 2249 585 2278 lceditate
606 2250 724 2285 turperis
743 2259 749 2276 :
763 2250 840 2285 nigra
864 2255 973 2286 propter

187 2300 296 2330 peccata
311 2295 470 2330 praeteritay
483 2295 570 2330 turpis
591 2300 701 2330 propter
718 2296 770 2322 hoc
787 2296 850 2330 quia
871 2296 898 2323 in
919 2296 973 2323 eis-

186 2341 248 2369 dcm
264 2341 337 2368 vitiis
356 2348 524 2376 perseveras.
544 2340 572 2368 Si
594 2349 657 2369 vero
671 2341 856 2376 paenitentiam
872 2341 971 2377 egeris,

187 2387 263 2423 nigra
279 2388 331 2415 erit
351 2387 443 2414 anima
464 2393 509 2415 tua
530 2393 639 2423 propter
654 2388 765 2422 antiqua
782 2388 892 2421 delicta,
906 2397 971 2424 pro—

187 2437 246 2467 pter
259 2433 445 2468 paenitentiam
461 2441 524 2461 vero
539 2434 647 2461 habebit
657 2434 771 2469 aliquid,
782 2439 811 2462 ut
822 2434 859 2462 ita
871 2435 971 2468 dicam,

186 2479 334 2515 (Ethiopici
347 2480 464 2508 decoris.
481 2480 514 2511 Et
532 2481 594 2516 quia
613 2481 697 2509 semel
716 2480 869 2516 Ethiopem
882 2481 971 2508 numi-

185 2527 257 2558 navi,
272 2527 334 2554 volo
353 2530 449 2554 testem
468 2526 636 2561 Scripturam
651 2535 733 2561 super
752 2527 824 2554 hunc
838 2527 972 2555 advocare

185 2579 349 2600 sermonem.
362 2571 451 2600 Aamn
463 2576 491 2599 et
505 2571 589 2599 Maria
605 2575 775 2599 murmurant
790 2571 854 2606 quia
865 2570 971 2604 Moyses

185 2617 382 2653 -Ethiopissam
412 2617 494 2645 habet
523 2625 635 2645 uxorem
654 2618 686 2644 δι.
719 2618 750 2645 Et
762 2626 834 2645 nunc
862 2617 969 2654 Moyses

187 2661 379 2697 .Ethiopissam
401 2664 476 2690 ducit
498 2671 608 2690 uxorem
625 2673 631 2690 :
653 2664 787 2698 siquidem
803 2664 844 2690 lex
861 2663 920 2698 cjus
935 2665 968 2692 ad

221 2742 334 2768 "Cant.
352 2750 411 2774 rm,
484 2743 506 2758 “
523 2742 600 2769 Cant.
618 2748 677 2768 vttl.
697 2742 723 2768 .‘i.
744 2741 764 2755 ⁶¹
782 2740 861 2766 Num.
879 2748 927 2771 xit.
942 2741 966 2767 ἔ.

184 2778 206 2792 ⁸³
218 2777 297 2804 noni.
313 2785 349 2808 xu,
368 2778 407 2803 ll.
448 2779 469 2793 °‘
486 2777 579 2804 Matth.
594 2785 641 2808 χιι,
657 2776 701 2802 lii.
741 2776 760 2790 ⁵⁷
780 2775 857 2802 Ιὶοιιι.
872 2783 909 2806 λι,
927 2776 956 2802 Η

219 2847 275 2883 (12)
296 2847 372 2881 3155.,
388 2847 488 2880 excepi.
502 2846 578 2874 Libb.
593 2846 671 2877 ειμι,
687 2845 783 2878 arrepi.

1024 2237 1083 2275 rius
1094 2248 1283 2283 exposuimus,
1299 2251 1325 2274 et
1338 2247 1403 2274 dicit
1416 2256 1422 2273 :
1437 2237 1479 2273 Ne
1497 2245 1655 2275 intueamiui
1677 2243 1728 2277 me,
1749 2237 1817 2283 quia

1023 2302 1068 2329 ego
1083 2301 1142 2320 sum
1158 2292 1308 2327 denigrata.
1331 2290 1381 2324 Ne,
1403 2291 1501 2326 inquit,
1519 2289 1693 2320 admiremini
1709 2289 1817 2319 coloris

1023 2348 1084 2368 esse
1102 2347 1146 2366 me
1159 2339 1231 2371 tetri,
1249 2338 1290 2365 sol
1305 2337 1428 2373 despexit
1445 2344 1498 2364 me.
1516 2336 1600 2365 Plena
1615 2335 1717 2374 quippe
1735 2336 1816 2366 radio

1024 2386 1051 2413 in
1068 2393 1112 2413 me
1127 2384 1239 2413 luminis
1255 2385 1297 2412 sui
1311 2383 1400 2418 fulgor
1419 2381 1517 2413 illuxit,
1538 2385 1568 2409 ut
1580 2380 1640 2415 ejus
1653 2380 1704 2410 sim
1718 2381 1816 2414 calore

1024 2431 1139 2459 fuscata.
1159 2429 1252 2464 Neque
1270 2429 1342 2457 enim
1359 2432 1389 2455 ut
1409 2427 1550 2461 decuerat,
1568 2430 1598 2453 ut
1612 2426 1677 2453 solis
1691 2425 1816 2460 dignitas

1023 2476 1175 2511 expetebat,
1196 2475 1269 2502 illius
1288 2474 1315 2501 in
1329 2481 1373 2501 me
1393 2473 1485 2503 lumen
1507 2471 1600 2507 excepi
1613 2470 1670 2506 (12),
1684 2479 1690 2497 z
1706 2470 1816 2503 ῡριὶςιο

1022 2529 1111 2549 eorum
1126 2520 1200 2548 salut
1215 2521 1332 2555 gentibus
1348 2519 1421 2554 facta
1437 2523 1475 2546 ett
1487 2518 1527 2551 ⁶⁷;
1544 2523 1571 2551 et
1583 2523 1680 2544 rursus
1698 2525 1704 2544 :
1719 2516 1817 2547 Incre-

1022 2567 1134 2594 dulitate
1155 2567 1270 2602 gentium
1295 2566 1406 2592 scientia
1429 2564 1524 2591 Israel.
1552 2563 1640 2591 [labes
1662 2567 1816 2598 utrumque

1024 2615 1093 2649 apud
1108 2613 1277 2648 Apostolum.

1059 2661 1085 2688 '7.
1107 2660 1184 2687 Vers.
1201 2658 1228 2684 6.
1247 2658 1312 2684 Filii
1330 2657 1424 2684 aratris
1443 2664 1505 2683 mete
1518 2658 1700 2690 pugnaverunt
1713 2654 1815 2682 adrer—

1006 2739 1108 2766 “Psal.
1127 2745 1213 2768 Lxxtt,
1231 2736 1274 2763 10.
1301 2736 1323 2751 ⁸³
1338 2735 1408 2762 Psal.
1422 2742 1516 2765 nvut,
1530 2733 1575 2760 5i.
1601 2733 1624 2748 δι
1638 2731 1734 2762 Matth.
1751 2738 1778 2762 vt
1789 2752 1798 2759 .
