1892 3050
207 152 238 178 17

728 151 888 180 ΟΚΙΟΕΝΙΞ
905 151 938 179 ΙΝ
957 151 1133 179 CANTICUM
1152 158 1282 179 unum.

1786 152 1819 180 ‘8

205 213 394 241 ornamentum
412 209 484 244 quod
499 209 568 236 solet
582 209 717 244 virginum
731 209 801 237 collo
816 209 943 244 pendere,
961 213 988 236 et
1002 211 1022 239 Α
1039 209 1155 235 recnbitn
1170 216 1218 235 suo
1232 212 1289 239 est;
1304 206 1342 234 ait
1367 206 1450 242 (vers.
1469 207 1510 243 l2)
1526 216 1533 235 :
1551 206 1659 235 Nardus
1671 215 1730 234 mea
1749 208 1820 235 dedit

205 260 378 290 nuncupatur
390 254 532 290 ὁρμίσκος,
552 254 589 281 ita
612 255 671 281 sine
689 255 741 281 hoc
755 254 852 281 decore
867 258 894 280 et
910 259 986 281 tuum

205 301 294 335 ipsum
309 300 406 327 collum
422 304 463 326 est
478 303 677 326 ornamentum.
693 298 816 326 Postluec
828 298 857 325 fit
870 305 986 332 sponsus

206 347 233 373 in
252 345 385 374 recubitu.
402 344 543 380 chuicvit
563 349 591 372 ut
604 345 655 376 lco.
671 349 700 371 ut
713 343 819 371 catulus
836 343 924 371 leonis
938 343 987 371 o'b-

205 391 343 424 dormivit,
359 391 525 425 utdeinceps
535 391 621 426 possit
635 390 728 417 audire
743 399 749 417 :
766 389 832 422 Quis
847 390 986 417 suscitabit

205 437 316 464 ﬂint”?
340 436 401 469 Quo
424 436 531 462 interim
558 435 707 463 dormiente
730 439 861 469 apparent
880 442 986 469 sponsa:

205 483 299 517 sponsi
314 482 420 510 sodales
436 482 534 516 angeli,
554 486 582 508 et
600 480 643 508 his
655 488 715 508 eam
732 480 904 508 sermonibus
919 487 986 508 con-

205 529 338 555 solantur.
353 527 408 555 Nos
425 527 471 554 libi
489 534 570 554 aurea
581 530 742 553 ornamenta
753 525 843 553 facere
854 533 908 553 non
923 533 986 560 pos-

204 581 387 601 sumus:non
411 573 482 599 cnim
508 576 561 599 tam
584 571 682 600 divites
702 579 797 600 sumus
819 576 849 598 ut
870 578 985 606 sponsus

204 624 280 651 tuus,
295 619 341 653 qui
358 625 467 645 aureum
486 617 533 644 tibi
547 617 648 644 monile
664 617 806 652 largiatur.
821 615 876 644 Nos
889 616 986 644 simili-

204 666 324 692 tudinem
339 665 397 691 auri
415 664 555 695 faciemus,
570 671 626 690 non
642 663 774 690 habemus
788 670 895 689 aurum.
911 661 944 688 Et
958 661 986 688 in

204 711 254 737 hoc
267 718 375 745 quoque
389 709 536 737 laetandum
553 714 605 742 est,
626 709 649 736 si
670 708 863 736 similitudines
875 710 945 740 auri,
961 707 985 734 si

201 756 328 791 stigmata
346 756 478 783 faciamus
498 755 612 790 argenti.
628 754 716 788 (Vers.
729 753 785 789 ll.)
794 753 985 781 Similitudines

201 803 262 828 auri
279 802 405 836 faciemus
421 801 480 833 tibi,
500 809 560 827 cum
579 800 746 835 stigmatibus
765 800 874 835 argenti,
890 806 984 826 verum

202 856 255 874 non
274 847 348 874 omni
362 851 493 882 tempore,
510 846 558 874 sed
573 847 660 874 donec
679 853 796 881 sponsus
815 850 879 873 tuus
892 849 985 880 surgat

202 899 217 918 a
234 891 338 918 cubitu.
354 891 423 918 Cum
434 891 507 918 enim
519 891 564 918 ille
573 891 731 924 surrexerit,
747 891 804 925 ipse
816 890 865 918 tibi
877 897 984 923 aurum,

203 938 261 972 ipse
278 937 357 965 faciet
368 942 521 974 argentum,
534 938 591 973 ipse
605 942 680 965 tuam
692 941 810 964 mentem
821 944 986 972 sensumque

203 986 351 1018 docorabit,
365 990 392 1013 et
406 986 462 1013 eris
478 994 541 1013 vere
554 986 630 1013 dives
643 986 671 1012 in
684 985 776 1020 sponsi
792 984 874 1012 domo
886 992 985 1020 sponsa

204 1032 322 1059 formosa
335 1031 401 1067 (l6),
423 1032 464 1059 cui
484 1036 525 1060 est
543 1031 628 1067 gloria
647 1031 675 1058 in
693 1031 791 1058 secula
811 1030 983 1058 saeculorum.

204 1077 299 1104 Amen.

475 1131 525 1166 ιτ
541 1129 680 1158 llOMlLlA
695 1129 728 1157 ιι.

203 1186 242 1213 Ab
261 1195 291 1213 eo
309 1186 366 1214 loco
388 1188 414 1213 in
432 1195 483 1222 quo
494 1187 620 1221 scriptum
637 1191 676 1213 est
690 1194 699 1213 :
714 1184 823 1222 Nardus
836 1192 894 1212 mea
911 1184 984 1222 dedit

237 1221 347 1248 odorem
371 1220 470 1255 suum;
488 1220 569 1256 usque
588 1221 622 1247 ad
635 1229 693 1248 eum
709 1221 795 1247 locum
815 1221 840 1256 in
858 1227 909 1254 quo
923 1220 960 1245 ait
974 1227 983 1245 :

237 1256 306 1289 Quia
323 1264 374 1284 vox
401 1261 446 1284 tua
467 1255 574 1287 suavis,
596 1260 623 1283 et
644 1255 732 1283 forma
753 1259 800 1282 tua
821 1255 937 1286 dec0ra,
959 1258 984 1280 et

238 1296 344 1318 caztera.

237 1347 338 1374 Omnes
363 1347 460 1374 anima:
482 1346 616 1374 motiones
643 1345 834 1373 universitatis
859 1344 985 1372 coaditor

205 1393 276 1420 Deus
290 1392 392 1419 ereavit
404 1392 438 1419 ad
450 1392 551 1419 benum
565 1400 571 1418 :
587 1391 634 1419 sed
647 1398 697 1425 pro
712 1397 763 1417 usu
780 1394 874 1417 nostro
891 1388 920 1416 lit
934 1396 984 1416 Sae-

205 1446 238 1471 pe
253 1443 283 1464 ut
299 1445 344 1464 res
356 1444 417 1471 quae
434 1436 512 1464 bonae
527 1440 592 1464 sunt
609 1443 658 1471 per
673 1440 798 1463 naturam
809 1454 817 1466 ,
834 1434 899 1462 dum
915 1434 985 1461 male

206 1484 248 1511 his
264 1483 419 1515 abutimur,
438 1489 488 1510 nos
510 1482 544 1509 ad
565 1486 676 1517 peccata
689 1473 832 1509 deducant.
860 1479 937 1508 Unus
951 1479 985 1508 de

204 1528 302 1555 animat
323 1527 443 1555 motibus
468 1533 546 1554 amor
569 1531 627 1559 est,
653 1533 708 1561 quo
732 1526 800 1553 bene
824 1525 927 1552 utimur
951 1524 984 1552 ad

204 1573 370 1604 amandum,
395 1573 419 1600 si
444 1572 604 1607 sapientiam
628 1579 750 1599 amemus
775 1575 802 1598 et
833 1570 983 1598 veritatem.

203 1619 318 1652 Quando
334 1625 399 1646 vero
415 1625 493 1644 amor
503 1622 596 1644 noster
609 1617 636 1644 in
650 1617 742 1652 pejora
752 1616 897 1648 corruerit,
910 1623 986 1643 ama-

205 1672 266 1691 mus
278 1670 387 1690 carnem
403 1667 430 1690 et
451 1662 622 1697 sanguinem.
651 1661 691 1689 Tu
706 1662 787 1698 igitur
799 1666 830 1689 ut
842 1661 984 1697 spiritalis,

204 1709 267 1735 audi
289 1708 446 1742 spiritaliter
469 1707 602 1734 amatoria
618 1707 698 1734 verba
716 1707 839 1740 cantari,
862 1712 890 1735 et
911 1707 986 1735 disce

205 1758 307 1780 motum
328 1753 426 1780 animae
441 1757 493 1780 tua:
503 1773 511 1786 ,
528 1757 555 1780 et
569 1753 700 1780 naturalis
714 1752 815 1780 amoris
830 1752 984 1780 incendium

204 1799 237 1826 ad
255 1799 369 1826 meliora
385 1797 544 1832 transferre,
556 1799 706 1826 secundum
719 1798 805 1825 illud:
820 1799 886 1824 Ama
898 1797 984 1831 illam,

203 1848 227 1870 et
241 1843 350 1870 servabit
369 1849 403 1876 te,
417 1843 552 1870 circumda
566 1843 653 1876 illam,
669 1847 695 1870 et
704 1842 833 1870 exaltabit
846 1847 869 1870 te
884 1843 918 1870 "'.
940 1841 985 1870 Vi-

205 1889 238 1919 ri,
250 1887 354 1923 diligite
367 1895 462 1915 uxores
475 1892 586 1921 vestras,
605 1888 643 1914 ait
654 1886 800 1922 Apostolus
814 1887 847 1919 ",
866 1887 913 1914 sed
930 1894 985 1914 non

203 1931 278 1958 stetit
293 1931 320 1957 in
336 1938 368 1958 eo
381 1931 455 1966 quod
472 1931 578 1959 dixerat
591 1940 598 1959 :
622 1930 695 1964 Viri,
717 1931 823 1966 diligite
836 1939 930 1958 uxores
944 1939 986 1959 ve-

203 1982 292 2006 stras:
315 1984 410 2004 verum
432 1976 522 2004 sciens
545 1983 606 2005 esse
626 1976 798 2004 dilectionem
819 1976 940 2004 virorum
957 1977 984 2003 in

203 2022 319 2056 propriis
331 2029 440 2057 quoque
454 2021 586 2050 uxoribus
607 2021 794 2054 inhonestam,
820 2022 909 2049 sciens
925 2028 985 2048 esse

204 2069 352 2102 placentem
369 2067 443 2100 Deo,
465 2068 559 2096 docuit
581 2068 719 2103 quomodo
741 2068 792 2095 viri
808 2075 906 2096 uxores
920 2075 985 2095 suas

204 2121 296 2140 amare
309 2112 448 2145 deberent,
465 2112 586 2140 inferens
609 2122 616 2140 :
640 2112 707 2145 Viri,
720 2112 823 2147 diligite
835 2121 928 2139 uxores
942 2121 985 2140 ve-

204 2164 284 2190 stras,
298 2158 365 2184 sicut
390 2162 414 2184 et
436 2157 557 2185 Christus
580 2157 737 2185 Ecclesium.
767 2157 801 2185 Et
813 2157 865 2186 hoc
876 2158 984 2193 quidem

999 1552 1022 1583 C

1037 255 1145 281 odorem
1160 263 1247 281 suum.
1263 253 1423 281 Fasciculus
1439 258 1520 289 gutta:
1534 254 1671 288 fratruelis
1684 261 1758 280 meus
1770 254 1818 280 nti-

1038 300 1077 333 Iti,
1096 300 1123 327 in
1131 299 1221 326 Amedio
1236 299 1344 326 uberum
1358 307 1474 326 meorum
1490 299 1679 326 demorabitur.
1700 298 1819 331 Quomo-

1038 345 1074 372 do
1094 345 1176 380 igitur
1191 344 1346 379 aptabimus
1360 344 1386 371 ei
1409 344 1434 371 id
1457 344 1528 379 quod
1546 344 1684 379 praecessit
1708 353 1714 370 :
1734 343 1818 370 Donec

1039 397 1085 415 rex
1101 389 1129 415 in
1145 388 1263 415 recubitu
1286 397 1333 415 suo
1346 394 1395 420 est,
1417 388 1441 415 id
1461 389 1532 423 qttod
1547 388 1669 422 sequitur
1684 397 1690 415 :
1710 387 1818 414 Nardus

1038 441 1095 460 mea
1110 433 1181 460 dedit
1203 433 1309 460 adorent
1325 441 1411 459 suum.
1443 432 1576 467 Loquitur
1598 432 1818 467 Evangelium",

1037 480 1102 514 quia
1115 479 1187 506 venit
1201 479 1297 506 mulier
1313 479 1416 506 habens
1430 478 1596 506 alabastrum
1612 479 1742 513 unguenti
1756 487 1820 506 nar‘

1037 524 1065 552 di
1079 524 1167 559 pistici
1183 524 1305 559 pretiosi,
1321 531 1375 552 non
1387 524 1431 551 illa
1444 524 1580 559 peccatrix
1589 544 1596 557 ,
1608 524 1654 551 sed
1669 530 1774 555 sancta,
1786 523 1819 551 de

1037 577 1091 605 qua
1111 577 1183 597 nunc
1204 569 1270 596 mihi
1291 577 1381 597 sermo
1393 574 1443 598 est.
1476 569 1539 597 Scio
1555 569 1654 604 quippe
1669 569 1769 596 Lucam
1786 570 1820 596 de

1037 615 1198 650 peccatricc,
1211 614 1367 642 Mattlneum
1390 623 1455 643 vero
1468 619 1495 642 ct
1512 615 1642 642 Joannem
1655 619 1682 642 ct
1698 614 1818 642 Marcum

1037 667 1092 687 non
1107 660 1141 687 de
1153 660 1303 695 peccatrice
1316 660 1364 687 illa
1376 660 1488 687 dixisse.
1521 659 1598 687 Venit
1609 667 1673 694 ergo
1690 667 1743 686 non
1759 667 1819 694 pec-

1037 707 1134 739 catrix,
1149 707 1195 734 sed
1212 711 1317 738 sancta,
1329 706 1408 741 cujus
1423 713 1520 732 nomen
1533 712 1640 739 quoque
1649 703 1768 732 Joannes
1780 704 1821 731 in-

1037 752 1132 779 seruit.
1167 751 1251 778 Maria
1268 751 1368 786 quippe
1385 755 1444 778 erat
1460 750 1564 777 habens
1581 750 1747 777 alabastrum
1768 757 1820 776 un-

1037 798 1129 833 guenti
1145 797 1224 824 nardi
1240 797 1330 832 pistici
1344 797 1473 832 pretiosi,
1492 801 1519 823 ct
1532 795 1626 822 alludit
1641 803 1723 830 super
1738 800 1822 829 caput

1036 842 1113 870 lesu.
1131 842 1233 870 Deinde
1247 850 1329 877 super
1343 842 1395 869 hoc
1405 841 1608 876 indignantibus
1624 848 1677 867 non
1691 840 1820 867 omnibus

1038 888 1189 923 discipulis,
1206 888 1254 916 sed
1270 887 1339 915 Juda
1356 887 1415 915 solo
1425 887 1531 914 dicente
1547 895 1555 914 :
1571 885 1658 913 Potuit
1673 886 1820 913 venundati

1036 934 1084 960 ltoc
1101 934 1220 960 trecentis
1233 933 1350 960 denariis
1362 938 1386 960 ct
1399 933 1458 959 dari
1471 932 1628 967 pauperibus
1642 932 1681 964 7°;
1704 939 1818 967 respon-

1037 979 1077 1007 dit
1091 980 1218 1015 Magister
1227 983 1310 1014 atque
1321 979 1446 1006 Salvator
1461 987 1468 1005 :
1487 977 1594 1012 Semper
1606 985 1731 1012 pauperes
1745 979 1821 1004 habe-

1036 1025 1098 1052 bitis
1113 1025 1256 1058 vobiscum,
1269 1033 1309 1052 me
1323 1029 1411 1051 autem
1423 1032 1474 1051 non
1487 1032 1586 1059 semper
1599 1025 1632 1052 ⁷⁷.
1653 1024 1820 1052 Ρνιτυριιίρηι

1035 1071 1128 1106 quippe
1149 1071 1204 1098 Iure
1219 1071 1246 1097 in
1265 1071 1335 1097 diem
1350 1070 1492 1105 sepultura:
1505 1078 1569 1098 mea:
1583 1071 1655 1105 fecit.
1678 1070 1742 1098 Ideo
1761 1072 1819 1098 ubi-

1030 1124 1135 1151 cunque
1148 1116 1319 1150 praedicatum
1333 1116 1413 1150 fuerit
1431 1115 1602 1151 Euangelium
1615 1117 1697 1148 istud,
1712 1117 1816 1144 dicetur

996 1183 998 1185 ,
1030 1166 1058 1188 et
1073 1161 1142 1196 quod
1155 1162 1215 1196 fecit
1225 1161 1280 1189 litae
1292 1162 1319 1188 in
1332 1162 1486 1189 memoriam
1497 1163 1553 1196 ejus
1567 1162 1598 1188 ⁷⁸.
1617 1161 1644 1188 In
1657 1161 1742 1197 ﬁgura
1753 1170 1819 1197 ergo

1035 1206 1116 1233 istius
1140 1213 1202 1239 quae
1218 1213 1291 1233 nunc
1304 1205 1426 1241 loquitur
1442 1216 1448 1234 :
1468 1205 1576 1232 Nardus
1589 1214 1646 1233 mea
1666 1207 1738 1233 dedit
1754 1207 1818 1234 odo-

1035 1259 1089 1278 rem
1101 1259 1196 1283 suum,
1219 1251 1263 1278 illa
1281 1258 1362 1286 super
1375 1256 1456 1286 caput
1471 1251 1579 1278 Domini
1601 1251 1669 1279 fudit
1695 1259 1819 1287 unguen-

1036 1300 1093 1324 tum
1109 1305 1116 1324 :
1133 1301 1160 1323 et
1174 1300 1202 1324 tu
1215 1304 1323 1332 quoque
1345 1304 1455 1325 assume
1472 1297 1600 1329 nardum,
1626 1302 1654 1324 ut
1673 1302 1818 1332 postquam

1035 1346 1117 1376 caput
1131 1340 1196 1369 Jesu
1212 1342 1288 1369 suavi
1302 1342 1387 1370 odore
1409 1341 1572 1377 perfuderis,
1588 1342 1677 1377 possis
1689 1342 1818 1370 audacter

1035 1387 1111 1414 ell'ari
1129 1396 1135 1413 :
1155 1386 1263 1413 Nardus
1287 1395 1344 1414 mea
1362 1387 1434 1414 dedit
1454 1387 1559 1414 odorem
1574 1395 1662 1419 suum,
1686 1392 1714 1414 et
1727 1395 1742 1415 a
1754 1387 1818 1415 Jesu

1036 1433 1204 1468 reciprocum
1219 1433 1313 1460 audire
1327 1440 1491 1466 sermonem,
1506 1434 1570 1469 quia
1585 1434 1730 1468 ubicunque
1746 1442 1816 1468 pra:-

1035 1478 1154 1506 dicatum
1169 1479 1249 1513 fuerit
1261 1479 1309 1505 hoc
1322 1477 1495 1513 Evangelium
1508 1479 1535 1505 in
1550 1483 1604 1505 toto
1617 1479 1725 1511 mundo,
1747 1480 1818 1506 dice-

1037 1529 1080 1550 tur
1092 1528 1116 1551 et
1127 1524 1196 1559 quod
1211 1524 1273 1558 fecit
1286 1524 1341 1552 haec
1353 1525 1380 1550 in
1394 1524 1547 1551 memoriam
1561 1525 1628 1559 ejus.
1654 1524 1693 1551 Tu
1710 1533 1819 1560 quoque

1037 1569 1133 1603 facito,
1156 1570 1184 1597 in
1209 1569 1344 1598 universis
1360 1571 1486 1606 gentibus
1511 1571 1666 1605 praedicam.
1702 1570 1818 1604 Quando

1036 1619 1126 1642 autem
1140 1615 1193 1643 hoc
1207 1614 1309 1643 facies?
1337 1615 1365 1643 Si
1378 1615 1466 1643 factus
1478 1615 1561 1644 fueris
1575 1620 1603 1643 ut
1617 1617 1774 1652 Apostolus,
1792 1622 1819 1644 et

1035 1660 1138 1689 dixeris
1152 1670 1158 1687 :
1174 1660 1273 1688 Christi
1295 1661 1376 1688 bonus
1399 1662 1464 1688 odor
1478 1670 1568 1689 sumus
1590 1663 1618 1689 in
1636 1663 1706 1689 omni
1719 1663 1776 1689 loro
1791 1665 1818 1690 in

1035 1706 1077 1732 Itis
1089 1707 1135 1741 qui
1145 1706 1293 1739 salvantur,
1308 1711 1332 1732 et
1346 1707 1374 1733 in
1387 1706 1429 1734 Itis
1443 1707 1488 1742 qui
1502 1712 1608 1741 pereunt
1623 1708 1645 1723 "
1656 1716 1664 1740 ;
1676 1708 1744 1735 bona
1758 1716 1820 1743 ope-

1037 1759 1067 1778 ra
1083 1756 1127 1779 tua
1144 1752 1245 1779 nardus
1258 1756 1330 1779 sunt.
1350 1751 1378 1779 Si
1394 1760 1459 1780 vero
1472 1754 1637 1787 peccaveris,
1654 1759 1764 1788 peccata
1779 1759 1820 1782 te-

1037 1801 1080 1824 tro
1094 1796 1178 1824 odore
1192 1797 1351 1824 redolebunt
1359 1806 1370 1832 ;
1379 1797 1445 1825 dicit
1459 1798 1558 1832 quippe
1571 1798 1704 1833 ptenitens
1717 1809 1723 1826 :
1739 1799 1819 1827 Cant-

1035 1848 1192 1879 putruerunt
1213 1848 1237 1871 et
1258 1849 1388 1880 corrupta:
1409 1849 1470 1872 sunt
1492 1846 1628 1873 cicatrices
1646 1854 1739 1874 mead
1751 1848 1821 1882 facie

1034 1893 1195 1927 insipientia:
1211 1901 1275 1920 mete
1288 1893 1321 1919 ⁸ο.
1354 1892 1413 1920 Non
1434 1893 1467 1920 de
1488 1893 1574 1920 nardo
1590 1894 1758 1928 propositum
1777 1899 1821 1921 est

1035 1945 1108 1965 nunc
1129 1936 1241 1972 Spiritui
1268 1942 1363 1965 sancto
1386 1938 1493 1971 dicere,
1519 1945 1606 1973 neque
1621 1939 1654 1966 de
1673 1939 1725 1966 hoc
1744 1940 1819 1974 quod

1034 1982 1121 2010 oculis
1144 1982 1282 2010 intuemur
1297 1982 1461 2017 evangelista
1477 1983 1570 2010 scribit
1596 1987 1734 2019 unguento
1746 2004 1754 2017 ,
1770 1984 1819 2012 sed

1034 2029 1067 2056 de
1091 2028 1177 2056 nardo
1203 2029 1328 2064 spiritali,
1356 2028 1389 2056 de
1415 2029 1501 2056 nardo
1526 2036 1586 2064 quae
1608 2029 1682 2056 dedit
1705 2029 1820 2057 odorem

1035 2082 1126 2102 suum.

1069 2120 1095 2147 3.
1115 2119 1280 2156 (Vers.15.)
1310 2119 1466 2148 Fasciculus
1484 2125 1598 2152 stactes,
1619 2121 1644 2148 id
1661 2126 1704 2149 est
1724 2126 1820 2157 gutta,

1033 2166 1093 2193 sive
1108 2165 1197 2199 stillat,
1214 2166 1352 2200 fratruelis
1370 2175 1441 2193 meus
1455 2167 1528 2194 mihi.
1550 2167 1656 2194 Guttam
1675 2169 1820 2202 unguenti,

204 2205 230 2230 in
249 2203 381 2237 prooemio
394 2210 487 2230 eorum
503 2211 564 2238 qua:
579 2207 673 2239 postea
690 2203 846 2231 disserenda
863 2209 926 2231 sunt
940 2203 982 2230 di-
999 2219 1021 2246 ο
1035 2210 1149 2245 casiam,
1166 2211 1324 2246 “manum,
1337 2211 1363 2238 in
1377 2210 1470 2239 Exodo
1485 2212 1600 2247 legimus
1615 2217 1750 2247 ρνπρριο
1766 2212 1821 2240 Do-

203 2256 303 2276 Xlﬂltfs.

237 2294 265 2321 2.
284 2294 353 2327 Quia
370 2295 449 2322 amici
476 2295 568 2330 sponsi
592 2295 655 2322 dum
679 2302 724 2322 rex
749 2295 776 2321 in
792 2294 914 2322 recubitu
933 2301 984 2321 suo

201 2345 244 2368 est
257 2340 430 2375 (requiescens
450 2341 522 2368 enim
546 2341 669 2367 dormivit
684 2345 712 2367 ut
724 2340 774 2374 leo,
798 2345 823 2368 et
838 2345 866 2367 ut
879 2339 982 2367 catulus

201 2387 283 2414 leonis
298 2386 338 2422 ⁷⁸)
349 2406 356 2420 ,
379 2393 487 2421 sponsae
509 2386 690 2421 promiserant
711 2386 797 2414 donec
811 2386 854 2414 ille
866 2394 983 2414 consur-

201 2437 277 2468 geret
289 2439 318 2459 se
334 2432 525 2460 similitudines
539 2432 599 2459 auri
614 2437 641 2459 et
654 2432 758 2467 argenti
776 2439 836 2460 esse
850 2431 981 2464 facturos,

201 2487 254 2506 non
268 2478 398 2506 habentes
419 2486 516 2506 aurum
540 2482 571 2505 ut
592 2485 719 2513 sponsus,
741 2482 768 2506 et
781 2478 981 2513 quodammodo

200 2525 261 2552 aliis
275 2525 365 2552 verbis
382 2524 474 2559 sponsi
492 2525 584 2559 passio
604 2524 747 2559 praedicata
762 2529 802 2552 est
817 2534 824 2552 ε
841 2532 894 2551 non
911 2525 980 2551 irra~

200 2569 364 2598 tionabiliter
378 2570 411 2597 ad
426 2569 482 2596 hate
494 2576 593 2604 sponsa
604 2570 759 2604 respondet,
768 2575 794 2597 et
807 2570 865 2604 ipsa
876 2570 983 2605 dispen-

200 2616 330 2643 sationem
346 2615 491 2650 quamdam
507 2615 643 2650 passionis
660 2615 811 2649 intelligens
822 2615 893 2642 adid
908 2615 980 2650 quod

200 2661 321 2688 audierat
333 2661 403 2696 (cap.
420 2669 440 2694 t,
451 2669 522 2689 vers.
541 2660 585 2693 10,
610 2661 655 2694 Η)
672 2670 678 2688 :
700 2659 893 2688 Similitudines
921 2661 981 2688 auri

201 2707 327 2741 faciemus
344 2708 392 2734 tibi
405 2716 464 2734 cum
479 2707 647 2743 stigmatibus
660 2707 772 2742 argenti,
793 2708 874 2734 donec
892 2714 938 2734 rea:
952 2708 979 2735 in

1035 2256 1100 2283 mini
1118 2257 1146 2283 in
1167 2256 1332 2292 thymiama,
1351 2255 1377 2284 id
1399 2261 1441 2284 est
1461 2257 1487 2283 in
1510 2257 1676 2284 sacerdotale
1697 2258 1820 2286 chrisma

1033 2300 1186 2328 confectum
1201 2300 1234 2326 ³¹.
1260 2300 1290 2327 Si
1304 2308 1369 2336 ergo
1386 2302 1486 2329 videris
1499 2302 1665 2329 Salvatorem
1678 2310 1769 2330 meum
1785 2305 1820 2332 ad

1034 2351 1141 2374 terrena
1155 2350 1204 2373 aut
1217 2346 1332 2373 humilia
1348 2347 1564 2380 descendentem,
1583 2348 1685 2375 videbis
1699 2355 1820 2383 quomo—

1034 2391 1069 2419 do
1084 2391 1185 2419 virtute
1201 2394 1300 2426 magna
1313 2395 1340 2419 et
1355 2392 1498 2427 majestate
1512 2392 1603 2420 divina
1619 2393 1651 2420 ad
1667 2401 1716 2420 nos
1731 2394 1821 2421 modi-

1035 2444 1067 2463 ca
1085 2436 1210 2471 quaedam
1231 2436 1303 2463 stilla
1324 2436 1477 2465 deﬂuxerit.
1508 2437 1543 2465 De
1555 2438 1606 2465 hac
1618 2438 1690 2465 stilla
1711 2443 1738 2466 et
1753 2447 1820 2473 pro-

1035 2482 1116 2516 pheta
1135 2482 1242 2515 cecinit,
1256 2482 1350 2509 dicens
1373 2491 1380 2509 :
1408 2482 1440 2509 Et
1453 2483 1504 2510 erit
1519 2483 1550 2510 de
1569 2484 1643 2510 stilla
1656 2484 1747 2518 populi
1759 2484 1819 2518 ejus

1035 2527 1232 2561 congregandos
1256 2520 1458 2562 congregabitur
1471 2527 1553 2554 Jacob
1567 2528 1599 2555 ⁸¹.
1629 2527 1662 2555 Et
1678 2529 1760 2556 sicuti
1773 2537 1819 2557 se-

1033 2573 1152 2599 cundum
1167 2572 1248 2599 alium
1261 2579 1371 2600 sensum
1390 2573 1458 2608 lapis
1470 2579 1528 2601 crat
1547 2574 1677 2608 prateisus
1694 2582 1710 2602 e
1725 2580 1820 2603 monte

1034 2617 1093 2644 sine
1110 2617 1236 2646 manibus
1257 2619 1344 2646 nostri
1358 2619 1385 2645 in
1399 2626 1482 2646 carne
1496 2618 1645 2647 Salvatoris
1658 2619 1792 2648 adventus
1810 2630 1817 2647 :

1034 2670 1121 2696 neque
1140 2663 1213 2691 enim
1229 2668 1301 2691 totus
1318 2671 1398 2692 mons
1414 2664 1465 2692 fuit
1478 2665 1524 2699 qui
1541 2665 1680 2693 descendit
1702 2666 1736 2693 ad
1760 2670 1819 2694 ter-

1034 2717 1098 2742 ras,
1123 2717 1174 2737 nec
1195 2714 1302 2744 poterat
1314 2710 1435 2737 httmana
1459 2710 1593 2745 fragilitas
1615 2711 1699 2738 totius
1714 2713 1819 2740 montis

235 2754 256 2769 ⁷¹
272 2753 340 2781 Gen.
354 2763 427 2788 sua,
440 2755 467 2782 9.
485 2755 507 2771 ⁷¹
533 2755 612 2782 Prov.
626 2762 663 2786 tv,
677 2753 704 2781 8.
733 2754 756 2771 ⁷³
775 2754 880 2782 Coloss.
898 2763 939 2786 ιιι,
950 2755 976 2783 9.
1007 2755 1031 2771 ’⁵
1046 2755 1126 2783 Num.
1142 2764 1216 2789 xxtv,
1233 2757 1260 2785 9.
1288 2758 1311 2773 "
1327 2757 1407 2785 Joan.
1424 2757 1580 2789 xtt,lilatth.
1597 2766 1671 2786 “vt.
1687 2758 1712 2775 "
1720 2758 1818 2787 Matth.

203 2797 274 2821 txvt,
295 2789 321 2816 9.
369 2790 390 2805 ⁷¹¹
413 2791 474 2817 iliid.
494 2790 597 2822 12,15.

200 2825 221 2840 δ’
236 2824 315 2852 Μιειι.
334 2832 364 2856 ιι,
389 2824 490 2856 ll,12.

235 2870 292 2904 (lli)
313 2870 452 2897 Formom.
473 2869 563 2897 Codex
580 2870 757 2903 Turonensis,
772 2871 898 2906 perfecta.

639 2790 661 2805 ⁷³
679 2788 762 2816 Marc.
802 2797 860 2823 xiv,
880 2791 907 2823 8,
927 2790 953 2818 9.
991 2791 1013 2807 ⁷³
1035 2790 1055 2817 ll
1073 2791 1137 2819 Cor.
1149 2800 1180 2826 ιι,
1197 2788 1240 2820 l5.
1279 2793 1300 2808 ⁸ο
1322 2792 1392 2820 l’sal.
1412 2788 1526 2825 xxxviii,
1541 2793 1568 2820 5.
1606 2794 1627 2809 ει
1648 2792 1733 2822 Exod.
1754 2801 1818 2822 xxv.
