1892 3050
110 97 142 125 ιε)
826 100 902 128 HOMl

956 102 967 126 ι
987 99 1018 128 ιι.
1707 101 1740 129 50

117 158 334 194 magnitudinem
351 169 467 196 capere:
483 162 531 189 sed
545 161 613 197 lapis
625 170 657 190 ex
674 167 777 195 monte,
790 162 858 197 lapis
871 162 910 189 ol-
923 165 947 192 Α
961 162 1116 196 regionibus
1128 161 1284 189 botrus-iste
1295 162 1331 190 sit
1342 169 1458 196 sponsae.
1476 161 1506 187 [at
1516 162 1595 189 vincis
1607 161 1740 196 Enqaddt,

118 202 258 237 feusionis,
267 209 294 232 et
310 210 388 240 petua
396 206 516 234 scandali
528 206 668 234 descendit
679 206 707 233 in
721 206 850 234 mundum
863 206 903 240 aa;

121 250 160 277 sic
175 251 326 278 secundum
349 252 434 278 alium
452 252 616 280 intellectum
639 252 708 279 stilla
723 257 904 286 nuncupatur.

120 295 266 330 Oportebat
279 296 382 332 quippe
398 302 427 324 ut
437 298 502 332 quia
517 306 605 325 omnes
615 303 702 333 gentes
716 298 742 325 in
756 298 858 325 stillam
872 297 906 324 ti-

120 341 183 368 tnlte
196 347 326 376 reputans
338 348 401 369 sunt
413 343 448 375 ⁸⁸,
463 343 487 370 is
500 343 547 378 qui
563 351 612 377 pro
625 343 749 370 omnium
765 343 853 370 salute
866 342 906 370 fa-

118 390 181 413 ctus
201 390 244 414 est
258 387 350 414 ontttia
364 408 371 420 ,
388 387 470 415 etiam
485 388 560 415 stilla
574 388 651 416 fieret
672 388 707 416 ad
721 393 768 416 eas
788 388 907 416 liberan-

116 431 178 458 das.
207 430 279 463 Quid
294 432 366 459 enim
384 440 434 467 pro
446 437 540 460 nastra
556 433 644 461 salute
665 441 722 460 non
744 433 833 461 factus
844 434 906 461 est?

116 476 174 504 Nos
188 477 302 510 inanes,
325 482 352 505 et
365 479 409 506 ille
422 479 572 506 exiuanivit
592 479 767 514 semetipsum
789 479 905 507 formam

116 522 189 549 srrri
203 522 351 556 accipiens.
367 522 421 551 Nos
433 523 549 558 populus
562 524 662 552 stultus
674 528 702 551 ct
715 531 768 551 non
785 524 905 559 sapiens,

114 572 143 594 et
158 567 205 595 ille
221 566 310 595 factus
333 573 375 596 est
397 569 511 597 stultitia
526 569 738 604 praedicationis,
757 574 787 597 ut
800 570 904 597 fatuum

115 612 163 640 Dei
178 613 331 648 sapientius
345 615 420 642 lieret
437 615 604 643 ltominibus.
621 614 678 643 Nos
693 615 807 648 intirmi,
826 615 904 643 inﬁr-

114 665 191 685 mum
204 658 252 687 Dei
267 659 365 688 fortius
382 661 539 689 homittibus
554 661 655 689 factum
667 667 718 689 est.
740 660 810 694 Quia
823 662 906 696 igitur

115 703 251 732 universa
273 709 360 740 gentes
381 710 410 732 ut
422 706 496 733 stilla
518 706 624 739 situlte,
647 711 671 733 et
694 711 723 734 ut
747 711 905 734 momentum

112 752 225 775 statera!
241 754 370 783 reputatte
390 754 451 777 sunt
468 750 490 766 ⁸⁸
504 759 511 783 ;
532 750 634 778 idcirco
658 749 747 778 factus
762 755 803 779 est
820 751 903 783 stilla,

113 797 144 820 ut
155 800 207 828 per
220 801 283 821 cum
299 803 314 821 a
328 795 497 823 vestimentis
511 795 613 824 nostris
627 795 696 824 odor
713 796 792 823 stillat
806 804 904 831 proce-

112 827 193 866 deret
209 847 218 866 :
233 839 311 874 juxta
323 840 389 868 illud
412 850 419 868 :
437 841 558 876 Myrrha,
573 845 599 868 et
610 841 696 874 stilla,
711 846 735 869 ct
747 827 819 869 casia
833 851 848 869 a
860 850 901 869 οι·
920 827 941 855 Β

111 884 246 911 stimeutis
271 886 342 919 tuis,
362 895 379 913 α
397 887 516 914 domibus
540 886 731 921 elephantinis;
753 895 786 915 ea:
809 887 902 923 quibus

111 928 316 963 la-tiﬁcarerunt
338 936 363 958 te
384 932 448 966 ﬁlia:
469 940 559 967 regunt
577 932 768 960 inhonoratae
782 933 822 966 “;
843 941 904 969 qua:

111 973 140 1002 iu
158 983 221 1002 xuv
237 977 343 1011 psalmo
367 978 495 1005 dicuntur
519 978 552 1006 ad
573 985 714 1013 sponsam.
744 978 902 1006 Fasciculus

111 1020 195 1047 stillae
210 1021 350 1055 fratruelis
363 1031 434 1050 meus
451 1023 526 1049 mihi.
546 1023 758 1052 Consideremus
770 1025 833 1060 quid
850 1025 903 1052 sibi

111 1064 253 1094 fratruelis
263 1068 374 1097 nomine
388 1069 440 1103 ιθ
449 1068 652 1103 telitEcclesia,
660 1078 720 1105 quae
727 1070 771 1098 hic
782 1071 903 1106 loquitur

110 1111 144 1139 de
159 1111 302 1141 fratruelc.
332 1113 388 1142 Nos
402 1123 499 1143 sumus
523 1124 556 1144 ex
571 1117 698 1151 gentibus
721 1117 877 1152 congregati
894 1127 901 1144 :

112 1156 243 1185 Salvator
259 1164 353 1188 noster
376 1161 480 1188 sororis
492 1161 553 1196 ejus
568 1166 610 1190 est
625 1162 706 1195 filius,
722 1162 748 1189 id
768 1166 821 1196 est,
836 1171 902 1198 syn-

114 1210 225 1238 agogas;
245 1204 299 1232 duo
313 1205 414 1240 quippe
428 1214 537 1234 sorores
552 1212 630 1241 sunt,
652 1207 774 1235 Ecclesia
788 1212 815 1235 et
831 1207 904 1244 Syn-

112 1255 211 1284 agoga.
234 1249 360 1278 Salvator
380 1259 454 1288 ergo,
475 1258 503 1281 ut
517 1254 654 1285 diximus,
671 1254 742 1282 ﬁlius
756 1262 901 1290 synagoga:

113 1294 236 1327 sororis,
253 1295 295 1322 vir
312 1295 455 1330 Ecclesiae,
472 1305 590 1332 sponsus
603 1298 731 1326 Ecclesia:
742 1318 750 1331 ,
765 1299 902 1327 fratruelis

111 1344 154 1367 est
173 1347 283 1375 sponsa:
304 1350 372 1370 suae.
393 1342 550 1370 Fasciculus
569 1345 650 1372 stillte
669 1345 807 1379 fratruelis
830 1353 902 1373 uicus

112 1388 177 1414 nti/ti
203 1396 213 1415 :
236 1389 264 1415 in
293 1390 377 1417 medio
407 1391 515 1418 uberum
543 1400 659 1419 meorum
686 1394 902 1422 commorabitur.

111 1433 180 1466 Quis
204 1433 241 1461 ita
261 1435 356 1463 beatus
383 1440 414 1463 ut
437 1436 534 1464 habeat
560 1438 694 1473 hospitem
717 1439 744 1465 in
759 1439 902 1474 principali

957 207 1030 241 quod
1055 208 1249 242 interpretatur
1282 207 1380 234 oculus
1403 206 1571 234 tentatiouis.
1600 208 1628 233 ltt
1656 207 1741 234 vincis

959 253 1042 287 igitur
1054 252 1126 280 oculi
1140 251 1298 279 tentationis
1311 251 1408 279 botrus
1425 251 1500 286 cypri
1515 250 1652 279 fratruelis
1664 259 1741 279 meus

959 298 1037 326 mibi.
1058 297 1227 325 Tentationis
1242 298 1339 325 oculus
1354 298 1380 324 itt
1394 297 1520 332 praesenti
1534 302 1575 324 est
1587 305 1593 323 :
1607 296 1739 331 siquidem

952 345 985 375 jn
998 344 1147 372 tculationc
1159 351 1299 370 morantur
1311 343 1338 369 itt
1354 343 1405 370 hoc
1417 343 1528 376 mundo,
1543 346 1571 370 et
1584 343 1692 369 tentatio
1702 347 1741 369 est

957 391 1011 418 vita
1027 391 1142 417 ltumtma
1157 397 1234 424 super
1251 394 1348 416 terram
1363 389 1396 415 ³⁸.
1423 388 1492 415 Dum
1506 389 1532 415 in
1545 387 1596 415 hac
1607 388 1667 416 luce
1681 395 1741 416 ver-

957 444 1051 464 samur
1061 455 1069 468 ,
1093 435 1125 462 in.
1143 435 1231 462 vineis
1244 442 1340 462 sumus
1353 434 1485 469 Eugaddi.
1505 434 1534 461 Si
1547 438 1636 461 autent
1650 442 1740 462 utcru~

956 483 1063 510 erimus
1094 486 1188 516 postea
1225 480 1437 515 transplautari,
1460 488 1475 507 a
1498 484 1591 508 nostro
1621 480 1738 514 agricola

957 528 1165 556 transferentur.
1191 526 1246 555 Nec
1261 526 1369 554 dubites
1389 527 1455 561 quin
1469 527 1559 561 possis
1571 526 1604 553 de
1619 525 1739 561 Eugadtlt

956 574 1043 602 vineis
1059 574 1093 602 ad
1116 575 1176 601 loca
1198 573 1312 600 meliora
1330 572 1482 600 transferri.
1511 572 1635 607 Agricola
1647 577 1740 599 noster

955 621 989 648 ad
1007 619 1222 648 transferendam
1244 619 1350 646 vineam
1370 618 1465 646 crebra
1489 618 1664 646 meditatione
1681 619 1738 653 jam

955 666 1059 694 calluit.
1084 665 1193 693 Vineam
1212 665 1284 692 enim
1299 672 1331 691 ea:
1343 665 1457 700 {Egypto
1475 664 1647 696 transtulisti,
1660 665 1740 698 ejecio

955 712 991 738 sti
1002 715 1100 746 gentes,
1123 715 1146 737 et
1158 709 1286 744 plantastt'
1305 717 1373 735 eam.
1399 708 1508 742 Operuit
1526 713 1625 735 montes
1646 708 1739 734 umbra

954 757 1023 791 ejus,
1041 762 1066 783 et
1088 755 1196 782 arbusta
1215 755 1272 789 ejus
1296 754 1386 780 cedro:
1398 752 1536 780 Libani".
1554 752 1587 780 Et
1605 753 1662 780 lttec
1678 752 1739 786 qui-

955 803 1015 830 dem
1025 809 1087 837 quae
1099 800 1288 836 exposuimus,
1305 799 1394 826 locuta
1412 798 1448 825 sit
1463 805 1563 833 sponsa
1579 798 1613 825 de
1626 805 1738 832 sponso,

953 847 1109 883 signiﬁcans
1125 852 1245 873 amorem
1260 851 1338 872 suum
1351 847 1379 870 et
1393 843 1485 878 sponsi
1499 841 1631 869 venientis
1647 841 1739 876 hospi-

954 893 1020 921 tium
1034 913 1042 926 ,
1075 891 1213 927 quomodo
1235 890 1263 917 in
1288 889 1377 916 medio
1402 888 1515 915 uberum
1535 892 1563 914 et
1584 887 1626 914 sui
1649 886 1739 914 cordis

953 946 1053 966 arcano
1065 944 1183 973 sponsus
1197 935 1306 963 veniens
1325 937 1518 961 commoretur.

988 982 1015 1009 4.
1036 981 1141 1008 Rursus
1165 979 1260 1015 sponsi
1275 978 1309 1006 ad
1319 985 1379 1005 eam
1395 984 1486 1005 sermo
1501 975 1637 1011 dirigitur,
1652 979 1680 1002 ct
1694 974 1736 1002 di-

953 1029 990 1056 cit
1003 1028 1084 1061 (vers.
1111 1026 1154 1061 14)
1178 1035 1185 1053 :
1211 1025 1278 1052 Ecce
1300 1024 1417 1058 speciosa
1438 1022 1560 1057 proxima
1583 1029 1657 1053 mea,
1682 1027 1739 1047 ecce

953 1074 1086 1109 speciosa,
1102 1072 1171 1099 oculi
1185 1072 1223 1098 tui
1236 1070 1373 1098 columba.
1404 1068 1451 1096 llla
1469 1068 1509 1096 sic
1523 1067 1590 1095 dicit
1604 1067 1637 1093 ad
1654 1074 1738 1101 sputi-

953 1128 1014 1148 sum
1032 1128 1041 1146 :
1059 1118 1126 1146 Ecce
1139 1118 1269 1152 speciosus
1286 1115 1421 1152 fratruelis
1434 1122 1524 1146 meus;
1541 1121 1594 1140 non
1607 1112 1738 1147 adjungit,

953 1171 980 1194 et
991 1165 1134 1201 proximus
1147 1171 1234 1191 meus.
1264 1162 1315 1189 llic
1329 1166 1419 1189 autem
1437 1160 1548 1196 quando
1569 1159 1689 1194 loquitur
1704 1158 1737 1185 ad

953 1221 1013 1241 eam
1036 1221 1042 1239 :
1061 1211 1127 1238 Ecce
1149 1209 1284 1245 speciosa,
1308 1207 1433 1242 adjungit
1456 1211 1500 1239 et,
1526 1206 1647 1240 proxima
1669 1213 1737 1231 mea.

953 1259 1044 1293 Quare
1067 1260 1158 1284 autem
1175 1255 1219 1282 illa
1235 1261 1290 1281 non
1302 1254 1368 1281 dicit
1384 1262 1390 1279 :
1406 1253 1473 1279 Ecce
1488 1251 1629 1286 speciosus
1648 1250 1740 1284 proxi-

953 1311 1014 1331 mus
1031 1301 1110 1335 mihi,
1136 1300 1183 1328 sed
1202 1303 1316 1331 tantum,
1337 1305 1394 1324 ecce
1407 1297 1540 1331 speciosus
1553 1297 1566 1322 .7
1588 1295 1678 1328 Quare
1695 1294 1740 1321 ille

953 1357 1008 1376 non
1023 1347 1124 1379 solum,
1137 1345 1261 1381 speciosa
1274 1351 1316 1377 es,
1336 1343 1413 1375 dicit,
1433 1341 1491 1375 sed,
1506 1341 1622 1376 speciosa
1635 1348 1661 1367 es
1676 1348 1738 1374 pro-

952 1396 1027 1422 :rima
1041 1393 1119 1421 mea?
1133 1392 1240 1427 Sponsa
1256 1390 1280 1417 si
1295 1389 1373 1424 longe
1386 1387 1468 1416 ftterit
1482 1395 1497 1414 a
1511 1394 1622 1422 sponso,
1636 1394 1688 1413 nou
1699 1390 1739 1412 est

954 1440 1095 1477 speciosa;
1112 1443 1178 1466 tunc
1190 1437 1303 1472 pulchra
1317 1437 1345 1463 lit
1356 1455 1365 1468 ,
1380 1434 1492 1470 quando
1507 1434 1554 1461 Dei
1573 1433 1656 1461 verbo
1673 1440 1739 1460 cott-

111 1479 216 1513 cordis,
232 1480 261 1507 in
274 1481 364 1508 medio
377 1482 503 1515 uberum,
520 1483 546 1509 itt
559 1487 668 1518 pectore
684 1491 733 1511 suo
746 1491 900 1512 sermonem
914 1502 936 1532 ρ
950 1486 1084 1523 jungitur.
1106 1484 1140 1512 Et
1158 1484 1257 1511 merito
1269 1490 1343 1509 nunc
1355 1481 1496 1532 docetur-tt
1510 1487 1622 1532 spo‘nso,
1637 1484 1666 1506 ttt
1679 1487 1739 1531 pro-

111 1524 182 1552 Βεὶῖ
202 1524 269 1553 Tale
284 1531 326 1554 est
340 1527 440 1562 quippe
458 1528 530 1563 quod
545 1529 653 1556 canitur
671 1538 678 1557 :
696 1528 729 1556 In
742 1529 827 1556 medio
841 1530 901 1558 ube-

110 1575 170 1594 rum
187 1576 306 1595 meorum
320 1573 536 1599 commorabitur.
568 1572 598 1600 Si
617 1581 668 1600 non
684 1573 783 1608 fuerint
806 1575 900 1609 fracta:

111 1621 237 1641 mamma
252 1618 305 1641 tute
326 1623 336 1641 :
353 1617 380 1642 in
393 1617 483 1644 medio
499 1625 592 1645 earum
606 1619 740 1646 habitabit
754 1626 844 1647 sermo
858 1620 900 1647 di-

110 1659 203 1686 vinus.
224 1659 343 1688 Docebat
359 1661 386 1688 in
400 1663 521 1690 carmine
536 1665 649 1699 nuptiali
663 1672 797 1693 mammas
810 1667 900 1700 potius

112 1705 258 1740 appellari,
273 1713 355 1741 quam
371 1712 477 1742 pectus.
509 1709 542 1736 Et
556 1711 729 1745 perspicuum
744 1717 786 1739 est
801 1719 851 1739 cur
865 1713 900 1740 ad

112 1752 312 1787 expositionem
325 1753 388 1788 ejus
402 1754 449 1789 qui
463 1754 529 1782 dicit
542 1764 548 1783 τ
566 1755 598 1782 1η
618 1757 702 1784 medio
717 1758 824 1784 uberum
850 1766 900 1786 me-

111 1808 189 1827 orum
204 1802 414 1829 commorabitur
426 1811 436 1830 :
454 1804 489 1831 sit
503 1809 687 1840 assumptum,
700 1807 723 1833 si
737 1814 788 1833 non
802 1808 900 1842 fuerint

112 1845 208 1880 fracta
223 1855 347 1875 mamma:
361 1852 424 1882 tute,
441 1848 474 1876 de
489 1849 640 1878 Ezechiele.
663 1851 689 1878 In
702 1859 735 1879 eo
750 1853 850 1888 quippe
860 1853 899 1881 lo-

111 1899 145 1919 co
158 1893 204 1919 ubi
229 1892 398 1921 Hierusalem
412 1893 552 1923 Dominica
573 1897 720 1932 corripitur
736 1906 812 1931 voce,
829 1899 899 1926 inter

111 1942 211 1965 cetera
223 1938 324 1966 dicitur
336 1939 370 1966 ad
381 1947 440 1967 eam
454 1949 462 1967 :
475 1940 508 1967 In
518 1941 634 1977 [Egyplo
646 1943 740 1977 fractae
748 1949 807 1971 sunt
820 1952 901 1971 ment-

112 1992 163 2012 ma
187 1989 242 2012 tute
258 1985 290 2011 ⁵⁷.
312 1985 454 2014 Castarum
471 1987 554 2015 ubera
575 1988 634 2024 (Π)
647 1997 700 2017 non
714 1989 875 2025 franguntur
891 2000 899 2017 :

111 2029 159 2056 sed
173 2030 349 2058 meretricum
362 2031 447 2059 ubera
459 2032 528 2060 laxis
540 2033 656 2068 pellibus
669 2035 827 2071 irrigantur.
846 2035 900 2063 Pu-

111 2074 238 2102 dicarum
252 2080 343 2103 erecta
358 2080 425 2103 sunt
445 2077 546 2111 ubera,
561 2083 588 2106 et
604 2079 730 2115 virginali
744 2081 844 2109 robore
854 2086 900 2110 tu-

112 2120 227 2147 mentia.
257 2119 419 2155 Suscipiunt
439 2130 594 2151 sermonem
615 2126 720 2160 sponsi,
736 2131 764 2155 et
778 2127 874 2155 dicunt
891 2138 898 2156 :

953 1532 1026 1560 xima
1041 1532 1086 1564 sit,
1098 1535 1126 1558 et
1140 1538 1156 1557 a
1171 1537 1222 1558 suo
1235 1529 1319 1556 latere
1331 1535 1384 1555 non
1399 1526 1515 1554 recedat.
1544 1525 1610 1553 Ecce
1622 1527 1739 1561 speciosa

952 1578 1075 1613 proxima
1097 1584 1171 1608 mea,
1193 1583 1251 1602 ecce
1271 1573 1400 1609 speciosa.
1425 1571 1525 1606 incipis
1547 1571 1655 1606 quidem
1679 1579 1739 1599 esse

953 1622 1077 1658 speciosa
1094 1629 1129 1649 ex
1151 1628 1185 1649 eo
1214 1619 1286 1655 quod
1309 1618 1435 1654 proxima
1446 1616 1514 1644 mihi
1526 1624 1555 1644 es
1570 1626 1576 1644 :
1594 1620 1736 1652 postquam

953 1672 1043 1696 autem
1057 1665 1174 1701 cmperis
1189 1672 1250 1693 esse
1259 1663 1396 1700 speciosa,
1406 1663 1486 1690 etiam
1500 1662 1560 1690 sine
1573 1661 1738 1689 additamen-

952 1719 980 1742 to
1003 1714 1152 1748 proximae,
1176 1709 1302 1738 absolute
1322 1717 1352 1736 es
1378 1708 1511 1743 speciosa.
1541 1706 1607 1733 Ecce
1620 1707 1738 1741 speciosa

952 1759 1074 1794 proxima
1087 1764 1156 1789 mea,
1170 1764 1228 1783 ecce
1240 1755 1368 1790 speciosa.
1386 1753 1531 1781 Videamus
1543 1755 1570 1779 ct
1584 1751 1664 1779 aliam
1680 1751 1739 1778 lau-

952 1804 1013 1832 dem
1031 1802 1170 1838 speciosae,
1190 1805 1219 1828 ut
1245 1803 1273 1828 et
1294 1806 1345 1826 nos
1359 1798 1519 1825 aemulemur
1535 1796 1666 1832 speciosae
1681 1796 1738 1831 (18)

953 1849 1022 1876 ﬁeri.
1054 1847 1131 1875 Oculi
1145 1846 1184 1873 tui
1204 1844 1341 1872 columbtv.
1372 1843 1425 1876 Qui
1438 1843 1532 1870 uiderit
1553 1841 1688 1868 mulierem
1703 1842 1738 1868 ad

953 1894 1187 1930 concupiscendum
1201 1900 1260 1919 eam
1269 1911 1276 1924 ,
1286 1892 1346 1924 jam
1362 1889 1505 1916 nuce/tatus
1517 1893 1555 1916 est
1569 1895 1627 1914 eam
1641 1888 1666 1914 in
1678 1895 1737 1914 cor-

953 1942 985 1968 de
1001 1948 1048 1967 suo
1059 1940 1093 1966 '°.
1112 1938 1214 1966 Oculos
1229 1944 1285 1964 non
1302 1935 1382 1962 habet
1396 1933 1538 1961 columbae.
1560 1931 1588 1958 Si
1599 1933 1662 1966 quis
1675 1939 1739 1958 vero

954 1986 1049 2014 oculos
1065 1984 1199 2013 columine
1215 1989 1269 2009 non
1295 1980 1387 2013 habet,
1405 1979 1516 2006 domum
1531 1977 1624 2004 fratris
1637 1976 1680 2004 sui
1697 1977 1739 2003 itt-

953 2031 1074 2067 greditur
1090 2029 1194 2061 infelix,
1210 2035 1264 2055 non
1283 2033 1397 2054 servans
1416 2025 1482 2052 illud
1498 2023 1570 2060 quod
1585 2023 1611 2050 itt
1624 2022 1739 2050 Prover-

954 2078 1007 2105 biis
1022 2082 1065 2105 est
1078 2079 1242 2111 praeceptum
1261 2083 1268 2100 :
1288 2072 1322 2100 In
1336 2071 1443 2099 domum
1456 2071 1550 2106 fratris
1562 2070 1600 2096 tui
1613 2078 1644 2097 ne
1656 2070 1738 2096 intres

953 2123 1048 2157 infelix
1058 2122 1092 2148 οι.
1112 2120 1166 2147 Pro
1180 2126 1214 2146 eo
1227 2117 1300 2154 quod
1316 2116 1492 2152 Septuaginta
1502 2136 1510 2149 ,
1526 2114 1638 2150 infelix,
1652 2114 1738 2141 inter-

113 2163 145 2191 ln
169 2165 258 2192 medio
278 2166 387 2193 uberum
413 2175 529 2195 meorum
552 2171 770 2200 commorabitur.
803 2172 899 2200 Botrus
917 2177 938 2204 ι)
954 2168 1051 2204 pretati
1064 2171 1146 2199 sunt,
1164 2164 1261 2200 Aquila
1274 2163 1416 2191 llebraeatn
1428 2161 1583 2196 exprimens
1597 2160 1738 2190 veritatem

111 2211 186 2245 cypri
199 2211 339 2245 fratruelis
355 2220 427 2240 meus
444 2214 519 2241 milii.
539 2215 650 2243 initium
665 2220 708 2245 est
719 2219 854 2246 sermonis
871 2219 899 2246 in

112 2256 236 2291 germine
248 2265 256 2284 :
271 2261 298 2284 et
311 2257 419 2285 initium
432 2259 518 2294 cypri,
532 2259 558 2287 id
571 2264 628 2293 est,
642 2260 787 2290 lloritionis
800 2262 827 2290 itt
840 2271 901 2291 ver-

114 2301 158 2334 bo,
176 2302 250 2329 unde
266 2303 304 2330 ait
326 2303 446 2331 :Botrus
470 2306 554 2339 cypri,
575 2305 601 2332 id
616 2311 668 2338 est,
686 2306 830 2336 lloritiottis
844 2308 901 2343 fra-

114 2347 206 2374 truelis
221 2355 294 2375 meus
310 2348 386 2376 mihi.
416 2348 474 2376 Non
491 2350 619 2380 omnibus
638 2356 681 2379 est
703 2352 799 2380 botrus
814 2354 899 2389 cypri,

112 2392 160 2420 sed
172 2393 216 2420 his
226 2393 274 2428 qui
284 2393 345 2428 ejus
356 2393 422 2421 ﬂore
433 2394 507 2430 digni
519 2400 592 2423 sunt.
606 2395 674 2424 Aliis
688 2405 740 2424 uva
752 2399 828 2427 varia
841 2403 899 2427 est:

115 2439 178 2465 huic
192 2439 244 2466 soli
258 2447 321 2474 qua:
337 2440 415 2474 nigra
425 2446 467 2468 est
478 2445 506 2468 et
521 2440 658 2474 formosa,
675 2443 702 2470 in
717 2443 791 2471 ﬂoris
804 2444 901 2473 decore

116 2490 145 2510 se
158 2484 270 2519 prabet.
298 2484 400 2512 Botrtts
414 2487 488 2521 cypri
500 2487 637 2521 fratruelis
652 2497 723 2515 meus
737 2490 811 2517 mihi.
840 2490 900 2518 Non

114 2530 274 2565 simpliciter
292 2531 332 2559 ait
352 2540 359 2558 :
380 2531 478 2559 Botrus
502 2535 574 2568 cypri
594 2534 728 2568 fratruelis
743 2544 832 2569 mens,’
852 2537 900 2565 sed

114 2582 176 2602 cum
200 2576 400 2609 additantento,
425 2578 508 2611 mihi;
532 2584 561 2606 ut
583 2580 692 2608 doceret
705 2590 758 2609 non
773 2583 901 2612 omnibus

115 2627 176 2647 eum
189 2629 252 2650 esse
266 2622 377 2650 botrum
390 2623 475 2658 cypri.
496 2623 644 2654 Videamus
656 2631 746 2655 autem
759 2628 786 2656 itt
801 2629 902 2664 quibus

148 2688 171 2727 ’ξ
190 2689 258 2727 D_an.
273 2697 306 2721 tt,
326 2689 372 2727 5§.
383 2689 443 2727 __“
459 2689 625 2727 lsai.“,rlS.
678 2693 701 2709 ⁸⁸
720 2693 783 2722 lsai.
799 2703 843 2727 XL,
859 2696 902 2723 l5.

116 2721 138 2739 ⁸³
154 2722 224 2751 Psal.
238 2732 326 2758 un,
338 2724 366 2756 8,
381 2724 423 2752 l0.
461 2725 484 2741 νο
502 2721 598 2754 Matth.
616 2735 643 2760 v,
660 2727 706 2755 ‘28.

150 2791 205 2828 (l7)
227 2792 328 2820 Ubera.
341 2792 433 2821 Codex
448 2793 630 2829 Turonensis,
652 2803 782 2824 mamma.

754 2730 776 2745 θ’
797 2729 878 2759 Prov.
899 2737 991 2762 xxttt,
1009 2728 1052 2756 10.

952 2215 1083 2250 ἀγροικός
1097 2212 1198 2248 posuit.
1218 2211 1270 2244 Qui
1286 2214 1377 2238 autem
1390 2208 1471 2236 habet
1482 2208 1577 2235 oculos
1593 2206 1737 2240 columbae,

953 2261 1025 2288 videt
1040 2264 1125 2292 recta,
1150 2263 1176 2286 et
1196 2256 1411 2285 misericordiam
1429 2257 1609 2290 promeretur.
1638 2251 1739 2280 Viden:

953 2307 1052 2343 quippe
1081 2309 1155 2332 recta
1181 2301 1398 2330 misericordiam
1421 2303 1613 2334 consequetur.
1642 2297 1738 2347 Porro,

954 2352 1016 2388 quis
1037 2351 1110 2378 videt
1133 2353 1207 2377 recta
1226 2348 1278 2375 nisi
1294 2347 1341 2382 qui
1363 2350 1440 2374 casto
1459 2348 1604 2379 conspectu
1621 2347 1649 2370 ct
1663 2350 1739 2377 purts

954 2398 1076 2425 intuetur
1088 2395 1196 2424 oculis?
1215 2393 1276 2421 Noli
1291 2392 1374 2428 igitur
1386 2391 1454 2418 milti
1467 2390 1500 2418 de
1515 2390 1557 2417 Itis
1567 2393 1671 2416 tantum
1682 2395 1741 2415 car-

954 2444 997 2472 nis
1010 2443 1097 2471 oculis
1111 2441 1263 2476 intelligere
1283 2447 1344 2474 quae
1361 2438 1432 2466 dicta
1447 2441 1521 2468 sunt,
1535 2436 1598 2464 licet
1611 2440 1638 2464 et
1651 2435 1685 2463 de
1697 2435 1740 2462 ltis

954 2489 1122 2517 intellexisse
1133 2495 1187 2514 non
1204 2486 1298 2513 inutile
1313 2485 1349 2513 sit
1363 2494 1369 2511 :
1386 2485 1432 2512 sed
1447 2483 1602 2519 ingrediens
1622 2483 1656 2510 ad
1672 2482 1740 2509 intc-

954 2536 1027 2563 riora
1051 2534 1142 2562 cordis
1165 2534 1203 2560 lui
1214 2553 1221 2567 ,
1235 2537 1262 2560 et
1275 2533 1343 2560 alias
1355 2532 1451 2560 oculos
1464 2535 1554 2558 tuente
1567 2529 1738 2564 perquirens,

953 2582 1000 2617 qui
1014 2585 1040 2608 et
1051 2588 1066 2607 a
1081 2579 1126 2607 Dei
1141 2579 1269 2607 mandato
1284 2577 1482 2610 illuminantur,
1494 2576 1650 2603 mandatum
1665 2574 1740 2609 quip-

954 2635 987 2662 pe
1005 2626 1054 2653 Dei
1069 2625 1224 2652 illuminans
1240 2625 1330 2651 oculos
1345 2624 1384 2657 ",
1408 2622 1473 2651 illud
1490 2622 1610 2654 enitere,
1634 2620 1738 2653 labora,

954 2695 976 2710 ³⁵
996 2693 1069 2720 [’sal.
1086 2692 1197 2725 xt.tv,9.
1235 2692 1256 2708 ⁸⁷
1276 2691 1374 2720 Ezeclt.
1394 2692 1501 2725 xxttt,5.
1540 2691 1563 2707 ⁸⁸
1576 2689 1628 2718 Job
1651 2699 1700 2724 vu,
1714 2691 1738 2718 l.

1099 2729 1122 2744 ⁹²
1143 2727 1215 2754 Psal.
1230 2735 1287 2760 tux,
1301 2727 1329 2753 8.

996 2797 1053 2833 (l8)
1075 2795 1154 2831 Mss.,
1167 2797 1304 2831 speciosa;
1321 2796 1387 2824 libb.
1403 2796 1479 2830 editi,
1496 2805 1607 2831 sponsit‘.
