1892 3050
93 111 127 137 55
803 109 883 138 IIOMI

961 109 991 137 ll.
1685 110 1716 137 5‘

95 171 220 204 cli'eetus,
234 172 331 199 veniet
342 172 377 199 ad
391 177 427 205 te,
449 176 479 199 ut
493 171 530 199 ita
543 171 644 202 dicam,
660 179 759 205 corpus
771 171 840 204 ejus,
854 178 887 197 ex
900 174 925 201 Α
940 178 992 197 non
1014 171 1040 197 in
1063 178 1117 197 uno
1130 170 1236 205 spiritu.
1263 170 1330 197 Ama
1343 174 1370 196 et
1383 170 1477 202 Deum,
1498 169 1545 196 sed
1559 175 1620 196 ama
1643 169 1716 196 illum

98 224 152 251 quo
166 217 265 244 umbra
279 218 414 244 nascitur.
431 216 498 244 Nam
519 216 546 243 in
569 216 675 244 modico
698 215 793 247 fidelis,
815 220 841 242 et
860 216 887 242 in

101 259 250 294 majoribus
270 260 325 288 erit
347 260 443 288 fidelis.
469 260 502 287 In
522 261 615 287 umbra
635 260 692 294 ejus
712 259 844 292 concupiui
863 263 888 286 et

101 305 167 333 udi.
188 305 269 332 Vides
293 305 360 340 quia
375 313 429 333 non
445 312 550 340 semper
569 305 595 332 in
614 305 709 332 umbra
734 305 818 336 stetit,
841 303 888 332 sed

103 350 164 376 inde
180 349 214 377 ad
229 350 345 377 meliora
358 350 506 382 transierit,
529 350 622 377 dicens
635 358 641 376 :
660 349 693 376 Et
714 349 815 384 fructus
830 349 887 383 ejus

100 393 188 420 dulcis
210 395 239 421 iu
264 400 369 429 gutture
390 403 457 421 meo.
481 394 546 429 Ego,
566 395 672 429 inquit,
693 394 843 422 desideravi
861 394 887 421 in

101 439 198 466 umbra
214 439 274 474 ejus
287 441 468 474 requiescere,
484 440 530 467 sed
546 444 687 474 postquam
704 447 746 466 me
760 446 809 467 sua
826 448 888 474 pro-

101 485 169 511 texit
182 485 290 517 umbra,
308 485 390 511 etiam
415 484 506 513 fructu
526 485 600 512 illius
619 489 756 512 saturatus
770 492 840 517 sum,
861 489 888 512 et

100 529 207 556 fructus
221 525 282 563 eius
296 530 383 557 dulcis
395 530 422 556 in
438 534 545 565 gutture
558 537 627 557 meo.

136 575 162 601 7.
185 574 264 602 Vera.
282 576 308 602 4.
327 574 493 602 Introducite
508 583 548 601 me
563 576 589 601 in
601 574 708 602 domum
727 575 790 602 vini.
811 574 887 602 Foris

101 621 177 647 stetit
190 628 318 655 sponsus,
328 626 356 648 et
371 621 405 648 ab
420 628 519 655 sponsa
531 625 675 656 susceptus
689 626 739 648 est.
752 619 781 648 In
798 621 887 648 medio

101 666 204 699 quippe
229 665 342 693 uberum
360 665 434 693 illius
452 667 594 701 requievit.
621 667 754 695 Proximus
770 668 826 704 (2i)
842 667 887 703 ju-

101 711 224 738 vent:qu
246 719 300 738 nou
316 717 381 739 sunt
396 712 550 740 istiusmodi
569 718 598 740 ut
610 720 738 748 sponsum
753 713 886 748 hospitem

103 756 204 783 habere
235 762 400 785 mereantur.
426 757 590 786 Multitudini
610 759 676 786 foris
699 759 725 786 in
750 759 888 793 parabolis

102 803 234 838 inquitur.
263 802 350 836 Quam
374 812 470 832 vereor
495 813 530 832 ne
560 805 652 832 multa
680 805 888 832 adulescentula:

102 851 173 878 forte
187 859 239 878 nos
251 850 346 877 simus.
362 849 528 876 Introducite
540 857 580 876 me
590 850 617 875 in
633 850 738 876 domum
755 850 819 877 vini.
833 850 887 877 Cur

102 900 156 922 tam
181 896 228 922 diu
250 895 318 923 foris
348 895 465 921 maneo?
491 894 560 921 Ecce
585 899 627 921 sto
652 899 714 921 ante
739 894 838 922 ostium
861 899 889 921 ct

101 939 190 975 pulso.
211 939 239 966 Si
253 940 315 973 quis
330 939 397 965 mihi
411 939 556 972 aperuerit,
574 938 710 973 ingrediar
725 938 758 965 ad
774 946 847 971 cum,
862 944 887 965 et

101 985 218 1012 etenabo
237 992 298 1011 cum
313 991 353 1015 eo,
366 988 391 1010 et
401 984 458 1018 ipse
471 991 589 1010 mecum.
604 983 827 1019 lntraducitezo
838 992 890 1013 me.

101 1027 134 1055 Et
156 1036 231 1056 nunc
246 1030 340 1055 eadem
356 1028 423 1055 dicit
437 1035 528 1055 sermo
541 1028 658 1060 divinus,
679 1036 742 1056 ecce
763 1029 889 1057 Christus

102 1073 234 1107 loquitur,
248 1072 412 1099 introducite
431 1080 482 1099 me.
501 1072 584 1100 Vobis
595 1081 703 1108 quoque
717 1074 888 1102 catechume-

103 1118 144 1146 uis
159 1119 284 1152 loquitur
297 1127 303 1145 :
316 1118 479 1146 lntroducite
494 1126 546 1146 me.
565 1118 739 1152 lntroducite,
753 1127 808 1147 non
824 1120 889 1147 sim-

103 1163 208 1198 pliciter
231 1164 258 1190 in
283 1163 406 1196 domum,
433 1163 480 1191 sed
494 1164 521 1191 in
541 1164 652 1192 domum
666 1165 732 1198 vini,
746 1166 889 1200 impleatur

104 1209 164 1235 vino
186 1209 297 1242 laetitias,
323 1209 386 1236 vino
408 1209 524 1244 Spiritus
540 1210 626 1238 sancti
642 1211 732 1238 aliima
746 1216 845 1244 vestra,
863 1216 890 1239 et

102 1255 142 1282 sic
150 1255 316 1282 iutroducite
329 1255 355 1282 in
367 1255 477 1282 domum
484 1260 601 1283 vestram
612 1264 753 1291 sponsum,
766 1257 888 1290 verbum,

102 1301 274 1335 sapientiam,
287 1301 436 1328 veritatem.
451 1301 540 1329 Potest
551 1306 640 1329 autem
651 1306 678 1330 et
685 1302 718 1329 ad
730 1310 777 1330 eos
784 1302 836 1330 dici
843 1303 888 1338 qui

102 1346 221 1372 nondum
231 1345 343 1380 perfecti
354 1350 417 1373 sunt
430 1354 436 1372 :
448 1345 611 1374 lntroducite
624 1355 663 1374 me
675 1348 702 1373 in
709 1347 815 1375 domum
825 1349 888 1378 vini.

135 1392 162 1418 8.
183 1391 263 1419 Vers.
281 1392 308 1418 4.
329 1392 457 1419 Ordinate
473 1392 499 1418 in
512 1400 552 1419 me
566 1392 733 1420 charitatem.
748 1392 889 1428 Eleganter

101 1435 209 1463 locutus
222 1440 275 1468 est,
290 1436 421 1470 ordinate,
434 1437 612 1471 plurimorum
624 1438 724 1473 quippe
737 1438 889 1467 inordinata

101 1486 142 1508 est
163 1482 307 1516 Charitas;
333 1483 442 1517 quando
462 1483 532 1517 quod
553 1483 580 1510 in
599 1484 687 1518 primo
709 1483 770 1511 loco
792 1483 924 1522 debentc

101 1528 224 1563 diligere,
238 1529 354 1563 diligunt
369 1529 395 1556 in
411 1530 546 1562 secundo;
563 1529 637 1564 quod
653 1530 681 1557 in
697 1529 826 1561 secundo.
847 1530 887 1557 di-

102 1574 186 1609 ligunt
205 1574 232 1601 in
251 1575 355 1608 primo;
373 1579 400 1602 et
416 1575 489 1610 quod
507 1580 612 1610 oportet
632 1583 723 1603 amare
737 1576 764 1603 in
779 1581 888 1610 quarto,

102 1624 195 1645 amant
215 1619 242 1646 in
260 1620 357 1652 tertio;
376 1624 404 1647 et
420 1627 515 1648 rursus
526 1621 633 1648 tertium
646 1620 674 1648 in
689 1625 797 1655 quarto,
808 1626 835 1649 et
846 1626 889 1650 est

103 1665 130 1691 in
150 1664 290 1699 plerisque
309 1665 451 1693 charitatis
465 1665 534 1693 ordo
547 1673 701 1700 perversus.
724 1665 887 1695 Sanctorum

104 1718 167 1737 vero
189 1710 313 1737 charitas
328 1710 454 1737 ordinata
479 1714 531 1738 est.
552 1709 620 1739 Volo
633 1712 666 1739 ad
684 1713 887 1750 intelligendum

104 1755 154 1782 hoc
168 1755 243 1790 quod
259 1755 362 1782 dictum
386 1760 430 1783 est
444 1765 451 1783 :
471 1756 598 1784 Ordinate
620 1758 646 1784 in
667 1766 707 1785 me
721 1759 886 1794 charitatem,

105 1800 193 1834 aliqua
210 1800 334 1834 exempla
360 1800 500 1834 replicare.
527 1799 566 1828 Te
592 1802 650 1829 vult
672 1803 780 1831 divinus
797 1811 888 1832 sermo

105 1844 342 1880 diligerepatrem,
359 1845 453 1878 ﬁlium,
468 1845 560 1877 ﬁliam,
574 1846 630 1874 vult
642 1851 668 1875 te
679 1855 769 1876 sermo
778 1849 889 1878 divinus

106 1890 217 1925 diligere
231 1890 384 1923 Christum,
399 1898 447 1919 nec
463 1890 527 1918 dicit
542 1891 601 1925 tibi,
617 1900 651 1920 ne
664 1893 761 1929 diligas
775 1893 885 1927 liberos,

106 1944 137 1962 ne
162 1936 323 1970 parentibus
348 1936 480 1964 cbaritate
501 1938 633 1973 jungaris.
660 1937 713 1966 Sed
737 1939 803 1974 quid
821 1940 888 1968 dicit

105 1982 169 2008 tibi?
189 1990 223 2010 ne
239 1982 423 2009 inordinatam
449 1983 549 2012 habeas
571 1984 750 2018 charitatem,
774 1993 808 2013 ne
828 1987 886 2021 pri—

105 2036 176 2054 tuum
200 2032 306 2062 patrem
334 2032 382 2056 aut
395 2033 520 2062 matrem,
539 2029 638 2057 deinde
657 2037 701 2057 me
715 2030 827 2066 diligas,
853 2040 887 2059 ne

105 2073 148 2100 lilii
165 2078 193 2100 et
206 2074 268 2101 ﬁlize
292 2074 435 2108 plusquam
460 2075 514 2102 mei
535 2075 668 2103 charitate
683 2077 811 2104 tenearis.
833 2077 887 2109 Qui

104 2123 172 2144 amat
197 2122 301 2151 patrem
317 2123 362 2144 aut
383 2123 491 2145 matrem
505 2127 582 2154 super
595 2128 645 2153 me,
664 2128 717 2147 non
727 2125 767 2148 est
784 2129 823 2149 me
839 2121 884 2148 di-

939 223 992 242 non
1008 220 1037 242 ut
1047 223 1154 243 carnem
1169 220 1197 242 et
1208 215 1378 250 sanguinem,
1403 214 1449 242 sed
1465 218 1495 242 ut
1507 215 1642 249 spiritum.
1665 215 1717 247 Qui

938 260 1010 287 enim
1034 261 1148 287 adhwret
1166 259 1227 292 Deo,
1251 268 1317 287 unus
1337 261 1446 294 spiritus
1466 265 1503 286 eu
1523 260 1543 286 '.
1571 259 1655 294 igitur
1673 267 1720 286 or-

938 304 1031 332 dinata
1058 309 1099 332 est
1131 305 1249 332 charitas
1274 305 1301 332 in
1321 304 1456 339 perfectis.
1483 303 1517 331 Ut
1540 309 1630 331 autem
1657 308 1719 338 post

941 349 1025 376 Deum
1042 350 1122 376 etiam
1143 349 1212 376 inter
1225 357 1275 376 nos
1289 349 1356 376 ordo
1370 352 1495 382 portatur,
1510 347 1628 382 primum
1642 354 1720 374 man-

939 394 1031 421 datum
1050 399 1106 425 est.
1128 399 1157 421 ut
1178 393 1325 429 diligamus
1346 398 1492 428 parentes,
1517 392 1664 420 secundum
1689 396 1719 419 ut

939 440 1027 472 ﬁlios,
1056 440 1163 467 tertium
1184 444 1214 466 ut
1237 440 1401 467 domesticos
1429 444 1547 467 nostros.
1572 438 1601 466 Si
1626 441 1717 465 autem

940 485 1013 513 ﬁlius
1028 485 1117 512 malus
1137 489 1189 517 est,
1207 488 1234 512 et
1246 485 1410 512 domesticus
1432 484 1537 517 bonus,
1553 484 1719 511 domesticus

939 530 965 557 in
983 530 1116 558 charitate
1127 530 1173 557 ﬁlii
1190 530 1344 557 collocetur.
1359 529 1392 557 Et
1407 529 1445 557 ita
1461 530 1507 556 ﬁet
1518 533 1547 556 ut
1562 533 1718 556 sanctorum

938 575 1063 602 ordinata
1077 575 1112 602 sit
1125 575 1255 602 Charitas.
1273 574 1397 610 Magister
1412 582 1521 610 quoque
1542 578 1570 601 et
1589 573 1720 601 Dominus

937 625 1029 649 noster
1059 621 1085 648 in
1108 620 1254 656 Evangelio
1281 626 1414 655 pracepta
1444 621 1477 648 de
1499 620 1631 647 charilate
1654 626 1720 647 con-

938 667 1054 694 stituens
1079 667 1112 694 ad
1138 667 1354 702 uniuscujusque
1382 667 1552 694 dilectionem
1580 666 1718 701 proprium

937 712 1037 747 aliquid
1052 712 1188 747 apposuit,
1211 717 1238 739 et
1249 712 1322 739 dedit
1338 712 1540 747 intelligentiam
1555 711 1657 738 ordinis
1678 711 1721 738 his

937 756 982 791 qui
999 762 1112 791 possunt
1127 757 1222 785 audire
1236 757 1404 792 Scripturam
1418 757 1552 784 dicentem
1567 766 1576 785 :
1593 756 1721 784 Ordinats

938 802 965 827 in
980 809 1020 828 me
1033 802 1200 829 cltaritatem.
1221 801 1319 837 Diliges
1336 802 1475 829 Dominum
1498 802 1579 829 Deum
1597 807 1669 829 tuum
1688 809 1721 829 ea;

939 852 992 873 toto
1015 847 1093 874 corde
1118 852 1171 881 tuo,
1193 851 1217 875 et
1239 855 1271 874 ea:
1299 852 1354 874 tota
1377 853 1461 874 mento
1482 854 1545 880 tua,
1567 853 1592 875 et
1609 856 1641 875 ex
1666 850 1720 875 tota

939 893 1027 918 anima
1047 898 1104 924 tua,
1120 897 1144 918 et
1160 900 1192 918 ex
1209 896 1265 919 tota
1279 889 1381 919 uirtute
1401 897 1447 919 tua
1466 893 1486 918 ³.
1504 892 1538 919 Et
1551 892 1644 928 diliges
1659 900 1722 927 pro-

937 936 1038 962 ximum
1068 942 1141 963 tuum
1168 937 1235 963 sicut
1258 937 1368 972 teipsum
1381 938 1402 964 ⁸.
1428 936 1486 964 Non
1512 938 1666 972 proximum
1688 946 1722 966 ex

939 986 994 1009 toto
1009 982 1100 1015 corde,
1119 990 1151 1009 ex
1166 987 1221 1010 tota
1237 982 1338 1015 anima,
1360 987 1387 1010 et
1401 990 1434 1010 ex
1450 988 1504 1010 tota
1522 983 1632 1018 virtute,
1645 988 1673 1011 et.
1687 991 1721 1012 ex

939 1032 993 1054 tota
1015 1033 1115 1054 mente.
1142 1027 1262 1061 Rursus,
1286 1029 1374 1063 inquit
1392 1038 1398 1056 :
1413 1029 1522 1064 Diligite
1542 1030 1663 1056 inimicos
1677 1038 1722 1057 u-

938 1076 1007 1098 πνοι
1029 1071 1057 1104 ⁵,
1075 1076 1103 1099 et
1119 1080 1172 1099 non
1190 1073 1324 1108 apposuit,
1352 1081 1385 1100 ex
1406 1078 1462 1100 toto
1481 1073 1575 1100 corde.
1596 1073 1655 1101 Non
1680 1079 1723 1102 est

939 1116 1108 1144 inordinatus
1125 1124 1214 1144 sermo
1234 1117 1359 1150 divinus,
1383 1125 1433 1145 nec
1455 1117 1632 1152 ipossibilia
1653 1126 1723 1153 pra:-

939 1161 1014 1196 cipit,
1033 1168 1084 1189 nec
1098 1162 1173 1194 dicit,
1187 1162 1290 1197 diligite
1302 1163 1429 1191 inimicos
1439 1169 1543 1192 vestros
1560 1169 1589 1192 ut
1605 1168 1723 1192 vosmet-

939 1206 1023 1240 ipsos,
1038 1207 1084 1234 sed
1099 1211 1203 1234 tantum
1216 1216 1223 1234 :
1237 1207 1347 1242 Diligite
1359 1208 1480 1235 inimicos
1492 1214 1608 1242 vestros;
1625 1209 1723 1237 suﬁlcit

939 1252 1011 1286 quod
1035 1259 1083 1280 eos
1099 1252 1247 1287 diligimus,
1262 1257 1290 1280 et
1304 1253 1367 1280 odio
1388 1261 1442 1280 non
1464 1254 1605 1282 habemus.
1624 1253 1721 1281 Proxi—

940 1305 1014 1324 mum
1027 1304 1091 1324 vero
1105 1302 1134 1324 ut
1151 1298 1275 1333 teipsum.
1296 1297 1382 1326 Porro
1397 1298 1481 1326 Deum
1499 1307 1534 1327 ex
1553 1303 1609 1327 toto
1628 1299 1719 1333 cordo,

940 1347 966 1370 et
977 1350 1010 1370 ex
1025 1347 1080 1370 tota
1095 1343 1196 1375 anima,
1211 1348 1239 1371 et
1258 1351 1291 1371 ex
1311 1348 1368 1372 tota
1382 1349 1483 1375 mente,
1503 1350 1530 1372 et
1545 1352 1579 1372 ex
1596 1350 1652 1373 tota
1667 1345 1723 1373 vir-

939 1393 1004 1416 tute.
1027 1389 1056 1416 Si
1078 1389 1135 1417 haec
1154 1390 1329 1422 intellexeris,
1344 1394 1373 1418 et
1383 1391 1518 1419 intellecta
1532 1392 1721 1426 compleveris.

939 1436 1027 1464 fecisti
1041 1437 1113 1471 quod
1128 1438 1222 1472 εροηεὶ
1235 1444 1361 1465 sermone
1375 1438 1530 1473 praecipitur
1541 1448 1548 1465 :
1558 1437 1723 1466 Introducitc

940 1489 980 1509 me
994 1482 1020 1508 in
1035 1482 1141 1509 domum
1155 1483 1219 1516 vini,
1239 1483 1360 1510 ordinate
1377 1484 1404 1510 iu
1418 1492 1458 1511 me
1473 1484 1638 1511 charitatent.
1653 1484 1721 1517 Quis

939 1532 1019 1562 putas
1041 1535 1056 1554 e
1079 1528 1157 1555 nol-is
1179 1528 1320 1556 charitatis
1340 1534 1382 1557 est
1403 1530 1552 1558 ordinata?
1569 1529 1658 1566 (Vers.
1681 1530 1722 1566 5.)

939 1572 1098 1607 Conﬁrmata
1113 1581 1154 1600 me
1168 1574 1197 1600 in
1216 1575 1364 1609 unguentis,
1388 1583 1460 1602 unus
1477 1575 1511 1603 de
1526 1575 1721 1610 interpretibus

938 1619 1030 1652 posuit
1039 1618 1204 1645 οἱνανθίνων.
1219 1618 1280 1647 Haec
1293 1624 1383 1647 autem
1398 1627 1498 1655 sponsa
1514 1621 1634 1656 loquitur
1647 1630 1654 1648 :
1667 1621 1721 1649 Sti-

938 1667 997 1696 pate
1019 1671 1059 1690 me
1077 1664 1105 1690 in
1127 1664 1213 1691 matis.
1236 1663 1263 1691 in
1281 1664 1380 1699 quibus
1404 1665 1499 1692 malis?
1518 1664 1552 1692 Ut
1573 1665 1671 1693 malum
1693 1666 1722 1692 in

937 1708 1015 1743 lignis
1028 1708 1117 1742 ςειυω,
1139 1709 1178 1735 ita
1200 1709 1336 1743 fratruelis
1356 1717 1428 1737 meus
1444 1711 1472 1736 in
1490 1711 1576 1737 medio
1592 1710 1720 1745 ﬁliarum.

938 1752 1041 1780 idcirco
1061 1753 1087 1779 in
1107 1753 1185 1780 malis
1209 1754 1265 1787 ejus
1278 1754 1377 1787 stipato
1406 1762 1462 1786 me,
1489 1755 1552 1789 quia
1578 1755 1721 1783 vulnerata:

937 1798 1076 1826 charitatia
1089 1806 1145 1833 ego.
1168 1799 1254 1831 Quum
1273 1799 1415 1834 pulchrum
1428 1803 1480 1832 est,
1496 1807 1578 1834 quam
1592 1800 1720 1828 decorum

937 1852 952 1872 a
968 1844 1099 1872 charitate
1112 1845 1212 1872 vulnus
1230 1845 1360 1880 accipere.
1385 1845 1461 1873 Alius
1483 1845 1603 1880 jaculum
1626 1847 1720 1874 cornei

937 1889 1039 1918 amoris
1053 1891 1168 1925 excepit,
1195 1891 1265 1918 alius
1287 1896 1394 1919 terreno
1412 1891 1539 1927 cupidine
1563 1893 1724 1921 vulneratus

936 1940 987 1968 est,
1002 1940 1031 1963 tu
1054 1936 1125 1963 nuda
1141 1936 1263 1963 membra
1278 1941 1334 1969 tua,
1357 1940 1384 1964 et
1397 1937 1486 1972 praebe
1505 1944 1531 1965 te
1549 1938 1641 1973 jaculo
1661 1939 1724 1966 for-

936 1987 1013 2008 moso
1038 1980 1170 2015 siquidem
1198 1980 1270 2008 Deus
1293 1981 1448 2016 sagittarius
1470 1985 1522 2010 est.
1553 1983 1624 2010 Audi
1646 1983 1720 2012 Scri-

936 2032 1044 2062 pturam
1065 2027 1098 2055 de
1122 2027 1174 2055 huc
1197 2027 1290 2055 eodem
1310 2027 1402 2062 jaculo
1424 2026 1595 2063 loquentem,
1614 2029 1669 2057 imo
1689 2035 1722 2057 ut

936 2073 1052 2108 amplius
1074 2072 1236 2105 admireris,
1263 2072 1327 2100 audi
1348 2073 1437 2108 ipsum
1455 2073 1576 2107 jaculum
1594 2075 1659 2109 quid
1680 2075 1722 2103 lo-

936 2123 1035 2153 quatur
1053 2127 1061 2146 :
1079 2118 1171 2145 Posuit
1195 2126 1236 2145 me
1256 2119 1284 2145 in
1301 2118 1427 2153 sagittam
1438 2120 1559 2152 eiectam,
1577 2120 1642 2147 etin
1656 2120 1721 2155 pha-

103 2172 177 2198 gnns.
193 2163 247 2194 Qui
272 2168 343 2189 amat
359 2163 444 2196 [ilium
460 2169 506 2191 aut
521 2165 607 2199 ﬁliam
621 2173 698 2200 super
715 2174 764 2198 me,
777 2174 830 2193 non
846 2171 885 2194 ut

939 2168 1009 2190 mra
1030 2171 1079 2190 sua
1091 2164 1203 2191 servavit
1223 2171 1280 2198 me,
1299 2168 1324 2191 et
1339 2165 1408 2192 dixit
1430 2165 1494 2192 mihi
1511 2173 1521 2193 :
1538 2165 1664 2201 5119mm
1681 2171 1720 2193 ut

103 2218 141 2237 me
158 2210 256 2244 dignus
272 2210 305 2238 ⁹⁹.
327 2209 426 2238 Recole
449 2210 642 2238 conscientiam
664 2215 738 2238 tuam
753 2211 787 2239 de
800 2212 885 2246 patris

103 2254 230 2282 matrisve
244 2254 354 2287 aﬂ‘ectu,
371 2258 399 2282 et
412 2255 553 2282 considera
568 2255 675 2289 qualem
693 2255 766 2282 circa
781 2263 885 2283 sermo-

103 2308 161 2327 nem
178 2300 226 2327 Dei
239 2305 264 2327 et
282 2299 346 2327 Jesu
368 2300 469 2327 habeas
483 2300 653 2333 charitatem,
678 2300 768 2328 statim
788 2301 886 2336 depre-

104 2345 202 2373 hendes
230 2346 317 2381 magis
339 2350 365 2374 te
387 2346 472 2374 ﬁlium
494 2351 541 2374 aut
563 2346 647 2374 ﬁliam
671 2346 784 2382 diligere
803 2355 885 2381 quam

104 2389 232 2423 Verbum,
249 2391 336 2426 magis
351 2395 377 2418 te
390 2396 514 2426 parentes
529 2399 622 2420 amare
635 2399 718 2426 quam
733 2391 884 2420 Christum.

102 2434 167 2468 Quis
185 2440 266 2470 putas
287 2435 324 2463 ita
347 2436 453 2470 proﬁcit
467 2444 501 2465 ex
517 2436 606 2470 nobis,
628 2441 658 2465 ut
679 2437 842 2471 praecipuam
858 2442 885 2465 et

103 2481 214 2514 primam
235 2482 307 2510 inter
328 2482 420 2510 omnia
433 2483 567 2511 sermonis
584 2482 630 2510 Dei
652 2483 750 2510 habent
768 2483 886 2510 charita-

102 2527 173 2554 teni!
197 2527 246 2561 qui
274 2527 302 2555 in
326 2528 450 2556 secundo
473 2528 532 2556 loco
555 2529 657 2557 liberos
684 2529 787 2563 ponat?
804 2529 887 2557 Juxta

103 2570 172 2598 hunc
192 2571 306 2600 modum
325 2579 388 2600 ama
411 2580 522 2601 uxorem
550 2577 634 2600 tuam.
669 2572 768 2601 Nullus
792 2574 887 2608 quippe

101 2616 240 2651 aliquando
254 2626 333 2645 suam
350 2626 454 2645 carnem
473 2619 533 2646 odio
554 2619 660 2651 habuit,
687 2619 735 2647 sed
760 2624 833 2647 amat
857 2624 887 2647 ut

101 2668 204 2688 carnem
221 2671 228 2689 :
247 2661 282 2689 Et
299 2667 387 2694 erunt,
408 2662 511 2697 inquit,
530 2664 582 2691 duo
602 2664 631 2691 in
649 2671 727 2690 carne
744 2671 796 2691 una
814 2664 834 2695 ¹,
858 2668 886 2692 et

939 2207 987 2235 tibi
1008 2208 1055 2235 hoc
1074 2209 1162 2236 vocari
1183 2216 1293 2242 puerum
1315 2217 1398 2237 meum
1418 2210 1439 2236 ⁸.
1460 2209 1578 2246 Inteal
1592 2210 1720 2246 sagittam

939 2252 1004 2288 quid
1020 2253 1111 2287 dicat,
1133 2258 1159 2281 et
1179 2254 1316 2288 quomodo
1336 2262 1354 2281 a
1376 2253 1429 2282 Deo
1452 2255 1489 2281 sit
1515 2255 1609 2282 electa.
1632 2255 1721 2288 Quam

939 2299 1048 2326 beatum
1067 2304 1107 2326 est
1131 2299 1183 2326 hoc
1197 2300 1288 2335 jaculo
1310 2301 1455 2328 vulnerari.
1478 2300 1534 2328 Hac
1550 2301 1653 2336 sagitta
1664 2301 1722 2329 vul-

939 2343 1024 2371 nerati
1036 2343 1146 2372 fuerunt
1162 2344 1200 2371 illi
1215 2344 1262 2379 qui
1273 2344 1344 2371 inter
1355 2352 1385 2372 se
1400 2344 1514 2373 invicem
1528 2345 1719 2375 conferebant:

939 2385 1033 2413 Nonne
1047 2395 1091 2414 cor
1110 2393 1231 2415 nostrum
1248 2388 1343 2416 ardens
1361 2393 1417 2416 erat
1435 2389 1462 2417 in
1481 2390 1523 2417 via
1536 2399 1595 2418 cum
1608 2392 1722 2426 aperiret

936 2435 1011 2462 nobis
1025 2434 1178 2470 Scriptura:
1190 2436 1219 2462 ⁷2
1238 2435 1269 2463 Si
1283 2436 1346 2471 quis
1362 2443 1489 2464 sermone
1499 2442 1606 2472 nostro,
1620 2438 1645 2465 si
1657 2439 1722 2474 quis

938 2480 1083 2516 Scriptum
1103 2481 1200 2510 divinat
1225 2482 1381 2517 magisterio
1402 2482 1567 2517 vulneratur,
1582 2487 1610 2511 et
1631 2487 1721 2518 potest

937 2526 1027 2553 dicere
1040 2526 1104 2561 quia
1129 2527 1276 2555 vulnerata
1287 2527 1432 2555 charitatis
1441 2535 1504 2562 ego,
1524 2528 1596 2556 huic
1607 2532 1634 2555 et
1651 2528 1719 2556 illud

938 2572 1051 2600 forsitan
1075 2572 1216 2608 sequitur,
1236 2575 1302 2609 quid
1317 2574 1430 2603 forsitan
1447 2575 1527 2604 dico?
1547 2575 1722 2604 manifestam

939 2625 1034 2651 promo
1045 2618 1216 2646 sententiam.

973 2663 999 2691 9.
1015 2662 1092 2692 Vers.
1108 2663 1135 2691 6.
1150 2662 1264 2692 Sinistra
1275 2665 1331 2698 ejus
1344 2665 1390 2692 sub
1402 2666 1485 2700 capite
1495 2673 1562 2699 meo,
1575 2669 1600 2692 et
1610 2669 1719 2695 domum

131 2717 153 2732 "
167 2717 266 2745 Matth.
283 2704 366 2755 3,5471
394 2718 522 2755 fiiphcs.
541 2728 567 2752 v,
581 2720 626 2751 29,
643 2720 688 2747 5i.
724 2720 813 2748 ’lCor.
828 2729 864 2753 vr,
886 2721 928 2748 l7.
968 2721 977 2736 ¹
991 2721 1067 2749 Deut.
1084 2730 1122 2755 vr,
1136 2722 1162 2750 5.
1200 2724 1209 2737 ‘
1227 2722 1319 2749 Matth.
1337 2731 1403 2755 χιιι,
1418 2724 1462 2751 59.
1501 2725 1511 2740 ⁵
1529 2724 1622 2752 Matth.
1635 2725 1717 2753 LM.

101 2750 109 2764 '
122 2751 171 2780 lsa.
187 2761 263 2786 χιιι,
280 2753 309 2785 2,
327 2753 354 2780 6.
394 2753 403 2769 ⁷
419 2750 484 2782 Luc.
499 2750 572 2786 xxiv,
591 2755 636 2782 52.

130 2799 183 2835 (2|)
206 2800 355 2828 Ρνοπίηιω.
371 2800 462 2830 Codex
480 2801 597 2836 Bclvac.,
613 2802 742 2837 plurimm.
