1892 3050
173 115 206 143 bii
699 113 861 141 ORIGENIS
878 113 912 141 lN
930 113 1106 142 CANTICUM
1122 113 1258 142 CANTIC.
1759 112 1797 140 56

171 174 245 201 illius
262 174 457 209 amplexabitur
482 183 532 201 me.
556 173 642 202 liabet
660 179 688 202 et
709 174 736 201 in
753 175 862 202 sinistra
881 178 909 201 ct
931 174 957 201 in
973 178 995 207 Α
1010 182 1118 209 sponsae
1134 175 1252 202 animam
1271 174 1377 200 beatam
1398 178 1479 207 atque
1502 171 1663 208 perfectam,
1677 179 1741 207 quae
1753 171 1793 200 ci-

171 219 283 247 dextera
298 226 389 247 sermo
403 219 450 247 Dei
467 219 640 254 sapientiam,
654 227 716 254 quae
731 227 792 246 cum
812 226 861 253 pro
879 219 957 246 intel-

172 265 257 293 lectus
269 265 397 293 varietate
412 265 447 293 sit
463 264 614 300 multiplex,
631 265 657 291 in
672 264 821 299 subjaccnti
837 268 890 291 un’a
904 268 956 291 est.

173 308 232 344 Ipse
252 308 380 337 Salomon
395 309 429 336 de
443 309 510 336 laeva
524 313 551 336 et
569 309 679 336 dextera
701 308 839 343 sapientiae
854 308 956 341 docuit,

172 355 264 383 dicens
280 364 287 382 :
301 355 450 390 Longitudo
474 355 564 389 enim,
589 360 613 382 et
635 355 699 381 auiti
719 354 780 381 vitae
802 355 829 380 in
850 354 957 380 dextera

171 401 250 434 ejus;
273 401 302 426 iu
325 400 437 427 sinislra
458 405 545 427 autent
561 399 642 434 ipsius
664 399 763 425 divitia:
782 402 806 425 et
826 398 911 433 gloria
935 398 956 426 ⁸.

174 446 259 480 Igitur
272 445 338 474 laeva
351 446 411 481 ejus
427 446 478 474 sub
493 447 579 481 capite
599 452 673 477 meo,
695 449 724 472 ut
747 444 829 472 faciat
851 444 958 479 requie-

173 498 260 524 scere,
283 495 310 518 ct
327 491 466 519 brachium
482 490 574 526 sponsi
595 489 642 516 ﬁat
662 489 779 517 cervical
798 497 906 521 meum,
931 493 959 516 et

173 535 318 562 reciinetur
337 535 434 562 animae
455 534 600 570 principale
624 541 706 569 super
726 541 880 562 sermonem
898 533 956 561 Dei.

173 578 250 607 Laeva
265 579 322 614 ejus
341 580 388 607 sub
403 580 487 614 capite
506 587 572 606 meo.
593 578 652 606 Non
672 579 781 614 expedit
797 579 843 606 tibi
860 578 959 606 habere

173 624 317 652 cervicalia
338 632 399 659 quae
418 624 576 651 lamentatio
602 628 742 659 sequatur.
765 623 795 650 in
818 623 960 650 Ezechiele

172 670 303 706 scriptum
318 675 359 697 est
377 680 384 697 :
409 670 453 697 Vw
471 670 504 697 iis
524 677 584 705 quae
604 675 734 697 consitum
749 669 889 697 cervicalia
911 668 959 696 sub

172 716 243 743 omni
268 716 357 742 cubitu
380 723 474 742 manus
495 716 516 742 '.
544 714 604 742 Noli
633 723 767 742 consucre
792 715 936 743 cervicalia
951 735 959 748 ,

172 762 225 788 noli
247 762 327 797 capiti
351 762 461 789 aliunde
475 761 597 797 requiem
622 769 753 797 quaerere,
776 761 846 789 habe
867 761 960 796 sponsi

171 807 264 833 lsvam
291 806 345 833 sub
367 806 456 841 capite
480 809 545 839 tuo,
573 810 602 832 et
628 806 672 832 die
693 815 700 832 :
724 804 803 832 Lteva
830 804 887 838 ejus
912 803 960 830 sub

1007 221 1062 247 tius
1082 220 1182 251 videat,
1205 219 1286 246 cilius
1309 218 1444 246 sermonis
1467 218 1663 252 contempletur
1687 218 1789 245 adven-

1007 269 1074 298 tum,
1087 273 1148 300 quae
1162 265 1213 292 sibi
1228 264 1388 299 sapientiam
1404 264 1508 292 venisse
1528 264 1644 297 sentiat,
1660 268 1688 290 et
1700 263 1790 290 chan-

1007 316 1104 344 tatem,
1128 315 1156 338 et
1177 311 1249 338 dicat
1274 317 1328 337 non
1346 309 1499 337 videntibus
1523 319 1529 336 :
1554 309 1620 336 Ecce
1642 310 1686 336 hic
1709 309 1789 336 venit.

1006 356 1087 384 Orate
1101 361 1130 383 ut
1145 361 1172 383 et
1193 363 1244 391 ego
1266 355 1368 390 possim
1387 355 1476 382 dicere
1490 363 1497 381 :
1520 355 1586 382 Ecce
1607 355 1650 382 hic
1666 355 1746 382 venit.
1762 355 1791 383 Si

1006 403 1078 430 enim
1092 406 1207 437 potuero
1221 401 1268 428 Dei
1279 401 1413 428 disserere
1425 408 1575 433 sermones,
1589 400 1794 436 quodaminodo

1007 452 1033 475 et
1045 455 1095 483 ego
1110 447 1199 474 dicam
1214 456 1221 473 :
1235 446 1301 473 Ecce
1316 446 1358 473 hic
1373 446 1452 473 venit.
1471 445 1549 479 Quo?
1561 445 1620 473 Non
1636 447 1731 481 utique
1748 446 1794 478 ubi

1006 492 1094 525 vallis,
1120 499 1173 519 non
1199 492 1245 519 ubi
1268 491 1381 520 humilia
1405 491 1475 518 loca.
1500 491 1560 524 Quo
1577 491 1665 518 venit?
1689 490 1794 518 Salienus

1007 546 1085 572 super
1096 542 1203 570 montes,
1215 536 1368 564 transiliens
1378 545 1457 571 super
1465 536 1553 563 colles.
1564 536 1593 563 Si
1607 536 1691 563 fueris
1702 544 1794 569 mons,

1008 583 1071 610 salit
1090 583 1118 610 in
1138 587 1164 610 te
1189 590 1279 610 sermo
1300 582 1357 610 Dei.
1381 581 1410 609 Si
1425 589 1478 609 non
1495 581 1614 609 valueris
1626 589 1687 608 esse
1702 588 1794 613 mons,

1008 627 1056 656 sed
1072 627 1156 655 fueris
1169 627 1258 659 collis,
1271 627 1405 654 secundus
1420 634 1435 654 a
1449 631 1550 659 monte,
1567 627 1701 654 transiliet
1712 634 1797 661 super

1010 679 1046 701 te.
1062 673 1150 706 Quam
1165 680 1229 700 vero
1246 673 1358 708 pulchra
1376 677 1403 699 et
1420 671 1607 699 convenientia
1618 672 1699 699 rebus
1713 679 1796 699 voca-

1010 719 1086 747 bula!
1115 718 1184 746 Salit
1212 726 1294 753 super
1318 722 1440 750 montes,
1464 717 1527 752 quia
1552 717 1670 752 majores
1696 722 1762 745 sunt
1785 726 1794 744 :

1011 764 1130 792 transilit
1157 771 1239 799 super
1274 763 1374 796 colles,
1401 763 1465 798 quia
1487 763 1607 790 minores
1631 767 1704 790 sunt.
1734 762 1794 790 Non

1011 808 1129 836 transilit
1144 815 1225 842 super
1239 812 1355 840 montes,
1369 814 1422 834 non
1441 807 1503 834 salit
1521 815 1602 841 super
1617 807 1709 834 colles.
1727 807 1796 835 Ecce

171 853 257 888 εαρὶιθ
273 860 350 884 πιεοῖ
369 859 452 887 quam
480 859 542 879 cum
560 851 706 882 habllﬂ‘is.
722 850 813 878 omni-1
836 850 883 877 lilii
901 857 961 884 quae
978 847 997 874 Β
1012 853 1054 880 hic
1074 852 1143 880 venit
1170 852 1266 880 saliens
1292 859 1370 886 super
1394 856 1512 884 montes,
1540 852 1691 879 transiliens
1717 861 1796 887 super

172 902 238 926 sunt
260 898 287 924 in
303 898 369 924 lana
385 897 552 924 tribuuntur.
571 896 645 924 Dicis
661 896 761 931 quippe
779 905 785 923 :
803 895 836 922 In
849 896 960 922 sinistra

171 943 230 977 ejus
249 942 350 970 divitia
366 947 390 970 et
409 942 505 977 gloria,
524 946 548 968 et
564 941 672 968 dextera
690 941 747 974 ejus
766 940 960 974 amplexabitur

172 989 225 1023 21
237 995 288 1015 me.
299 987 396 1016 Totum
413 993 438 1016 te
446 987 656 1022 sponsidextera
668 986 871 1021 complectatur.
888 986 960 1012 Lon-

174 1033 268 1069 gitudo
281 1033 381 1069 quippe
397 1038 424 1061 et
436 1034 500 1060 anni
513 1033 575 1060 vita:
589 1033 616 1059 in
630 1032 740 1060 dextera
758 1031 818 1064 ejus
834 1035 878 1058 :et
890 1030 925 1058 ob
933 1030 959 1057 id

174 1081 262 1114 longa:
274 1079 345 1112 vitat,
362 1083 389 1106 et
403 1073 550 1106 multorum
567 1078 672 1105 dierum
691 1076 746 1104 eris
763 1083 844 1111 super
861 1080 959 1103 terram

176 1126 274 1153 bonam
289 1133 370 1161 quam
385 1125 517 1152 Dominus
532 1123 603 1151 Deus
619 1128 682 1151 tuus
695 1123 743 1150 dat
756 1122 814 1150 tibi.
832 1122 959 1156 Adjurari

174 1180 230 1205 vos,
243 1171 309 1206 ﬁlia:
330 1170 506 1205 Hierusalem,
519 1169 548 1196 in
568 1169 719 1201 virtutibus,
738 1173 763 1195 et
776 1168 874 1195 viribus
889 1168 958 1202 agri.

174 1217 244 1250 Quid
265 1217 371 1251 adjurat
397 1223 496 1251 sponsa
521 1215 591 1243 ﬁlias
606 1214 794 1242 Hierusalem?
813 1213 843 1241 Si
860 1213 961 1240 levave-

175 1263 244 1296 ritis,
259 1268 283 1290 et
301 1262 493 1290 suscitaveritis
512 1261 680 1288 charitalem.
701 1259 826 1293 Quandiu
841 1259 961 1286 Charitas

174 1308 274 1336 dormit
288 1308 315 1336 in
330 1309 418 1340 vobis,
433 1315 450 1335 o
467 1308 528 1334 ﬁlias
545 1306 727 1338 iiierusalem,
742 1313 759 1332 ο
774 1305 961 1332 adolescentu-

174 1351 217 1384 iac,
234 1358 294 1386 quae
319 1351 347 1378 in
373 1358 416 1378 me
441 1358 495 1377 non
518 1350 628 1383 dormit,
652 1350 716 1385 quia
739 1349 879 1376 vulnerata
900 1356 960 1376 sum

174 1396 327 1425 charitate?
343 1396 373 1423 in
388 1396 465 1424 vobis
482 1400 572 1423 autem
585 1403 647 1430 qua:
659 1395 750 1431 plures
766 1395 842 1425 estis.
855 1399 882 1422 et
895 1394 961 1422 adn-

177 1443 347 1474 icscentulaa,
373 1447 400 1470 et
424 1442 486 1470 ﬁlia:
509 1441 693 1475 Hierusalem,
719 1441 819 1468 dormit
843 1441 963 1469 charitas

176 1489 281 1524 sponsi.
298 1488 428 1524 Adjuravi
451 1495 516 1523 ergo
535 1495 582 1516 vos
592 1508 599 1521 ,
621 1487 682 1515 ﬁlia:
695 1486 873 1520 Hierusalem,
887 1487 911 1514 si
925 1487 963 1514 ie-

176 1535 314 1567 vaveritis,
327 1539 354 1562 et
373 1541 426 1562 non
442 1534 530 1562 solum
546 1533 708 1565 levaveritis,
725 1533 771 1560 sed
794 1538 822 1560 et
844 1533 963 1560 suscita-

176 1580 280 1614 veritis,
293 1588 354 1615 qua
373 1581 400 1608 in
422 1580 499 1608 vobis
516 1584 569 1613 est,
588 1579 761 1607 eharitatcm.
774 1578 885 1606 (lreator
900 1578 963 1605 uni-

176 1625 314 1652 versitatis
338 1632 400 1652 cum
427 1632 476 1652 vos
500 1623 640 1656 conderet,
655 1622 771 1650 inseruit
786 1623 813 1649 in
835 1621 963 1649 cordibus

177 1670 276 1698 vestris
299 1670 403 1698 semina
417 1669 568 1697 charitatis.
591 1668 668 1696 Nunc
691 1673 792 1701 autem,
815 1667 885 1696 sicut
898 1667 962 1695 alibi

177 1716 278 1743 dicitur
295 1723 302 1742 :
319 1715 432 1742 Iustitia
446 1715 570 1742 dormivit
585 1715 612 1741 in
629 1723 661 1742 ea
675 1715 707 1748 ’°,
722 1714 763 1741 sic
775 1713 884 1741 dilectio
899 1713 963 1741 dor-

177 1761 256 1789 mitat
270 1761 296 1788 in
311 1761 405 1794 vobis;
418 1761 495 1796 juxta
510 1760 582 1795 quod
594 1766 621 1787 et
634 1759 698 1787 alibi
709 1760 809 1787 dicitur
823 1767 830 1785 :
846 1759 962 1794 Sponsus

179 1806 304 1841 requievit
320 1810 349 1833 ut
373 1805 427 1838 leo,
450 1811 474 1832 et
494 1810 522 1832 ut
546 1805 650 1832 catulus
671 1804 753 1832 leonis
775 1805 807 1832 ιι.
824 1804 920 1831 Adhuc
934 1804 962 1830 in

179 1851 346 1884 inﬁdelibus,
363 1855 390 1878 et
405 1851 431 1878 in
444 1850 486 1878 his
497 1851 543 1885 qui
560 1851 642 1878 corde
658 1855 720 1878 sunt
736 1849 820 1877 dubio
835 1849 964 1876 dormitat

179 1904 270 1926 sermo
286 1897 404 1930 divinus,
416 1896 510 1932 vigilat
530 1896 558 1924 in
583 1896 699 1928 sanctis;
720 1896 850 1924 dormitat
872 1895 899 1923 in
922 1897 964 1924 his

180 1941 228 1976 qui
244 1941 450 1976 tempestatibus
466 1940 612 1974 ﬂuctuant,
626 1940 774 1969 suscitatur
791 1948 854 1968 vero
869 1948 963 1968 eorum

179 1987 294 2015 vocibus
310 1987 354 2022 qui
370 1987 485 2022 cupiunt
498 1987 626 2023 vigilante
650 1994 752 2021 sponso
774 1987 884 2014 salvari.
901 1986 964 2014 Sta-

179 2034 227 2061 tim
252 2034 282 2061 ﬁt
301 2040 335 2061 eo
355 2033 483 2068 vigilante
503 2033 703 2067 tranquillitas,
716 2032 808 2060 statim
827 2033 963 2060 undarum

179 2081 267 2107 moles
291 2080 503 2114 conquiescunt,
520 2079 661 2114 spiritibus
685 2077 830 2105 contrariis
852 2085 965 2105 concre-

179 2129 270 2161 patur,
285 2124 414 2152 ﬂuctuum
427 2124 518 2151 rabies
535 2123 597 2151 silet
612 2131 619 2149 :
635 2123 682 2150 illo
698 2123 850 2150 dormiente
862 2127 966 2157 tempe-

1011 898 1101 926 colles.

1045 944 1089 972 ll.
1107 943 1184 972 Vers.
1201 943 1228 972 9.
1252 943 1354 971 Similis
1375 948 1413 971 est
1430 943 1569 978 fratruelis
1594 952 1666 970 meus
1681 950 1794 978 caprea,

1011 995 1056 1017 aut
1073 990 1182 1017 hinnulo
1196 998 1329 1017 certarunt
1349 991 1375 1017 in
1394 990 1525 1016 montibus
1548 989 1648 1017 Bel/rel.
1665 989 1729 1017 Haec
1742 990 1797 1017 duo

1010 1036 1138 1064 animalia
1156 1037 1182 1064 in
1200 1036 1349 1071 Scripturis
1369 1036 1538 1071 frequentius
1561 1036 1752 1068 nominantur;
1770 1040 1797 1063 et

1010 1089 1065 1117 quo
1084 1081 1200 1116 amplius
1224 1081 1378 1113 admireris,
1405 1081 1504 1115 saepius
1526 1081 1620 1116 juncta
1646 1087 1795 1116 ponuntur.

1010 1125 1046 1152 Et
1063 1126 1203 1158 hcce—sunt,
1220 1125 1267 1157 ait,
1285 1133 1342 1160 aure
1355 1125 1525 1151 ntarrducabis
1539 1125 1571 1158 “,
1585 1130 1645 1160 post
1655 1125 1796 1160 paululum

1011 1170 1130 1198 inferens
1156 1177 1280 1205 capream
1297 1175 1324 1197 et
1340 1177 1461 1197 cervum.
1481 1169 1510 1196 in
1536 1170 1661 1204 praesenti
1686 1178 1796 1205 quoque

1011 1216 1081 1243 libro
1093 1216 1195 1250 pariter
1211 1216 1367 1243 nominatur
1379 1223 1475 1243 cervus
1492 1219 1519 1243 et
1534 1223 1641 1250 caprea.
1657 1215 1797 1249 Quodam-

1011 1262 1093 1289 modo
1107 1262 1178 1288 enim
1192 1266 1305 1296 cognata
1323 1261 1375 1288 sibi
1395 1265 1469 1293 sunt,
1480 1265 1507 1288 et
1520 1261 1608 1288 vicina
1623 1262 1674 1288 ista
1689 1261 1795 1288 anima-

1011 1307 1058 1334 lia.
1070 1306 1184 1341 Caprea,
1200 1306 1226 1333 id
1240 1310 1282 1333 est
1297 1305 1405 1338 dorcas,
1430 1306 1588 1334 acutissime
1598 1307 1679 1333 videt.
1693 1306 1797 1333 Cervus

1012 1352 1171 1380 interfector
1186 1356 1340 1386 serpentum
1355 1356 1407 1379 est.
1424 1351 1492 1384 Quis
1510 1356 1590 1387 putas
1611 1356 1654 1379 est
1669 1352 1768 1387 dignus
1782 1360 1798 1380 e

1012 1397 1110 1429 nobis,
1135 1398 1182 1433 qui
1203 1398 1282 1433 juxta
1309 1397 1468 1432 dignitatem
1496 1398 1547 1425 loci
1571 1402 1653 1432 atque
1675 1398 1798 1433 mystcrii

1012 1443 1119 1478 plenam
1136 1444 1222 1478 possit
1245 1443 1382 1478 explicare
1405 1443 1555 1470 rationem?
1574 1443 1689 1471 Oremus
1705 1443 1796 1470 Domi-

1014 1497 1099 1523 num,
1125 1494 1155 1516 ut
1181 1489 1261 1516 nobis
1288 1489 1419 1524 largiatur
1440 1496 1549 1517 sensum
1576 1489 1609 1516 ad
1638 1489 1799 1524 aperiendas

1014 1534 1180 1570 Scripturas,
1203 1539 1231 1562 et
1252 1534 1389 1569 possimus
1405 1534 1494 1562 dicere
1511 1542 1518 1560 :
1537 1533 1679 1567 Quomodo
1691 1535 1800 1569 aperuit

1013 1580 1092 1608 nobis
1115 1579 1195 1607 Iesus
1222 1579 1377 1614 Scripturas
1400 1580 1433 1605 ".
1449 1579 1520 1612 Quid
1551 1579 1652 1615 igitur?
1682 1580 1800 1608 dicimus

1013 1626 1076 1661 quia
1093 1625 1204 1658 dorcas,
1223 1625 1276 1652 hoc
1289 1629 1330 1652 est
1342 1632 1438 1660 caprea
1450 1625 1600 1652 secundum
1615 1633 1710 1652 eorum
1730 1626 1798 1661 phy-

1013 1671 1155 1707 siologiam
1169 1671 1215 1706 qui
1232 1671 1267 1698 de
1283 1670 1388 1698 naturis
1398 1670 1520 1698 omnium
1532 1670 1692 1698 animalium
1705 1671 1802 1706 dispu-

1014 1721 1082 1751 tant,
1096 1725 1130 1744 ex
1146 1716 1230 1744 insita
1243 1716 1295 1744 sibi
1312 1715 1337 1743 vi
1352 1723 1451 1743 nomen
1466 1716 1610 1751 acceperit.
1625 1715 1667 1743 Ab
1681 1723 1715 1743 eo
1727 1717 1800 1743 enim

1014 1763 1087 1798 quod
1106 1762 1214 1790 acutius
1225 1762 1324 1794 videat,
1338 1761 1365 1788 id
1385 1765 1427 1788 est
1446 1761 1521 1797 παρὰ
1536 1761 1566 1787 τὸ
1585 1760 1668 1793 ὀξέως
1683 1761 1800 1797 δέρκειν,

1013 1808 1111 1835 dorcas
1128 1807 1261 1842 appellata
1275 1810 1328 1834 est.
1342 1805 1446 1833 Cervus
1461 1812 1525 1832 vero
1536 1811 1691 1840 serpentum
1707 1805 1802 1832 inimi-

1014 1860 1063 1882 cus
1075 1860 1106 1880 ac
1119 1852 1268 1879 debellator
1282 1855 1333 1884 est,
1357 1851 1393 1879 ita
1407 1855 1437 1878 ut
1454 1851 1549 1887 spiritu
1562 1850 1668 1877 narium
1684 1858 1732 1878 eos
1751 1859 1802 1878 ex-

1015 1898 1105 1926 trahat
1119 1897 1153 1925 de
1167 1896 1301 1929 cavernis,
1319 1901 1346 1924 et
1361 1901 1487 1932 superata
1507 1895 1626 1931 pernicie
1638 1896 1734 1923 veneni
1751 1904 1801 1923 eo-

1014 1951 1076 1971 rum
1101 1943 1200 1979 pabulo
1229 1942 1386 1970 delectetur.
1414 1941 1537 1969 Forsitan
1565 1941 1690 1968 Salvator
1722 1949 1802 1969 meus

1015 1997 1113 2025 caprea
1125 1990 1155 2016 lit
1170 1988 1248 2023 juxta
1261 1987 1388 2023 θεωρίαν,
1405 1994 1502 2015 cervus
1513 1987 1590 2022 juxta
1609 1994 1701 2021 opera.
1719 1986 1802 2019 Quae-

1015 2043 1079 2062 nam
1094 2035 1146 2062 ista
1161 2037 1225 2061 sunt
1237 2032 1338 2068 opera?
1351 2032 1479 2059 interﬁcit
1490 2032 1547 2067 ipse
1564 2036 1715 2066 serpentes,
1733 2039 1802 2059 con-

1017 2081 1115 2108 trarias
1132 2079 1304 2106 fortitudines
1316 2078 1432 2113 jugulat,
1449 2078 1509 2105 ideo
1522 2077 1610 2105 dicam
1624 2077 1648 2104 ei
1663 2086 1670 2104 :
1686 2077 1725 2104 Tu
1740 2085 1803 2104 con-

1017 2126 1115 2153 trivisti
1134 2125 1226 2161 capita
1243 2125 1389 2151 draconum
1404 2131 1482 2158 super
1497 2131 1589 2158 aquas,
1613 2128 1640 2150 tu
1655 2123 1803 2150 contrivisti

180 2176 249 2203 stas,
266 2178 350 2203 mors,
376 2174 403 2197 et
418 2169 571 2204 desperatio
589 2173 630 2197 est
645 2169 676 2195 ¹’.
697 2169 798 2203 Adjuro
819 2176 885 2201 ergo
908 2176 961 2199 vos,
981 2172 1001 2200 D
1016 2175 1093 2205 caput
1107 2171 1229 2197 draconis
1241 2170 1274 2197 ¹⁸.

181 2215 247 2250 ﬁlim
264 2214 441 2247 Hierusalem,
466 2215 494 2242 in
514 2214 654 2242 virtutibus
677 2219 702 2240 et
723 2214 750 2240 in
770 2213 868 2240 viribus
895 2214 964 2248 agri.

181 2260 269 2295 Cujus
282 2260 357 2296 agri?
368 2259 468 2295 Nempe
483 2259 558 2287 illius
571 2259 629 2295 agri
651 2259 734 2294 pleni,
756 2266 837 2293 quem
855 2258 965 2286 benedi-

182 2306 221 2334 xit
236 2305 368 2333 Dominus
382 2305 412 2331 ".

218 2351 263 2379 10.
278 2350 356 2379 Vers.
373 2351 398 2382 'l,
413 2351 440 2378 8.
457 2350 487 2378 Si
501 2350 649 2378 levaveritis
665 2355 689 2377 et
701 2348 888 2377 suscitaveritis
902 2349 964 2375 clm-

181 2398 300 2429 ritatent,
313 2396 402 2432 quoad
426 2404 507 2432 usque
523 2396 583 2423 velit
597 2404 645 2422 vos:
666 2395 803 2430 fratruelis
821 2395 880 2422 mei.
899 2394 965 2421 Ecce

181 2444 226 2472 hic
239 2444 308 2471 venit
326 2442 423 2470 saliens
436 2450 514 2477 super
533 2446 642 2468 montes.
664 2440 727 2468 Haec
740 2440 829 2467 adhuc
845 2439 966 2475 loquitur

183 2489 316 2520 Ecclesia,
340 2488 487 2516 exhortans
509 2486 739 2519 adolescentulas,
761 2492 791 2513 ut
812 2485 846 2513 ad
871 2485 965 2519 sponsi

182 2538 368 2570 pmparentur
385 2533 545 2566 adventum;
572 2532 595 2559 si
614 2536 703 2559 tamen
728 2531 821 2559 venire
849 2530 966 2558 voluerit

182 2586 209 2608 et
223 2589 303 2609 suum
320 2581 374 2608 illis
385 2580 506 2615 praebere
520 2579 696 2614 colloquium.
715 2576 811 2604 Adhuc
826 2576 910 2612 igitur
925 2576 965 2603 lo-

181 2633 281 2662 quente
293 2635 336 2661 ea,
353 2627 425 2654 venit
442 2633 570 2661 sponsus,
587 2632 668 2660 quem
683 2624 769 2660 digito
783 2626 926 2655 monstrat,
940 2626 968 2649 et

183 2672 250 2699 dicit
267 2682 274 2699 :
291 2672 356 2700 Ecce
367 2673 409 2699 hic
423 2672 491 2699 venit
505 2671 603 2698 saliens
620 2678 697 2704 super
713 2673 822 2695 montes.
847 2667 967 2702 Intelligo

217 2777 228 2793 '
243 2777 323 2804 Prov.
343 2785 383 2809 Ill,
399 2777 439 2804 16.
491 2779 500 2793 ³
525 2777 621 2804 Ειευιι.
636 2783 697 2805 sui,
716 2775 759 2802 l8.

814 2775 835 2791 ¹⁰
848 2775 899 2804 lsa.
914 2783 932 2806 ι,
948 2775 992 2802 2i.

1055 2215 1098 2244 l3.
1114 2215 1217 2243 Similis
1230 2220 1269 2242 est
1282 2215 1417 2249 fratruelis
1431 2222 1503 2242 meus
1515 2222 1625 2249 capreat,
1640 2214 1679 2241 vel
1693 2214 1802 2241 hinnulo

1018 2268 1151 2287 cervorum
1167 2267 1245 2294 super
1267 2262 1366 2285 montes
1391 2258 1485 2285 domus
1500 2258 1549 2286 Dei
1566 2267 1576 2286 :
1590 2257 1682 2285 Bethel
1703 2258 1804 2293 quippe

1018 2306 1211 2340 interpretatur
1224 2305 1323 2331 domus
1342 2303 1400 2330 Dei.
1423 2303 1482 2331 Non
1505 2311 1600 2331 omnes
1624 2308 1732 2331 montes
1755 2303 1804 2330 do-

1019 2359 1080 2378 mus
1097 2350 1142 2378 Dei
1157 2354 1232 2381 sunt.
1249 2350 1296 2376 sed
1310 2349 1356 2383 qui
1372 2353 1478 2376 montes
1493 2348 1620 2376 Ecclesiae
1635 2353 1709 2376 sunt.
1728 2348 1803 2376 Inve-

1019 2397 1132 2424 niuntur
1147 2397 1247 2431 quippe
1261 2400 1287 2423 et
1303 2395 1348 2422 alii
1366 2399 1472 2422 montes
1487 2395 1580 2426 erecti,
1596 2398 1623 2421 et
1635 2401 1804 2429 consurgen-

1021 2446 1060 2469 les
1074 2442 1206 2469 adversus
1218 2442 1360 2470 scientiam
1376 2441 1432 2474 Dei,
1452 2445 1557 2468 montes
1571 2439 1762 2475 Egyptiorum
1778 2444 1804 2467 et

1019 2485 1235 2521 Aliophylorum.
1252 2486 1299 2514 Vis
1314 2487 1384 2514 scire
1411 2486 1475 2521 quia
1492 2485 1590 2513 similis
1604 2489 1646 2512 est
1666 2484 1804 2518 fratruelis

1018 2539 1096 2559 meus
1111 2539 1225 2567 capreae,
1241 2537 1289 2560 aut
1310 2532 1424 2559 hinnuio
1439 2539 1581 2559 cervorum
1598 2538 1682 2565 super
1697 2536 1804 2558 montes

1020 2577 1132 2606 Bethel?
1146 2577 1211 2605 Esto
1225 2585 1305 2605 mons
1317 2578 1528 2611 ecclesiasticus,
1543 2585 1622 2605 mons
1634 2578 1733 2605 domus
1746 2577 1804 2609 Dei,

1020 2627 1048 2651 et
1062 2623 1151 2650 veniet
1161 2623 1194 2650 ad
1214 2627 1239 2650 te
1250 2630 1369 2657 sponsus
1381 2623 1479 2650 similis
1497 2630 1611 2657 capreae,
1627 2623 1669 2650 vel
1688 2623 1806 2650 hinnqu

1021 2677 1163 2697 cervOrum
1187 2676 1268 2704 super
1295 2672 1401 2696 mortles
1427 2667 1528 2696 Bethcl.
1553 2668 1646 2695 Cernit
1674 2675 1805 2703 sponsum

1047 2775 1066 2790 “
1080 2772 1162 2802 Num.
1183 2780 1256 2806 xxiv,
1269 2772 1295 2800 9.
1349 2773 1370 2788 "
1387 2771 1481 2800 Matth.
1499 2779 1558 2799 Vill.
1612 2770 1632 2785 ”
1648 2769 1716 2798 Gen.
1730 2777 1805 2798 xxvi.

183 2812 205 2830 ³⁸
220 2811 297 2840 Deut.
317 2819 372 2846 xlv,
389 2813 414 2840 ι.
455 2813 476 2829 ⁸⁵
489 2812 555 2839 Luc.
581 2819 658 2845 xxiv,
672 2811 715 2838 3'2.
757 2811 777 2826 ¹⁶
789 2809 860 2838 Psal.
878 2818 957 2838 Lxxrv

1022 2810 1071 2845 ,t.
