1892 3050
68 143 95 173 57
763 143 834 172 ΙΙοΜ

891 145 905 172 \
925 145 955 172 ιι.
1328 151 1337 156 ~
1363 179 1365 182 ν
1630 143 1665 173 ss

67 202 280 238 sppropinquasse
302 201 433 234 vicinius,
459 201 506 236 qui
532 207 594 229 ante
619 209 699 236 super
724 207 829 230 montes
844 204 866 232 Α
881 202 945 237 pulli
961 202 1148 229 columbarum
1163 202 1195 228 ¹¹.
1213 201 1279 228 Nam
1291 201 1360 228 idcnt
1373 200 1472 234 valent,
1486 204 1512 228 et
1526 208 1665 235 nunquam

68 248 207 275 versabalur
227 252 254 274 et
272 247 367 279 colles,
384 247 524 274 assimulat
544 254 606 274 eum
632 247 826 274 transilientem

67 299 135 328 atque
144 292 291 319 salientem.
306 291 339 318 Et
355 295 416 326 post
431 292 486 318 lucc
503 291 537 318 ad
554 299 583 319 se
594 296 620 319 ct
634 292 668 318 ad
681 292 748 320 alias
762 292 828 320 ado-

67 337 211 365 lescentulas
234 337 376 365 advenisse
388 344 567 372 cognoscens,
583 338 649 365 dicit
672 347 679 364 :
704 338 769 365 Ecce
786 338 827 365 ltic

68 390 126 412 retro
144 389 199 419 post
216 384 342 419 parietem
361 389 490 411 nostrum.
505 384 534 411 Si
548 384 724 412 :edilicaveris
740 385 829 419 parie-

68 435 122 463 tem,
132 434 157 457 et
166 429 257 457 feceris
270 429 473 457 tediticationem
490 428 547 463 Dei,
564 429 652 456 veniet
667 433 727 464 pest
742 430 830 464 parie-

67 478 206 504 lenttuunt.
223 474 389 510 Prospiciens
412 482 458 508 per
480 474 616 510 fenestras.
634 473 691 501 Una
713 473 829 502 fenestra

67 528 127 548 unus
139 525 178 548 est
199 528 308 552 sensus,
331 527 379 555 per
396 520 469 547 hunc
488 519 618 555 prospicit
634 527 762 554 sponsus,
777 520 830 548 alia

68 566 168 594 fenestra
183 566 252 593 alius
265 570 308 594 est
326 573 435 598 sensus,
454 570 481 593 et
496 573 543 600 per
560 565 631 593 hunc
646 573 762 600 sponsus
777 567 831 593 sol-

68 611 128 638 licite
149 615 296 639 contuetur.
323 611 374 638 Per
395 618 464 646 quos
493 618 590 638 sensus
620 619 673 638 non
701 612 832 647 prospicit

68 663 144 684 sermo
154 655 218 684 Dei?
228 655 298 690 Quid
312 656 349 684 sit
359 660 448 683 autem
463 656 616 691 prospicere
629 665 677 692 per
688 657 831 691 fenestras,

67 707 90 729 ct
103 702 229 737 quomodo
241 710 290 737 per
304 710 352 731 eas
375 711 492 738 sponsus
507 703 636 738 aspiciat,
651 711 768 739 sequens
784 705 832 731 do-

68 747 128 775 cebit
146 749 305 784 exemplum.
325 748 376 777 Ubi
400 757 454 777 non
482 749 612 786 prospicit
637 757 769 784 sponsus,
795 749 831 777 ibi

69 800 131 821 mors
147 793 279 822 invenitur
296 795 457 828 ascendens,
474 800 504 823 ut
519 795 635 831 legimus
650 796 676 823 in
692 795 808 823 Jeremia
823 804 830 823 :

69 838 124 866 Ecce
141 848 205 868 mors
218 842 336 868 ascendit
350 850 397 877 per
409 843 536 877 fenestras
553 848 657 870 nostras
670 843 702 870 "'.
719 842 834 876 Quando

881 248 981 275 dictum
1004 253 1046 275 est
1070 248 1214 282 separatitn
1239 255 1288 282 par
1312 246 1499 274 tantummodo
1522 246 1665 273 columba-

881 299 953 323 rum,
971 292 1017 318 sed
1039 299 1087 326 par
1103 296 1256 323 turturum,
1272 296 1299 318 et
1321 292 1391 318 duos
1413 290 1501 324 pullos
1521 290 1662 318 columba-

882 344 954 363 rum.
972 336 1102 363 Columba
1117 336 1235 371 Spiritus
1251 340 1363 363 sanctus
1374 340 1424 362 est.
1441 334 1558 369 Spiritus
1575 340 1663 362 autent

882 385 992 409 sanctus
1008 381 1117 416 quando
1136 381 1170 408 de
1189 380 1293 415 magnis
1315 385 1342 407 et
1365 380 1559 408 occultioribus
1575 388 1667 407 sacras

882 427 991 460 mentis,
1008 431 1033 454 et
1046 434 1107 462 quae
1121 426 1198 453 multi
1215 433 1311 461 capere
1332 433 1386 453 non
1405 431 1519 460 possunt
1537 426 1666 460 loquitur,

883 473 910 500 in
930 473 1042 500 turturis
1059 471 1240 507 appellatione
1256 471 1389 506 signatur,
1405 471 1430 498 id
1455 476 1497 498 est
1519 471 1579 506 ejus
1597 472 1668 503 avis,

883 527 944 555 quae
959 527 1063 554 semper
1076 519 1103 546 in
1116 519 1248 546 montium
1259 518 1332 554 jugis
1342 522 1369 545 et
1380 518 1508 545 arborum
1522 519 1668 546 verticibus

883 569 1077 593 commoratur.
1096 563 1124 591 In
1142 564 1258 591 vallibus
1273 568 1362 590 autem
1385 568 1413 591 ct
1430 564 1472 590 his
1493 571 1555 598 quae
1569 564 1602 590 ad
1619 563 1669 590 ho-

884 611 972 638 mines
988 617 1074 645 usque
1086 611 1257 645 perveniunt,
1270 609 1396 637 columba
1413 610 1573 636 assumitur.
1592 609 1670 637 Deni-

884 663 938 691 que
953 654 1078 682 Salvator
1091 655 1155 690 quia
1172 654 1309 681 hominem
1321 658 1364 682 est
1378 653 1506 689 dignatus
1517 661 1668 687 assumere,

884 705 912 728 et
928 700 1002 727 venit
1020 699 1054 727 ad
1072 704 1168 731 terras,
1191 699 1323 734 multique
1341 704 1406 726 tunc
1432 699 1504 727 circa
1523 698 1669 726 Iordanem

885 749 1042 780 peccatores
1065 747 1160 776 erant,
1177 743 1279 770 idcirco
1304 742 1421 778 Spiritus
1443 747 1554 771 sanctus
1573 751 1626 770 non
1642 743 1670 769 in

886 794 1019 818 turturem
1037 789 1162 822 vertitur,
1177 788 1223 816 sed
1236 788 1362 816 coluntba
1379 787 1420 820 tlt,
1444 788 1514 815 ittter
1534 795 1583 816 nos
1606 795 1671 823 pro-

886 839 947 870 pter
969 835 1110 862 hominum
1128 832 1331 861 multitudinem
1349 832 1408 859 avis
1424 832 1592 859 mansuetior
1606 840 1672 859 con-

68 884 155 913 Yideris
179 887 319 914 mulierem
341 876 374 915 ad
399 876 645 922 concupiscendum
671 896 731 915 eam
744 907 751 920 ,
776 888 831 923 jam
849 876 870 904 Β
886 885 1020 908 versatur.
1033 879 1136 907 Turtur
1150 883 1240 906 autem
1253 877 1371 911 videtur,
1387 877 1460 904 verbi
1475 876 1571 912 gratia.
1584 876 1671 912 Moysi

70 938 129 958 mors
138 933 255 960 ascendit
268 941 317 968 per
327 933 461 961 fenestras
476 938 546 961 tuas.
560 933 684 961 Eminens
698 943 744 968 per
755 935 831 962 retia.

69 975 172 1012 Intellige
194 979 257 1013 quia
283 979 312 1006 in
342 979 432 1007 medio
455 979 615 1014 laqueorum
644 980 779 1012 ambulas,
806 985 834 1008 ct

68 1022 149 1050 subtus
157 1024 293 1052 machinas
301 1025 355 1059 22
364 1029 487 1052 transeas
496 1025 676 1053 imminentes.
685 1025 782 1053 Omnia
791 1034 833 1054 re—

69 1068 130 1096 tibus
141 1069 213 1104 plena
223 1075 298 1103 sunt,
316 1071 441 1099 diabolus
457 1071 554 1106 laqueo
568 1076 666 1099 cuncta
677 1072 831 1107 complevit.

69 1112 92 1141 Si
104 1118 183 1142 autem
198 1116 301 1143 venerit
316 1116 364 1143 tibi
378 1124 468 1144 sermo
483 1116 540 1149 Dei,
552 1122 578 1144 et
590 1118 701 1152 coeperit
714 1118 833 1146 eminere

69 1159 96 1187 de
107 1160 210 1194 retibus,
220 1160 294 1189 dices
308 1169 316 1187 :
329 1162 425 1188 Anima
441 1166 531 1189 nostra
546 1168 635 1197 erepta
646 1167 684 1190 est
698 1163 729 1189 de
742 1163 833 1198 laqueo

69 1206 209 1233 venantium.
221 1205 342 1242 Laqueus
359 1208 486 1234 contritus
502 1212 552 1239 est,
566 1212 590 1234 et
611 1216 656 1234 uos
670 1207 774 1234 liberati
789 1217 834 1235 su-

69 1258 126 1277 ntut.
140 1250 270 1278 Benedicti
294 1259 338 1278 vos
360 1260 376 1278 a
400 1251 512 1278 Domino
536 1252 581 1285 qui
606 1252 668 1287 fecit
696 1253 788 1279 coelum
808 1257 834 1280 et

70 1295 194 1322 terram“.
210 1295 318 1323 Eminet
340 1296 422 1330 igitur
443 1303 560 1330 sponsus
582 1303 629 1330 per
644 1297 711 1324 retia
729 1297 778 1324 tibi
791 1297 833 1324 vi-

69 1344 115 1366 tam
129 1339 231 1368 faciens.
248 1340 330 1369 Jesus
350 1341 490 1369 descendit
505 1341 539 1369 ad
564 1346 659 1375 terras,
673 1342 790 1378 subjecit
805 1351 834 1371 se

70 1383 159 1412 retibus
172 1386 280 1420 mundi;
304 1386 401 1414 videns
421 1394 549 1422 magnum
569 1387 711 1415 hominum
726 1396 833 1424 gregem

70 1429 157 1458 retibus
174 1431 343 1466 intpeditum,
366 1439 417 1460 nec
435 1440 467 1461 ea
488 1433 523 1460 ab
545 1433 600 1460 alio
612 1433 666 1461 uisi
683 1441 697 1460 a
712 1441 741 1461 se
755 1441 834 1469 posse

70 1476 202 1508 ronsciudi,
217 1477 290 1505 venit
309 1478 343 1505 ad
359 1479 436 1512 retia,
453 1486 596 1506 assumens
616 1487 716 1514 corpus
739 1479 836 1507 huma-

70 1529 133 1554 ltum,
148 1523 216 1558 quod
237 1523 412 1551 inimicarum
430 1523 618 1552 fortitudinum
639 1524 742 1559 laqueis
757 1528 833 1552 tene-

69 1567 145 1602 batur,
158 1577 187 1597 ea
212 1569 259 1597 tibi
285 1569 401 1604 dirupit,
420 1574 447 1597 et
465 1570 604 1605 loqueris:
624 1570 691 1598 Ecce
707 1570 749 1597 hic
765 1576 835 1598 retro

69 1618 116 1647 post
137 1616 257 1649 parietem
291 1621 410 1643 nostrum
432 1617 591 1651 prospiciens
618 1624 663 1651 per
688 1617 835 1651 fenestras,

69 1660 167 1688 eminens
187 1670 231 1696 per
249 1662 331 1689 retia.
354 1662 422 1689 Cum
435 1662 590 1691 cminuerit.
611 1661 677 1689 dicit
691 1662 738 1689 tibi
754 1662 836 1697 (vers.

71 1705 106 1739 10)
119 1715 126 1733 z
138 1706 275 1742 Respondet
294 1707 429 1742 fratruelis
443 1716 525 1740 meus,
540 1712 564 1734 et
572 1707 753 1742 dicit:Surge,
767 1708 835 1738 veni,

71 1751 175 1781 proxima
188 1760 255 1786 mea,
268 1752 343 1780 viam
356 1752 403 1779 tibi
418 1751 480 1785 ieci,
493 1752 612 1780 conscidi
629 1752 707 1783 retia,
722 1752 762 1780 sic
776 1752 837 1779 veni

70 1796 98 1822 ad
113 1803 164 1830 me,
179 1797 305 1832 proxima
326 1804 397 1824 mea.
422 1796 514 1832 Surge,
534 1797 606 1829 veni,
631 1797 752 1831 proxima
769 1805 837 1828 mea,

72 1841 171 1874 speciosa
192 1851 259 1876 mea,
281 1841 404 1869 columba
423 1851 489 1870 mea.
512 1842 568 1870 Cur
592 1843 646 1876 ait,
672 1843 769 1878 surge?
790 1851 839 1871 cur

72 1889 185 1922 propera!
197 1887 253 1924 Ego
270 1897 322 1924 pro
342 1893 368 1916 te
387 1889 505 1916 sustinui
522 1889 624 1916 rabiem
639 1893 838 1924 tempestatum,

72 1940 112 1967 me
125 1933 214 1962 ﬂuctus
232 1935 279 1970 qui
307 1935 353 1962 tibi
377 1934 543 1962 debebantur
559 1934 662 1970 excepi.
680 1934 776 1961 Tristis
800 1939 839 1962 est

72 1976 131 2005 facta
154 1979 239 2006 anima
267 1987 328 2006 mea
349 1983 459 2014 propter
477 1983 502 2006 te
524 1987 604 2014 usque
625 1979 659 2006 ad
681 1985 791 2006 mortem
805 1979 839 2007 ιθ.

73 2021 170 2051 Surrexi
185 2032 200 2052 a
214 2024 332 2052 mortuis
347 2024 443 2052 fractis
461 2025 556 2051 mortis
574 2024 677 2059 januis,
694 2028 720 2051 ct
742 2023 841 2052 inferni

72 2069 172 2097 Vinculis
186 2070 342 2099 dissolutis.
370 2070 432 2098 Ideo
452 2070 512 2098 dico
534 2070 583 2097 tibi
597 2069 684 2098 tVers.
705 2070 748 2104 10,
775 2070 839 2105 il):

73 2113 153 2150 Surge,
173 2117 238 2149 ueni,
259 2116 384 2151 proxima
404 2123 471 2148 mea,
493 2115 609 2150 speciosa
632 2124 704 2147 mea,
722 2116 841 2143 columba

73 2167 130 2193 mea,
152 2161 211 2196 quia
224 2162 310 2189 hiems
326 2161 458 2194 transivit,
484 2161 574 2196 pluvia
597 2161 673 2194 abiit,
694 2161 772 2195 ﬂores
793 2162 841 2188 visi

885 931 913 954 et
928 926 974 954 uni
991 925 1102 954 cuilibet
1114 925 1308 960 prophetarum
1325 923 1507 951 recedentium
1527 922 1552 948 in
1567 926 1673 949 montes

886 976 913 999 et
928 971 1046 1003 deserta,
1062 975 1086 999 et
1101 970 1137 998 ibi
1155 969 1345 1004 accipientium
1358 975 1498 996 sermones
1510 967 1566 995 Dei.
1583 966 1673 1002 (Vcrs.

887 1018 930 1050 η,
943 1017 1001 1052 15.)
1016 1017 1071 1044 Vos
1087 1024 1150 1050 ergo
1163 1016 1275 1042 turturis
1286 1015 1379 1042 audita
1392 1019 1429 1041 est
1443 1014 1471 1040 in
1489 1019 1558 1040 terra
1571 1018 1673 1041 nostra.

888 1063 970 1090 Ficus
983 1062 1107 1097 produxit
1124 1069 1227 1097 grossos
1242 1069 1314 1088 suos.
1329 1061 1352 1087 Α
1369 1059 1420 1094 ﬁcu
1435 1059 1578 1094 dignoscite
1592 1067 1675 1093 para-

887 1109 995 1136 bolam:
1012 1117 1070 1135 cum
1084 1116 1174 1134 ramus
1188 1107 1245 1142 ejus
1268 1111 1339 1133 letter
1353 1108 1440 1140 [actus
1460 1105 1550 1140 fuerit,
1569 1109 1593 1131 et
1609 1104 1675 1139 [otia

888 1154 1001 1185 miserit,
1014 1153 1107 1180 scitote
1127 1152 1190 1187 quia
1202 1151 1284 1186 juxta
1303 1155 1342 1177 est
1366 1155 1444 1177 testas
1465 1151 1498 1176 ²¹.
1516 1149 1579 1176 Vult
1596 1149 1675 1176 nobis

887 1198 934 1225 Dei
953 1197 1091 1232 eloquium
1104 1196 1240 1228 nutttiare,
1253 1200 1314 1230 post
1328 1195 1456 1227 hiemem,
1468 1198 1529 1228 post
1543 1194 1676 1228 procellas

887 1244 1041 1271 attimarum
1061 1242 1293 1277 appropinqttasse
1310 1248 1437 1273 messem,
1462 1244 1489 1266 et
1506 1240 1544 1266 ait
1562 1248 1569 1266 :
1593 1239 1675 1266 Ficus

887 1289 1013 1325 produxit
1028 1295 1132 1323 grossos
1147 1294 1219 1317 suos,
1232 1286 1296 1313 vites
1308 1286 1461 1320 ﬂorescunt,
1474 1285 1601 1311 dederunt
1614 1285 1676 1311 odo-

887 1342 960 1365 rem;
980 1333 1003 1361 si
1029 1333 1084 1367 jam
1109 1335 1274 1366 rumpuntur
1298 1330 1325 1357 in
1348 1329 1460 1363 ﬂorem,
1475 1335 1580 1364 tempus
1596 1329 1676 1356 adre-

888 1380 953 1412 niet,
969 1383 996 1406 et
1014 1382 1094 1406 erunt
1108 1385 1177 1404 uvae.

923 1437 968 1463 15.
985 1436 1080 1470 Surge,
1098 1434 1164 1465 veni,
1176 1433 1297 1468 proxima
1313 1440 1382 1464 mea,
1404 1431 1521 1466 speciosa
1543 1438 1615 1462 utea,
1633 1438 1676 1456 ro-

887 1482 977 1510 tuntba
993 1489 1059 1508 mea.
1072 1480 1134 1507 Haec
1145 1487 1206 1514 qua:
1217 1477 1343 1513 superius
1355 1477 1543 1512 exposuimus,
1557 1483 1676 1510 sponsus

888 1534 942 1554 non
970 1524 1143 1553 audientibus
1166 1521 1393 1554 adolescentulis,
1421 1520 1466 1548 sed
1494 1521 1551 1548 sola
1577 1527 1675 1554 sponsa

889 1571 1016 1599 audiente
1039 1570 1169 1604 loquitur.
1193 1568 1327 1595 Volumus
1350 1571 1439 1593 autent
1459 1570 1486 1593 ct
1513 1565 1598 1599 ipsius
1619 1565 1675 1598 jam

888 1617 982 1644 audire
1003 1623 1157 1644 sermonem
1184 1613 1320 1649 loquentis
1355 1612 1387 1640 ad
1424 1619 1551 1646 sponsam
1586 1611 1674 1644 (vers.

889 1663 933 1696 15,
947 1662 990 1697 14)
1003 1671 1009 1688 :
1024 1660 1117 1696 Surge,
1132 1660 1198 1692 ueni,
1214 1658 1334 1694 proxima
1348 1666 1415 1688 mea,
1427 1657 1542 1692 speciosa
1552 1664 1621 1688 mea,
1632 1663 1676 1682 co-

887 1707 976 1735 lumba
994 1715 1062 1738 mea,
1076 1711 1100 1733 et
1116 1705 1183 1737 veni,
1206 1703 1327 1731 columba
1348 1711 1416 1733 mea.
1441 1701 1488 1728 sub
1505 1701 1615 1736 tegmine
1633 1709 1677 1735 pe-

889 1759 948 1780 ινα».
973 1751 1007 1779 Et
1030 1751 1137 1787 Moyses
1161 1750 1213 1778 sub
1239 1749 1357 1784 tegmine
1385 1752 1468 1782 petrae
1495 1747 1622 1781 ponitur,
1648 1751 1678 1773 ιιι

889 1799 979 1826 videat
989 1797 1140 1834 posteriora
1155 1796 1213 1824 Dei.
1234 1794 1267 1822 In
1289 1794 1400 1829 tegmine
1419 1792 1604 1820 antemurutis.
1617 1791 1678 1818 Pri-

889 1852 963 1872 mum
980 1843 1041 1871 veni
1057 1842 1091 1870 ad
1107 1842 1133 1870 id
1156 1841 1230 1877 quod
1251 1845 1314 1868 ante
1332 1847 1440 1866 tnurunt
1463 1843 1519 1871 est,
1537 1842 1564 1865 ct
1583 1841 1677 1873 postea

889 1890 991 1926 poteris
1005 1889 1118 1917 introire
1141 1888 1188 1916 ubi
1202 1894 1297 1915 nturus
1310 1890 1352 1914 est
1369 1889 1461 1920 petrae.
1481 1884 1593 1912 Ostende
1613 1884 1677 1910 mihi

891 1934 985 1969 faciem
1011 1939 1096 1960 tuam.
1120 1932 1212 1966 Usque
1236 1930 1269 1958 ad
1296 1934 1457 1964 praesentem
1482 1929 1554 1956 dicttt
1578 1928 1678 1956 similia

890 1981 1017 2009 dicuntur
1034 1979 1067 2007 ad
1082 1985 1211 2014 sponsam
1233 1986 1241 2004 :
1256 1976 1372 2003 necdum
1386 1975 1459 2002 enim
1477 1975 1594 2002 habebat
1608 1974 1678 2002 fidu-

891 2027 974 2059 ciam,
986 2031 1016 2053 ut
1030 2024 1148 2052 revelata
1171 2023 1240 2051 facie
1261 2022 1375 2057 gloriam
1391 2021 1497 2048 Domini
1511 2020 1678 2054 contempla-

892 2076 976 2099 retur.
992 2069 1060 2103 Quia
1074 2076 1138 2096 vero
1152 2068 1207 2103 jam
1232 2071 1328 2094 ornata
1349 2070 1392 2093 est
1408 2070 1489 2101 atque
1509 2065 1658 2100 composita
1669 2084 1676 2098 ,

891 2118 990 2146 dicitur
1011 2116 1036 2144 ei
1063 2124 1071 2142 :
1092 2114 1205 2142 Ostende
1229 2113 1294 2140 milii
1321 2112 1417 2147 faciem
1441 2117 1525 2139 tuam.
1552 2110 1677 2138 Nondum

894 2169 951 2192 erat
963 2163 1036 2190 enim
1052 2170 1103 2189 vox
1117 2161 1177 2196 ejus
1189 2161 1226 2187 ita
1240 2159 1344 2193 suavis,
1361 2162 1391 2186 ut
1401 2162 1551 2186 mereretur
1563 2157 1588 2184 ei
1600 2156 1653 2184 dici
1669 2165 1676 2183 :

73 2210 123 2232 sunt
142 2207 167 2232 in
188 2211 268 2234 terra.
286 2206 343 2242 Ego
368 2213 384 2233 a
408 2205 522 2233 mortuis
548 2213 662 2240 surgens
684 2210 842 2240 tempestate
858 2217 880 2244 ι)
895 2209 993 2237 Audire
1017 2217 1057 2236 me
1079 2208 1121 2243 fac
1140 2215 1226 2234 vocem
1250 2211 1334 2233 tuam.
1357 2204 1472 2238 Quando
1496 2210 1561 2238 ergo
1585 2201 1679 2229 didicit

73 2257 212 2286 compressa
233 2251 458 2287 tranquillitatem
480 2250 595 2279 reddidi.
615 2250 649 2278 Et
662 2252 725 2286 quia
742 2259 840 2279 secun-

73 2295 127 2323 dum
140 2297 367 2332 dispensationem
379 2298 470 2326 carnis
487 2306 520 2326 ex
535 2298 654 2333 Virgine,
666 2302 693 2325 et
703 2298 841 2326 voluntate

73 2340 149 2371 Patris
170 2345 251 2378 crevi,
267 2349 296 2372 et
317 2344 461 2379 sapientia.
478 2349 505 2372 et
524 2348 601 2372 relate
630 2343 744 2379 profeci,
756 2345 839 2378 (vers.

73 2385 110 2422 12)
122 2389 193 2422 ﬂores
216 2390 267 2417 nisi
283 2394 344 2416 sunt
366 2390 394 2416 in
411 2395 491 2423 terra,
509 2394 607 2424 tempus
620 2389 742 2416 sectionis
755 2389 840 2416 adest.

75 2431 152 2461 Sectio
162 2436 288 2464 remissio
313 2440 485 2470 peccatorum
500 2440 551 2463 est.
574 2434 689 2463 Omnem
710 2434 782 2462 enim
798 2442 844 2462 ra-

76 2485 147 2513 tnum,
160 2481 205 2513 ait,
223 2481 250 2508 itt
269 2488 314 2509 me
331 2485 496 2514 manentent,
510 2486 537 2508 et
552 2481 708 2508 aﬂ‘crentem
724 2479 842 2507 fructum

74 2521 140 2551 Pater
152 2533 225 2554 meus
242 2527 368 2558 mundat.
391 2531 421 2553 ut
441 2525 545 2553 fructus
566 2526 683 2561 majores
700 2526 794 2554 all'erat
808 2526 842 2552 ‘°.

74 2567 163 2599 Habeto
187 2572 304 2607 fructus,
319 2578 347 2600 et
370 2573 460 2609 priora
485 2581 546 2608 qum
565 2572 593 2599 in
619 2577 645 2600 te
672 2572 842 2600 infructuosa

74 2622 127 2645 sunt
149 2619 318 2648 auferuntur.
346 2619 456 2655 Tempus
479 2619 580 2655 quippe
604 2619 725 2646 sectionis
750 2619 843 2651 adest,

74 2669 114 2688 vos
132 2666 238 2692 turturis
263 2665 358 2692 audita
373 2670 410 2691 est
439 2665 466 2690 in
489 2669 560 2691 terra
581 2668 681 2691 nostra.
704 2662 763 2690 Non
785 2664 844 2690 sine

74 2713 144 2736 causa
160 2710 185 2737 in
199 2711 334 2738 sacriﬁcio
345 2711 493 2738 assumitur
509 2718 557 2745 par
569 2714 717 2742 turturum,
732 2713 779 2737 aut
790 2709 843 2736 duo

105 2805 225 2844 "larem.
244 2817 282 2840 ut.
297 2810 341 2836 2|.
382 2809 403 2825 ’⁸
418 2809 489 2837 Psal.
505 2818 596 2843 csxtv,
615 2809 640 2844 7,
653 2810 679 2837 8.

76 2846 136 2873 xxiv,
149 2842 191 2870 32.
226 2845 248 2860 ³³
261 2844 332 2872 Psal.
348 2852 402 2877 ειν,
418 2844 462 2872 54.

733 2810 753 2825 ¹⁹
765 2808 859 2836 Matth.
876 2817 949 2843 ΠΗ,
966 2809 1009 2836 ⁸58.
1049 2810 1070 2825 ¹⁰
1087 2809 1165 2836 Joan.
1181 2817 1224 2842 sv,
1240 2808 1264 2836 ‘2.

893 2255 978 2290 loqui.
994 2254 1065 2282 Tace
1080 2253 1164 2287 enim,
1179 2253 1228 2286 ait,
1241 2256 1268 2280 et
1284 2251 1347 2279 audi
1370 2249 1463 2282 Israel,
1479 2253 1508 2276 et
1530 2248 1598 2276 scito
1613 2247 1678 2281 quid

894 2301 990 2336 loquar
1004 2308 1010 2325 :
1025 2305 1052 2328 et
1064 2300 1156 2328 suavis
1171 2299 1241 2326 facta
1256 2304 1297 2326 est
1309 2306 1362 2326 vox
1375 2298 1435 2332 ejus
1453 2302 1564 2330 sponso,
1581 2301 1678 2321 secun-

894 2349 961 2377 dum
986 2347 1053 2375 illud
1076 2345 1265 2381 proplteticum
1286 2354 1292 2372 :
1311 2343 1404 2372 Suavis
1421 2343 1468 2377 ﬁat
1488 2341 1513 2368 ei
1535 2339 1679 2375 postulatio

895 2401 952 2420 mea
966 2393 1004 2420 '3?
1030 2397 1094 2419 tunc
1115 2391 1149 2418 ad
1168 2398 1227 2418 eam
1251 2397 1368 2424 speitsus
1391 2387 1490 2415 etl‘atur
1505 2395 1512 2413 :
1529 2385 1563 2412 Et
1586 2385 1679 2411 audire

892 2446 932 2464 me
953 2438 996 2472 [ac
1018 2444 1103 2464 uocem
1128 2440 1217 2468 tuam,
1239 2434 1301 2469 quia
1321 2441 1371 2461 vos:
1394 2437 1441 2459 tua
1464 2431 1551 2459 suavis
1574 2435 1623 2456 est.
1650 2427 1679 2455 Si

892 2480 1032 2513 aperueris
1048 2487 1080 2507 os
1102 2484 1179 2506 tuum
1199 2479 1283 2506 verbo
1304 2477 1362 2510 Dei,
1384 2477 1456 2504 dicet
1470 2476 1517 2503 tibi
1539 2481 1676 2510 sponsus:

900 2526 956 2554 νοτ
971 2531 1016 2553 tua
1032 2526 1120 2553 suavis
1134 2529 1183 2557 est,
1200 2530 1224 2552 et
1240 2530 1360 2559 aspectus
1376 2528 1435 2550 tuus
1451 2521 1592 2557 speciosus.
1606 2519 1678 2553 Qua-

894 2576 1004 2607 propter
1031 2575 1230 2606 consurgentes
1254 2570 1432 2605 deprecentur
1458 2567 1623 2598 Dominum,
1649 2569 1679 2593 ut

894 2617 968 2652 digiti
983 2616 1132 2645 efﬁciamur
1155 2616 1248 2651 sponsi
1267 2622 1405 2648 sermone,
1423 2612 1555 2649 sapientia
1571 2610 1679 2638 Christo

895 2662 972 2697 Jesu,
989 2663 1033 2691 cui
1050 2667 1092 2691 est
1103 2663 1188 2698 gloria
1206 2667 1233 2690 et
1250 2662 1394 2697 imperium
1407 2662 1434 2689 in
1452 2659 1550 2688 saecula
1565 2657 1679 2686 saculo-

895 2718 968 2737 t‘unt.
986 2709 1082 2737 Amen.

1316 2807 1335 2823 “
1355 2806 1439 2834 chit.
1454 2814 1502 2833 xtl.
1542 2807 1564 2821 "
1582 2802 1675 2832 Matth.
