1892 3050
245 127 280 153 63
773 128 935 156 ORIGENIS
955 129 987 155 1N
1006 129 1183 157 CANTICUM
1199 129 1334 157 CANTIC.
1836 134 1864 160 lii

242 185 391 213 Ecelcsiam
402 207 409 218 ,
427 187 484 214 hate
501 187 559 222 ipsa
577 187 717 221 Scriptura
742 197 792 217 nos
810 190 899 217 docet.
918 190 1031 218 Sodales
1045 195 1066 221 Α
1084 191 1241 225 Scripturas
1258 199 1273 218 a
1289 191 1448 219 doctoribus
1465 196 1493 218 et
1509 200 1523 218 a
1539 192 1711 227 sapientibus
1727 192 1864 228 tradipue-

242 238 354 265 quoque
370 239 478 266 sponsa:
494 233 703 261 adulescentula:
720 242 780 260 eum
799 234 857 268 ipsa
870 242 968 269 sponsa
981 244 1028 270 po-

241 276 302 303 sitae
311 284 372 311 quas
382 277 510 309 dixerint,
526 285 641 312 qumque
660 279 741 305 etiam
757 279 837 306 amici
866 287 898 306 ac
920 280 1028 308 sodales

242 321 348 355 sponsi,
359 329 391 348 ex
406 322 500 348 eodem
515 322 691 350 nihilominus
708 323 786 354 libro,
813 324 860 358 qui
883 326 1026 352 Canticum

242 366 412 393 canticorum
423 367 575 394 attitulatur
584 369 634 403 (2),
646 370 847 402 cognoscimus.
857 370 1028 400 Possibilitas

241 411 314 438 enim
327 411 390 438 data
411 413 544 439 cstetiatu
562 413 626 447 ipsis
640 414 735 441 amicis
753 415 847 449 sponsi
867 416 957 451 aliqua
983 417 1026 443 di-

242 463 314 489 cere,
336 465 367 484 ea
383 457 514 485 dumtaxat
536 466 596 493 quae
621 459 765 487 audierant
790 461 825 488 ab
849 461 908 496 ipso
924 470 1026 497 sponso

241 499 363 529 lmtantes
371 503 404 529 de
415 504 604 538 conjunctione
616 512 732 538 sponsae.
749 505 792 532 Fit
802 514 867 541 ergo
884 515 975 535 sermo
991 509 1026 535 ab

241 545 300 579 ipsa
312 555 412 581 sponsa
424 569 431 580 ,
449 556 500 574 non
522 548 610 575 solum
622 549 654 576 ad
668 557 800 583 sponsum
810 571 818 582 ν
831 552 878 579 sed
892 553 974 580 etiam
990 554 1024 581 ad

239 592 509 625 adolescentulas;et
527 601 635 622 rursum
662 596 756 630 sponsi
782 605 872 624 sermo
896 606 949 626 non
966 603 1026 626 tan-

239 638 379 664 tummodo
391 639 423 664 ad
437 646 575 673 sponsam,
595 641 641 667 sed
660 642 741 668 etiam
758 643 790 669 ad
808 643 912 672 amicus
926 645 1023 680 dirigi-

239 687 283 709 tur
291 684 394 717 sponsi.
412 683 445 710 Et
455 684 506 712 hoc
520 690 561 712 est
577 685 650 720 quod
668 695 750 722 supra
766 689 896 722 diximus,
913 698 1023 718 carmen

237 728 357 762 nuptiale
387 729 414 756 in
444 731 555 757 modum
583 732 716 760 dramatis
742 741 802 761 esse
825 735 1020 770 conscriptum.

236 772 335 800 Drama
350 775 423 801 enim
437 774 549 808 dicitur,
564 781 593 803 ut
608 778 633 804 in
646 779 737 806 scenis
751 780 790 814 (5)
808 781 850 815 agi
871 780 962 809 fabula
977 790 1023 810 so-

235 818 288 850 let,
306 819 350 846 ubi
376 819 491 848 diversae
520 829 643 856 persona:
671 824 898 860 introducuntur;
916 833 943 854 et
960 828 1022 856 aliis

234 865 438 899 accedentibus,
450 867 511 894 aliis
521 867 603 895 etiam
618 869 829 904 discedentibus,
842 880 858 899 a
869 872 984 901 diversis
994 880 1022 901 et

235 909 268 935 ad
283 909 408 937 diversos
417 916 506 940 textus
519 914 684 942 narrationis
696 917 828 950 expletur.
838 917 903 950 Qua:
914 919 1019 955 singula

235 961 286 980 suo
296 955 393 982 ordine
407 957 541 992 scriptura
554 959 610 987 haec
623 961 755 994 continet,
767 967 907 998 totumque
921 972 1020 1000 corpus

233 998 295 1032 ejus
317 1001 438 1035 mysticis
467 1001 600 1031 formatur
616 1005 741 1040 eloquiis.
762 1006 813 1034 Sed
840 1009 928 1043 primo
950 998 1020 1039 scire

237 1051 286 1070 nos
297 1049 412 1079 oportet.
427 1048 556 1081 quoniam
574 1049 645 1077 sicut
658 1053 768 1085 puerilis
783 1058 847 1081 tetas
859 1063 912 1082 non
927 1063 1020 1084 move-

235 1093 280 1136 tur
291 1089 327 1136 ad
342 1097 464 1136 amorem
481 1094 636 1127 passibilem
650 1096 700 1130 (4),
716 1097 752 1124 ita
774 1107 823 1126 nec
838 1101 872 1127 ad
886 1102 1018 1136 capienda

233 1132 342 1165 quidem
360 1135 440 1162 verba
464 1136 531 1170 haec,
553 1139 663 1172 parvula
682 1145 707 1167 et
729 1141 861 1170 infantilis
880 1132 1018 1172 interioris

234 1177 353 1207 hominis
368 1185 433 1208 aetas
445 1181 614 1216 admittitur,
634 1184 742 1212 illorum
764 1187 868 1214 scilicet
882 1189 929 1221 qui
947 1189 1018 1216 lacte

232 1221 258 1250 in
276 1224 385 1252 Christo
396 1225 516 1260 aluntur,
534 1236 587 1256 non
598 1229 658 1257 cibo
674 1229 748 1263 forti,
764 1236 791 1258 et
806 1232 853 1266 qui
871 1241 944 1260 nunc
963 1235 1017 1268 pri-

231 1270 305 1296 muin
324 1271 486 1300 rationabile
509 1278 537 1300 et
550 1274 609 1301 siue
626 1275 690 1302 dolo
701 1275 742 1303 lac
755 1279 964 1312 concupiscunt.
987 1280 1017 1307 In

230 1314 321 1342 verbis
338 1316 378 1350 (5)
405 1318 477 1344 enim
491 1317 597 1346 Cantici
615 1320 784 1348 canticorum
810 1323 854 1350 ille
870 1324 948 1352 cibus
964 1330 1016 1358 est,

229 1358 264 1386 de
279 1367 334 1394 quo
347 1361 585 1396 dicitApostolus:
601 1364 782 1399 Perfectorum
798 1374 886 1396 autent
898 1376 937 1397 est
949 1371 1016 1397 soli-

230 1404 384 1438 dus'cibus;
396 1412 422 1434 et
440 1408 506 1436 tales
521 1410 635 1444 requirit
651 1412 798 1446 auditores,
811 1415 857 1449 qui
870 1423 918 1449 pro
929 1417 1016 1450 possi-

231 1451 333 1478 bilitate
342 1454 464 1480 sumendi
477 1455 634 1484 exercitatos
645 1458 756 1486 habeant
769 1468 859 1487 sensus
873 1462 907 1488 ad
920 1463 1017 1490 discre-

231 1497 327 1525 tionem
340 1499 402 1526 boni
410 1504 434 1526 et
452 1502 516 1528 mali
532 1502 550 1528 ί.
568 1502 601 1530 Ει
616 1504 724 1538 quidem
740 1508 845 1541 parvuli
858 1516 928 1543 quos
944 1507 1015 1536 dixi—

232 1550 293 1571 mus
304 1564 312 1576 ,
328 1544 351 1572 si
376 1545 486 1572 veniant
500 1547 533 1573 ad
556 1547 613 1576 [nec
628 1549 696 1582 loca,
716 1556 806 1585 potest
825 1552 882 1580 fieri
903 1559 933 1581 ut
947 1555 1015 1583 nihil

229 1588 338 1622 quidem
349 1596 383 1616 ex
395 1589 446 1616 hac
457 1589 599 1625 Scriptura
615 1594 767 1628 proficiant,
780 1604 829 1624 nec
838 1601 927 1626 tamen
938 1599 1015 1627 valde

229 1632 373 1667 laedantur,
400 1636 441 1662 vel
458 1636 516 1671 ipsa
530 1646 592 1673 qua:
607 1639 708 1674 scripta
733 1647 797 1668 sunt
820 1642 951 1679 legentes,
972 1646 1014 1673 vel

229 1685 291 1713 qua:
302 1679 336 1706 ad
347 1681 563 1715 explanationem
577 1692 671 1711 eorum
692 1686 806 1714 dicenda
829 1695 893 1717 sunt
917 1699 1014 1720 recen-

228 1729 331 1752 sentes.
359 1724 388 1752 Si
413 1734 478 1753 vere
494 1728 594 1763 aliquis
621 1732 777 1765 accesserit,
794 1733 840 1768 qui
863 1737 1013 1765 secundum

228 1777 339 1797 carnem
364 1774 551 1801 tantummodo
572 1775 614 1802 vir
627 1780 678 1808 est,
697 1777 760 1804 huic
783 1779 830 1806 tali
850 1789 903 1808 non
917 1790 1013 1816 parum

227 1822 260 1842 ex
284 1815 334 1843 hac
344 1815 483 1851 Scriptura
504 1819 671 1847 discriminis
690 1822 857 1858 periculique
876 1815 1011 1855 nascetur.

229 1860 331 1888 Audire
344 1861 417 1889 enim
430 1871 496 1897 pure
508 1868 536 1891 et
548 1865 632 1893 castis
647 1866 759 1895 auribus
783 1870 884 1897 amoris
903 1872 1013 1901 nomina

229 1906 364 1941 nesciens,
378 1908 414 1935 ab
425 1908 550 1937 interiori
564 1911 673 1939 homine
684 1913 719 1940 ad
733 1915 894 1944 exteriorem
909 1922 937 1945 et
950 1927 1011 1946 car-

227 1952 315 1979 nalem
330 1953 418 1981 virum
431 1961 540 1983 omnem
552 1957 676 1986 deﬂectet
691 1959 814 1989 auditum
826 1981 833 1994 ,
845 1967 872 1989 et
885 1971 900 1990 a
913 1964 1010 1999 spiritu

226 2002 400 2026 convertetur
409 1999 443 2027 ad
454 2008 564 2029 carnem
576 2003 731 2039 nutrietque
745 2005 773 2032 in
785 2008 930 2043 semetipso
945 2017 1012 2037 con-

225 2050 235 2069 (
243 2043 408 2077 upiscentias
420 2047 554 2080 carnales,
561 2052 588 2074 et
600 2050 746 2078 occasione
756 2051 854 2080 divina:
864 2053 1011 2089 Scriptum:

225 2090 392 2117 commoveri
415 2094 443 2118 et
465 2091 572 2120 incitari
591 2093 727 2122 videbitur
740 2096 773 2123 ad
792 2097 931 2126 libidinem
948 2107 1009 2127 car-

227 2133 280 2160 nis.
291 2132 332 2160 Ob
341 2134 392 2161 boc
403 2142 468 2170 ergo
480 2144 589 2168 moneo.
604 2142 631 2165 et
649 2139 795 2167 consilium
816 2142 852 2169 do
873 2144 948 2171 omni
962 2145 1009 2179 qui

1080 237 1129 267 ris,
1147 236 1229 263 simul
1244 241 1272 263 ct
1285 244 1333 263 cas
1343 245 1412 271 quas
1425 237 1601 272 δευτερώσεις
1611 239 1761 272 appellant,
1777 239 1810 265 ad
1828 240 1863 265 ul-

1080 281 1174 307 timum
1196 285 1314 314 quatuor
1339 281 1389 307 ista
1415 281 1571 312 observari,
1597 282 1622 308 id
1644 287 1684 308 est
1704 283 1862 316 principium

1078 325 1203 358 Genesis,
1217 326 1243 352 in
1257 333 1312 360 quo
1325 325 1418 352 mundi
1431 331 1554 353 creatura
1567 327 1744 358 describitur,
1764 333 1791 354 et
1804 326 1863 354 Eze-

1077 370 1173 397 chielis
1192 371 1331 405 prophetae
1345 371 1477 406 principia
1489 392 1496 404 ,
1519 372 1545 398 in
1558 373 1658 406 quibus
1670 373 1705 399 de
1726 373 1862 399 cherubim

1076 415 1204 447 refertur,
1221 420 1248 443 et
1267 415 1346 443 tinem
1364 417 1391 443 in
1403 424 1458 451 quo
1474 417 1565 451 templi
1579 417 1724 444 mditicatio
1744 419 1863 445 contine-

1077 464 1131 491 tur,
1145 461 1258 487 ethunc
1275 460 1380 488 Cantici
1393 461 1562 489 canticorum
1584 463 1695 489 librum.
1714 463 1802 497 Igitur
1821 472 1862 490 nc-

1076 505 1226 532 ccssarium
1239 506 1304 532 mihi
1322 506 1438 539 videtur,
1451 512 1594 542 antequam
1604 508 1637 534 ad
1649 516 1681 535 ea
1697 517 1759 543 qua:
1774 509 1803 535 in
1819 509 1864 536 huc

1075 551 1166 577 libello
1174 550 1275 585 scripta
1287 556 1362 582 sunt,
1374 552 1544 580 discutienda
1558 553 1713 585 veniamus,
1724 555 1759 580 de
1772 562 1864 582 amore

1076 596 1224 631 priusipso
1237 597 1283 631 qui
1297 602 1338 624 est
1359 598 1501 632 scriptura:
1521 599 1582 633 ejus
1606 606 1689 626 causa
1715 600 1863 634 praecipua,

1074 649 1161 676 pauca
1186 642 1333 674 disserere,
1351 647 1378 670 et
1401 647 1461 677 post
1477 644 1533 671 haec
1559 645 1593 671 de
1609 645 1706 672 ordine
1731 646 1862 673 librorum

1075 687 1245 720 Salomonis,
1272 688 1299 715 in
1319 689 1420 723 quibus
1438 689 1482 716 hic
1494 689 1562 717 liber
1575 690 1656 718 tertio
1676 691 1738 718 loco
1760 692 1863 726 positus

1074 733 1197 766 videtur;
1226 738 1283 761 tum
1309 734 1392 762 etiam
1418 734 1451 762 dc
1467 735 1650 763 attitulatione
1667 736 1751 764 libelli
1766 738 1861 772 ipsius.

1073 787 1122 806 cur
1139 779 1284 808 Canticum
1301 781 1470 808 canticorum
1488 782 1691 817 superscriptus
1706 783 1761 816 sit;
1783 789 1863 818 atque

1073 826 1156 852 etiam
1180 827 1319 861 quomodo
1339 827 1471 854 dramatis
1497 827 1524 853 in
1538 827 1649 855 modum
1663 849 1670 861 ,
1687 833 1714 855 et
1730 833 1861 864 tanquam

1039 860 1059 888 Β
1073 870 1163 897 fabula
1178 879 1239 906 quae
1252 872 1278 898 in
1297 873 1388 899 scenis
1410 880 1588 907 personarum
1608 874 1803 901 immutatione
1823 877 1861 909 agi

1071 917 1150 948 solet,
1168 916 1293 943 videatur
1307 925 1367 944 esse
1381 919 1559 952 compositus.
1576 919 1653 953 Apud
1672 920 1785 948 Graecos
1804 922 1862 956 qui-

1070 960 1130 987 dem
1153 961 1261 995 plurimi
1281 963 1451 990 eruditorum
1468 964 1587 990 virorum
1605 965 1726 993 volentes
1746 966 1860 993 investi-

1070 1014 1133 1040 gare
1154 1008 1274 1034 veritatis
1297 1008 1462 1044 indaginem,
1480 1010 1514 1036 de
1533 1010 1636 1038 amoris
1660 1016 1759 1038 natura
1778 1013 1861 1039 multa

1069 1059 1102 1078 ac
1117 1052 1223 1080 diversa
1243 1054 1296 1088 27
1314 1055 1395 1081 etlam
1409 1055 1578 1090 dialogorum
1594 1057 1664 1092 stylo
1680 1058 1785 1092 scripta
1803 1067 1861 1093 pro-

1070 1099 1199 1131 tulerunt,
1212 1104 1343 1127 conantes
1356 1101 1501 1128 ostendere
1516 1109 1570 1129 non
1588 1102 1662 1129 aliud
1679 1110 1740 1130 esse
1757 1105 1862 1131 amoris

1068 1145 1134 1176 vim,
1160 1144 1210 1171 nisi
1232 1153 1293 1179 quae
1318 1146 1438 1173 animam
1456 1147 1490 1174 de
1506 1147 1585 1174 terris
1610 1148 1644 1175 ad
1670 1148 1781 1184 fastigia
1799 1150 1860 1177 ereti

1067 1189 1140 1216 celsa
1156 1190 1295 1224 perducat,
1310 1198 1360 1218 nec
1372 1192 1406 1218 ad
1423 1200 1558 1219 summam
1568 1201 1647 1224 posse
1661 1194 1858 1222 beatitudinem

1067 1236 1212 1269 perveniri,
1230 1237 1282 1263 nisi
1296 1237 1398 1264 amoris
1418 1237 1554 1265 desiderio
1572 1244 1747 1273 provocante.
1766 1240 1819 1268 Sed
1835 1247 1859 1267 et

1067 1281 1232 1314 quaestiones
1243 1284 1276 1309 de
1294 1282 1347 1309 hoc
1360 1283 1440 1317 quasi
1455 1283 1480 1309 in
1497 1284 1630 1311 conviviis
1642 1285 1791 1319 propositze
1816 1294 1858 1314 re-

1067 1325 1192 1353 feruntur
1204 1327 1253 1362 (6),
1263 1327 1332 1354 inter
1341 1336 1389 1356 eos
1404 1333 1468 1363 puto
1482 1329 1553 1356 inter
1563 1337 1633 1364 quos
1648 1338 1701 1358 non
1718 1331 1858 1363 ciborum,

1067 1372 1113 1399 sed
1131 1373 1274 1400 verborum
1287 1374 1442 1401 convivium
1458 1376 1611 1410 gerebatur.
1626 1376 1678 1403 Alii
1694 1385 1759 1404 vero
1774 1379 1857 1406 etiarn

1066 1423 1140 1445 artes
1159 1419 1292 1453 quasdam
1306 1419 1406 1454 quibus
1420 1428 1499 1447 amor
1512 1421 1555 1448 hic
1574 1421 1601 1448 in
1616 1422 1706 1449 anima
1727 1423 1802 1458 gigni
1816 1425 1858 1451 vel

1067 1464 1161 1499 augeri
1174 1472 1255 1499 posse
1270 1464 1405 1499 videatur,
1422 1467 1592 1501 conscriptas
1605 1467 1788 1502 reliquerunt.
1802 1468 1856 1496 Sed

1067 1508 1116 1536 has
1131 1514 1207 1536 artes
1225 1510 1351 1538 carnales
1366 1510 1490 1539 homines
1504 1512 1537 1539 ad
1554 1512 1650 1539 vitiosa
1674 1514 1812 1541 desideria
1830 1519 1857 1541 et

1066 1555 1210 1589 culpabilis
1226 1555 1327 1583 amoris
1344 1557 1472 1591 mysteria
1490 1557 1529 1592 (7)
1542 1563 1693 1585 traxerunt.
1709 1558 1770 1585 Non
1792 1567 1857 1594 ergo

1066 1599 1166 1626 mirum
1180 1599 1226 1632 sit,
1246 1599 1268 1626 si
1281 1604 1308 1627 et
1325 1600 1397 1635 apud
1417 1609 1466 1629 nos
1484 1601 1529 1628 ubi
1550 1607 1652 1636 quanto
1673 1603 1766 1637 plures
1788 1604 1857 1631 sima

1065 1646 1202 1680 pliciores,
1215 1649 1291 1673 tanto
1304 1646 1396 1681 plures
1412 1651 1440 1674 et
1456 1647 1638 1683 imperitiores
1652 1650 1792 1682 videntur,
1804 1651 1858 1677 dil-

1064 1691 1160 1719 flcilcm
1175 1691 1294 1719 diximus
1323 1697 1350 1719 et
1374 1693 1495 1727 periculo
1516 1695 1668 1727 proximam
1692 1696 1726 1723 de
1750 1698 1857 1724 amoris

1064 1741 1163 1764 natura
1180 1738 1410 1772 disputationem:
1426 1747 1487 1766 cum
1501 1741 1572 1775 apud
1583 1741 1697 1769 Grrecos
1718 1742 1766 1776 qui
1789 1750 1855 1770 eru-

1064 1783 1112 1810 diti
1128 1786 1156 1810 et
1166 1782 1303 1817 sapientes
1316 1783 1443 1811 videntur
1453 1804 1460 1816 ,
1476 1784 1578 1812 fuerint
1598 1790 1688 1813 tamen
1701 1787 1786 1822 aliqui
1807 1789 1854 1822 qui

1063 1829 1096 1855 de
1109 1828 1151 1855 his
1171 1836 1224 1856 non
1238 1829 1274 1855 ita
1291 1829 1456 1864 acceperint,
1474 1835 1504 1857 ut
1514 1831 1646 1865 scriptum
1665 1837 1722 1864 est,
1744 1833 1792 1860 sed
1805 1842 1854 1860 oc-

1063 1873 1173 1901 casione
1186 1881 1281 1900 eorum
1297 1882 1359 1908 quae
1369 1875 1402 1902 de
1415 1883 1509 1902 amore
1526 1876 1600 1903 dicta
1617 1882 1692 1909 sunt,
1710 1878 1737 1904 in
1757 1878 1854 1913 lapsus

1062 1917 1152 1945 carnis
1165 1922 1192 1945 et
1203 1918 1231 1944 in
1246 1919 1422 1953 impudicitiae
1439 1919 1587 1953 praecipitia
1602 1925 1781 1952 corruerunt,
1796 1922 1855 1948 sive

1061 1970 1094 1990 ex
1111 1962 1154 1990 his
1173 1971 1233 1998 qua:
1248 1963 1348 1998 scripta
1361 1968 1450 1997 erant,
1468 1968 1498 1991 ut
1517 1971 1600 1999 supra
1623 1968 1854 1999 memoravimus,

1061 2009 1262 2036 admonitiones
1287 2009 1419 2044 quasdam
1442 2013 1469 2036 et
1493 2009 1666 2037 incitamenta
1694 2017 1854 2042 sumentes,

1061 2054 1118 2080 sive
1132 2054 1337 2082 incontinentiae
1349 2062 1405 2082 suae
1416 2055 1538 2082 velamen
1553 2056 1654 2090 scripta
1673 2056 1712 2091 (8)
1728 2062 1853 2085 veterum

1061 2098 1248 2132 praeferentes.
1269 2098 1308 2126 Ne
1330 2107 1395 2135 ergo
1414 2105 1440 2127 et
1462 2107 1514 2127 nos
1538 2100 1591 2128 tale
1607 2101 1711 2136 aliquid
1728 2103 1855 2130 incurra-

1061 2151 1134 2176 mus,
1151 2151 1183 2171 ea
1197 2152 1259 2179 qua:
1273 2152 1289 2171 a
1302 2145 1438 2173 veteribus
1455 2145 1522 2173 bene
1536 2151 1564 2173 et
1577 2147 1736 2181 spiritaliter
1747 2151 1854 2185 scripta

226 2177 347 2204 nondum
359 2179 450 2206 carnis
461 2184 489 2206 et
505 2181 646 2215 sanguinis
661 2182 794 2210 molestiis
808 2190 891 2217 caret,
921 2177 1010 2222 neque
1027 2186 1048 2213 ι)
1063 2192 1136 2221 sunt,
1148 2177 1246 2218 vitiose
1260 2194 1286 2217 et
1314 2191 1458 2218 carnaliter
1488 2192 1678 2226 advertentes,
1710 2199 1767 2221 tam
1788 2204 1853 2223 cor-

225 2221 261 2248 ab
274 2222 373 2250 aﬂ'ectu
386 2228 488 2251 natum:
500 2225 647 2253 materialis
665 2226 803 2260 abscedit,
817 2233 847 2256 ut
863 2237 877 2256 a
894 2221 1009 2259 lectione

225 2266 307 2294 libelli
325 2268 407 2303 hujus
424 2277 574 2304 eorumque
588 2279 648 2305 quze
663 2272 691 2298 in
707 2280 739 2300 eo
752 2273 886 2306 dicentur,
902 2277 1009 2310 penitus

224 2314 365 2345 temperet.
376 2312 458 2340 Aiunt
468 2314 540 2341 enim
550 2314 687 2343 observari
700 2317 780 2344 etiam
787 2319 857 2353 apud
870 2318 1007 2353 Hebrzeos,

224 2357 298 2391 quod
312 2357 365 2385 nisi
384 2359 447 2393 quis
467 2359 501 2386 ad
516 2365 623 2388 aetatem
646 2362 792 2396 perfectam
819 2370 1009 2402 maturamque

225 2404 388 2436 pervenerit,
412 2405 531 2434 libellum
549 2407 621 2435 hunc
637 2416 671 2436 ne
697 2409 806 2444 quidem
834 2412 860 2439 in
882 2413 1008 2441 manibus

222 2452 315 2476 tenere
329 2451 510 2484 permittatur.
527 2452 579 2480 Sed
594 2459 622 2481 et
645 2454 710 2482 illud
735 2455 769 2483 ab
791 2457 831 2485 eis
854 2459 1008 2493 accepimus

221 2495 365 2529 custodiri,
376 2497 595 2533 quandoquidem
610 2501 696 2529 moris
710 2507 752 2530 cst
765 2504 837 2538 apud
847 2511 895 2532 eos
912 2512 1008 2533 omnes

259 2549 267 2565 '
287 2548 353 2579 "ch.
369 2559 394 2585 v,
412 2551 455 2580 Η.

313 2606 566 2646 ¥s§._.»attitulatur.
586 2611 663 2641 Libb.
677 2613 753 2646 editi,
765 2615 928 2642 intitulatur.

257 2641 342 2683 (Silii
354 2643 419 2671 libb.
434 2645 527 2683 editis,
545 2647 645 2683 dicitur
669 2641 816 2683 multarum
835 2641 1008 2683 personarum

222 2676 367 2714 cantilena,
395 2684 423 2705 ut
447 2680 474 2706 in
489 2676 584 2713 scenis,
602 2687 654 2709 etc.
673 2682 724 2709 Sed
744 2684 771 2710 in
790 2676 858 2711 mss.
881 2676 1008 2714 omnibus

224 2712 324 2746 nostris
339 2713 414 2741 deest
426 2714 569 2742 multarum
582 2725 753 2746 personarum
764 2719 908 2746 cantilena.

259 2745 298 2786 (gi
315 2745 393 2786 ξιεξη
406 2749 566 2786 ρεεείριίιειη.
581 2745 657 2778 Libb.
671 2752 747 2784 editi,
762 2745 935 2786 possibilinnt.

260 2780 410 2842 (fiLCodex'
425 2783 568 2813 Becccnsis
584 2791 610 2813 ct
621 2787 690 2814 alter
705 2780 886 2822 Bclvaeensis,
903 2780 934 2817 in.
946 2799 1007 2824 pro-

226 2822 326 2844 νιγωιε.

1061 2235 1135 2269 poris
1149 2243 1231 2269 quam
1247 2235 1345 2263 anima:
1361 2241 1461 2264 nostra:
1477 2237 1582 2271 palmas
1607 2240 1806 2272 protendamus
1816 2242 1853 2268 ad

1062 2280 1157 2313 Deum,
1173 2285 1203 2308 ut
1222 2280 1354 2309 Dominus
1366 2282 1412 2316 qui
1431 2282 1506 2310 dedit
1525 2284 1640 2311 verbum
1657 2286 1853 2320 evangelizan-

1060 2326 1132 2353 tibus
1149 2327 1249 2353 virtute
1264 2326 1359 2359 multa,
1383 2327 1466 2354 donet
1480 2334 1507 2355 et
1521 2329 1600 2356 nobis
1625 2330 1651 2356 in
1679 2330 1782 2358 virtute
1798 2340 1853 2360 sua

1060 2371 1174 2398 verbum
1187 2379 1243 2406 quo
1264 2372 1402 2406 possimus
1414 2380 1448 2400 cx
1462 2373 1505 2401 bis
1516 2382 1576 2408 quae
1583 2376 1696 2410 'seripta
1711 2382 1788 2409 sunt,
1811 2379 1854 2404 iu-

1060 2417 1196 2444 tellectum
1215 2424 1333 2449 sanum,
1362 2422 1390 2446 et
1415 2418 1449 2445 ad
1473 2419 1679 2448 :ediiicationem
1709 2423 1852 2457 pudicitia:

1059 2466 1163 2496 aptum,
1179 2463 1221 2490 vel
1231 2463 1335 2491 nomini
1359 2464 1420 2499 ipsi,
1433 2466 1474 2494 vel
1495 2471 1601 2494 natura:
1621 2469 1725 2497 amoris
1750 2475 1850 2498 osten-

1058 2505 1131 2533 dere.

1095 2618 1134 2653 (6)
1153 2618 1242 2661 Codex
1252 2619 1426 2661 _Turonen_si_s
1438 2626 1465 2649 et
1479 2621 1639 2661 Beccensis:
1663 2623 1716 2661 Sed
1734 2630 1759 2652 et
1772 2634 1850 2661 quae-

1059 2654 1169 2694 stionem
1187 2656 1219 2681 de
1247 2655 1295 2682 hoc
1313 2657 1388 2690 quasi
1405 2657 1433 2683 in
1452 2658 1577 2685 conviviis
1600 2660 1765 2694 propositam
1778 2654 1851 2690 ἐδει

1059 2688 1245 2764 [ένόίμϐυιίρκ
1258 2724 1412 2758 Becccnsis,
1427 2727 1560 2760 mysteria.
1578 2726 1655 2754 Libb.
1671 2729 1752 2764 cdit.,
1765 2731 1847 2758 mini-

1059 2762 1231 2827 διϐἶέῗᾚδεη
1247 2794 1355 2828 scriptu.
1373 2794 1450 2823 Libb.
1467 2796 1546 2829 cdit.,
1562 2802 1676 2832 scriptis.
