1892 3050
50 98 80 125 65

765 97 958 126 PROLOGUS.

1637 106 1672 131 66

80 161 105 188 In
117 157 257 193 princtpio
271 158 417 185 verborum
434 157 530 193 Moysi,
546 158 591 185 ubi
606 158 640 186 de
654 157 747 185 mundi
765 166 831 186 con-
847 161 872 188 Α
885 158 953 186 Cum
966 167 1047 186 essent
1062 159 1199 194 parvulus,
1213 159 1338 194 loquebar
1353 160 1423 188 sicut
1444 162 1577 195 parvulus,
1603 165 1670 191 sicut

50 204 142 231 ditione
151 203 353 235 conscribitur,
366 204 434 230 duos
446 203 601 230 invenimus
616 203 741 231 homines
757 211 833 230 crea-

51 256 86 277 tos
100 249 202 276 referri.
219 249 347 276 Primum
368 249 401 276 ad
415 249 562 284 imaginem
587 254 614 276 et
628 250 833 277 similitudinem

51 296 89 322 Dei
107 295 224 328 factum,
249 295 430 323 secundume
448 295 514 323 limo
528 299 606 322 terrae
622 295 722 323 factum
741 297 762 323 '.
776 295 834 323 IIoc

52 342 140 368 Paulus
156 341 305 376 apostolus
318 341 385 368 bene
397 341 496 372 sciens,
512 346 539 368 et
550 341 583 368 ad
597 341 729 376 liquidum
746 341 773 369 in
790 342 833 370 his

50 388 172 419 eruditus,
188 387 215 413 in
233 388 297 414 suis
310 387 408 414 litteris
420 387 540 422 apertius
552 392 579 414 et
588 387 740 414 evidentius
753 387 833 415 binos

51 442 103 461 esse
112 438 137 460 et
152 441 200 467 per
214 433 342 467 singulos
360 439 484 466 quosque
499 432 625 460 homines
649 432 769 467 scripsit.
787 431 833 459 Sic

51 479 112 505 enim
126 478 194 504 dixit
208 487 214 503 :
239 477 313 504 Nam
326 478 349 504 si
362 478 384 504 is
394 478 439 513 qui
456 477 522 512 foris
533 482 570 504 est
584 478 660 504 homo
674 483 761 505 noster
773 486 832 504 cor-

52 523 182 557 rumpitur,
200 522 247 549 setl
263 522 310 549 ille
323 524 367 557 qui
377 522 450 549 intus
472 527 522 553 est,
542 526 682 548 rcnovatur
697 522 728 549 de
746 522 788 548 die
803 522 831 548 in

51 569 109 594 diem
125 568 144 594 ³.
162 567 194 593 Et
210 568 313 594 iterum
326 577 333 594 :
347 567 519 594 Condelector
528 568 598 593 enim
610 567 661 602 legi
678 566 726 594 Dei
738 575 831 594 secun-

51 614 104 639 dum
115 613 266 639 interiorem
288 613 455 645 hominem‘,
478 617 506 639 et
533 612 575 639 Itis
602 612 701 639 similia
728 617 829 647 quanta

50 659 207 686 conscribit?
222 658 303 686 Unde
315 663 380 693 puto
393 658 530 685 neminem
553 658 609 693 jam
631 658 731 686 debere
750 658 829 686 dubi-

52 710 110 736 tare,
124 704 194 739 quod
208 703 317 739 Moyses
332 703 366 731 de
382 703 499 730 duorum
511 703 654 731 hominum
667 703 772 730 factura
787 704 828 731 vel

51 752 166 784 tigmcnto
177 749 322 784 scripserit
336 750 362 776 in
372 749 506 784 principio
521 749 647 781 Genesis,
662 757 724 776 cum
739 749 829 777 videat

51 795 152 822 Paulum
169 796 215 830 qui
229 795 331 822 melius
345 795 438 830 utique
448 803 531 830 quam
544 803 594 822 nos
614 796 780 830 intelligehat
795 803 826 823 ea

52 849 103 875 qute
114 849 127 868 a
138 840 230 876 Moyse
248 841 353 875 scripta
367 845 440 873 sunt,
458 841 528 868 duos
550 841 674 868 homines
694 848 754 868 esse
780 847 828 875 per
844 831 864 858 Β

53 887 160 920 singulos
174 894 305 922 quosque
320 887 464 913 dicentem.
481 885 604 919 Quorum
623 894 719 917 unum.
746 885 772 913 id
786 891 828 913 est

53 932 194 959 interiorem
208 953 216 965 ,
235 932 363 959 renovari
381 939 428 967 per
449 932 571 966 singulos
591 931 650 959 dies
677 936 825 964 memorat;

53 978 152 1004 alterum
164 985 240 1009 vero,
256 977 284 1004 id
295 982 337 1005 est
351 978 524 1010 exteriorem,
543 978 569 1004 in
581 977 745 1012 quibusdam
763 985 828 1004 san-

53 1024 95 1050 ctis
105 1027 128 1050 et
140 1023 237 1050 talibtts
251 1024 342 1058 qualis
352 1029 411 1051 erat
429 1024 540 1056 Paulus,
552 1024 689 1058 corrumpi
705 1023 827 1058 perhibet

53 1074 74 1095 et
91 1069 224 1096 inﬁrmari.
241 1069 323 1102 Quod
341 1070 363 1097 si
375 1070 455 1097 alicui
469 1070 604 1098 videbitur
616 1070 649 1096 de
665 1070 715 1096 hoc
737 1068 827 1096 adhuc

54 1115 141 1148 aliquid
154 1115 348 1148 dubitandum,
364 1116 391 1142 in
411 1116 477 1143 locis
493 1115 612 1150 propriis
623 1115 720 1142 melius
733 1115 826 1150 expla-

54 1161 158 1188 nabitur.
170 1159 248 1188 Nunc
262 1166 354 1188 autem
372 1166 481 1196 propter
496 1162 560 1196 qttid
583 1161 743 1188 memoriam
755 1160 826 1188 fece-

56 1206 127 1233 rimus
139 1207 275 1235 interioris
289 1211 316 1234 et
327 1207 471 1234 exterioris
486 1207 605 1234 hominis
616 1214 823 1241 prosequamur.

54 1249 185 1279 Ostendere
205 1252 279 1278 enim
302 1259 336 1279 ex
357 1251 400 1279 his
417 1252 562 1284 volumus,
583 1252 653 1287 quod
676 1251 825 1287 Scripturis

54 1296 139 1323 divinis
149 1304 195 1331 per
213 1296 416 1332 homonytuias,
438 1296 463 1323 id
481 1301 523 1323 est
537 1304 585 1330 per
605 1295 708 1323 similes
730 1296 823 1330 appel-

55 1340 172 1374 lationes,
194 1341 249 1369 imo
273 1349 324 1376 per
348 1341 442 1368 eadem
469 1342 598 1368 vocabula
623 1345 650 1368 et
680 1342 824 1369 exterioris

56 1386 158 1414 hominis
170 1387 302 1420 membra,
316 1392 344 1414 et
355 1387 428 1414 illius
445 1387 584 1414 interioris
596 1387 714 1414 hominis
731 1392 823 1422 partes

55 1429 201 1465 all'cctusque
215 1432 405 1465 nominantur,
418 1439 504 1466 eaqtte
523 1439 576 1458 non
599 1431 687 1458 solum
705 1432 824 1459 vocabu-

57 1475 90 1507 lis,
107 1477 147 1504 sed
163 1481 190 1506 et
213 1477 295 1504 rebus
321 1477 387 1512 ipsis
410 1477 462 1504 sibi
486 1477 600 1504 invicem
617 1482 821 1512 comparantur.
836 1493 857 1522 α

58 1520 123 1549 \‘erbi
134 1522 225 1557 gratia,
243 1527 325 1550 mtate
339 1522 438 1557 aliquis
452 1526 494 1549 est
504 1529 572 1556 puer
585 1521 736 1549 secundum
747 1527 824 1550 exte-

57 1569 139 1596 riorem
156 1569 193 1603 (9)
211 1569 351 1596 hominem
362 1589 370 1601 ,
384 1575 464 1603 quem
480 1569 608 1603 possibile
630 1573 672 1596 est
689 1576 821 1603 crescere,

57 1620 77 1641 et
89 1615 118 1641 ad
131 1620 230 1643 aetatem
238 1615 349 1650 juvenis
360 1614 467 1647 adduci,
482 1619 563 1648 atque
576 1614 638 1641 inde
653 1614 822 1642 succedenti-

59 1660 98 1687 bus
110 1661 274 1688 incrementis
291 1661 433 1695 pervenire
457 1660 490 1686 ad
508 1660 596 1686 virum
620 1660 780 1694 perfectum,
796 1665 823 1688 et

56 1705 113 1733 eﬂici
125 1711 232 1742 patrem.
246 1707 296 1734 llis
310 1710 399 1733 autem
411 1705 568 1733 nominibus
580 1705 619 1732 uti
632 1705 778 1738 voluimus,
793 1711 822 1734 ut

58 1759 159 1780 consona
184 1753 283 1781 divina:
313 1752 474 1787 Scriptum,
504 1752 542 1779 illi
572 1751 676 1779 scilicet
701 1759 762 1786 qua:
788 1752 823 1779 ab

59 1796 146 1826 Joanne
160 1800 256 1835 scripta
267 1803 323 1832 est,
339 1799 470 1826 vocabula
489 1807 663 1834 poneremus.
682 1799 727 1826 Ait
749 1799 821 1826 enirn

60 1843 96 1872 ille
110 1854 116 1872 :
132 1844 226 1881 Scripsi
243 1846 328 1878 vobis,
356 1846 440 1880 pueri,
469 1846 592 1880 quoniam
606 1845 762 1880 cognovistis
775 1854 823 1880 pa-

61 1894 127 1921 trem;
137 1891 224 1925 scripsi
237 1892 323 1922 vobis,
339 1895 437 1925 patres,
450 1891 574 1925 qumtiam
585 1890 742 1925 cognovistis
763 1898 822 1917 eum

61 1935 96 1968 qui
111 1936 139 1962 ab
153 1936 226 1964 initio
239 1942 298 1968 est;
324 1937 418 1971 scripsi
437 1937 518 1968 vobis,
540 1936 648 1970 juvenes
662 1956 670 1968 ,
696 1937 822 1971 quoniam

62 1979 126 2013 fortes
139 1982 206 2014 estis,
222 1987 245 2008 et
259 1981 365 2008 uerbum
382 1981 429 2008 Dei
442 1987 527 2008 manet
545 1981 572 2008 in
587 1981 669 2013 vobis,
682 1985 706 2007 et
723 1981 823 2008 vicistis

62 2023 184 2058 malignum
195 2025 205 2041 ⁸
221 2025 289 2060 (10).
303 2024 420 2052 Evidens
435 2026 528 2060 utique
540 2030 581 2053 est
594 2033 644 2052 ttec
654 2026 689 2052 ab
704 2026 759 2052 ullo
777 2033 822 2052 ar-

63 2067 131 2096 bitror
138 2070 382 2101 omninodubitari,
396 2071 468 2105 quod
483 2078 581 2105 pueros
597 2071 639 2097 hic
649 2069 767 2098 Joannes
781 2070 823 2098 vel

63 2113 224 2143 adolescentes
232 2137 239 2148 ,
248 2116 292 2143 vel
298 2116 424 2149 juvenes,
433 2115 474 2142 vel
482 2116 562 2143 etiam
577 2120 666 2150 patres
674 2116 821 2143 secundum

63 2159 157 2192 animae,
176 2168 225 2187 non
248 2160 399 2188 secundum
421 2160 544 2195 corporis
564 2160 680 2195 appellet
704 2165 820 2188 aetatem.
840 2164 860 2192 ι)

65 2204 105 2231 Sed
116 2210 139 2232 et
152 2205 246 2234 Paulus
261 2207 329 2234 dicit
340 2207 366 2233 in
380 2206 497 2241 quodam
513 2206 573 2234 loco
586 2216 591 2233 :
608 2206 669 2233 Non
690 2208 764 2241 potui
778 2215 823 2234 vo-

65 2250 95 2276 bis
113 2251 174 2286 loqui
191 2253 265 2287 quasi
291 2252 471 2287 spiritalibus,
493 2253 537 2279 sed
556 2253 632 2287 quasi
653 2252 822 2284 carnalibus;

66 2299 168 2327 tanquam
183 2296 297 2329 parvulis
317 2296 346 2321 in
369 2295 474 2322 Christo
495 2296 538 2322 lac
550 2297 622 2323 vobis
636 2301 726 2331 potum
749 2296 822 2330 dedi,

66 2346 185 2366 noncscam
201 2341 220 2368 ‘.
232 2341 260 2368 In
276 2340 388 2368 Christo
406 2341 462 2376 (II)
476 2342 604 2376 parvulus
621 2342 714 2376 procul
740 2342 824 2370 dtthio

67 2383 189 2412 secundant
208 2386 316 2418 animae,
334 2394 387 2412 non
399 2387 548 2414 secundum
565 2387 654 2414 t-arnis
668 2387 823 2414 nominatur

67 2433 160 2457 etatem.
174 2430 291 2466 Denique
304 2431 374 2458 idetn
389 2431 488 2459 Paulus
499 2433 580 2460 etiam
594 2433 620 2460 in
633 2433 686 2460 alio
699 2433 758 2460 loco
772 2433 820 2460 ait:

884 205 1010 239 parvulus
1021 206 1171 240 rapiebant,
1194 207 1262 233 sicut
1282 207 1407 240 parvulus
1425 209 1581 242 cogitabam.
1604 209 1670 239 Cum

884 255 972 276 autem
983 250 1069 284 factus
1083 259 1142 277 sum
1163 251 1213 284 vir,
1226 251 1345 278 destruxi
1366 260 1425 286 qua
1438 258 1513 279 erant
1530 254 1633 287 parvuli
1649 255 1668 282 '.

883 293 916 320 Et
933 294 1029 321 iterum
1054 295 1117 322 alibi
1135 296 1216 323 dicit:
1243 297 1330 324 Donec
1346 306 1516 325 occurramus
1531 307 1620 326 omnes
1642 301 1671 328 in

882 339 967 366 virum
992 341 1145 374 perfectum,
1169 342 1195 368 in
1211 350 1359 369 mensuram
1388 345 1475 370 (etatis
1498 344 1669 378 plenitudinis

881 385 982 412 Christi
996 386 1018 412 ⁸.
1034 385 1091 413 Scit
1104 387 1177 414 enim
1194 395 1357 416 occursuros
1367 396 1428 416 esse
1436 397 1532 418 omnes
1549 391 1596 425 qui
1609 399 1669 419 cre-

881 429 959 463 dunt,
978 431 1005 458 in
1021 431 1108 458 virum
1127 432 1288 467 perlectum,
1311 438 1338 461 et
1354 434 1380 461 in
1398 443 1554 463 mensuram
1581 438 1670 465 anatis

881 476 1056 510 plenitudinis
1074 476 1188 505 Christi.
1209 477 1294 513 Igitur
1313 480 1382 507 sicut
1406 481 1462 508 haec
1484 489 1545 515 quae
1561 490 1666 510 memo-

880 523 1001 550 ravimus
1013 527 1122 551 malum
1139 524 1261 556 nomina,
1277 525 1378 552 eisdem
1392 527 1532 554 vocabulis
1550 533 1577 554 et
1592 534 1667 555 exte-

880 567 946 594 riori
970 568 1072 595 homini
1086 569 1260 597 ascribuntur
1273 574 1298 598 et
1321 570 1441 598 interiori
1460 581 1467 599 :
1495 573 1532 599 ita
1546 573 1668 601 invenies

878 613 959 639 etiam
979 613 1162 641 membrorum
1186 615 1296 642 nomina
1319 617 1502 650 corporalium
1522 618 1666 645 transferri

878 658 911 685 ad
924 659 1022 685 anima:
1031 659 1163 691 membra,
1178 667 1226 687 seu
1239 661 1327 695 potius
1340 661 1490 689 elllcientite
1501 664 1557 690 haec
1569 664 1668 691 animae

877 704 1043 740 aliectusque
1062 704 1168 732 dicendi
1184 711 1256 733 sunt.
1286 707 1389 734 Dicitur
1407 715 1471 743 ergo
1487 709 1514 736 in
1534 708 1668 736 Ecclesia-

878 756 934 777 ste:
949 749 1082 784 Sapientis
1098 751 1168 778 oculi
1183 751 1210 778 in
1223 752 1307 786 capite
1325 750 1385 784 eius
1407 753 1428 779 '.
1450 753 1514 780 Item
1532 754 1559 781 in
1577 753 1666 781 Evan-

878 794 963 829 gelio:
978 795 1030 827 Qui
1047 796 1123 822 habet
1140 804 1216 823 aures
1233 797 1378 830 audiendi,
1398 798 1492 825 audiat
1508 799 1539 824 ‘°.
1560 798 1588 826 In
1603 807 1668 834 pro-

878 840 966 875 phetis
991 849 1116 876 quoque:
1145 841 1236 869 Sernto
1254 842 1361 869 Domini
1386 843 1431 878 qui
1459 843 1546 878 [actus
1571 850 1609 871 est
1639 846 1666 872 in

878 894 957 912 manu
970 887 1102 921 prophetae
1115 887 1239 915 Ieremia:
1255 889 1288 921 ¹¹,
1308 889 1365 915 sive
1384 889 1497 916 alterius
1510 890 1664 925 cujuslibet.

878 929 972 958 Simile
987 936 1030 959 est
1041 932 1121 959 etiam
1137 933 1201 960 illud
1216 933 1287 968 quod
1305 933 1343 961 ait
1359 933 1421 961 ille:
1438 934 1486 961 Pes
1501 940 1588 962 autem
1606 940 1666 962 tuus

877 984 927 1003 non
940 976 1050 1010 offendit
1066 978 1102 1004 ”.
1120 976 1152 1004 Et
1163 978 1262 1005 iterum
1276 986 1283 1004 :
1303 979 1356 1006 Mei
1369 984 1457 1006 autem
1472 980 1553 1014 paulo
1579 981 1666 1007 minus

876 1022 942 1048 moti
956 1027 1016 1048 sunt
1036 1023 1112 1056 pedes
1129 1023 1160 1049 ".
1179 1023 1235 1058 28
1253 1023 1399 1052 Evidenter
1411 1033 1520 1060 quoque
1531 1031 1557 1053 et
1572 1030 1667 1054 venter

878 1067 975 1094 animae
987 1067 1155 1102 designatur,
1173 1069 1219 1095 ubi
1240 1069 1356 1097 dicitur:
1383 1070 1512 1101 Domine,
1534 1079 1550 1097 a
1572 1072 1666 1099 limare

878 1119 924 1139 tuo
941 1113 967 1138 in
984 1116 1058 1138 utero
1074 1114 1239 1147 concepimus
1254 1115 1286 1141 “.
1303 1114 1369 1141 Nam
1392 1115 1454 1143 inde
1468 1116 1529 1150 quis
1550 1117 1663 1150 dubitet,

876 1164 938 1184 cum
951 1156 1065 1184 dicitur:
1082 1155 1236 1191 Sepulcrum
1251 1163 1342 1192 patens
1355 1164 1393 1186 est
1413 1165 1506 1194 guttur
1518 1168 1607 1188 eorum
1624 1162 1666 1188 ‘5?

877 1202 910 1229 Et
923 1202 1020 1229 iterum
1033 1211 1040 1228 :
1059 1202 1214 1238 Prwcipita,
1232 1203 1353 1237 Domine,
1363 1210 1388 1231 et
1401 1205 1488 1232 divide
1497 1206 1602 1241 linguas
1617 1216 1663 1234 eo-

876 1256 934 1274 rum
949 1248 980 1274 ”.
999 1247 1052 1275 Sed
1066 1253 1094 1276 et
1109 1249 1134 1275 id
1150 1249 1222 1283 quod
1238 1249 1368 1284 scriptum
1388 1256 1442 1278 est:
1464 1251 1558 1279 Dentes
1570 1261 1662 1286 prcca-

876 1297 962 1319 torutn
988 1293 1136 1320 contrivisti
1151 1294 1182 1320 ".
1206 1293 1239 1321 Et
1261 1293 1376 1323 iterum:
1392 1296 1502 1324 Contere
1526 1298 1662 1325 brae/tium

875 1339 1019 1372 peccatoris
1033 1343 1058 1365 et
1070 1338 1179 1373 maligni
1193 1339 1236 1366 "'.
1250 1338 1280 1366 Et
1300 1340 1365 1374 quid
1385 1349 1453 1375 opus
1464 1347 1505 1369 est
1521 1343 1608 1370 me-dc
1620 1344 1663 1372 Itis

874 1384 953 1418 plura
977 1384 1115 1419 colligere,
1143 1393 1204 1412 cttm
1232 1385 1475 1415 abundantissimis
1499 1389 1661 1417 testimoniis

875 1427 1023 1463 Scriptura:
1035 1430 1133 1457 divinae
1145 1431 1252 1465 repletae
1263 1432 1346 1458 sunt-1
1365 1431 1403 1458 Ex
1415 1433 1515 1467 quibus
1523 1434 1661 1462 evidenter

876 1474 1027 1501 ostenditur
1053 1475 1238 1502 membrorum
1267 1476 1324 1503 haec
1350 1477 1460 1504 nomina
1487 1485 1658 1513 nequaquam

875 1519 1087 1554 corporivisibili
1102 1520 1187 1555 aptari
1199 1528 1288 1555 posse,
1300 1521 1346 1548 sed
1357 1522 1389 1549 ad
1408 1521 1551 1550 invisibilis
1562 1523 1660 1550 anima:

874 1569 978 1599 partem
994 1566 1163 1600 virtutesque
1186 1566 1284 1594 debere
1314 1567 1434 1594 revocari
1453 1575 1460 1593 :
1482 1569 1610 1602 qttoniam
1636 1575 1662 1596 ct

874 1610 1004 1637 vocabula
1015 1610 1124 1645 quidem
1137 1611 1236 1638 habent
1245 1612 1355 1645 similia,
1365 1617 1456 1647 aperte
1465 1617 1555 1640 autem
1568 1619 1594 1640 et
1602 1614 1660 1641 sine

875 1657 927 1682 ulla
947 1656 1123 1691 ambiguitate
1147 1664 1200 1684 non
1217 1657 1372 1690 exterioris,
1388 1657 1436 1685 sed
1459 1658 1596 1686 interioris
1609 1660 1660 1687 ho-

874 1701 956 1728 minis
968 1701 1162 1736 signilicantias
1172 1707 1278 1736 gerunt.
1288 1701 1335 1729 Est
1346 1710 1411 1738 ergo
1422 1703 1570 1731 materialis
1579 1705 1661 1739 ltujus

875 1747 1004 1779 hominis,
1020 1748 1066 1782 qui
1081 1752 1107 1775 et
1121 1748 1239 1775 exterior
1256 1748 1417 1783 appellatur,
1432 1749 1509 1776 cibus
1524 1754 1660 1784 potusque

874 1797 977 1820 naturae
993 1801 1049 1820 sua:
1064 1797 1206 1828 cognatus.
1223 1801 1370 1828 corporeus
1383 1794 1433 1821 iste
1448 1795 1552 1822 scilicet
1566 1800 1592 1822 et
1604 1800 1660 1822 ter-

874 1846 966 1865 renus.
988 1838 1119 1866 Similiter
1136 1843 1225 1866 autem
1249 1843 1277 1866 et
1292 1839 1422 1874 spiritalis
1438 1840 1557 1867 Itominis
1573 1841 1659 1875 ipsius

874 1886 955 1921 quiet
975 1887 1085 1914 interior
1098 1887 1207 1918 dicitur,
1226 1891 1268 1914 est
1288 1887 1414 1921 proprius
1429 1887 1518 1920 cibus,
1537 1891 1566 1914 ut
1581 1888 1659 1922 panis

875 1933 919 1960 ille
933 1933 1009 1960 vivus
1023 1933 1069 1968 qui
1085 1932 1119 1960 de
1131 1933 1200 1959 caelo
1217 1931 1366 1959 descendit.
1387 1931 1439 1958 Sed
1461 1937 1488 1959 et
1508 1937 1588 1966 potus
1613 1932 1658 1959 ille

874 1982 916 2005 est
929 1986 960 2004 ex
974 1978 1018 2005 illa
1034 1985 1104 2012 aqua
1116 1985 1196 2012 quam
1213 1977 1347 2011 promittit
1361 1976 1451 2008 .lesus,
1466 1977 1574 2004 dicens:
1590 1977 1659 2010 Qni-

874 2031 973 2058 cunqne
1001 2022 1094 2049 biberit
1119 2030 1150 2048 ea:
1165 2022 1213 2048 hac
1237 2030 1306 2056 aqua
1333 2030 1411 2057 quant
1437 2030 1483 2056 ego
1500 2022 1533 2048 do
1556 2023 1591 2054 ei,
1607 2030 1659 2049 non

873 2069 944 2095 sitiet
958 2068 985 2094 in
999 2071 1125 2094 teternum
1139 2066 1171 2093 ’⁵.
1188 2066 1233 2094 Sic
1248 2074 1312 2101 ergo
1337 2074 1384 2101 per
1400 2068 1491 2094 omnia
1507 2067 1657 2095 similitudo

874 2113 983 2148 quidem
997 2112 1190 2140 vocabulorum
1199 2113 1348 2139 secundum
1362 2117 1505 2148 utrumque
1519 2113 1655 2140 hominem

876 2160 996 2194 ponitur:
1014 2166 1105 2186 rerum
1125 2166 1188 2185 vero
1211 2158 1363 2192 proprietas
1376 2159 1523 2193 unicuique
1538 2160 1656 2187 discreta

877 2209 1011 2236 servatur,
1025 2209 1052 2232 et
1063 2204 1248 2238 corruptibilia
1268 2204 1420 2238 praebentur
1430 2225 1436 2236 ,
1458 2205 1656 2239 incorruptibili

877 2259 939 2278 vero
953 2250 1169 2285 incorruptibilia
1187 2254 1384 2285 proponuntur.
1408 2249 1485 2278 Unde
1499 2251 1606 2281 accidit,
1628 2255 1659 2278 ut

876 2296 1055 2331 simpliciores
1067 2295 1176 2330 quidam
1191 2296 1342 2322 nescientes
1353 2295 1517 2330 distinguere
1526 2304 1557 2322 ac
1570 2303 1659 2323 secer-

877 2350 941 2369 nere
962 2349 1023 2376 qute
1044 2341 1098 2368 sint
1111 2349 1173 2376 qua:
1193 2341 1220 2368 in
1243 2340 1391 2375 Scripturis
1412 2341 1512 2369 divinis
1534 2341 1657 2369 interiori

877 2387 989 2420 homini,
1004 2395 1064 2422 qua:
1076 2395 1140 2414 vero
1152 2386 1280 2414 exteriori
1295 2387 1448 2421 deputanda
1459 2387 1524 2419 sint,
1541 2386 1659 2414 vocabu-

877 2432 965 2459 lorutn
980 2432 1204 2460 similitudinibus
1219 2431 1277 2460 l‘alsi
1293 2432 1327 2459 ad
1344 2433 1449 2467 ineptas
1468 2433 1600 2468 quasdam
1619 2432 1659 2459 fa—

92 2508 170 2546 ‘Gen.
186 2519 203 2543 ι,
218 2513 264 2546 26;
282 2521 311 2546 Il,
329 2515 354 2542 7.
394 2514 404 2530 ³
421 2514 443 2541 II
457 2513 518 2541 Cor.
539 2521 573 2546 tv,
592 2513 634 2541 I6.
674 2513 684 2529 ’⁸
696 2512 775 2540 Rom.
791 2520 825 2539 vu

879 2512 900 2539 Ξ.
940 2511 950 2527 ⁵
965 2511 974 2538 I
989 2511 1065 2539 Joan.
1083 2520 1112 2544 ιι,
1128 2512 1169 2542 15,
1188 2512 1230 2539 Il.
1268 2513 1277 2528 θ
1292 2512 1374 2539 lCor.
1392 2521 1432 2542 Ill,
1450 2513 1473 2543 I,
1489 2513 1515 2539 "2.
1553 2513 1564 2528 ⁷
1578 2513 1586 2539 I
1599 2513 1661 2540 Cor.

66 2547 110 2573 stu.
124 2544 161 2583 il:
195 2547 206 2563 ⁸
218 2544 318 2583 Ephes.
337 2558 374 2580 tv,
394 2550 433 2577 15.
471 2544 578 2576 θΕεοΙό.
595 2557 623 2581 II,
639 2548 682 2575 M.

67 2580 171 2612 Lxxtu,2.
206 2582 227 2598 “
239 2580 290 2612 Isa.
305 2592 378 2617 xxvt,
393 2585 435 2612 IS.
475 2584 496 2600 "
512 2583 581 2612 Psal.
597 2580 624 2616 v,
638 2583 662 2610 9.
702 2583 724 2598 “
739 2582 810 2610 Psal.
825 2591 867 2615 t.v,
885 2582 912 2609 9.
951 2582 971 2598 ¹⁷
984 2580 1053 2609 Psal.
1070 2590 1109 2615 Ill,
1125 2583 1149 2609 7.

101 2650 132 2682 (9)
146 2651 224 2680 Codd.
241 2653 385 2682 Beccensis
397 2659 424 2681 et
434 2653 616 2686 Turonensis,
637 2657 715 2680 atate
730 2653 826 2687 aliquis

75 2689 102 2723 εξ(
113 2693 168 2723 Puer
185 2690 324 2716 secundant
343 2690 507 2716 exteriorem.
526 2687 604 2715 Libh.
618 2689 682 2715 edit.
694 2708 702 2720 ,
723 2693 827 2715 velatur

75 2719 152 2758 “lim!
163 2730 214 2758 esse
223 2732 286 2758 puer
298 2724 440 2750 secundant
456 2723 615 2750 interiorem.

84 2754 148 2794 "(19)
158 2757 196 2794 >Et
211 2754 314 2785 verbum
344 2759 491 2794 Deirmanet
508 2759 535 2784 in
559 2757 642 2790 vobis,
666 2763 690 2784 et
703 2757 824 2794 vicistis.

77 2789 111 2814 Sic
128 2790 216 2820 habent
229 2802 304 2825 mss.,
329 2794 374 2821 seti
393 2793 451 2820 libri
466 2793 540 2825 editi,
554 2798 577 2819 ct
591 2801 636 2827 pcr
657 2793 759 2819 verbum
780 2792 824 2818 Dci

722 2547 962 2579 “Matth.xttt,45.
1002 2547 1021 2562 “
1038 2547 1137 2574 Jerem.
1152 2555 1205 2575 xxr.
1220 2547 1245 2574 I.

1285 2548 1305 2563 "
1318 2548 1397 2574 Prov.
1414 2555 1441 2573 Ill
1451 2568 1457 2577 ,
1472 2548 1516 2574 25.
1555 2548 1577 2563 ¹³
1591 2547 1662 2575 Psal.

1190 2583 1222 2598 "'
1236 2582 1305 2610 Psal.
1323 2591 1349 2616 x,
1366 2583 1409 2610 15.
1448 2581 1468 2597 ¹⁸
1479 2582 1556 2609 Joan.
1569 2591 1604 2615 tv,
1618 2583 1661 2612 io.

878 2653 948 2684 quod
962 2656 1049 2678 manet
1070 2652 1097 2678 in
1117 2651 1193 2682 caelo,
1205 2651 1304 2678 vicistis
1315 2650 1469 2685 malignum,

915 2688 971 2722 (tt)
992 2687 1024 2713 In
1042 2686 1159 2717 Clu-isto,
1174 2685 1289 2722 etceSie
1309 2684 1388 2722 mss,
1410 2684 1472 2722 libri
1494 2691 1558 2712 vero
1578 2684 1660 2722 editi:

878 2729 905 2748 tu
917 2720 1021 2749 Christo
1039 2727 1126 2748 autent
1143 2721 1247 2755 parvuli
1259 2721 1351 2755 procul
1368 2720 1448 2747 dubio
1464 2740 1471 2748 .
1490 2737 1498 2747 .
1514 2740 1520 2747 .
1536 2739 1543 2747 .
1557 2738 1564 2746 .
1580 2721 1663 2746 nanti-

879 2761 985 2783 nuntur.
