1892 3050
235 120 268 148 6'7
767 120 927 148 ORIGENIS
942 120 975 146 lN
993 118 1170 146 UANTltIUM
1190 120 1325 147 CANTIC.
1824 127 1858 152 tis

235 179 312 206 bulas
328 184 355 205 et
377 178 504 212 llgmenta
521 178 612 205 inania
637 186 666 205 se
688 179 867 211 contulerint;
890 183 918 204 ut
939 178 1020 204 etiam
1038 181 1059 207 Λ
1076 176 1228 212 Scriptura,
1243 178 1337 206 volens
1348 186 1448 207 cavere
1466 186 1500 206 ne
1521 179 1614 214 lapsus
1629 180 1730 215 aliquis
1753 181 1861 216 legenti—

234 228 297 258 post
320 223 547 250 resurrectionem
575 223 643 251 cibis
671 225 857 258 corporalibus
887 225 1017 250 utendum

233 269 384 301 crederent,
401 273 549 304 petuntque
562 270 723 296 sumendum
741 277 794 296 non
811 270 901 296 solum
926 277 958 296 ex
974 270 1019 296 illa

233 315 287 342 vita
297 323 360 342 vera
373 319 400 342 et
411 315 517 343 vivente
530 316 556 342 in
568 316 676 346 saecula,
692 323 783 342 verum
795 320 822 342 et
837 323 871 342 ex
896 315 938 342 his
956 316 1019 342 viti-

233 361 285 387 bus
301 366 327 387 et
344 361 479 389 fructibus
493 361 549 395 (1‘2)
562 361 638 396 ligni.
660 360 711 387 Sed
723 360 756 387 de
773 360 815 387 his
831 360 899 387 alias
917 361 1019 388 videbi-

234 414 305 434 mus.
318 407 396 434 Nune
412 415 488 442 ergo,
504 412 533 434 ut
544 406 702 441 prmcedenti
718 407 910 434 observatione
921 407 1019 434 distiu-

233 451 332 485 sintus,
350 457 392 480 est
405 453 513 487 quidem
539 452 685 479 scentulum
703 451 858 479 interiorem
880 453 1016 479 hominem

230 497 302 524 alius
322 498 382 524 sine
401 498 463 524 tiliis
480 501 506 524 et
521 497 631 527 sterilis,
655 497 727 524 alius
741 505 806 524 vero
831 498 974 525 abundans
990 498 1016 525 in

230 544 302 571 liliis.
321 544 473 571 Secundum
489 543 560 578 quod
577 549 604 570 ct
620 543 682 570 illud
699 544 868 571 advertimus
887 544 990 571 dictum
1008 554 1014 571 :

230 589 334 616 Stet-ili;
346 590 442 623 peperit
459 594 566 623 septum,
587 594 611 615 et
627 589 739 622 fecunda
750 589 778 615 in
796 589 861 623 ﬁliis
878 589 1015 623 inﬁrmata

228 640 265 660 est
283 635 314 660 ”.
332 634 365 661 Et
382 639 410 661 ut
435 635 460 661 in
483 635 720 662 benedictionibus
743 635 862 662 dicitur:
884 635 944 662 Non
965 637 1014 662 erit

228 680 255 706 in
271 681 341 706 vobis
351 681 407 706 sine
422 681 488 714 [iliis
499 685 523 707 et
541 681 640 707 sterilis
659 681 692 708 ’⁸.
711 680 794 715 Igitur
808 681 831 708 si
850 681 906 708 hate
930 682 964 708 ita
986 689 1015 709 se

226 725 336 756 habent,
356 726 429 752 sicut
449 726 549 752 dicitur
566 726 666 760 aliquis
687 727 806 753 carnalis
825 734 912 759 amor,
934 735 1013 762 quem

224 773 252 795 et
263 769 418 804 cupidinem
431 770 635 804 appellaverunt
657 776 751 804 poeta),
768 772 917 798 secundum
933 780 1012 807 queui

225 815 271 848 qui
282 820 365 846 amat,
378 815 405 841 in
419 823 500 842 carne
512 816 647 848 seminat;
664 817 698 843 ita
710 821 789 844 estet
810 817 920 852 quidam
933 818 982 852 spii
992 819 1013 845 i—

1074 223 1124 249 bus
1137 224 1189 250 sub
1204 225 1307 251 amoris
1322 225 1433 251 nomine
1447 230 1619 258 nasceretur,
1630 233 1680 260 pro
1703 226 1861 254 infirmiori-

1073 269 1123 295 bus
1135 269 1289 304 quibusque
1309 277 1370 296 cum
1388 271 1435 304 qui
1453 271 1524 305 apud
1539 272 1676 305 sapientes
1698 272 1793 298 saeculi
1815 279 1861 299 cu-

1071 313 1142 347 pido,
1159 322 1205 341 seu
1219 322 1296 341 amor
1310 314 1427 347 dicitur,
1443 315 1593 343 honcstiori
1617 316 1751 343 vocabulo
1770 317 1859 344 chari-

1070 363 1151 387 tatent
1179 360 1218 386 vel
1237 360 1410 388 dilectionem
1428 361 1595 398 nominasse.
1617 361 1696 388 Verbi
1715 363 1815 397 gratia.
1833 370 1861 390 ut

1069 412 1131 432 cum
1149 404 1217 432 dixit
1231 405 1265 432 de
1278 405 1369 432 lsaac:
1389 406 1422 433 Et
1440 408 1539 441 accepit
1553 407 1706 439 Rebeccam,
1734 414 1760 435 et
1787 409 1859 443 facta

1067 454 1107 476 est
1119 450 1143 477 ei
1159 458 1236 483 uxor,
1252 456 1276 477 et
1298 451 1391 479 dilexit
1407 460 1464 478 eam
1479 453 1512 479 ’³.
1525 453 1558 479 Ει
1575 453 1673 480 iterum
1691 453 1725 481 de
1738 453 1823 482 Jacob
1835 460 1861 481 et

1069 493 1169 522 Rachel
1187 495 1314 523 similiter
1326 496 1392 524 dicit
1407 496 1566 532 Scriptura:
1583 498 1682 525 Rachel
1697 504 1788 526 autem
1803 506 1860 526 erat

1068 540 1162 567 decora
1179 541 1273 573 oculis,
1285 547 1309 568 et
1320 543 1431 575 pulchra
1450 542 1527 576 facie,
1543 547 1567 569 et
1587 543 1682 571 dilexit
1701 542 1787 570 Iacob
1804 544 1859 571 Ra-

1067 585 1134 617 chel,
1148 591 1173 613 et
1187 587 1255 613 dixit
1269 595 1277 613 :
1291 586 1409 614 Servium
1423 587 1471 615 tibi
1491 593 1588 622 septem
1603 590 1679 616 annis
1695 598 1743 623 pro
1761 589 1859 617 Rachel

1067 631 1125 664 [ilia
1143 636 1189 658 tua
1215 633 1323 666 juniore
1340 633 1373 660 ³³.
1400 634 1560 662 Evidentius
1585 639 1675 662 autem
1698 635 1859 663 immutatus

1067 685 1135 706 usus
1150 679 1273 705 vocabuli
1292 678 1374 713 hujus
1389 684 1501 713 apparet
1511 679 1538 706 in
1553 679 1671 712 Amnon,
1686 681 1732 715 qui
1747 682 1858 709 adama-

1069 724 1105 750 vit
1118 731 1240 752 sororem
1260 732 1337 752 suam
1358 724 1486 753 Thamar.
1507 725 1644 759 Scriptth
1661 730 1702 753 est
1715 726 1789 753 enim
1804 735 1810 753 :
1826 727 1858 753 Et

1067 771 1166 804 [actum
1180 775 1217 797 cst
1234 775 1290 803 post
1307 771 1372 801 lucc,
1386 775 1409 797 et
1421 776 1479 798 erat
1491 770 1606 798 Absalon
1628 771 1685 805 ﬁlio
1711 771 1798 798 Dauid
1817 782 1859 799 so-

1066 823 1112 841 ror
1126 815 1221 842 decora
1238 816 1306 849 facie
1320 816 1406 846 valde.
1423 822 1447 843 et
1466 824 1557 843 nontcn
1570 817 1593 844 ei
1616 816 1748 848 Thamar,
1769 822 1796 844 et
1814 819 1856 844 di-

226 861 287 888 talis
320 869 414 893 amor,
441 862 591 889 secundum
620 870 699 897 quem
726 864 769 890 illc
796 864 910 892 interior
933 865 1009 893 homo

1082 861 1129 886 m‘t
1148 869 1205 888 eam
1221 861 1323 888 Amnon
1336 861 1409 895 ﬁlius
1427 862 1510 890 David
1524 862 1557 889 ".
1570 862 1677 895 Dilevit,
1690 863 1783 897 posuit
1797 871 1855 897 pro,

226 914 322 933 amans
340 907 367 933 in
383 907 481 942 spiritu
506 908 632 936 seminat.
654 909 687 935 Et
706 915 734 935 ut
749 909 902 937 evidentius
914 911 1015 944 dicant,

225 952 248 978 si
263 952 326 986 quis
334 956 375 979 est
388 953 432 986 qui
446 958 532 987 portat
544 954 633 980 adhuc
649 954 794 988 imaginem
807 956 905 982 terrelti
918 964 1016 983 secun-

224 998 289 1024 dum
305 998 466 1025 exteriorem
480 999 628 1031 hominem,
644 1000 731 1033 agitur
745 1000 870 1034 cupidine
881 1005 907 1027 et
923 1009 1016 1028 amore

225 1049 343 1070 terreno.
362 1044 412 1076 Qui
428 1052 492 1070 vero
509 1049 598 1078 portat
615 1045 760 1079 imaginum
778 1046 896 1072 cwleslis
917 1054 1015 1073 secun-

224 1089 289 1116 dum
303 1089 460 1116 interiorem
482 1089 629 1122 hominem,
644 1090 732 1123 agitur
745 1090 871 1124 cupidine
885 1095 911 1117 et
922 1098 1014 1118 amore

224 1133 339 1160 caelesti.
362 1133 462 1160 Amore
478 1139 568 1160 autem
589 1139 614 1161 et
643 1134 770 1169 cupidine
795 1135 900 1162 caelesti
925 1137 1014 1170 agitur

223 1179 314 1205 anima
328 1187 389 1206 curn
406 1185 546 1214 perspecta
564 1180 768 1214 pulchritudine
784 1186 810 1207 et
825 1181 923 1208 decore
939 1183 1012 1209 verbi

222 1222 280 1255 Dei,
293 1224 409 1257 speciem
421 1224 480 1256 ejus
488 1225 664 1258 adamaverit,
681 1229 708 1252 ct
718 1233 749 1252 ex
761 1227 821 1260 ipso
831 1227 912 1253 telum
927 1229 1014 1262 quod-

221 1268 283 1295 dam
299 1273 325 1296 et
337 1269 435 1296 vulnus
449 1271 551 1297 amoris
573 1271 718 1305 acceperit.
739 1271 786 1298 Est
810 1273 882 1299 cnim
901 1274 1012 1301 verbum

222 1315 274 1341 hoc
291 1315 391 1349 imago,
404 1320 430 1341 et
444 1316 573 1349 splendor
586 1316 631 1342 Dei
644 1316 798 1349 invisibilis,
815 1319 1013 1354 primogenitus

222 1360 311 1386 onmis
323 1365 471 1393 creatur-1e,
490 1361 516 1387 in
535 1369 590 1395 quo
604 1366 694 1388 creata
708 1366 772 1388 sunt
792 1363 883 1390 omnia
910 1373 970 1399 quae
986 1365 1012 1392 in

222 1406 299 1432 caelis
315 1411 388 1437 sunt.
407 1411 503 1440 etquae
521 1408 548 1433 in
568 1408 658 1440 terris,
674 1408 730 1435 sive
750 1409 877 1442 \‘isibilia,
897 1412 954 1438 sive
971 1412 1014 1438 itt-

221 1451 349 1478 visibilia.
362 1451 446 1486 Igitur
462 1453 484 1479 si
495 1452 557 1487 quis
571 1453 689 1487 potuerit
705 1455 798 1488 capaci
822 1461 911 1482 mente
925 1457 1012 1492 conji-

222 1503 284 1523 cere
308 1502 333 1523 et
355 1497 528 1524 considerare
553 1499 650 1525 horum
674 1500 798 1526 omnium
815 1509 875 1535 qua:
902 1501 928 1528 in
952 1502 1046 1542 ipsoc

221 1547 311 1570 creata
329 1548 392 1570 sunt
409 1544 492 1571 decus
505 1549 530 1572 et
543 1545 672 1579 speciem,
688 1546 745 1580 ipsa
763 1554 854 1574 rerum
872 1554 1012 1576 venustate

220 1596 367 1622 percussus
379 1610 387 1621 ,
400 1594 427 1616 et
441 1590 593 1624 splendoris
617 1590 817 1624 magnificentia
836 1600 885 1619 ccu
908 1592 1010 1627 jaculo,

222 1638 251 1659 ut
265 1634 303 1659 ait
313 1634 445 1668 propheta
457 1635 491 1667 “,
502 1635 589 1662 electo
603 1635 764 1667 terebratus,
778 1636 896 1664 salutare
908 1638 941 1663 ab
952 1638 1011 1672 ipso

220 1678 320 1705 vulnus
335 1679 460 1713 accipiet,
472 1683 498 1706 ct
513 1680 592 1706 beato
604 1680 665 1713 igne
682 1681 785 1708 amoris
799 1682 860 1715 ejus
875 1682 991 1710 ardebit.

255 1734 369 1769 Oportet
380 1735 462 1762 etiam
475 1743 525 1763 nos
538 1735 602 1762 illud
619 1736 700 1767 scire,
716 1737 788 1771 quod
808 1737 917 1765 illicitus
933 1747 1011 1767 amor

219 1787 246 1807 et
260 1785 354 1807 contra
372 1780 457 1816 legem
471 1781 541 1808 sicut
563 1781 684 1808 accidere
709 1786 798 1815 potest
817 1783 918 1810 homini
936 1790 1010 1811 cxte-

219 1825 297 1858 riori,
322 1826 398 1852 verbi
417 1826 520 1860 gratia,
544 1830 574 1853 ut
590 1834 643 1853 non
659 1834 787 1860 sponsam
805 1828 847 1854 vel
867 1829 1008 1864 conjugem

219 1876 303 1902 amet,
316 1871 361 1899 sed
376 1877 422 1899 aut
436 1873 606 1899 meretricem
621 1876 668 1898 aut
687 1873 851 1907 adulteram;
874 1875 909 1901 ita
929 1879 956 1902 ct
968 1876 1010 1903 in-

220 1917 311 1944 teriori
322 1916 435 1949 homini,
448 1917 500 1944 hoc
511 1921 552 1944 est
565 1918 674 1949 animm,
686 1918 808 1945 accidere
820 1923 908 1953 potest
920 1928 1008 1954 amor,

218 1971 272 1990 non
290 1963 316 1989 in
331 1963 481 1998 legitimum
493 1971 623 1997 sponsum
636 1972 717 1998 quem
733 1964 854 1991 diximus
868 1974 928 1993 esse
944 1965 1009 1993 Ver—

218 2010 282 2036 bum
301 2008 357 2041 Dei,
369 2009 415 2036 sed
429 2009 455 2036 in
472 2010 624 2037 adulterqu
637 2010 755 2045 aliquem
771 2015 797 2038 ct
807 2017 1006 2046 corruptorem.

217 2054 296 2087 Quod
313 2054 364 2080 sub
382 2054 433 2081 hac
447 2055 541 2082 eadem
560 2055 646 2089 ligura
658 2057 798 2083 evidenter
808 2056 927 2084 declarat
942 2057 1008 2084 Eze-

217 2101 287 2128 chiel
300 2101 429 2136 propheta
442 2102 475 2132 ¹¹,
492 2101 538 2128 ubi
551 2101 655 2128 Oollam
669 2106 696 2128 ct
716 2102 840 2129 Oolibam
859 2103 1009 2131 introducit

217 2147 268 2173 sub
277 2145 365 2180 specie
377 2145 508 2172 Samaria:
520 2150 546 2172 et
559 2145 738 2178 Hierusalem,
748 2147 901 2174 adulterino
912 2156 1005 2175 amore

1066 906 1212 933 adamavit.
1235 906 1267 932 Et
1285 906 1474 939 tribulabutur,
1498 907 1604 941 inquit,
1623 908 1723 934 Amnon
1737 928 1744 938 .
1772 909 1812 934 ita
1830 914 1857 934 ut

1065 952 1247 986 inﬁrmaretur
1266 958 1371 986 propter
1396 952 1511 979 Thamar
1536 961 1652 980 sororem
1675 961 1770 980 suam:
1793 962 1856 988 quo-

1065 997 1137 1024 niam
1161 998 1234 1032 virgo
1248 1003 1314 1030 erat,
1328 1003 1351 1023 el
1366 1006 1442 1032 grave
1453 997 1591 1024 ridebatur
1609 999 1636 1025 in
1651 999 1734 1026 oculis
1751 1000 1855 1026 Annum

1065 1041 1150 1074 facere
1163 1042 1187 1068 ei
1200 1042 1301 1076 aliquid
1314 1042 1347 1068 ’⁵.
1360 1041 1393 1068 Et
1407 1047 1466 1076 post
1482 1048 1568 1076 pauca
1587 1042 1620 1069 de
1631 1042 1757 1070 violentia
1772 1052 1853 1078 quant

1065 1086 1157 1113 intulit
1171 1087 1278 1114 Amnon
1297 1086 1417 1115 Thamar
1439 1088 1526 1115 θοι-ι)ιί
1549 1095 1615 1120 suze,
1641 1088 1676 1114 ita
1698 1089 1765 1116 dicit
1783 1089 1856 1116 Scri-

1064 1137 1160 1165 ptura:
1177 1131 1213 1159 Et
1228 1132 1311 1158 noluit
1336 1133 1438 1160 Amnon
1453 1133 1546 1159 audire
1562 1141 1648 1160 vocent
1664 1134 1732 1168 ejus,
1749 1135 1796 1162 sed
1815 1135 1856 1161 in-

1064 1177 1147 1204 valuit
1175 1186 1252 1212 super
1266 1186 1341 1209 cant,
1367 1183 1391 1204 et
1416 1178 1564 1205 Itumiliavit
1592 1187 1650 1205 eam
1666 1199 1674 1211 ,
1702 1184 1726 1205 et
1752 1180 1853 1206 dormi-

1063 1223 1099 1249 vit
1115 1223 1169 1258 29
1191 1231 1249 1249 cum
1266 1231 1307 1255 ea,
1324 1229 1348 1250 ct
1371 1223 1450 1250 adivit
1470 1232 1529 1250 eam
1549 1225 1609 1251 adio
1629 1225 1732 1252 Amnon
1757 1234 1851 1261 magno

1064 1268 1156 1295 valde:
1169 1269 1294 1302 quoniam
1319 1269 1404 1302 majus
1423 1275 1478 1295 erat
1500 1269 1588 1296 odium
1611 1278 1660 1298 quo
1676 1269 1768 1297 oderat
1784 1280 1850 1301 cum,

1064 1322 1143 1347 quam
1163 1314 1270 1340 dilectio
1285 1323 1338 1348 qua
1357 1314 1485 1341 dilexerat
1500 1323 1557 1340 eam
1574 1315 1606 1341 ’⁷.
1624 1315 1655 1341 Et
1671 1315 1697 1343 in
1718 1316 1761 1343 bis
1775 1325 1851 1352 ergo,

1064 1364 1090 1387 et
1107 1361 1132 1387 in
1149 1361 1273 1395 pluribus
1292 1361 1354 1388 aliis
1369 1362 1434 1389 locis
1451 1362 1573 1389 invenies
1594 1362 1765 1398 Scripturant
1781 1365 1849 1392 divi~

1064 1415 1127 1434 nam
1148 1406 1279 1442 refugisse
1296 1408 1398 1434 amoris
1414 1408 1588 1440 vocabulum,
1607 1413 1633 1435 et
1648 1410 1792 1438 charitatis
1809 1411 1852 1438 di-

1064 1453 1242 1487 lectionisque
1259 1453 1394 1487 posuisse.
1409 1452 1558 1485 Interdum,
1575 1454 1637 1482 licet
1651 1463 1726 1489 raro,
1743 1457 1852 1490 proprio

1065 1503 1154 1526 tamen
1177 1499 1309 1526 vocabulo
1335 1507 1455 1527 amorem
1485 1500 1617 1531 nominat,
1644 1505 1670 1527 et
1699 1501 1795 1529 invitat
1818 1503 1850 1528 ad

1063 1552 1126 1571 eum
1146 1549 1228 1578 atque
1241 1545 1334 1572 incitat
1349 1544 1467 1577 animas,
1484 1549 1513 1572 ut
1526 1553 1588 1573 cum
1609 1545 1675 1573 dicit
1693 1546 1720 1572 iu
1736 1545 1850 1574 Prover-

1062 1591 1114 1618 biis
1129 1591 1162 1617 de
1178 1591 1330 1625 sapientia:
1346 1590 1449 1617 Atlanta
1466 1599 1536 1622 eam,
1556 1596 1579 1618 et
1597 1593 1711 1619 servabit
1733 1598 1777 1624 te;
1795 1593 1851 1619 cir—

1061 1637 1157 1662 cumda
1169 1645 1237 1668 eain,
1254 1641 1278 1663 ιι
1291 1636 1419 1663 exaltabit
1439 1641 1481 1668 te;
1495 1637 1593 1664 honora
1611 1645 1679 1669 cum,
1698 1643 1723 1666 et
1737 1639 1852 1672 comple-

1061 1687 1148 1710 ctetur
1164 1688 1189 1709 te
1206 1683 1239 1709 ’⁸.
1253 1683 1306 1710 Sed
1321 1687 1347 1710 et
1361 1684 1386 1709 in
1407 1691 1438 1710 co
1454 1683 1543 1710 libello
1558 1684 1604 1717 qui
1622 1684 1722 1712 dicitur
1740 1683 1851 1718 Sapien-

1062 1729 1098 1756 tia
1111 1729 1276 1761 Salomonis,
1295 1729 1331 1755 ita
1351 1730 1480 1764 scriptum
1504 1734 1547 1756 est
1565 1729 1598 1757 de
1618 1730 1675 1763 ipsa
1694 1731 1847 1765 Sapientia:

1060 1776 1172 1803 Amator
1186 1776 1273 1810 factus
1293 1784 1352 1802 sum
1371 1775 1473 1802 decoris
1491 1776 1548 1809 ejus
1563 1777 1595 1802 '9.
1610 1777 1736 1805 Arbitror
1756 1783 1848 1806 autem

1060 1821 1133 1856 quod
1151 1821 1197 1847 ubi
1220 1821 1292 1847 nulla
1317 1821 1409 1854 lapsus
1431 1821 1573 1848 videbatur
1590 1821 1709 1853 occasio,
1728 1822 1763 1849 ibi
1789 1827 1848 1851 tan-

1060 1870 1117 1894 tum
1134 1874 1233 1893 nomen
1256 1866 1359 1893 artioris
1383 1866 1506 1893 inseruit.
1531 1865 1600 1898 Quid
1618 1867 1689 1893 enim
1707 1868 1846 1900 passibile,

1060 1916 1108 1939 aut
1132 1912 1197 1946 quid
1225 1911 1384 1938 indecorum
1411 1911 1497 1946 possit
1525 1911 1625 1946 aliquis
1653 1912 1796 1940 advertere
1821 1914 1845 1941 in

1066 1964 1160 1983 amore
1176 1955 1328 1990 sapientiae,
1340 1956 1382 1982 vel
1403 1956 1429 1982 in
1445 1963 1479 1982 eo
1494 1955 1540 1989 qui
1565 1963 1594 1982 se
1613 1960 1763 1984 amatorem
1785 1964 1848 1990 pru—

1060 2001 1170 2029 liteatur
1201 2009 1261 2029 esse
1291 2001 1453 2035 sapientiae?
1481 2000 1547 2028 Nant
1573 2001 1595 2027 si
1625 2001 1756 2032 dixisset,
1783 2003 1848 2036 quia

1059 2048 1196 2075 adamavit
1219 2048 1261 2074 vel
1286 2046 1361 2074 lsaac
1382 2046 1544 2078 Rcbeccam,
1561 2047 1602 2075 vel
1627 2045 1712 2074 Jacob
1733 2046 1846 2080 Rachel,

1059 2095 1151 2128 passio
1170 2094 1264 2128 utique
1282 2093 1372 2127 aliqua
1389 2093 1517 2120 indecora
1532 2100 1580 2127 per
1599 2092 1657 2120 haec
1679 2093 1761 2121 verba
1781 2101 1846 2128 erga

1059 2144 1168 2167 sanctos
1191 2139 1237 2165 Dei
1260 2138 1384 2165 homines
1407 2137 1540 2172 potuisset
1557 2137 1680 2172 intelligi,
1700 2139 1773 2172 apud
1799 2147 1846 2166 eos

217 2195 371 2225 corruptas,
396 2191 468 2217 sicut
491 2191 568 2218 locus
592 2192 649 2225 ipse
675 2191 815 2226 scripturae
839 2193 1004 2227 propheticze

1082 2184 1192 2217 necipue
1203 2183 1249 2217 qui
1267 2182 1391 2209 nesciunt
1405 2189 1419 2208 a
1434 2182 1523 2210 littera
1539 2183 1722 2209 conscendere
1738 2183 1771 2210 ad
1789 2185 1846 2218 spi-

216 2236 335 2264 ostcndit
348 2235 502 2266 volentibus
518 2235 624 2269 plenius
640 2237 719 2263 scirc.
738 2235 898 2264 Exardescit
914 2242 1004 2264 autent

216 2277 297 2309 etiam
311 2282 355 2308 hic
373 2281 503 2316 spiritalis
521 2289 597 2308 amor
609 2282 706 2308 anima:
717 2282 864 2317 aliquando
881 2283 1002 2317 quidem,

216 2328 427 2359 utedocuimus,
444 2335 506 2362 erga
523 2327 630 2362 aliquos
654 2328 766 2362 spiritus
791 2329 933 2362 nequitiac,
956 2329 1006 2355 ali-

216 2375 325 2410 quando
340 2381 403 2408 crga
417 2373 546 2408 Spiritum
567 2379 691 2401 sanctum
707 2378 734 2401 et
748 2373 865 2400 Verbum
884 2374 940 2405 llei,
955 2375 1002 2408 qui

216 2425 258 2448 est
273 2428 389 2456 sponsus
407 2420 491 2447 ﬁdelis
512 2425 538 2447 ct
553 2420 666 2447 cruditze
681 2419 779 2446 anima!
797 2420 838 2446 vir
850 2420 958 2453 dicitur,
977 2425 1004 2448 et

216 2466 294 2500 cujus
306 2466 363 2500 ipsa
379 2473 478 2500 sponsa
496 2465 522 2492 in
547 2465 598 2492 hac
620 2465 754 2500 praecipue
778 2465 913 2498 scriptura
943 2473 1003 2500 quae

217 2513 331 2539 habetur
344 2512 370 2538 in
385 2512 510 2539 manibus
526 2511 692 2543 nominatur,
707 2511 778 2538 sicut
791 2514 936 2545 przestante
950 2510 1003 2538 Do-

216 2559 291 2585 mino
301 2557 406 2593 plenius
424 2557 610 2588 ostendemus,
631 2563 694 2585 eum
715 2555 796 2583 verba
814 2555 901 2590 ipsius
917 2555 1001 2583 libelli

214 2605 361 2639 explamme
379 2603 552 2638 coeperimus.
575 2601 689 2629 Videtur
704 2605 794 2628 autent
817 2601 884 2628 mihi
908 2602 999 2629 divina

538 2683 560 2698 ὀ
579 2681 665 2711 Exod.
684 2690 761 2714 xxnt,
774 2681 818 2709 26.

792 2718 815 2733 ’⁸
831 2717 907 2749 ibid,
932 2718 958 2743 9..

254 2684 296 2711 "l
314 2684 380 2719 Reg.
403 2691 442 2715 ιι,
469 2683 495 2709 5.

217 2726 292 2750 uix,
312 2717 426 2751 17,18.
474 2719 496 2734 "
512 2717 533 2744 ll
554 2717 619 2752 Reg.
636 2725 694 2749 sui,
718 2719 743 2743 t.

217 2754 239 2769 ⁸⁰
257 2753 336 2780 Cant.
353 2756 379 2786 γ,
403 2754 429 2780 8.

857 2683 878 2698 “
894 2681 1033 2711 lsa.xt.lx.
1057 2681 1085 2708 ‘2.
1124 2681 1146 2696 “
1170 2681 1248 2705 Ezecl

857 2717 907 2746 id.
932 2718 958 2743 ρ.
1015 2718 1035 2732 ιτ
1058 2715 1113 2742 ibid
1145 2713 1248 2746 tt,ts.

1057 2230 1149 2256 ritum.
1165 2228 1346 2263 Apertissime
1370 2232 1459 2255 autent
1484 2228 1513 2256 in
1537 2227 1589 2254 hoc
1611 2228 1669 2262 ipso
1689 2228 1779 2255 libello
1798 2229 1843 2264 qui

1056 2275 1169 2302 habetur
1182 2275 1208 2301 in
1228 2274 1365 2305 manibus,
1382 2273 1485 2302 amoris
1499 2279 1597 2299 nomen
1610 2273 1754 2302 charitatis
1767 2281 1846 2300 voca-

1055 2321 1120 2347 bulo
1134 2323 1318 2354 permutatum
1332 2323 1385 2351 est,
1397 2319 1468 2346 ineo
1482 2319 1526 2346 ubi
1539 2319 1624 2346 dixit:
1642 2319 1772 2354 Adjuraui
1788 2328 1843 2350 vos,

1054 2366 1119 2400 ﬁlia:
1139 2364 1320 2397 Hierusalem,
1336 2365 1359 2390 si
1376 2364 1526 2391 inveneritis
1540 2363 1692 2398 fratruelem
1706 2372 1803 2398 meum,
1817 2370 1843 2391 ut

1057 2413 1218 2440 annuntietis
1230 2414 1264 2444 ei,
1276 2413 1338 2448 quia
1357 2412 1501 2439 vulnerata!
1516 2412 1656 2439 charitatis
1669 2420 1715 2445 ego
1730 2420 1790 2438 sum
1804 2413 1841 2444 ³ος

1055 2466 1105 2493 pro
1122 2466 1154 2485 eo
1170 2459 1263 2493 utique
1277 2462 1307 2484 ut
1324 2458 1444 2485 diceret:
1463 2457 1567 2483 Amoris
1584 2456 1642 2490 ejus
1658 2456 1708 2483 telo
1720 2465 1843 2490 percussa

1055 2512 1123 2531 sum.
1140 2503 1213 2530 Nihil
1228 2511 1292 2538 ergo
1305 2503 1416 2529 interest
1427 2501 1453 2528 in
1467 2501 1614 2535 Scripturis
1627 2501 1737 2532 divinis,
1751 2507 1842 2528 utrum

1054 2550 1174 2578 charitas
1190 2549 1306 2581 dicatur,
1321 2556 1356 2575 an
1379 2555 1467 2580 amor,
1481 2548 1524 2574 vel
1548 2547 1656 2578 dilectio
1669 2567 1676 2579 ,
1694 2548 1747 2574 nisi
1770 2549 1841 2583 quod

1055 2599 1080 2625 in
1094 2603 1197 2628 tantum
1211 2604 1310 2625 nomen
1324 2595 1465 2623 charitatis
1478 2595 1629 2629 extollitur,
1643 2599 1672 2623 ut
1688 2595 1773 2625 etiam
1786 2595 1842 2630 ipse

1124 2681 1146 2696 “
1169 2677 1268 2705 Ezech.
1291 2683 1369 2702 xxnt.
1424 2675 1447 2690 "
1464 2675 1534 2702 Gen.
1551 2682 1626 2706 xxiv.
1642 2673 1689 2703 θλ
1737 2675 1762 2691 ⁸⁵
1774 2674 1838 2702 Gen.

1303 2711 1324 2726 "‘
1342 2710 1421 2738 Prov.
1437 2718 1474 2744 tv,
1490 2710 1516 2743 6,
1529 2711 1556 2738 8.
1608 2711 1630 2726 τ’
1653 2709 1716 2744 Sap.
1739 2718 1799 2742 vtu,
1813 2710 1838 2736 ιε.

252 2821 307 2855 (12)
329 2821 361 2847 Et
377 2822 514 2856 fructibus.
533 2821 612 2848 Deest
623 2822 648 2848 in
665 2820 742 2848 libris
757 2825 836 2847 antea
847 2819 936 2852 editis,
951 2819 997 2845 scd
1018 2818 1131 2845 habetur
1147 2818 1172 2843 in
1192 2824 1258 2844 mss.
