1892 3050
53 130 78 156 69

54 187 111 212 licus
127 182 243 211 Charitas
260 181 417 215 appelletur,
434 180 505 206 sicut
516 178 635 205 Joannes
649 176 732 203 dixit:
748 176 818 203 Clm—
833 179 851 206 Λ

53 230 147 262 tissimi,
162 228 300 262 diligamus
312 226 431 257 invicem,
445 225 508 259 quia
524 224 640 250 clamitas
652 230 684 249 ea:
698 223 752 249 Deo
765 228 816 252 est,

53 280 70 302 et
85 274 160 301 omni:
178 274 222 308 qui
236 272 333 306 diligit,
353 279 384 297 ea:
404 271 455 297 Deo
475 275 554 296 natus
575 274 622 300 est,
643 275 666 295 et
687 268 816 302 cognoscit

55 321 138 350 Deum;
153 318 196 353 qui
211 322 300 344 autem
320 324 370 342 non
389 316 488 350 diligit,
507 323 558 341 mm
575 314 706 348 cognoscit
723 312 817 344 Deum,

53 366 104 400 quia
118 364 183 390 Deus
197 363 314 390 tlmrilas
328 367 365 390 est
379 363 411 387 ³¹.
429 361 462 388 Ει
480 361 605 395 quamvis
626 360 737 386 alterius
751 363 819 385 tctu—

54 412 114 445 poris
135 411 168 437 sit
188 408 278 436 dicere
294 407 397 442 aliquid
414 407 447 434 de
470 407 512 434 his
526 414 588 441 quae
604 405 720 439 exempli
736 411 817 431 causa

54 466 80 485 ex
103 457 209 484 Joannis
237 455 357 489 Epistola
385 453 561 488 protulimus,
587 456 676 478 tamen
703 450 819 478 hreriter

53 504 120 531 etiam
135 502 222 536 aliqua
239 499 420 535 perstringere
433 505 486 525 non
499 502 541 525 est
552 497 639 524 visum
658 495 816 523 absurdum.

55 548 194 582 Diiigamus,
207 545 305 579 inquit,
318 544 437 574 inuicem,
450 543 511 577 quia
524 543 640 568 charitus
652 548 684 567 ea:
701 540 751 566 Deo
764 544 818 569 est;

53 600 74 622 et
86 599 140 629 post
161 600 266 628 pauca:
289 591 358 618 Deus
377 590 494 616 clmritas
514 593 563 617 est.
582 590 610 615 In
626 596 681 622 quo
701 587 819 614 ostendit

52 645 74 667 et
93 640 173 674 ipsum
202 637 286 664 Deum
306 636 466 664 charitatcm
490 643 560 667 esse,
584 638 610 661 et
637 634 734 660 iterum
756 640 817 659 eum

52 685 89 719 qui
106 692 136 711 ev
156 683 208 710 Deo
226 688 278 714 est,
299 682 460 709 charitatem
484 688 554 708 esse.
573 680 641 713 Quis
670 685 760 706 autem
785 686 818 706 ex

53 731 98 757 Deo
109 734 156 762 est,
170 729 221 755 nisi
236 728 280 755 ille
294 728 340 763 qtti
354 727 419 754 dicit
431 735 437 752 :
451 726 506 761 Ego
517 734 550 753 ex
564 726 618 752 Deo
632 725 712 757 exiri,
726 730 750 751 et
763 724 819 751 veni

52 777 73 802 in
87 776 148 801 hunc
168 774 295 800 mundum
315 773 354 799 "‘2
377 772 454 805 Quod
477 772 498 799 si
516 772 586 799 Deus
605 771 685 798 Pater
699 771 818 799 Charitas

52 826 94 853 est,
105 825 129 847 et
142 818 224 847 Ftlius
239 819 359 848 eharitas
375 823 430 852 est;
450 818 570 845 citat-itas
581 822 672 844 autem
689 817 777 845 Patris
793 822 818 845 et

52 865 154 892 cltaritas
174 864 236 890 Filii
261 871 345 890 unum
367 868 442 896 sunt,
465 871 519 890 non
544 871 632 895 unus;
647 870 817 897 consequen-

53 917 85 937 ter
100 911 150 945 (i5)
165 918 230 945 ergo
247 910 326 937 Pater
343 915 369 937 et
382 909 466 936 Filius
487 917 572 937 unum
592 909 660 936 bene
681 909 817 935 dicuntur.

53 957 77 983 Et
99 956 153 983 ideo
172 956 366 984 convenienter
387 955 514 982 Christus
536 956 606 982 sicut
627 955 771 989 sapientia,
794 958 820 980 ct

52 1001 133 1030 virtus,
144 1001 296 1035 etjustitia,
312 1005 339 1027 et
354 1001 480 1032 veritum,
494 1004 521 1026 ct
535 1000 643 1031 veritas,
659 1000 695 1026 ita
714 1003 740 1025 et
756 999 820 1026 cha—

52 1046 106 1074 ritas
119 1047 225 1073 dicitur.
242 1045 277 1072 Et
293 1045 352 1073 ideo
369 1045 434 1072 dicit
449 1045 590 1079 Scriptura
610 1045 672 1078 quin
689 1045 711 1071 si
730 1045 821 1070 chari-

51 1098 86 1119 tas
99 1097 184 1119 manet
208 1092 235 1118 in
251 1091 340 1122 nobis,
358 1090 429 1118 Deus
452 1091 480 1117 in
499 1090 578 1118 nobis
599 1090 655 1125 (lit)
675 1094 766 1117 manet
787 1090 818 1115 ³³.

52 1136 112 1165 Deus
126 1141 224 1168 autem,
242 1137 269 1164 id
287 1141 328 1164 cst
356 1136 434 1163 Pater
447 1141 474 1163 ct
491 1135 586 1168 Filius,
605 1136 651 1170 qui
667 1140 694 1163 et
709 1136 821 1165 veniunt

51 1183 80 1209 ad
94 1190 149 1210 eum
170 1182 216 1216 qui
233 1182 370 1216 perfectus
393 1182 419 1208 in
444 1182 575 1208 eharitate
595 1188 646 1214 est,
669 1181 818 1208 secundum

52 1227 150 1256 verbum
166 1227 271 1255 Domini
287 1231 315 1254 et
328 1227 477 1254 Salvatoris
490 1227 625 1253 dicentis:
646 1225 702 1260 Ego
721 1230 744 1252 ct
767 1225 821 1252 Pa-

52 1279 85 1300 ter
98 1273 218 1300 veniemus
241 1273 276 1299 ad
300 1280 368 1304 eum,
385 1276 409 1298 et
426 1272 587 1298 mansionem
603 1271 730 1305 facicmus
751 1271 820 1304 apud

51 1326 100 1346 eum
111 1317 140 1344 “.
155 1317 300 1346 Sciendum
316 1325 382 1352 ergo
394 1321 445 1348 est,
462 1317 535 1351 quod
558 1317 616 1343 haec
627 1317 746 1343 charitas
761 1324 822 1350 quae

53 1362 112 1392 Deus
129 1368 176 1396 est.
195 1371 259 1392 cum
273 1363 303 1390 in
324 1363 414 1396 aliquo
428 1362 519 1394 fuerit,
536 1362 602 1388 nihil
619 1366 765 1394 terrcnutu,
781 1362 822 1388 ui-

53 1409 83 1436 hil
96 1411 238 1442 utateriaie,
258 1410 327 1437 nihil
348 1409 523 1443 corruptibile
538 1409 634 1443 diligit.
647 1409 748 1436 Contra
771 1417 821 1436 na-

52 1460 127 1485 turam
143 1463 258 1490 namque
271 1459 312 1483 est
333 1455 358 1482 ei
378 1454 553 1490 corruptibile
573 1455 675 1489 aliquid
698 1455 819 1489 diligere,

52 1510 103 1530 cum
119 1503 173 1536 ipsa
189 1503 225 1530 sit
238 1502 451 1536 incorruptionis
466 1501 538 1528 iens.
550 1500 610 1535 Ipsa
621 1504 663 1528 est
679 1501 750 1527 enim
763 1501 821 1528 sola

52 1553 102 1579 quae
116 1546 193 1575 habet
206 1546 438 1574 immortalitatem
453 1555 459 1573 :
472 1546 605 1580 siquidem
617 1545 688 1573 Deus
703 1546 822 1573 Charitas

52 1596 94 1623 est,
108 1592 152 1627 qui
173 1593 249 1620 solus
265 1593 349 1619 habet
373 1591 616 1621 immortalitatem.
632 1592 719 1619 lucem
743 1591 822 1619 habi-

52 1642 103 1664 tans
115 1637 330 1666 inacoessibilem
342 1637 375 1664 ⁸⁵.
391 1636 461 1670 Quid
478 1643 569 1664 autem
592 1636 664 1663 aliud
682 1637 823 1663 immorta—

52 1683 104 1711 litas
114 1684 163 1711 nisi
176 1684 231 1712 vita
244 1688 348 1715 aeterna
361 1688 412 1715 est,
429 1691 511 1718 quam
527 1684 654 1710 daturum
670 1691 699 1710 se
712 1683 823 1717 promit-

53 1729 79 1756 tit
92 1728 156 1756 Deus
170 1729 348 1756 credentibus
363 1729 389 1756 in
408 1729 496 1767 ipsu_m
513 1728 601 1756 solum
619 1735 711 1755 verum
726 1727 822 1759 Deum,

52 1778 75 1801 et
94 1781 167 1808 quem
188 1774 266 1801 misit
287 1773 381 1801 Jesum
400 1773 540 1801 Christum
555 1773 652 1800 Filium
665 1772 822 1807 οὶυςῖῬι-ο·

51 1823 130 1852 pterea
144 1827 207 1853 ergo
227 1820 256 1847 iu
274 1819 379 1854 primis,
400 1823 427 1845 et
443 1822 507 1850 ante
527 1818 619 1849 omnia
640 1818 692 1845 hoc
708 1818 824 1845 amabile

52 1868 75 1890 et
91 1864 214 1899 placitum
228 1865 332 1896 dicitur
347 1872 408 1892 esse
422 1864 486 1896 Deo,
501 1869 531 1892 ut
545 1865 605 1899 quis
618 1864 714 1898 diligat
731 1863 824 1891 Domi.

54 1917 108 1941 nutu
120 1910 199 1938 Deum
211 1918 295 1941 suum
305 1918 338 1937 ex
349 1914 408 1937 toto
419 1910 500 1937 corde
510 1917 570 1942 suo,
581 1914 608 1937 et
619 1917 653 1936 ex
667 1913 722 1936 tota
734 1909 823 1936 anima

54 1963 105 1988 sua,
118 1961 142 1983 et
156 1964 189 1983 ex
208 1957 276 1987 totis
291 1955 394 1983 viribus
408 1956 475 1987 suis.
491 1955 524 1982 Et
536 1956 600 1990 quia
615 1955 686 1982 Deus
707 1955 824 1982 Charitas

53 2006 96 2034 est,
108 2007 133 2028 et
146 2001 231 2029 Filius
242 2001 291 2036 qui
308 2009 340 2028 ex
355 2000 408 2028 Deo
420 2005 472 2032 est,
485 2001 604 2028 Charitas
616 2005 667 2032 est,
680 2000 723 2027 sui
737 2000 825 2030 simile

54 2046 142 2081 aliquid
156 2047 273 2082 requirit.
288 2047 317 2074 in
339 2046 439 2074 nobis:
463 2051 492 2073 ut
505 2054 553 2081 per
575 2046 646 2073 hanc
665 2046 825 2074 charitatem

54 2101 105 2128 quat
120 2099 159 2122 est
172 2094 198 2121 in
211 2093 325 2121 Christo
339 2092 413 2124 Jesu,
427 2092 475 2127 qui
492 2097 534 2120 est
545 2092 672 2124 eharitas,
688 2092 762 2119 velut
778 2099 826 2119 co-

54 2145 124 2173 gnata
136 2140 257 2174 quadam
271 2146 320 2173 per
329 2138 470 2165 charitatis
486 2145 584 2164 nomen
596 2137 724 2165 allinitate
740 2138 826 2164 socie-

836 848 854 873 ll

742 116 934 145 PROLOGUS.

1620 117 1654 143 7t)

870 175 1011 206 lliorictto;
1030 177 1056 201 et
1071 174 1161 208 culpat
1174 173 1284 207 quidem
1299 172 1466 201 sacerdotem
1482 181 1514 202 ac
1532 174 1652 207 levitum,

870 221 916 254 qui
935 221 1055 247 videntes
1069 219 1243 250 seminecem,
1259 218 1463 254 praeterierunt;
1482 219 1653 252 amplectitur

870 271 959 292 autem
980 265 1181 292 Samaritannm
1204 264 1252 298 qui
1272 264 1486 293 misericordiam
1507 263 1610 295 fecerit,
1627 270 1652 291 ct

871 315 942 338 hunc
964 310 1047 338 fuisse
1071 310 1094 335 ei
1119 310 1273 343 proximum
1299 309 1385 343 ipsius
1407 309 1454 343 qui
1477 314 1655 343 proposuerat

871 357 1047 390 responsione
1069 355 1195 386 tirmavit,
1210 360 1236 382 ct
1255 355 1292 382 ait
1304 355 1327 382 ei
1342 364 1348 382 :
1374 354 1453 386 Vade,
1475 359 1498 381 et
1515 359 1543 381 tu
1558 355 1600 388 [ac
1618 355 1655 381 ti~

870 403 966 430 utilitcr
978 403 1010 430 ³⁷.
1026 401 1131 428 Etenim
1147 405 1245 428 natura
1260 408 1355 427 omnes
1370 400 1448 427 nobis
1461 400 1576 427 invitent
1588 406 1652 433 pro-

870 448 935 474 ximi
951 455 1055 475 sumus.
1071 446 1208 480 Operihus
1224 453 1287 472 vero
1299 445 1441 473 charitatis
1464 445 1492 472 iit
1514 445 1654 479 proximus

870 493 913 518 ille
930 493 976 526 qui
999 496 1086 526 potest
1107 490 1275 523 benefacere,
1291 491 1315 516 ei
1331 490 1377 524 qui
1391 497 1446 516 non
1462 495 1559 524 potest.
1579 489 1654 516 Unde

869 543 896 565 et
910 538 1034 564 Salvator
1056 541 1149 564 noster
1171 536 1258 563 iactus
1277 542 1319 563 est
1342 536 1483 571 proximus
1500 536 1588 567 nobis,
1607 543 1656 561 nec

870 582 1042 617 pet-transivit
1056 590 1106 609 nos
1121 588 1182 608 cttm
1199 581 1350 608 semineces
1365 588 1397 608 ex
1414 581 1548 607 latronum
1563 580 1655 607 voluc-

870 628 945 654 ribus
958 627 1120 662 jacerentus.
1140 626 1222 661 Igitur
1243 626 1384 655 Sciendum
1407 631 1449 653 cst
1474 626 1521 654 Dei
1536 625 1655 652 charita-

870 679 923 701 tem
937 681 1044 707 semper
1055 675 1087 700 ad
1101 673 1185 700 Deum
1199 673 1318 705 tendere,
1330 680 1345 700 a
1358 680 1412 706 quo
1425 672 1556 706 originem
1567 672 1654 701 duxit,

869 724 895 746 ct
912 719 944 746 ad
969 719 1123 753 proximum
1149 718 1292 752 reSpiccrc,
1317 726 1379 744 cum
1404 724 1458 751 quo
1484 717 1653 751 participium

871 765 960 792 inierit
975 765 1043 799 (l5),
1057 769 1147 798 utpote
1160 764 1286 791 similiter
1299 768 1420 791 creatum
1435 763 1461 789 in
1473 762 1653 795 corruptione.

871 811 915 838 Sic
928 818 992 845 ergo
1007 818 1176 844 quaecunque
1190 810 1223 836 de
1234 809 1366 836 charitale
1379 809 1478 842 scripta
1491 812 1565 838 sunt,
1577 808 1654 841 quasi

870 855 902 881 tle
916 863 1008 882 amore
1027 855 1099 882 dicta
1114 855 1232 888 suscipe,
1245 854 1312 880 nihil
1323 854 1356 880 de
1372 853 1528 880 nominibus
1545 859 1653 878 curans.

870 900 969 927 Eadem
985 908 1101 934 namque
1121 900 1147 926 in
1166 904 1280 933 utroque
1297 899 1383 927 virtus
1401 898 1563 926 ostenditur.
1579 897 1655 929 Quod

870 946 891 972 si
912 946 973 979 quis
997 945 1079 977 dicat,
1101 945 1165 978 quia
1189 949 1214 971 et
1243 945 1399 978 pecuniam,
1424 945 1606 974 meretricem,
1630 947 1656 968 ct

870 991 922 1018 alia
941 991 1067 1018 similiter
1084 991 1155 1017 mala
1172 990 1266 1017 eodem
1289 990 1421 1018 vocabulo
1438 989 1510 1023 quod
1527 996 1543 1016 a
1565 989 1656 1016 chari-

870 1041 924 1063 tate
947 1035 1009 1062 duci
1035 1035 1153 1066 videtur,
1177 1036 1288 1070 diligere
1311 1035 1495 1069 appellantur:
1517 1034 1656 1062 sciendum

870 1085 911 1108 est
933 1081 959 1107 in
975 1082 1016 1108 his
1030 1089 1083 1107 nou
1101 1081 1222 1115 proprie,
1239 1081 1284 1107 sed
1307 1081 1417 1107 abusive
1434 1080 1592 1107 charitatent
1610 1088 1659 1106 no—

871 1126 979 1154 minari.
1007 1125 1094 1157 Sicut,
1118 1127 1192 1153 verbi
1215 1126 1310 1160 gratia,
1337 1131 1364 1153 et
1387 1125 1442 1160 30
1465 1124 1537 1152 Deus
1559 1133 1657 1152 nomen

870 1173 1057 1208 principaliter
1072 1173 1099 1200 itt
1114 1181 1147 1199 eo
1158 1177 1211 1204 est,
1227 1180 1260 1199 ex
1277 1180 1331 1206 quo
1347 1172 1449 1203 omnia,
1471 1175 1498 1198 et
1513 1179 1560 1205 per
1575 1179 1655 1205 quem

872 1219 974 1250 omnia,
990 1223 1016 1245 et
1029 1219 1055 1244 in
1069 1226 1123 1252 quo
1139 1217 1228 1244 otnttia
1244 1226 1250 1243 :
1275 1217 1346 1251 quod
1361 1217 1453 1251 utique
1469 1221 1560 1251 aperte
1577 1217 1659 1243 virtu-

873 1267 935 1295 tctu,
953 1267 980 1289 ct
1002 1268 1126 1289 naturam
1147 1262 1222 1289 trime
1239 1262 1436 1296 singttlaritatis
1455 1262 1577 1289 enuntiat
1591 1261 1657 1296 (Hi).

873 1308 998 1336 Secundo
1013 1316 1078 1335 vero
1102 1309 1130 1334 in
1152 1308 1222 1339 loco,
1237 1312 1274 1338 et,
1296 1312 1325 1333 ut
1342 1308 1378 1333 ita
1395 1307 1522 1338 dixerim,
1548 1307 1660 1333 altushe

872 1355 938 1381 deos
963 1353 1030 1382 dicit
1045 1353 1185 1388 Scriptura
1203 1354 1285 1380 etiam
1299 1353 1360 1381 illos
1374 1354 1407 1379 ad
1420 1361 1490 1387 quos
1505 1360 1596 1379 sermo
1613 1352 1658 1379 Dei

873 1401 913 1432 tit,
929 1399 1000 1427 sicut
1021 1399 1164 1427 conlirmat
1181 1398 1305 1426 Salvator
1321 1399 1347 1424 lll
1378 1397 1540 1432 Evangeliis.
1560 1397 1613 1425 Sed
1634 1403 1660 1425 ct

873 1446 998 1474 cwlestes
1011 1446 1124 1474 virtutes
1136 1445 1188 1473 sub
1201 1444 1251 1471 hoc
1264 1443 1374 1472 nomine
1385 1443 1515 1478 appellari
1526 1443 1658 1476 videntur,

874 1492 939 1519 dum
963 1492 1063 1519 dicitur
1083 1501 1089 1517 :
1115 1491 1183 1518 Deus
1205 1491 1275 1518 stetit
1292 1491 1318 1517 in
1339 1498 1470 1524 synagoga
1496 1490 1613 1522 deorum,
1633 1491 1659 1515 iu

875 1537 959 1564 medio
981 1541 1069 1563 autem
1087 1535 1149 1562 deos
1171 1535 1300 1569 diiudicat
1313 1535 1346 1563 ³⁸.
1359 1534 1451 1562 Tertio
1468 1542 1532 1562 vero
1551 1534 1578 1562 in
1601 1535 1660 1561 loco

872 1582 930 1616 jam
945 1588 998 1608 ttoo
1014 1580 1136 1611 abusive,
1153 1579 1199 1609 sed
1221 1578 1304 1611 falso,
1318 1578 1356 1607 dii
1380 1577 1502 1612 gentium
1522 1577 1659 1605 themoues

874 1626 1054 1661 appellantur,
1071 1632 1132 1651 cum
1154 1624 1219 1652 dicit
1243 1624 1403 1657 Scriptura:
1424 1622 1520 1652 Omtte:
1541 1623 1580 1651 dii
1599 1630 1660 1656 gett-

876 1672 941 1698 tium
953 1670 1083 1698 (lanionia
1094 1669 1128 1699 ⁸⁸..
1140 1668 1232 1702 itaque
1244 1673 1270 1695 et
1282 1668 1398 1702 primum
1411 1668 1549 1697 charitat'ts
1562 1675 1660 1695 nomen

875 1717 902 1744 itt
915 1715 970 1742 Deo
982 1719 1032 1746 est,
1050 1718 1156 1748 propter
1169 1713 1241 1748 quod
1256 1713 1382 1747 iubemur
1396 1713 1508 1746 diligere
1527 1713 1609 1742 Deum
1625 1720 1657 1740 ex

875 1767 930 1790 toto
948 1762 1029 1792 corde
1045 1765 1148 1792 nostro,
1166 1767 1198 1787 ex
1214 1763 1268 1787 tota
1280 1760 1370 1788 anima
1386 1764 1488 1791 nostra,
1506 1763 1532 1786 et
1547 1767 1579 1786 ex
1598 1759 1661 1786 totis

874 1811 978 1839 viribus
1001 1810 1112 1842 nostris,
1137 1813 1230 1842 utpote
1255 1815 1317 1835 eum
1340 1816 1356 1834 a
1378 1816 1434 1842 quo
1455 1807 1586 1834 habemus
1609 1808 1660 1834 hoc

876 1857 975 1891 ipsum,
994 1860 1023 1882 ut
1043 1855 1155 1889 diligere
1173 1853 1318 1888 possimus.
1336 1852 1364 1881 in
1389 1853 1448 1887 ipso
1463 1852 1519 1887 jam
1537 1852 1595 1879 sine
1609 1853 1659 1879 du-

875 1904 920 1931 bio
937 1903 1101 1934 continetur,
1124 1906 1153 1927 ut
1176 1905 1203 1927 et
1222 1899 1393 1934 sapientiam,
1421 1903 1448 1926 et
1468 1899 1613 1933 justitiam,
1635 1903 1662 1926 ct

876 1949 1013 1983 pietatem,
1044 1951 1070 1973 et
1094 1946 1234 1972 veritatem
1259 1952 1407 1978 omnesque
1430 1945 1543 1971 virtutes
1563 1944 1662 1977 pariter

876 1993 1030 2028 diligamus.
1041 1990 1131 2018 Unum
1140 1991 1212 2016 enim
1221 1994 1302 2023 atque
1315 1989 1386 2015 idem
1395 1993 1436 2014 est
1444 1988 1553 2022 diligere
1564 1987 1660 2017 Deum.

876 2045 904 2068 et
922 2039 1034 2073 diligere
1053 2037 1134 2063 bona.
1160 2035 1284 2062 Secundo
1306 2034 1377 2066 loco,
1397 2033 1477 2068 quasi
1501 2033 1617 2060 abusive
1635 2038 1661 2059 ct

876 2083 939 2110 inde
955 2081 1077 2108 derivato
1088 2079 1203 2106 nomine
1222 2078 1302 2105 etiam
1323 2077 1478 2112 proximum
1493 2077 1606 2111 diligere
1618 2077 1662 2111 ju-

877 2128 981 2159 homur,
998 2131 1126 2160 tauquam
1143 2132 1193 2151 nos
1207 2123 1289 2158 ipsos.
1308 2122 1429 2151 Tertium
1448 2130 1514 2150 vero.
1527 2127 1569 2150 est
1588 2122 1661 2156 quod

54 2168 119 2218 inur;
133 2168 202 2212 sicut
226 2189 254 2211 et
270 2168 317 2210 ille
330 2183 377 2218 qui
396 2183 452 2218 jam
476 2183 639 2217 conjunc‘us
661 2183 685 2210 ei
701 2183 824 2210 dicebat:
842 2184 865 2213 ι)
879 2173 946 2201 falso
968 2171 1019 2199 sub
1041 2169 1182 2198 charitatis
1199 2169 1276 2196 titulo
1301 2169 1468 2218 nominatur,
1483 2168 1595 2202 diligere
1618 2168 1661 2196 vel

56 2229 112 2262 Qui:
127 2239 172 2257 nos
183 2229 320 2264 separabit
334 2237 351 2254 α
371 2229 498 2255 ιὴαήιαιε
510 2228 568 2260 Dei,
585 2235 643 2262 qum
655 2233 694 2255 est
707 2228 736 2254 in
748 2227 826 2255 Chri-

55 2281 90 2303 sto
106 2276 168 2304 lem
190 2277 304 2303 Domina
329 2279 418 2302 nostra
440 2275 485 2301 "it
508 2274 571 2301 Haec
594 2279 685 2301 autem
706 2273 827 2301 charitas

55 2329 151 2350 omnem
169 2323 310 2349 hominem
333 2321 487 2355 proximum
503 2320 598 2355 diligit.
620 2319 662 2346 0b
680 2320 732 2346 hoc
754 2319 827 2345 enim

55 2368 135 2402 arguit
153 2367 282 2395 Salvator
306 2366 461 2401 quemdam,
485 2365 531 2400 qui
559 2364 724 2400 opinabatur
754 2363 828 2398 quod

56 2413 118 2446 iusta
139 2413 229 2440 anima
251 2419 318 2447 erga
340 2418 400 2438 eam
419 2418 481 2445 quae
503 2409 692 2444 iniquitatibus
708 2408 828 2435 involuta

56 2463 100 2490 est,
113 2457 323 2493 propinquitatis
335 2457 397 2491 jura
410 2464 463 2484 non
475 2459 562 2483 servet
574 2464 580 2482 :
595 2459 623 2482 et
640 2455 690 2481 ista
703 2454 736 2481 de
746 2461 829 2481 causa

57 2505 132 2530 texuit
142 2505 220 2531 istam
234 2502 404 2538 parabolam,
418 2509 479 2536 qua:
491 2500 565 2534 dicit,
582 2500 655 2535 quod
671 2500 698 2526 in
711 2499 830 2526 latrones

57 2549 140 2578 incidit
163 2549 289 2584 quidam,
305 2548 370 2574 dum
394 2545 534 2577 descendit
554 2545 588 2573 ab
609 2543 776 2571 Hierusalem
801 2543 828 2570 in

90 2619 108 2634 ³¹
127 2618 136 2645 l
158 2618 239 2645 Joan.
258 2626 296 2649 tv,
318 2617 346 2649 7,
367 2617 394 2644 8.
445 2616 467 2632 ³³
485 2615 563 2643 Joan.
580 2621 634 2647 xvt,
649 2613 694 2649 27,
709 2613 753 2649 28.

59 2655 77 2670 "
94 2653 168 2681 Rom.
186 2661 249 2685 vut,
269 2648 314 2685 53,
328 2652 372 2679 59.
411 2652 432 2667 τ’
453 2650 516 2677 Luc.
538 2658 563 2682 x,
582 2649 626 2676 57.

88 2713 139 2749 (l3)
158 2713 237 2740 Libb.
256 2712 334 2749 edit.,
350 2715 374 2737 et
392 2710 464 2745 ﬁlius
486 2709 623 2749 choritatis
637 2706 830 2749 es_t_.‘CI_taritas

58 2740 138 2775 auleni
150 2753 173 2775 et
186 2748 306 2774 cInzrilas
321 2740 401 2771 timuit
417 2750 466 2776 est,
484 2749 507 2771 et
518 2745 545 2770 in
562 2743 633 2769 nullo
649 2740 758 2776 ili/fert:
770 2748 832 2768 con-

59 2789 192 2817 sequenter,
204 2787 259 2810 etc.
275 2781 455 2817 Sedtossiut
470 2780 496 2817 in
514 2783 588 2817 textu
606 2783 710 2817 nostra.

88 2810 139 2852 λιι)
159 2810 238 2851 Mss”
254 2817 281 2843 in
296 2815 381 2848 nobis,
399 2815 467 2842 Deus
481 2815 508 2840 in
525 2813 606 2840 nobis.
621 2812 698 2840 Libb.
715 2810 793 2843 cdit.,
805 2811 832 2836 in

806 2611 829 2627 ³³
845 2610 858 2637 ὶ
871 2609 950 2637 Joan.
963 2615 1000 2636 tv.
1013 2606 1056 2633 l2.
1094 2605 1118 2622 “
1133 2603 1212 2632 Joan.
1237 2611 1293 2636 xtv,
1309 2602 1354 2629 25.

666 2648 688 2664 ³⁸
709 2647 780 2675 Psal.
807 2652 911 2677 Lxxxtt,
926 2645 951 2671 i.

878 2218 1030 2252 pecuniam,
1050 2216 1094 2243 vel
1117 2215 1278 2249 voluptates,
1301 2214 1343 2242 vel
1369 2222 1450 2242 omne
1472 2213 1603 2248 quidquid
1628 2213 1661 2239 ad

879 2263 1058 2298 corruptelam
1073 2262 1188 2296 pertinet
1206 2265 1233 2289 et
1247 2268 1378 2288 errorem.
1394 2258 1452 2288 Non
1471 2267 1536 2293 ergo
1550 2259 1663 2288 interest

880 2315 971 2342 utrum
984 2309 1071 2336 amari
1082 2308 1188 2336 dicatur
1201 2306 1283 2338 Deus,
1295 2313 1330 2333 an
1345 2305 1429 2342 diligi.
1440 2303 1495 2334 Nec
1511 2308 1577 2338 puto
1588 2304 1661 2338 quod

881 2353 985 2389 culpari
1003 2353 1088 2388 possit
1101 2353 1123 2380 si
1140 2351 1202 2386 quis
1215 2350 1300 2379 Deum
1316 2350 1387 2378 sicut
1406 2348 1525 2380 Joannes
1544 2349 1663 2380 charito-

881 2407 945 2435 tem,
961 2401 998 2428 ita
1011 2400 1067 2434 ipse
1078 2405 1196 2426 amorem
1211 2397 1341 2426 nominet.
1355 2395 1477 2430 Denique
1485 2395 1595 2423 memini
1614 2395 1663 2422 ali-

881 2455 961 2483 quem
977 2449 1134 2473 sanctorum
1147 2443 1248 2471 dixisse
1264 2442 1394 2477 lgnatium
1408 2440 1518 2469 nomine
1534 2440 1569 2468 de
1581 2440 1663 2468 Chri-

882 2499 946 2521 sto:
966 2493 1038 2520 Meus
1054 2496 1142 2518 autem
1165 2497 1240 2516 mor
1263 2488 1407 2522 cruciﬁxus
1429 2490 1484 2518 eat;
1502 2494 1552 2515 nec
1574 2493 1666 2519 repre-

883 2539 964 2566 hendi
980 2545 1042 2565 eum
1056 2543 1106 2571 pro
1120 2535 1172 2563 hoc
1184 2535 1295 2569 dignum
1311 2532 1414 2568 judico.

1401 2601 1424 2618 "
1444 2600 1452 2626 Ι
1473 2599 1544 2626 Tim.
1558 2606 1596 2630 vt,
1623 2597 1665 2624 ιο.

988 2643 1010 2659 ³³
1030 2641 1102 2668 Psal.
1119 2647 1190 2672 xc",
1207 2639 1233 2666 ὕ.

884 2702 966 2735 vobis,
985 2701 1056 2728 Deus
1070 2702 1096 2727 in
1113 2700 1212 2735 vobis,
1258 2733 1263 2735 _
1287 2733 1292 2735 _
1326 2732 1331 2735 _
1369 2730 1427 2735 ____
1602 2727 1607 2732 _

933 2729 976 2771 15')
986 2736 1077 2765 Codex
1090 2734 1240 2771 Qeceensis,
1251 2732 1353 2771 inierit.
1461 2729 1544 2771 editi,
1553 2729 1631 2771 gerit.

933 2738 976 2771 15)
986 2738 1077 2765 Codex
1090 2738 1240 2766 Beceensis,
1255 2738 1353 2759 tinem.
1370 2738 1447 2757 LIDD.
1461 2738 1544 2768 eun.,_
1553 2738 1582 2762 ge

920 2738 977 2808 iiii)
996 2771 1087 2800 Codex
1102 2768 1285 2800 Bclvaceusis,
1301 2765 1440 2793 Trinitatis
1454 2767 1583 2792 enuntiat.
