1892 3050
233 104 261 128 π
757 100 920 129 ORIGENIS
938 99 971 127 IN
990 99 1167 128 CANTICUM
1180 78 1318 128 ICANTIC.
1813 102 1848 130 rs

264 158 410 186 Sciendum
434 161 523 185 autem
542 156 614 193 quod
632 157 722 185 omnis
738 159 784 193 qui
808 159 848 185 vel
869 157 1009 192 pecuniam
1025 159 1049 187 Α
1063 157 1098 184 ita
1119 158 1288 192 temperabit,
1303 162 1333 185 ut
1346 158 1398 185 scit
1413 157 1450 185 illi
1471 158 1577 193 placere
1591 166 1673 193 quem
1695 159 1800 195 diligit:
1815 168 1845 188 nc

228 204 327 239 diligit,
344 204 386 231 vel
401 211 432 230 ea
450 211 511 238 quae
533 204 560 230 in
584 204 686 231 mundo
700 209 764 231 sunt
783 205 903 231 mater-ire
918 212 1013 232 comr-

229 249 341 284 ptibilis,
359 249 485 276 virtutem
504 248 645 276 charitatis
661 257 720 283 qum
731 257 764 276 ex
779 248 834 275 Deo
846 253 897 279 est.
910 249 942 276 ad
959 254 1014 276 ter-

230 302 294 321 rena
311 298 337 321 et
353 294 387 321 ad
404 294 506 321 caduca
519 294 637 325 deducit,
652 297 678 320 et
694 293 774 320 rebus
790 293 835 320 Dei
848 294 968 321 abutitur
979 294 1012 321 ad

229 348 261 367 ca
276 349 336 375 quae
353 348 405 368 non
422 341 479 368 vult
493 340 575 367 Deus.
593 339 649 366 Non
667 339 737 366 enim
757 338 827 366 Deus
839 339 1011 367 dilectionem

230 386 339 418 horum,
365 387 411 414 sed
438 393 517 414 usum
544 385 698 412 hominibus
725 384 808 412 dedit.
834 384 896 412 Haec
921 389 1011 412 autem

229 432 310 466 paulo
326 432 408 459 latius
419 431 608 462 discussimus,
622 430 741 457 volentes
758 429 792 457 de
809 431 1012 457 uatura'chari-

229 478 292 505 tatis
306 482 333 505 et
343 478 444 505 amoris
455 477 573 512 apertius
587 476 770 511 attentiusque
780 476 959 512 distinguere,
975 484 1010 504 ne

229 523 297 550 forte
320 523 447 558 quoniam
464 522 602 557 Scriptura
623 521 698 554 dicit,
719 522 783 557 quia
800 521 869 549 Deus
893 522 1010 550 clraritae

228 574 265 596 est
278 569 310 601 “,
325 576 404 597 omne
414 568 485 603 quod
500 567 621 602 diligitur
635 567 716 594 etiam
735 567 757 595 si
775 567 950 601 eorruplibile
964 567 1010 599 sit,

227 621 261 641 ex
277 613 330 641 Deo
345 620 415 644 csse,
430 617 457 640 et
479 613 531 640 hoc
546 612 666 639 charitas
684 616 711 639 et
728 612 836 639 dilectio
859 617 1009 647 putaretur.

228 658 279 686 Sed
297 658 448 685 ostenditur
462 665 505 685 res
519 658 628 692 quidem
640 657 696 690 Dei,
712 662 739 685 et
760 666 860 686 munus
879 658 939 693 ejus
950 665 1011 686 esse

225 704 354 736 charitas,
368 711 422 730 non
446 708 537 730 tamen
553 711 661 739 semper
681 704 717 731 ab
735 704 900 736 hominibus,
923 704 956 731 ad
979 712 1009 731 ea

225 756 285 783 quae
301 749 346 776 Dei
360 754 434 781 sunt,
448 754 476 777 et
489 757 550 785 quae.
565 750 635 777 Deus
655 750 713 776 vult
727 757 796 784 opus
813 749 873 784 ejus
887 750 989 777 assumi
1001 759 1008 782 ;

226 795 274 822 sed
288 798 316 821 et
331 795 385 822 hoc
405 795 475 822 scire
493 799 608 830 oportet,
624 795 697 830 quod
718 794 885 829 impossibile
904 799 956 826 est,
981 800 1010 822 ut

227 847 280 867 non
302 847 409 874 semper
431 841 550 867 humana
574 846 669 868 natura
696 840 797 875 aliquid
810 845 891 868 amet.
915 839 1010 868 Omnis

228 891 345 918 namque
357 885 404 919 qui
419 885 451 911 ad
465 885 490 912 id
506 886 593 913 :etatis
606 885 720 916 venerit,
740 892 822 920 quam
841 885 1008 920 pubertatem

226 935 334 962 vocant,
354 935 427 957 amat
445 931 546 966 aliquid
567 939 614 958 seu
639 931 728 958 minus
753 936 835 962 recte,
858 939 920 958 cum
937 937 1010 959 amat

225 982 285 1008 qua:
305 982 357 1002 non
380 980 500 1010 oportet;
520 983 567 1003 seu
588 981 660 1003 recte
682 982 708 1003 et
725 977 837 1010 utiliter,
858 984 920 1004 cum
937 981 1011 1004 :unat

226 1027 286 1053 quae.
301 1025 417 1054 oportet.
443 1019 540 1048 Verum
568 1022 693 1049 nonnulli
717 1022 791 1049 hunc
815 1023 917 1050 amoris
943 1023 1009 1050 aﬂ‘c-

225 1068 309 1093 ctum.
328 1065 374 1099 qui
396 1066 493 1092 animm
516 1067 671 1094 rationabili
692 1067 791 1095 insitus
812 1072 854 1096 est
879 1068 1009 1097 beuclicio

224 1109 390 1144 Conditoris,
405 1115 451 1138 aut
463 1111 496 1138 ad
510 1120 630 1139 amorem
642 1114 763 1147 pecuniae
780 1114 891 1141 trahunt
903 1119 929 1141 et
945 1122 1010 1142 ava-

226 1154 294 1181 ritia:
306 1155 434 1188 studium,
447 1162 494 1184 aut
505 1165 569 1192 erga
585 1158 699 1192 gloriam
717 1159 888 1193 captandam,
901 1164 927 1186 et
942 1159 1009 1187 fiunt

225 1199 313 1226 inauris
325 1201 416 1235 gloria:
431 1202 536 1237 cupidi;
559 1207 606 1230 aut
625 1211 688 1238 erga
706 1209 795 1231 scorta
821 1206 961 1236 sectanda,
982 1210 1008 1231 et

223 1245 397 1272 inveniuntur
421 1247 595 1281 impudicitia:
625 1248 800 1282 libidinisque
823 1249 939 1282 captivi;
962 1253 1010 1275 aut

223 1290 256 1315 al
272 1290 323 1316 alia
342 1291 384 1317 his
398 1291 496 1318 similia
515 1292 641 1318 virtutem
660 1293 727 1318 tanti
743 1292 806 1319 boni
825 1292 906 1326 hujus
922 1292 1009 1319 ellun-

222 1335 300 1361 dunt.
316 1334 369 1361 Sed
385 1341 410 1361 et
424 1343 485 1361 cuiu
502 1343 564 1370 erga
581 1337 704 1363 diversas
715 1342 788 1363 artes
800 1344 878 1363 amor
896 1337 946 1363 iste
956 1337 1009 1363 du-

223 1379 304 1412 citur,
316 1387 378 1414 quze
393 1388 474 1407 mauu
496 1381 698 1415 ministrautur,
711 1386 758 1408 aut
772 1390 820 1417 per
833 1382 922 1410 studia
937 1391 1008 1419 pra:—

222 1424 308 1451 sentis
321 1425 382 1452 vita:
401 1433 454 1452 non
477 1426 564 1453 solum
590 1426 754 1459 necessaria,
773 1431 801 1454 ut
823 1428 897 1455 verbi
921 1429 1008 1464 gratia

1064 201 1135 229 forte
1151 203 1174 228 si
1192 202 1219 229 iu
1241 202 1332 237 aliquo
1353 207 1446 230 contra
1469 203 1635 230 voluntatem
1658 203 1731 232 illius
1753 206 1844 240 egerit,

1063 247 1203 274 consortia
1216 247 1276 282 ejus
1293 247 1333 274 vir
1348 247 1392 274 ille
1415 247 1533 281 optimus
1555 247 1654 275 refutet
1674 254 1758 283 atque
1774 257 1844 284 sper-

1063 297 1110 318 nat
1121 292 1132 318 ?
1145 291 1282 319 Poteritne
1298 291 1355 319 haec
1379 292 1476 319 mulier
1491 300 1552 327 quae
1567 300 1630 328 erga
1651 300 1774 320 amorem
1796 294 1844 320 viri

1064 337 1137 364 illius
1160 341 1216 364 toto
1230 337 1322 370 corde,
1337 341 1392 365 tota
1415 338 1518 370 anima,
1534 338 1654 372 totisque
1672 338 1777 366 viribus
1794 339 1844 366 fer-

1063 387 1117 416 vet,
1135 387 1182 410 aut
1200 383 1361 410 adulterium
1382 384 1552 411 committere
1573 391 1635 418 qua:
1655 391 1719 411 eum
1742 386 1845 412 noverit

1063 435 1156 454 amare
1166 427 1344 462 pudicitiam?
1357 431 1405 454 aut
1425 427 1612 459 homicidium,
1635 435 1696 463 qua:
1713 435 1777 456 eum
1799 437 1844 456 no-

1062 473 1132 501 verit
1145 474 1257 501 mitem?
1273 478 1322 501 aut
1337 473 1448 505 furtum,
1463 481 1524 508 quae
1535 473 1559 501 ei
1573 475 1642 501 sciat
1657 474 1843 501 liberalitatem

1062 519 1185 555 placere?
1204 524 1250 547 aut
1270 519 1445 554 concupiscet
1467 519 1567 552 aliena,
1584 527 1645 554 quae
1664 527 1762 548 omnes
1780 527 1844 549 suas

1062 565 1297 600 concupiscentias
1312 572 1375 600 erga
1392 572 1513 592 amarem
1528 565 1578 592 viri
1598 565 1670 593 illius
1687 565 1787 593 habeat
1801 574 1845 594 oc—

1061 610 1190 645 cupatas?
1203 609 1247 637 Sic
1257 617 1321 645 ergo
1337 610 1364 636 in
1382 610 1523 637 charitatis
1538 610 1712 645 perfectione,
1725 616 1752 638 et
1765 620 1846 640 omne

1062 656 1219 683 mandatqu
1231 656 1377 683 restaurari
1391 655 1500 689 dicitur,
1513 661 1540 684 et
1554 657 1619 691 legis
1633 657 1720 684 virtus
1732 659 1847 692 prophe-

1062 706 1205 736 tarumque
1216 702 1341 735 pendere.
1354 701 1468 736 Propter
1480 702 1551 729 istud
1563 702 1703 730 charitatis
1713 704 1757 730 vel
1771 711 1845 730 amo-

1061 749 1099 775 ris
1113 748 1225 778 bonum,
1241 747 1327 775 sancti
1344 755 1395 775 nec
1411 748 1438 774 in
1454 748 1626 776 tribulatione
1643 750 1845 784 angustiantur,

1061 800 1110 820 nec
1125 793 1239 828 aporiati
1257 793 1461 828 exaporiantur,
1477 801 1526 821 nec
1539 794 1634 829 dejecti
1653 800 1779 829 pereunt,
1800 796 1845 822 sed

1061 839 1132 873 quod
1155 839 1181 865 in
1199 839 1326 873 praesenti
1337 843 1379 866 est
1393 843 1623 871 momentaneum.
1636 844 1663 867 et
1676 840 1734 868 leve
1757 841 1846 868 tribu-

1061 884 1170 912 lationis
1187 892 1281 912 eorum
1296 892 1377 919 supra
1404 885 1513 912 modum
1528 890 1658 913 aeternum
1672 886 1766 921 gloriae
1779 894 1846 921 pou-

1060 930 1111 957 dus
1122 935 1249 965 operatur
1263 930 1327 958 illis.
1336 929 1395 958 Non
1408 931 1480 958 enim
1490 931 1628 963 omnibus,
1641 933 1687 959 sed
1701 932 1800 965 Paulo,
1821 939 1847 961 et

1061 976 1103 1003 his
1121 976 1168 1011 qui
1181 976 1205 1003 ei
1221 976 1323 1004 similes
1338 981 1411 1009 sunt,
1429 984 1547 1012 praesens
1574 978 1632 1006 haec
1655 983 1682 1005 et
1693 984 1847 1006 momenta-

1060 1029 1110 1048 nea
1125 1029 1157 1049 ac
1171 1022 1237 1050 levis
1253 1022 1351 1050 dicitur
1366 1023 1520 1050 tribulatio:
1541 1024 1603 1058 quia
1619 1023 1765 1058 perlectam
1781 1024 1846 1052 cha-

1060 1067 1166 1094 ritzrtein
1188 1067 1234 1095 Dei
1257 1068 1284 1095 in
1300 1067 1411 1096 Christo
1421 1067 1485 1095 Jesu
1506 1076 1554 1104 per
1570 1068 1700 1103 Spiritum
1717 1074 1844 1097 sanctum

1059 1112 1111 1148 31
1131 1114 1231 1140 habent
1245 1113 1272 1140 in
1286 1114 1368 1141 corde
1393 1121 1443 1141 suo
1467 1114 1604 1141 dill‘usam.
1623 1114 1670 1142 Sic
1688 1115 1807 1150 denique
1821 1121 1846 1143 et

1059 1157 1144 1186 Jacoh
1159 1160 1342 1193 patriarcham
1356 1167 1433 1186 amor
1448 1159 1550 1187 Rachel
1568 1168 1616 1195 per
1634 1165 1737 1196 septem
1757 1170 1844 1189 annos

1060 1204 1204 1232 continuos
1222 1204 1248 1231 iu
1267 1204 1404 1232 laboribus
1418 1206 1534 1240 positum
1549 1207 1639 1234 diurni
1655 1212 1738 1236 :estus
1752 1213 1781 1237 et
1796 1217 1845 1237 uo~

1060 1250 1149 1276 eturni
1175 1249 1282 1284 frigoris
1307 1250 1441 1277 ustionem
1469 1251 1571 1279 sentire
1591 1260 1644 1279 non
1670 1253 1770 1280 sivit“.
1802 1255 1846 1282 Sic

1061 1294 1149 1328 ipsum
1165 1293 1277 1321 Paulum
1298 1295 1324 1321 in
1339 1302 1432 1322 amore
1445 1295 1526 1330 hujus
1542 1297 1681 1325 incensum
1698 1299 1794 1326 audito
1807 1300 1846 1326 rli-

1059 1344 1164 1367 centem
1182 1350 1188 1367 :
1204 1340 1327 1368 Charitas
1340 1342 1428 1368 omnia
1445 1343 1557 1376 patitur,
1571 1344 1660 1370 omnia
1675 1345 1770 1378 credit,
1789 1353 1847 1371 ont-

1060 1387 1105 1413 nia
1120 1393 1217 1421 speral,
1229 1388 1317 1414 omnia
1331 1388 1436 1422 tolerat,
1450 1389 1568 1416 charitas
1581 1398 1715 1425 nunquam
1728 1392 1801 1418 cadit
1812 1393 1844 1420 “.

1058 1432 1130 1460 Nihil
1149 1441 1214 1469 ergo
1228 1439 1270 1461 est
1285 1434 1356 1469 quod
1383 1443 1437 1463 non
1459 1436 1565 1469 toleret,
1582 1437 1629 1471 qui
1648 1437 1769 1472 perfecte
1781 1438 1844 1465 dili-

222 1469 348 1501 αἰωνίων
366 1477 428 1505 erga
441 1474 524 1498 artem
543 1470 733 1506 Palmlricam.
746 1472 788 1499 νει
810 1480 908 1500 cursus
926 1481 1004 1500 εἰει·-
1019 1487 1044 1517 c
1059 1479 1106 1514 git.
1128 1479 1208 1505 l‘lura
1232 1483 1321 1506 autem
1345 1481 1454 1515 quando
1479 1489 1532 1508 nou
1559 1481 1715 1516 toleramus,
1739 1488 1844 1511 certum

221 1514 295 1546 cilia,
309 1518 355 1542 aut
371 1520 443 1542 certe
458 1515 538 1544 etiam
553 1524 616 1552 erga
640 1518 842 1551 geometricam,
859 1518 900 1545 vel
921 1519 1007 1546 musi-

221 1567 293 1592 cam,
309 1560 350 1587 vel
367 1561 566 1588 arithmeticam
577 1561 727 1594 confertur,
743 1567 823 1597 atque
837 1564 871 1590 ad
884 1564 953 1591 alias
965 1565 1006 1592 vel

223 1605 411 1640 hujuscemodi
424 1606 592 1642 disciplinas,
608 1614 658 1635 nec
672 1607 712 1635 sic
728 1608 837 1642 quidem
852 1609 919 1635 mihi
933 1609 1008 1636 vide-

221 1654 266 1677 tur
279 1658 346 1678 usus
357 1651 416 1686 ejus
430 1651 605 1685 probabiliter
620 1652 703 1680 sumi.
727 1653 756 1680 Si
771 1654 842 1680 enim
863 1654 936 1688 quod
955 1655 1006 1681 bo-

222 1702 286 1721 num
299 1700 351 1727 est,
367 1696 420 1723 hoc
433 1701 461 1724 et
473 1696 611 1731 probabile
631 1702 688 1731 est;
708 1698 809 1726 bonum
833 1704 922 1726 autem
942 1707 1006 1734 pro-

221 1740 280 1775 prie
295 1748 347 1768 uon
364 1749 426 1776 erga
440 1750 506 1769 usus
527 1750 684 1778 corporcos,
705 1744 751 1771 sed
766 1744 793 1770 iu
810 1743 866 1771 Deo
886 1745 1004 1780 primum

220 1791 247 1814 et
272 1787 356 1814 animi
382 1788 528 1815 virtutibus
549 1788 724 1823 intelligitur;
743 1795 939 1825 consequenter
960 1792 1006 1820 ille

221 1839 299 1859 amor
321 1833 469 1867 probabilis
491 1838 543 1866 est,
560 1834 607 1868 qui
627 1833 681 1861 Deo
701 1839 728 1862 et
751 1835 835 1862 animi
860 1835 1005 1865 virtutibus

221 1882 372 1912 coaptatur.
391 1878 424 1905 Et
439 1879 491 1906 hoc
511 1878 548 1906 ita
571 1887 600 1907 se
616 1879 715 1907 habere
738 1880 895 1909 deﬁnitione
919 1882 1006 1916 ipsius

222 1919 369 1948 Salvatoris
392 1921 554 1956 ostenditur,
569 1922 615 1950 ubi
638 1923 821 1958 interrogatus
841 1932 856 1952 ι
872 1925 1003 1961 quodam,

219 1966 292 2001 quod
306 1972 378 1994 esset
397 1966 552 1994 mandatum
580 1968 704 1996 omnium
726 1968 888 2004 maximum,
901 1974 928 1998 et
948 1971 1004 2006 pri-

221 2019 294 2039 mum
317 2012 344 2039 in
365 2012 432 2047 lege,
455 2012 615 2047 respondit:
632 2012 731 2048 Diliges
758 2013 899 2042 Dominum
922 2015 1004 2042 Deum

222 2065 296 2086 tuum
310 2067 341 2085 ex
359 2064 413 2085 toto
427 2060 504 2086 corde
519 2064 574 2091 tuo.
588 2063 613 2086 et
627 2067 659 2086 ea:
674 2064 730 2086 tota
743 2059 833 2087 anima
853 2065 909 2092 tua,
926 2066 951 2088 et
972 2069 1003 2088 ea:

221 2106 282 2131 totis
297 2105 393 2132 uiribus
409 2105 472 2132 tuis.
488 2104 636 2132 Secundum
650 2113 709 2132 rem
726 2106 811 2132 simile
823 2112 861 2133 est
877 2107 939 2133 illi:
955 2107 1003 2134 Di-

221 2150 285 2185 liges
297 2151 447 2184 proximum
468 2155 542 2177 tuum
562 2151 630 2177 sicut
647 2151 767 2185 teipsum.
786 2151 819 2178 Et
835 2152 950 2187 adjecit:
969 2153 1002 2180 In
1017 2150 1040 2180 ι)

221 2195 261 2222 his
271 2196 371 2222 duobus
383 2196 516 2222 mandatis
527 2197 610 2224 omnis
625 2196 667 2223 lea:
679 2197 771 2231 pendet
784 2202 808 2224 et
821 2199 951 2233 propheta
960 2200 981 2216 "
994 2209 1002 2228 :

220 2242 366 2269 ostendens
375 2249 423 2276 per
436 2241 494 2269 haec
507 2242 562 2270 duo
577 2242 682 2277 justum
702 2250 822 2271 amorem
838 2245 1001 2279 legitimum-

219 2294 273 2321 que
288 2291 424 2320 constare,
440 2291 522 2322 atque
545 2288 572 2314 iu
597 2287 639 2314 his
661 2287 814 2315 universam
834 2289 918 2324 legem
935 2298 1000 2326 pro-

220 2331 369 2367 phetasque
383 2331 509 2366 pendere.
525 2331 577 2359 Sed
594 2337 621 2359 et
633 2332 704 2367 quod
716 2333 769 2360 ait:
788 2333 848 2360 Non
865 2335 1001 2362 adultera-

220 2377 276 2408 ln's;
298 2385 349 2403 non
371 2376 486 2408 occides;
510 2385 560 2404 non
584 2376 685 2412 furtum
705 2378 804 2412 facies;
827 2387 877 2406 non
901 2380 999 2414 falsum

219 2423 398 2450 testimonium
414 2422 484 2449 dicen
498 2422 536 2455 “;
552 2427 580 2450 et
598 2422 620 2450 si
644 2423 717 2458 quod
734 2424 807 2450 aliud
830 2425 999 2457 mandatum,

219 2469 246 2496 in
262 2468 313 2495 hoc
329 2467 409 2495 verbo
421 2472 599 2501 restauratur,
615 2468 643 2494 iu
657 2475 711 2502 quo
724 2468 762 2495 ait
777 2477 783 2495 :
798 2468 895 2504 Diliges
910 2470 1000 2504 proxi-

218 2521 288 2540 mum
309 2517 383 2539 tuum
397 2513 463 2539 sicut
479 2513 600 2548 Ieipsum,
616 2512 689 2547 quod
712 2512 765 2540 hoc
785 2513 868 2541 modo
891 2513 999 2541 facilius

215 2558 415 2594 explauabitur.

250 2612 397 2646 Ponamus,
411 2613 483 2641 verbi
506 2620 599 2645 causa,
613 2611 754 2639 mulierem
775 2618 869 2638 amore
882 2611 997 2646 alicujus

215 2661 265 2687 viri
287 2660 437 2690 ardentem.
461 2658 670 2694 cupientemque
693 2657 721 2683 iu
743 2657 912 2684 c0nsortium
936 2658 996 2693 ejus

215 2704 321 2737 ascisci,
337 2711 428 2731 nonne
439 2703 531 2730 omnia
544 2703 580 2730 ita
591 2705 663 2736 aget,
678 2706 706 2728 et
717 2707 814 2727 omnes
828 2706 917 2729 motus
930 2710 996 2730 suos

247 2763 270 2779 ⁸⁸
290 2763 298 2789 l
314 2762 392 2790 Joau.
412 2769 448 2793 tv,
466 2761 493 2788 8.
537 2761 559 2777 “
579 2759 672 2788 Matth.
688 2767 757 2795 uti,
773 2760 819 2794 '57,
834 2759 878 2793 59,
898 2760 942 2788 40.

215 2799 236 2814 ⁸⁸
257 2798 349 2827 Matth.
365 2805 404 2831 at,
435 2795 482 2823 27.

986 2761 1008 2778 "
1028 2761 1122 2790 Matth.
1139 2770 1194 2797 xu,
1216 2762 1258 2789 l8.

1058 1524 1131 1559 quod
1154 1525 1187 1551 ob
1210 1525 1262 1552 hoc
1285 1525 1348 1559 quia
1369 1526 1529 1554 charitatem
1545 1535 1605 1561 qua:
1617 1528 1708 1555 omnia
1735 1529 1844 1561 tolerat.

1059 1578 1111 1597 nou
1129 1570 1271 1597 habemus.
1290 1570 1322 1598 Et
1339 1571 1360 1598 si
1378 1579 1432 1598 non
1457 1571 1570 1600 ferimus
1591 1573 1681 1608 aliqua
1697 1574 1844 1609 patienter,

1058 1615 1158 1642 idcirco
1184 1620 1225 1642 cst
1248 1616 1311 1649 quia
1337 1615 1457 1643 Charitas
1481 1616 1559 1644 nobis
1576 1617 1735 1652 decst,qu:e
1751 1620 1845 1646 omnia

1057 1660 1168 1695 patitur.
1184 1659 1213 1687 ln
1229 1660 1376 1688 luctamine
1391 1669 1500 1696 quoque
1513 1669 1545 1689 eo
1561 1663 1633 1696 quod
1649 1668 1692 1690 est
1704 1664 1783 1692 nobis
1797 1665 1845 1692 ad-

1056 1713 1151 1739 versus
1171 1705 1320 1739 diabolum,
1346 1708 1419 1741 quod
1447 1707 1603 1742 frequenter
1621 1708 1757 1742 eadimus,
1788 1718 1843 1738 non

1056 1749 1168 1777 dubium
1185 1754 1226 1777 cst
1240 1750 1305 1784 quiti
1327 1751 1362 1777 ob
1378 1751 1428 1777 hoc
1445 1750 1492 1777 fiat
1508 1752 1580 1786 quod
1597 1760 1650 1779 non
1665 1758 1707 1780 est
1721 1753 1748 1780 iu
1764 1756 1845 1782 nobis

1056 1794 1174 1822 charitas
1190 1794 1233 1820 illa
1256 1801 1317 1829 quae
1332 1802 1470 1829 nunquam
1487 1794 1569 1822 cadit.
1591 1795 1669 1824 Hunc
1680 1805 1746 1832 ergo
1763 1806 1843 1826 amo-

1056 1847 1112 1867 rem
1128 1840 1248 1874 loquitur
1261 1847 1378 1875 prazsens
1396 1839 1546 1874 Scriptura,
1569 1849 1624 1876 quo
1640 1849 1703 1877 erga
1728 1841 1843 1871 verbum

1055 1885 1102 1912 Dei
1117 1886 1206 1912 anima
1224 1886 1301 1912 beata
1318 1885 1401 1912 utitur
1412 1889 1439 1912 et
1450 1885 1648 1920 inflammatur;
1659 1892 1687 1915 et
1699 1888 1771 1916 istud
1784 1890 1844 1924 epi-

1054 1931 1176 1958 thalamii
1193 1939 1302 1958 carmen
1328 1939 1376 1966 per
1397 1932 1521 1966 spiritum
1545 1932 1617 1959 cauit
1638 1940 1694 1968 quo
1719 1933 1843 1962 Ecclesia

1054 1984 1154 2012 sponso
1170 1977 1274 2004 caelesti
1287 1976 1396 2004 Christo
1410 1977 1583 2012 conjungitur
1598 1985 1631 2005 ac
1646 1979 1781 2012 sociatur,
1795 1980 1844 2007 dc-

1054 2023 1177 2050 sideraus
1193 2022 1299 2049 misceri
1314 2022 1338 2049 ei
1356 2030 1403 2057 per
1418 2023 1541 2056 verbum,
1558 2028 1588 2050 ut
1598 2024 1734 2059 concipiat
1746 2033 1781 2052 ex
1797 2034 1843 2058 eo,

1053 2074 1080 2095 et
1094 2067 1193 2094 salvari
1212 2068 1296 2102 possit
1312 2075 1359 2102 per
1383 2067 1453 2095 hanc
1469 2073 1572 2095 castam
1591 2068 1707 2096 filiorum
1724 2078 1845 2105 genera-

1055 2113 1165 2144 tionem.
1177 2121 1238 2141 cum
1256 2113 1453 2148 permanserint
1465 2113 1491 2139 iu
1504 2113 1566 2145 ﬁde,
1580 2119 1607 2141 et
1619 2116 1765 2143 sanctitate
1777 2125 1843 2144 cum

1054 2157 1201 2185 sobrietate
1220 2167 1226 2184 :
1241 2162 1333 2192 utpote
1346 2157 1468 2191 concepti
1483 2165 1515 2184 ex
1529 2158 1632 2186 semine
1649 2159 1758 2193 quidem
1775 2160 1845 2188 Vei-

1054 2203 1081 2230 bi
1103 2202 1161 2235 Dei,
1174 2203 1238 2230 editi
1253 2211 1317 2230 vero
1331 2203 1468 2238 genitique
1483 2203 1525 2230 vel
1541 2204 1576 2231 ab
1593 2204 1768 2232 immaculata
1790 2205 1845 2233 Ec-

1053 2249 1145 2281 clesia,
1160 2249 1202 2275 vel
1228 2249 1263 2275 ab
1284 2249 1375 2276 anima
1393 2249 1459 2275 nihil
1478 2256 1652 2283 corporeum,
1666 2249 1734 2276 nihil
1752 2256 1844 2279 mate-

1053 2294 1120 2321 riale
1139 2294 1302 2328 requirente,
1319 2294 1365 2321 sed
1381 2294 1440 2321 solo
1454 2293 1533 2321 Verbi
1552 2294 1597 2322 Dei
1612 2302 1705 2322 amore
1719 2295 1843 2330 ﬂagran-

1053 2344 1088 2367 te.
1107 2339 1167 2366 Haec
1195 2339 1302 2366 interim
1327 2339 1406 2366 nobis
1427 2339 1460 2366 ad
1485 2347 1604 2374 praesens
1623 2340 1656 2366 de
1676 2347 1783 2374 amore.
1801 2342 1843 2369 vel

1053 2385 1196 2416 charitate,
1210 2392 1271 2418 quae
1288 2385 1314 2410 iu
1331 2385 1505 2418 epithalamio
1520 2385 1571 2412 hoc
1586 2385 1690 2412 Cautici
1713 2387 1844 2415 cantico-

1053 2437 1113 2456 rum
1139 2429 1264 2460 refcrtur,
1286 2436 1430 2456 occurrere
1445 2434 1600 2464 potuerunt.
1619 2430 1671 2457 Sed
1693 2432 1841 2460 sciendum

1052 2481 1094 2502 est
1110 2480 1162 2502 tam
1181 2475 1265 2502 multa
1288 2483 1349 2503 esse
1372 2483 1433 2510 qum
1448 2476 1500 2502 diei
1513 2476 1628 2503 debeant
1648 2476 1682 2503 de
1703 2477 1842 2506 charitatc

1052 2521 1113 2552 hac,
1129 2527 1229 2555 quanta
1244 2526 1271 2548 et
1283 2521 1316 2548 de
1335 2522 1388 2548 Deo
1405 2530 1411 2548 :
1427 2521 1559 2556 siquidem
1577 2522 1632 2556 ipse
1648 2527 1690 2549 est
1702 2523 1840 2552 charitas.

1053 2567 1127 2594 Sicut
1140 2568 1210 2595 enim
1227 2575 1301 2594 nemo
1320 2568 1388 2594 novit
1405 2565 1512 2594 Patrem
1523 2569 1574 2594 nisi
1591 2567 1688 2602 Filius,
1700 2574 1724 2596 ct
1737 2571 1781 2597 cui
1795 2579 1842 2598 νο-

1050 2612 1128 2639 luerit
1151 2612 1237 2639 Filius
1252 2613 1410 2646 ret-clare";
1427 2613 1463 2640 ita
1487 2621 1566 2640 tremo
1581 2615 1654 2641 novit
1671 2615 1842 2645 charitatem

1050 2659 1102 2686 nisi
1125 2658 1219 2686 Filius.
1245 2659 1376 2686 Similiter
1397 2665 1488 2687 autem
1509 2660 1588 2687 etiam
1618 2660 1705 2694 ipsum
1722 2660 1841 2696 Filium,

1050 2706 1177 2740 quoniam
1189 2710 1217 2732 et
1234 2705 1291 2740 ipse
1303 2705 1422 2733 charitas
1433 2710 1485 2738 est,
1505 2706 1617 2741 ipsaque
1633 2714 1664 2732 ex
1684 2706 1740 2734 Deo
1754 2707 1841 2736 Patre

1314 2762 1337 2778 ⁸³
1355 2762 1423 2790 Gen.
1439 2770 1495 2789 xtx.
1534 2763 1557 2778 “
1577 2764 1586 2789 ι
1601 2763 1666 2790 Cor.
1685 2771 1733 2791 xm
1764 2764 1792 2798 ἲ,
1809 2766 1838 2795 8.
