1892 3050
61 125 92 153 73
767 122 961 152 PROLOGUS.
1651 127 1684 154 78

61 187 98 208 est
113 180 246 214 Charitas,
261 189 343 208 nemo
355 181 406 209 scit
418 182 470 209 nisi
485 180 574 210 Pater.
585 182 686 209 Tamen
700 182 849 209 secundum
865 187 886 214 Α
901 189 959 216 qua
976 185 1013 208 est
1031 182 1065 208 ad
1079 190 1153 209 oram
1166 183 1259 215 maris,
1273 187 1297 210 et
1311 182 1491 218 multiplicata
1503 189 1541 212 est
1560 186 1589 212 in
1604 194 1633 213 eo
1644 195 1685 214 u-

61 227 107 254 lmc
132 227 206 261 quod
230 227 354 255 charitas
373 228 471 255 dicitur
495 228 551 263 ipse
568 228 639 255 Deus
661 227 752 260 Pater,
768 228 807 255 sic
824 232 850 255 et

62 273 142 300 Filius
157 273 205 307 qui
219 281 252 300 ex
266 273 346 301 Patre
359 274 490 308 procedit,
503 280 529 301 et
544 274 604 301 ideo
618 274 668 301 scit
682 282 743 309 quae
755 274 780 301 in
794 273 849 301 Deo

60 323 130 351 sunt,
147 319 219 346 sicut
245 320 360 354 spiritus
382 320 503 347 hominis
528 320 578 347 scit
603 328 664 354 quae
690 320 717 346 in
741 320 850 347 homine

61 370 130 392 sunt.
148 364 226 392 Nunc
245 373 310 393 vero
326 365 483 393 Paracletus
499 365 566 400 (I7),
582 365 701 401 Spiritus
715 366 848 398 veritatis,

60 411 104 445 qui
123 411 156 438 de
175 410 257 438 Patre
274 411 405 446 procedit,
422 411 519 439 circuit
535 419 659 446 quaerens
677 411 699 438 si
716 419 785 446 quas
807 411 849 437 iu-

59 457 149 483 veniat
175 456 273 492 dignas
297 461 325 484 et
347 464 462 492 capaces
488 456 604 489 animas,
625 456 726 491 quibus
752 456 850 484 revolet

59 503 275 537 magnitudinem
303 502 446 530 charitatis
472 502 555 537 hujus
578 509 638 537 quze
659 510 692 529 ex
719 501 774 528 Deo
797 507 847 529 est.

58 547 135 575 Nunc
155 555 221 583 ergo
241 548 298 583 jam
321 549 410 582 ipsum
426 547 510 574 Deum
530 546 649 578 Patrem,
668 546 713 582 qui
729 546 849 574 charitas

58 599 108 628 est,
118 595 290 627 invocantes,
300 601 347 629 per
358 602 416 621 eam
433 602 493 628 quae
508 602 540 620 ex
553 594 612 628 ipso
623 598 664 620 est
676 592 846 623 charitatem,

58 641 140 667 etiam
169 640 202 667 ad
227 639 329 674 reliqua
347 639 517 666 discutienda
533 639 685 666 veniamus.
714 638 746 666 Et
762 642 848 666 tente-

58 694 120 712 mus
137 686 256 720 primum
274 684 307 711 de
325 691 358 712 eo
373 684 511 720 requirere
528 684 593 718 quid
619 684 685 710 illud
709 684 754 718 sit,
777 683 848 718 quod

56 739 120 758 cum
134 736 187 757 tria
204 731 344 758 volumina
358 730 477 759 Ecclesia
495 729 541 757 Dei
557 738 571 757 a
585 730 730 758 Salomone
747 730 848 764 scripta

56 776 222 811 susceperit,
235 778 339 811 primus
358 784 390 803 ex
404 776 469 811 ipsis
485 775 695 803 Proverbiorum
716 775 784 802 liber
800 783 849 810 po-

56 823 127 850 situs
150 822 198 854 sit,
214 822 350 850 secundus
374 822 397 850 is
419 822 465 857 qui
487 821 663 849 Ecclesiastes
686 821 847 856 appellatur,

57 869 137 895 tertio
155 876 220 895 vero
234 868 260 895 in
278 868 338 895 loco
351 867 455 896 Cantici
475 867 642 894 canticorum
658 867 783 894 volumen
799 868 849 894 ha-
864 856 886 884 Β

57 915 165 942 beatur.
185 914 251 947 Quae
272 922 337 949 ergo
355 914 434 942 nobis
450 921 594 941 occurrere
616 913 721 948 possint
744 913 771 939 in
799 913 850 940 hoc

57 962 127 994 loco,
149 962 202 989 ista
227 965 301 988 sunt.
316 960 462 988 Generales
477 958 626 995 disciplinae
642 959 742 994 quibus
757 960 790 986 ad
808 967 850 987 re-

59 1013 117 1032 rum
145 1005 289 1032 scientiam
315 1004 472 1039 pervenitur
497 1009 552 1032 tres
579 1008 652 1036 sunt,
675 1011 743 1039 quas
763 1004 848 1032 Graeci

56 1051 187 1081 ethicam,
205 1051 344 1086 physicam
361 1055 386 1077 et
409 1050 545 1078 theoriccn
569 1048 782 1085 appellaverunt,
800 1058 850 1078 nos

58 1097 106 1125 has
117 1097 211 1125 dicere
226 1104 371 1132 possumus
383 1096 525 1130 moralem,
540 1096 690 1123 naturalem
713 1101 740 1124 et
760 1097 850 1132 inspe-

61 1144 178 1170 ctivam.
193 1142 322 1170 Nonnulli
339 1150 404 1170 sane
422 1142 493 1177 apud
514 1141 623 1169 Grzecos
637 1142 717 1170 etiam
732 1141 848 1177 logicen,

57 1197 140 1224 quam
168 1196 220 1215 nos
243 1187 404 1215 rationalem
428 1195 575 1222 possumus
591 1187 692 1220 dicere,
708 1192 806 1222 quarto
822 1187 850 1214 in

59 1241 174 1261 nutncro
190 1241 316 1268 posuere.
331 1233 384 1260 Alii
401 1241 455 1260 non
470 1233 640 1260 extrinsecus
654 1240 725 1266 eam,
743 1233 789 1261 sed
804 1240 851 1268 per

57 1279 107 1307 bas
124 1285 182 1307 tres
198 1287 268 1315 quas
288 1287 371 1314 supra
396 1280 610 1306 memoravimus
634 1279 791 1314 disciplinas
806 1280 849 1308 in-

59 1333 157 1352 nexam
174 1330 385 1359 eonsertamque
407 1332 456 1360 per
478 1331 560 1351 omne
579 1331 680 1359 corpus
698 1332 758 1352 esse
774 1325 850 1353 dixe-

59 1375 132 1396 runt.
149 1369 199 1397 Est
215 1370 288 1397 enim
302 1369 414 1404 Iogices,
435 1375 462 1397 et
484 1369 557 1396 velut
571 1376 620 1396 nos
638 1369 754 1396 dicimus
767 1369 848 1397 ratio-

58 1417 138 1448 nalis,
150 1424 212 1451 quae
225 1417 371 1453 verborum
388 1416 577 1450 dictorumque
589 1415 697 1442 videtur
713 1417 852 1444 continere

59 1462 192 1494 rationes,
211 1461 458 1496 proprietatesque,
472 1465 499 1489 et
524 1461 750 1496 improprietates,
769 1468 850 1497 gene-

902 228 1001 262 pientia
1020 236 1098 262 super
1111 236 1198 256 onum
1213 230 1336 264 antiquos
1351 230 1422 264 ﬁlios
1436 230 1582 265 hominum,
1594 237 1619 258 et
1639 241 1685 259 au-

901 281 947 307 per
961 281 1049 300 omnes
1063 274 1193 308 sapientes
1210 273 1321 310 Egypti
1331 275 1364 302 “.

938 317 1065 345 Salomon
1086 325 1150 353 ergo
1173 323 1228 346 tres
1244 318 1321 352 istas,
1335 327 1404 354 quas
1417 328 1499 355 supra
1511 321 1631 350 diximus
1645 330 1687 358 ge-

902 364 1007 391 nerales
1019 371 1080 391 esse
1094 364 1262 399 disciplinas,
1279 366 1305 393 id
1318 369 1360 393 est
1376 367 1518 400 moralem,
1535 369 1687 396 naturalem

901 413 928 435 et
941 408 1130 443 inspectivam,
1143 409 1310 445 distinguere
1324 411 1359 438 ab
1373 411 1489 439 invicem
1503 419 1535 440 ac
1545 420 1689 441 secernere

901 454 1005 484 volens,
1022 454 1109 482 tribus
1123 462 1170 482 cas
1182 455 1280 483 libellis
1295 456 1389 488 edidit,
1405 464 1456 485 suo
1472 465 1581 494 quoque
1593 459 1689 487 ordine

901 499 1016 534 singulis
1033 505 1231 535 consequenter
1252 502 1360 536 aptatis.
1383 502 1477 530 Primo
1495 511 1562 539 ergo
1581 505 1608 532 in
1622 504 1688 532 Pro-

902 545 1002 574 verbiis
1013 547 1143 574 moralem
1155 547 1248 575 docuit
1260 548 1529 583 locum,succiuctis,
1543 555 1573 578 ut
1587 551 1687 585 decuit,

901 592 1082 628 brevibusque
1107 594 1249 622 sententiis
1272 594 1334 622 vita:
1355 595 1479 623 instituta
1508 604 1686 632 componens.

904 636 1057 665 Secundam
1070 645 1137 665 vero
1149 646 1210 673 qua;
1226 640 1360 668 naturalis
1382 641 1542 676 appellatur,
1561 650 1688 678 compre-

901 683 994 710 hendit
1006 684 1032 710 in
1052 683 1216 713 Ecclesiaste
1231 695 1236 712 :
1254 685 1281 713 in
1293 694 1347 721 quo
1362 688 1446 723 multa
1461 687 1496 716 de
1512 689 1594 717 rebus
1613 694 1690 717 natu-

900 729 1004 756 ral'rbus
1019 729 1166 762 disserens,
1177 734 1205 758 et
1217 731 1308 758 inania
1325 739 1356 759 ac
1368 740 1437 760 vana
1459 733 1494 761 ab
1507 734 1620 762 utilibus
1642 743 1690 762 ne-

901 776 1082 811 cessariisque
1114 783 1279 809 secernens,
1306 778 1511 814 relinquendam
1541 781 1688 809 vanitatem

901 826 1010 853 monet,
1035 825 1062 848 et
1089 821 1165 849 utilia
1193 827 1321 858 rectaque
1345 825 1483 852 sectanda.
1507 824 1688 860 lnspectivum

900 874 1010 902 quoque
1031 867 1120 894 locum
1145 868 1172 895 in
1197 868 1249 896 hoc
1264 869 1357 896 libello
1374 870 1497 903 tradidit,
1510 872 1557 907 qui
1574 871 1690 901 habetur

900 911 954 947 32
979 913 1006 939 in
1032 913 1169 945 manibus,
1183 914 1209 941 id
1226 918 1266 942 est
1289 915 1316 942 in
1338 915 1452 943 Cantico
1463 918 1644 950 canticorum,
1661 922 1688 947 in

901 965 956 992 quo
973 966 1093 986 amorem
1118 959 1268 987 caelestium
1291 961 1502 998 divinorumque
1523 964 1688 993 desiderium

902 1004 1000 1031 incutit
1011 1004 1109 1031 animas
1125 1006 1176 1032 sub
1189 1006 1279 1040 specie
1290 1014 1397 1041 sponsae
1406 1016 1439 1036 ac
1453 1009 1556 1044 sponsi,
1570 1010 1691 1038 charita-

902 1049 936 1076 tis
950 1054 977 1076 et
990 1050 1092 1077 amoris
1103 1050 1154 1078 viis
1167 1052 1377 1086 perveniendum
1402 1054 1502 1082 docens
1521 1055 1555 1083 ad
1577 1063 1690 1084 consor-

901 1095 969 1122 tium
987 1095 1046 1123 Dei.
1063 1095 1120 1123 Hoc
1137 1103 1203 1124 vero
1217 1104 1279 1124 eum
1299 1105 1369 1126 verae
1390 1099 1570 1136 philosophia:
1592 1101 1690 1130 funda~

902 1145 1023 1168 mentum
1041 1146 1198 1176 ponentem,
1217 1148 1244 1171 et
1266 1143 1388 1171 ordinem
1416 1145 1623 1180 disciplinarum
1649 1149 1690 1175 iu-

902 1187 1131 1223 stitutionumque
1146 1189 1320 1223 condentem,
1341 1191 1413 1226 quod
1437 1199 1490 1219 non
1507 1193 1625 1226 latuerit,
1647 1203 1691 1222 ne-

901 1239 956 1267 que
969 1233 1004 1260 ab
1019 1240 1052 1260 eo
1070 1234 1193 1269 abjectus
1208 1234 1244 1262 sit
1257 1235 1338 1262 etiam
1359 1237 1501 1264 rationalis
1526 1238 1613 1272 locus,
1634 1241 1690 1267 evi-

902 1278 997 1306 denter
1017 1280 1135 1308 ostendit
1151 1281 1178 1308 in
1202 1281 1336 1316 principio
1361 1284 1452 1311 statim
1478 1284 1687 1314 Proverbiorum

903 1331 1026 1352 suorum.
1044 1324 1136 1352 Primo
1156 1326 1277 1353 omnium
1292 1335 1340 1361 per
1354 1328 1405 1355 hoc
1419 1328 1508 1364 ipSum
1530 1331 1601 1366 quod
1623 1331 1691 1359 Pro-

903 1371 996 1399 verbia
1019 1372 1168 1400 attitulavit
1187 1372 1308 1401 libellum
1326 1382 1418 1409 suum,
1431 1377 1502 1411 quod
1525 1378 1618 1412 utique
1640 1387 1690 1405 no-

903 1424 965 1444 men
981 1417 1115 1452 signiﬁcat
1130 1418 1203 1446 aliud
1218 1419 1328 1454 quidem
1350 1421 1441 1456 palam
1459 1423 1524 1455 dici,
1537 1424 1610 1452 aliud
1625 1433 1691 1452 vero

903 1462 1069 1491 intrinsecus
1082 1464 1207 1492 indicari.
1226 1465 1283 1493 Hoc
1304 1467 1376 1494 enim
1397 1473 1424 1495 et
1446 1471 1600 1498 communis
1623 1478 1690 1498 usus

60 1515 153 1542 raque,
167 1512 195 1535 et
207 1508 323 1543 spccics,
333 1513 359 1535 et
371 1507 471 1543 ﬁguras
483 1507 653 1543 singulorum
665 1515 774 1543 quoque
785 1508 850 1535 edo-
864 1522 885 1550 ο
902 1508 1108 1542 proverbiorum
1121 1510 1209 1544 docet,
1224 1515 1251 1538 et
1266 1511 1384 1540 Joannes
1399 1513 1425 1540 in
1438 1513 1584 1550 Evangelio
1599 1516 1691 1544 Salva.

58 1562 121 1582 rere
145 1555 299 1587 dictorum;
316 1562 397 1590 quam
415 1554 508 1588 utique
521 1554 704 1589 disciplinam,
720 1562 773 1581 non
795 1558 849 1581 tam

58 1601 182 1635 separari
200 1609 284 1635 quam
310 1600 394 1627 inseri
417 1600 523 1627 caeteris
548 1600 676 1627 convenit
702 1604 729 1627 et
754 1599 849 1627 intexi.

60 1646 172 1673 Muralis
188 1650 279 1673 autem
294 1645 393 1673 dicitur
407 1652 455 1680 per
470 1652 551 1680 quam
570 1653 628 1672 mos
641 1645 748 1672 vivendi
763 1645 850 1672 houc-

58 1698 118 1719 stus
133 1697 254 1727 aptatur,
269 1696 296 1718 et
307 1692 430 1719 instituta
443 1692 476 1718 ad
492 1692 618 1719 virtutem
635 1691 773 1719 tendentis
786 1699 852 1726 pras-

58 1746 202 1776 pxrantur.
220 1739 359 1767 Naturalis
383 1739 484 1767 dicitur
509 1739 555 1766 ubi
579 1738 794 1773 uniuscujusque
813 1738 851 1765 rei

59 1792 158 1813 natura
182 1786 339 1818 discutitur,
356 1792 412 1820 quo
428 1785 496 1811 nihil
519 1789 614 1812 contra
631 1789 755 1811 naturam
773 1791 851 1818 gera-

59 1837 103 1859 tur
116 1833 144 1859 in
162 1832 229 1865 vita,
242 1832 289 1859 sed
304 1831 519 1866 unumquodque
533 1830 574 1857 his
587 1830 681 1857 usibus
694 1829 848 1864 deputetur,

61 1877 86 1904 in
103 1885 174 1913 quos
195 1885 211 1904 a
227 1877 357 1904 Creatore
371 1876 531 1911 productum
548 1879 599 1903 est.
618 1874 767 1910 lnspectiva
783 1874 851 1902 dici-

61 1930 116 1956 tur,
133 1931 186 1959 qua
211 1923 383 1958 supergressi
406 1922 534 1954 visibilia,
548 1921 581 1949 de
596 1921 695 1949 divinis
707 1921 808 1956 aliquid
824 1925 851 1948 ct

60 1971 220 1998 cmlestibus
235 1970 464 2004 coutemplamur,
480 1976 567 2003 eaque
583 1969 640 1995 sola
657 1972 745 1995 mente
761 1968 850 1994 intue-

61 2024 132 2047 mur,
160 2015 291 2050 quoniam
319 2022 479 2049 corporeum
506 2013 747 2048 supergrediuntur
772 2020 848 2048 aspe-

60 2068 144 2090 ctum.
161 2061 226 2089 Iiaec
238 2069 315 2097 ergo,
330 2066 360 2089 ut
378 2061 444 2088 mihi
460 2061 576 2093 videtur,
598 2060 733 2094 sapientes
749 2060 851 2094 quique

59 2109 217 2136 Graecorum
229 2113 338 2143 sumpta
351 2116 367 2135 a
381 2107 536 2140 Salomone,
554 2110 647 2142 utpote
666 2107 712 2141 qui
727 2110 806 2133 astate
825 2111 852 2133 et

59 2159 180 2189 tempore
198 2154 278 2189 longe
300 2157 363 2181 ante
377 2153 450 2188 ipsos
464 2152 539 2188 prior
553 2159 584 2179 ea
598 2159 646 2186 per
661 2151 707 2178 Dei
723 2152 847 2185 spiritum

904 1560 989 1582 torem
1009 1556 1045 1583 ita
1059 1557 1154 1584 scribit
1171 1557 1304 1585 dicentem
1322 1568 1327 1585 :
1349 1558 1412 1586 licet:
1426 1561 1454 1587 in
1465 1562 1607 1595 proverbiis
1621 1562 1691 1590 locn-

903 1606 945 1628 tus
958 1609 1016 1628 sum
1034 1602 1122 1635 vobis;
1139 1603 1220 1630 ueniet
1234 1604 1299 1631 liora
1316 1613 1375 1631 cum
1395 1606 1453 1640 jam
1476 1615 1526 1633 non
1545 1608 1571 1634 in
1585 1617 1690 1642 prover-

901 1645 952 1672 biis
967 1646 1061 1681 loquar
1071 1648 1152 1681 vobis,
1168 1648 1212 1674 sed
1225 1649 1362 1680 manifeste
1381 1650 1414 1677 de
1433 1650 1515 1678 Patre
1536 1654 1690 1680 annumith

900 1692 1010 1719 vobis".
1032 1692 1093 1720 Haec
1114 1694 1221 1721 interim
1240 1694 1266 1721 in
1284 1694 1341 1729 ipsa
1358 1696 1429 1722 tituli
1453 1696 1638 1732 inscriptione.
1660 1700 1687 1726 lu

901 1739 1024 1773 sequenti
1040 1747 1103 1767 vero
1118 1740 1210 1767 statim
1226 1740 1366 1776 subiungit
1376 1741 1567 1770 discretionem
1583 1752 1690 1772 sermo-

902 1785 956 1816 nis,
972 1790 999 1812 et
1012 1785 1156 1821 distinguit
1171 1787 1314 1814 scientiam
1328 1795 1343 1814 a
1362 1788 1507 1823 sapientia,
1517 1795 1544 1817 et
1555 1798 1570 1817 a
1582 1791 1690 1826 sapien-

902 1832 938 1858 tia
955 1832 1138 1867 disciplinam,
1153 1837 1181 1860 et
1205 1834 1370 1861 intellectum
1389 1838 1533 1863 verborum
1549 1837 1622 1864 aliud
1638 1845 1689 1872 po-

902 1877 959 1909 nit;
975 1882 1003 1905 et
1019 1878 1189 1912 prudentiam
1204 1879 1270 1906 dicit
1285 1880 1312 1906 in
1324 1887 1356 1908 eo
1367 1889 1437 1914 esse,
1450 1885 1480 1908 ut
1490 1882 1616 1917 excipere
1628 1883 1690 1917 quis

901 1923 988 1957 possit
1004 1923 1148 1950 verborum
1165 1925 1323 1952 versutiam.
1341 1926 1488 1961 Distinguit
1507 1927 1588 1954 etiam
1607 1928 1690 1962 justi-

902 1969 966 1995 tiam
978 1975 1068 1995 veram
1082 1976 1098 1995 a
1109 1969 1258 1997 directione
1272 1971 1366 2004 judicii
1379 1980 1385 2004 ;
1403 1972 1450 1999 sed
1459 1977 1486 2000 et
1499 1974 1627 2000 astutiam
1641 1982 1690 1999 no-

902 2014 988 2041 minat
1002 2015 1149 2049 quamdam
1174 2015 1217 2043 his
1245 2024 1315 2051 quos
1332 2017 1431 2045 imbuit
1445 2019 1640 2052 necessariam,
1658 2021 1690 2047 il-

903 2060 956 2087 lam
973 2060 1055 2088 credo
1071 2068 1118 2095 per
1134 2068 1216 2096 quam
1241 2062 1439 2096 sophismatum
1465 2064 1579 2100 intelligi
1597 2074 1629 2094 ar.
1646 2067 1691 2094 de-

901 2105 996 2132 clinari
1013 2106 1098 2138 possit
1109 2106 1224 2141 argutia.
1239 2107 1274 2135 Et
1287 2107 1347 2135 ideo
1359 2108 1425 2136 dicit
1439 2109 1631 2139 innocentibus
1644 2120 1691 2146 per

903 2152 1062 2186 sapientiam
1078 2153 1136 2180 dari
1155 2153 1294 2186 astutiam,
1310 2153 1369 2181 sine
1390 2155 1473 2182 dubio
1498 2163 1531 2183 ne
1556 2157 1582 2183 in
1607 2158 1690 2184 verbo

59 2200 211 2231 didicisset,
227 2204 357 2234 tanquam
373 2199 482 2234 propria
499 2198 608 2224 inventa
625 2197 808 2231 protulerunt,
823 2202 850 2225 et
867 2192 890 2221 ι)
904 2196 950 2224 Dei
967 2196 1137 2231 decipiantur
1159 2195 1253 2224 fraude
1268 2197 1428 2232 sophistica.
1443 2198 1495 2226 Sed
1511 2199 1538 2226 in
1556 2199 1607 2226 hoc
1624 2201 1690 2227 milii

60 2245 263 2272 institutionum
299 2252 412 2271 suarum
436 2243 623 2271 voluminibus
653 2243 849 2277 comprehensa

60 2291 175 2325 posteris
198 2290 330 2318 tradenda
355 2290 499 2326 reliquere.
516 2289 569 2317 Sed
588 2289 657 2322 haec,
675 2294 704 2316 ut
717 2290 849 2323 diximus,

61 2336 190 2364 Salomon
211 2342 275 2364 ante
289 2344 386 2364 omnes
404 2336 517 2368 invertit,
533 2340 561 2363 et
576 2336 667 2362 docuit
682 2343 730 2370 per
742 2336 850 2370 sapien-

61 2382 125 2410 tiam
149 2390 233 2418 quam
257 2383 360 2417 accepit
381 2390 396 2410 a
420 2382 487 2415 Deo,
500 2381 572 2409 sicut
590 2382 722 2415 scriptum
737 2387 796 2408 est:
813 2382 848 2408 Et

61 2429 130 2455 dedit
162 2428 232 2455 Deus
262 2429 430 2463 prudentiam
457 2427 613 2460 Salomoni,
640 2432 664 2454 et
690 2428 848 2462 sapientiam

61 2475 171 2502 multum
194 2475 281 2508 valde,
304 2479 328 2502 et
350 2475 518 2502 latitudinem
541 2474 627 2501 cordis
648 2475 715 2501 sicut
738 2482 847 2501 arenam

96 2577 118 2592 ’⁸
137 2575 170 2603 III
183 2575 249 2612 Reg.
262 2584 300 2610 tv,
314 2576 358 2609 29,
373 2576 417 2604 30.
455 2577 477 2592 "’
497 2575 577 2604 Joan.
593 2576 706 2610 "1,25.

97 2659 151 2694 (Π)
171 2658 219 2686 Sic
237 2659 338 2686 habent
349 2660 496 2692 mss.,libri
513 2665 603 2688 autem
617 2661 681 2688 editi
693 2670 699 2687 ε
710 2660 766 2688 Scit
779 2660 848 2687 enim

61 2702 133 2720 nemo
150 2695 258 2721 Patrem
271 2695 324 2721 nisi
341 2694 438 2727 Filius,
453 2701 476 2722 et
490 2697 532 2722 cui
548 2696 658 2722 voluerit
674 2695 759 2722 Filius
777 2703 848 2721 reve-

61 2732 124 2766 lare.
139 2729 273 2766 Similiter
288 2735 376 2756 autem
395 2731 474 2757 etiam
495 2731 580 2766 ipsum
601 2730 711 2766 Eilium,
724 2730 847 2765 quoniam

61 2769 85 2789 et
100 2765 153 2798 ipse
172 2764 292 2790 charims
308 2769 357 2796 est,
373 2773 447 2791 nemo
466 2764 515 2792 scit
535 2766 586 2792 nisi
604 2765 695 2797 Pater,
709 2770 734 2792 et
755 2773 848 2792 secun-

62 2799 121 2824 dum
136 2800 185 2827 ltoc
199 2799 269 2834 quod
284 2799 402 2834 Charitas
417 2801 523 2827 dicitur.
538 2800 616 2827 Solus
631 2805 717 2827 autem
732 2799 846 2834 Spiritus

65 2840 165 2861 unctus
182 2839 233 2867 est,
245 2835 291 2869 qui
304 2835 336 2860 ab
352 2833 430 2861 Patre
443 2837 568 2870 procedit,
580 2842 603 2862 et
619 2836 677 2862 ideo
690 2836 737 2862 scit
750 2833 807 2870 qua:
819 2835 846 2861 in

199 2881 337 2911 ΡΑτιιοι..
354 2881 412 2910 (in.
434 2881 519 2912 XIII.

902 2242 1009 2269 videtur
1032 2242 1173 2270 rationalis
1196 2242 1346 2277 discipiinte
1361 2244 1527 2275 meminisse,
1546 2252 1594 2279 per
1607 2253 1689 2280 quam

900 2288 1022 2316 doctrina
1048 2289 1193 2315 verborum
1219 2288 1406 2324 dictorumque
1433 2289 1619 2324 signiﬁcantia:
1635 2291 1694 2319 dis-

901 2338 1059 2366 cernuntur,
1089 2338 1116 2361 et
1141 2333 1357 2369 uniuscujusque
1381 2335 1516 2362 sermonis
1539 2336 1691 2370 proprietas

899 2385 974 2408 certa
997 2387 1059 2407 cum
1086 2379 1192 2407 ratione
1215 2379 1400 2414 distinguitur.
1426 2380 1456 2407 In
1479 2387 1532 2415 qua
1556 2382 1691 2416 praecipue

901 2426 1003 2454 erudiri
1028 2427 1155 2453 convenit
1178 2433 1288 2461 pueros.
1306 2424 1363 2452 Hoc
1386 2425 1458 2453 enim
1480 2427 1614 2460 hortatur,
1627 2435 1690 2454 cum

900 2473 966 2501 dicit
978 2483 984 2500 :
996 2471 1028 2500 Ut
1043 2473 1085 2499 det
1100 2480 1180 2507 puero
1189 2472 1292 2506 juniori
1303 2480 1408 2499 sensum
1422 2477 1447 2499 et
1461 2474 1647 2508 cogitationem
1654 2474 1687 2507 ⁸⁵,

746 2575 767 2592 ⁸⁸
787 2575 867 2602 Prov.
883 2582 903 2607 ι,
920 2574 947 2601 4.

903 2659 957 2686 Deo
973 2661 1044 2691 sunt,
1057 2658 1126 2684 sicut
1141 2658 1249 2693 spiritus
1268 2658 1446 2693 hominiaiscit
1465 2666 1523 2693 qua!
1543 2659 1569 2684 in
1584 2657 1688 2686 homine

901 2699 975 2721 sunt.
989 2693 1040 2720 Hic
1056 2701 1114 2719 vero
1134 2692 1300 2728 Paracietua,
1314 2697 1366 2720 etc.
1383 2692 1466 2719 Paulo
1478 2697 1538 2728 post
1553 2700 1688 2728 mss.,per

900 2737 959 2756 eum
976 2729 1020 2761 qui
1039 2735 1070 2755 eo:
1088 2729 1144 2762 ipso
1160 2732 1198 2754 est
1219 2727 1358 2753 Dominum
1371 2733 1489 2754 nostrum
1503 2727 1595 2754 losum
1609 2729 1683 2755 Chri~

901 2770 981 2796 slum,
997 2763 1042 2790 ubi
1058 2763 1118 2798 libri
1132 2763 1196 2789 editi
1213 2763 1312 2788 habent
1326 2770 1372 2795 per
1385 2770 1442 2788 eam
1459 2771 1517 2796 qua:
1533 2771 1565 2790 ea;
1578 2765 1634 2798 ipso
1648 2769 1686 2790 est

901 2799 1065 2825 churitatem.
1088 2797 1146 2823 Mox
1165 2805 1220 2823 mss
1235 2817 1242 2828 ,
1257 2801 1281 2822 et
1305 2803 1405 2830 tempus
1418 2803 1455 2823 est
1472 2797 1597 2830 primum.
1614 2799 1686 2826 Libri

901 2839 991 2860 autem
1005 2833 1080 2865 editi,
1102 2837 1124 2858 et
1140 2837 1266 2858 lente/nus
1278 2832 1402 2865 primum.

1518 2878 1537 2907 3
