1892 3050
180 109 224 136 Ἳΰ

725 104 885 134 ORIGENIS
904 105 937 132 IN
955 103 1135 132 CANTIGUM
1154 103 1291 130 CANTIC.

1787 107 1825 132 Ήῖ

187 168 221 194 Et
235 167 298 202 quia
323 166 370 201 qui
393 166 421 193 in
433 165 481 193 iis
492 164 627 196 eruditur.
644 165 799 192 necessario
813 164 982 191 rationabili-
996 166 1020 194 Α
1035 163 1209 197 ctioncmque
1221 161 1358 194 didicerit,
1370 170 1418 197 per
1433 170 1493 198 qum
1510 164 1536 190 in
1550 163 1624 190 nullo
1639 164 1724 198 possit
1736 172 1767 191 ex
1783 165 1830 194 his.

139 221 144 226 ·
184 219 228 240 ter
246 221 294 247 per
310 219 418 247 eatque
432 211 530 239 didicit
543 211 719 245 semetipsum
736 211 878 246 gubernat,
896 215 923 238 et
937 210 978 236 vi-

188 265 242 286 tant
258 266 336 285 suam
349 258 517 285 moderatius
530 257 622 290 librat,
634 261 777 292 propterea
791 256 856 283 dicit
871 265 877 282 :
892 254 977 282 Intel-

185 304 271 339 ligem
290 309 378 331 autem
397 303 577 339 yubernacula
592 302 746 338 nequiret“.
761 301 824 329 Post
839 302 897 329 haec
912 308 977 328 vero

184 357 358 385 cognoscens
374 350 401 377 in
423 349 514 377 verbis
529 349 628 376 divinis
643 348 742 383 quibus
766 355 814 382 per
830 347 978 382 prophetas

187 394 309 422 humano
330 394 419 429 generi
445 395 561 422 traditus
576 398 617 421 est
631 393 697 421 ordo
714 391 832 426 vivendi,
853 392 976 420 diversos

184 449 250 468 esse
263 441 365 475 eloquii
387 446 489 476 tropos,
505 446 532 468 et
555 440 645 467 varias
667 439 774 466 dicendi
799 439 903 474 species
920 447 926 466 z
945 445 977 466 ac

185 486 280 513 sciens
295 485 388 513 haberi
404 486 431 512 itt
445 486 484 513 eis
496 485 614 520 aliquam
631 483 756 518 ﬁgurato,
771 491 832 519 qua:
847 484 976 519 parabola

185 531 348 566 appelletur,
371 537 397 559 et
419 531 498 558 aliam
521 538 581 566 quat
602 531 720 558 obseura
742 530 825 557 dictio
852 533 974 563 vocetur,

187 577 311 611 aliaSque
327 584 388 611 qua:
409 576 551 611 aenigmata
572 575 760 607 nominentur,
775 578 802 602 et
824 575 892 602 alias
916 581 977 609 qua:

187 622 260 649 dicta
276 622 427 656 sapientum
443 621 580 654 dicantur,
595 620 709 648 scribit:
724 620 859 655 Intelliget
873 628 975 656 quoque

185 667 339 702 parabolam
360 671 385 693 et
404 667 543 693 obscurant
564 673 720 698 sermonem,
737 665 858 700 dictaque
873 665 976 699 sapien-

186 719 241 740 tum
263 717 287 740 et
314 713 498 748 wttigmata“.
513 712 566 739 Per
589 712 648 739 haec
676 718 741 746 ergo
762 710 868 746 singula
897 710 978 738 ratio-

184 759 272 786 nalem
298 758 388 785 locum
416 757 559 785 manifeste
584 761 612 784 et
632 756 772 783 evidenter
797 756 926 790 exponit,
945 763 976 784 ac

185 812 260 832 more
276 809 396 831 veterum
413 803 561 831 succinctis
576 802 760 837 brevibusque
778 801 920 829 sententiis
934 801 976 828 itt-

1033 209 1136 243 liguris,
1154 208 1254 243 quibus
1280 215 1388 242 sponsa:
1403 208 1436 235 ad
1454 215 1584 243 sponsum
1601 210 1738 237 cmlcstent
1757 211 1821 246 (‘20),
1854 215 1856 218 '

1028 254 1056 281 id
1074 259 1118 282 est
1134 254 1231 281 anima:
1251 253 1376 288 pet-fectu:
1393 262 1469 280 amor
1483 255 1515 281 ad
1536 256 1647 282 verbum
1663 255 1709 283 Dei
1723 256 1825 284 descri-

1028 299 1104 327 bitur
1118 307 1149 327 ac
1163 298 1305 330 formatur,
1321 298 1467 326 oll'cnderc.
1479 299 1632 328 Pracntissis
1647 309 1770 336 namque
1783 303 1821 328 his

1030 345 1132 380 quibus
1149 345 1310 380 puriticalur
1325 345 1416 372 anima
1429 353 1476 380 per
1492 351 1570 373 actus
1584 354 1617 374 ac
1634 354 1736 380 mores,
1752 352 1779 373 et
1796 348 1822 374 in

1030 400 1122 420 rerum
1136 392 1328 419 discretionem
1349 392 1513 418 naturalium
1531 393 1698 427 perducitur,
1713 401 1822 428 compe-

1031 441 1118 465 tenter
1130 438 1162 465 ad
1176 438 1328 473 dogmatica
1344 438 1398 473 (21)
1415 438 1532 470 venitur,
1545 443 1571 465 et
1587 438 1620 465 ad
1639 439 1763 473 mystica,
1779 444 1821 465 aL-

1029 490 1083 518 que
1103 483 1137 510 ad
1153 483 1303 511 divinitatis
1319 483 1575 518 contemplationem
1594 484 1704 511 sincero
1725 489 1751 510 et
1768 484 1827 518 Spi-

1030 528 1104 555 ritali
1122 536 1216 556 amore
1231 528 1434 556 conscenditur.
1450 526 1524 554 Hanc
1535 535 1598 563 ergo
1610 528 1742 562 triplicem
1758 528 1824 554 divi-

1030 583 1071 602 nae
1085 575 1265 610 philosophiae
1290 574 1407 602 fortnam
1428 575 1510 601 etiam
1529 574 1555 601 in
1583 574 1636 601 illis
1659 574 1762 601 sat.cti.—:
1789 581 1825 602 ac

1029 620 1116 648 beatis
1129 621 1195 648 viris
1210 621 1330 648 arbitror
1346 620 1548 655 praesigttatatu,
1563 628 1611 655 pro
1627 628 1743 655 quorum
1759 627 1824 646 san-

1028 666 1160 694 ctissimis
1185 666 1401 694 institutionibus
1426 665 1496 694 Deus
1517 673 1641 693 summus
1662 665 1716 693 dici
1735 666 1821 692 voiuit

1030 712 1101 740 Deus
1123 712 1272 745 Abraham,
1286 713 1358 740 Deus
1375 713 1462 746 isaac,
1479 712 1549 740 Deus
1563 711 1657 739 Jacob.
1681 712 1818 739 Abraham

1029 763 1159 794 tanquam
1175 759 1303 786 moralem
1327 759 1449 787 declarat
1463 758 1672 793 philosophiam,
1690 765 1738 793 per
1755 759 1820 785 obe-

1028 804 1168 832 dientiam.
1185 803 1274 832 Tanta
1297 805 1369 832 enim
1394 805 1454 841 ejus
1478 805 1530 833 fuit
1553 805 1705 832 obedientia
1728 807 1756 832 rt
1769 805 1820 831 ob-

185 855 280 885 gentes
296 854 324 876 et
339 847 477 884 perfectos
490 848 606 883 explicat
620 855 727 875 sensus.
745 846 821 880 Quae,
837 847 860 874 si
873 847 936 883 quis
950 847 977 874 in
993 846 1015 874 B
1029 851 1147 878 set-vatio
1173 850 1363 878 mandatorum
1377 871 1384 884 ,
1413 855 1443 878 ut
1463 858 1525 879 cum
1551 851 1658 877 audiret
1680 859 1687 876 ε
1713 849 1766 876 Ε.τὶ
1788 849 1825 877 de

184 896 243 930 lege
264 895 371 922 Domini
398 894 544 922 meditetur
558 893 602 921 die
617 901 650 922 ac
667 898 756 926 nocte,
774 897 802 920 et
817 893 839 920 si
854 893 917 928 quis
935 897 978 920 est

186 940 337 975 sicutjusti
354 947 384 967 os
401 940 474 975 quod
498 940 644 967 tneditatur
668 939 776 966 Domini
803 939 976 974 sapientiam,

186 986 349 1021 investigare
365 985 522 1021 diligentius
535 985 644 1021 poterit,
658 990 685 1013 et
694 985 834 1018 invenire;
848 985 870 1013 si
886 989 977 1014 tamen

185 1037 259 1060 recte
279 1033 428 1067 quaesierit,
446 1037 472 1060 et
492 1039 617 1067 quaerens
639 1032 789 1067 pulsaverit
808 1032 909 1060 ostium
930 1039 977 1060 sa-

185 1080 303 1114 pientiae,
320 1084 414 1115 petens
427 1087 442 1106 ιι
458 1078 513 1106 Deo
528 1083 557 1106 ut
573 1080 711 1115 aperiatur
724 1079 788 1113 sibi,
801 1083 828 1107 et
840 1082 977 1107 mereatur

186 1125 312 1159 accipere
333 1132 380 1159 per
404 1124 536 1160 Spiritum
555 1129 680 1152 sanctum
698 1125 810 1152 verbum
825 1125 976 1160 sapientiae,

186 1170 296 1198 verbum
322 1171 453 1203 scientias,
467 1170 581 1206 lierique
596 1171 733 1206 particeps
748 1171 823 1199 illius
837 1171 978 1207 sapientia:

183 1224 244 1251 qua:
259 1215 366 1244 dicebat
381 1226 388 1244 :
405 1215 586 1244 Extendebam
607 1217 679 1244 enim
700 1216 777 1244 verba
795 1225 863 1250 mea,
878 1221 904 1244 et
925 1225 978 1245 non

183 1262 372 1290 audiebatis“.
389 1262 422 1290 Et
437 1263 534 1290 merito
547 1262 695 1291 extendere
718 1271 748 1292 se
764 1263 834 1291 dixit
851 1263 934 1292 verba
948 1264 977 1292 in

183 1309 244 1344 ejus
266 1309 360 1343 corde,
375 1308 420 1336 cui
432 1308 538 1336 dederit
558 1308 640 1341 Deus,
656 1309 729 1337 sicut
749 1316 832 1344 supra
846 1309 977 1343 diximus,

183 1356 354 1383 latitudinem
376 1355 478 1384 cordis.
497 1355 630 1383 Dilatatur
646 1363 765 1391 namque
784 1356 857 1385 illius
870 1364 919 1384 cor
931 1356 977 1392 qui

185 1406 274 1437 potest
294 1409 326 1428 ca
341 1409 403 1436 quae
419 1401 535 1429 breviter
557 1402 584 1429 in
607 1401 744 1437 mysteriis
758 1402 829 1430 dicta
846 1406 921 1435 sunt,
937 1402 977 1430 la-

184 1448 254 1476 tiore
277 1447 400 1475 doctrina
423 1447 540 1482 sumptis
556 1455 590 1475 ex
607 1447 792 1475 voluminibus
808 1447 907 1475 divinis
931 1455 978 1475 as-

184 1493 349 1522 sertionibus
387 1493 543 1528 explanare.
572 1493 686 1529 Oportet
715 1493 797 1529 igitur
825 1494 975 1522 secundum

186 1540 255 1567 hanc
279 1539 403 1567 eamdem
428 1539 625 1575 sapientissimi
644 1538 801 1567 Salomonis
824 1539 977 1568 doctrinam

183 1593 246 1612 eum
261 1585 307 1620 qui
322 1585 484 1620 sapientiam
499 1585 570 1612 seire
584 1584 730 1618 desiderat,
741 1585 859 1620 incipere
870 1586 905 1613 ab
915 1593 979 1614 eru-

184 1631 286 1657 ditione
313 1630 420 1661 morali.
439 1635 466 1658 et
490 1630 638 1666 intelligere
657 1630 723 1658 illud
748 1630 820 1665 quod
847 1631 977 1666 scriptum

184 1679 226 1703 est
244 1685 250 1702 :
267 1676 419 1710 Concupisti
435 1676 604 1710 sapientiam,
626 1684 701 1703 serva
723 1677 861 1709 mandatu,
879 1681 904 1704 et
923 1676 978 1703 Do-

185 1721 271 1748 minus
284 1722 357 1748 dabit
374 1729 431 1749 eam
452 1721 499 1748 tibi
509 1722 542 1748 ".
570 1720 612 1749 οι)
628 1722 679 1750 hoc
704 1723 832 1757 magister
861 1722 906 1750 hic
929 1722 976 1758 qui

185 1767 291 1802 primus
307 1767 431 1794 homines
442 1767 561 1794 divinam
573 1767 771 1802 philosophiam
784 1768 873 1801 docet,
886 1768 977 1803 operis

184 1813 227 1840 sui
241 1813 383 1840 exordium
399 1812 608 1841 Proverbiorum
621 1813 714 1848 posuit
726 1813 894 1847 libellum,in
910 1821 976 1849 quo,

185 1862 216 1885 ut
231 1858 363 1892 diximus,
381 1859 493 1887 moralis
506 1860 622 1887 traditur
636 1859 714 1887 locus
733 1869 740 1887 :
758 1864 787 1887 ut
804 1867 867 1888 cum
893 1860 975 1888 intel-

184 1905 254 1932 lectu
276 1905 454 1940 moribusque
476 1905 538 1940 quis
562 1905 719 1941 profecerit,
735 1905 826 1933 veniat
841 1905 923 1934 etiam
941 1905 976 1934 ad

184 1950 317 1978 naturalis
333 1950 516 1986 intelligentiae
530 1950 714 1986 disciplinam,
730 1955 812 1986 atque
826 1950 863 1978 ibi
879 1958 972 1978 rerum

184 2003 283 2024 causas
300 2001 468 2031 naturasque
487 1995 657 2031 distinguens
671 2001 803 2032 agnoscat
826 1996 975 2024 vanitatem

186 2041 401 2076 relinquendam,
417 2041 450 2068 ad
465 2045 566 2068 aeterna
582 2045 672 2068 autem
689 2044 718 2067 et
730 2046 861 2075 perpetua
877 2048 976 2075 prope-

185 2086 302 2113 randum
318 2095 324 2113 :
339 2090 366 2114 et
389 2086 449 2113 ideo
471 2090 532 2121 post
554 2085 712 2118 Proverbia,
736 2086 769 2113 ad
792 2085 973 2114 Ecclesiasten

185 2131 305 2163 venitur,
323 2131 369 2165 qui
394 2130 483 2164 docet,
509 2135 540 2157 ut
560 2130 690 2162 diximus,
705 2130 822 2158 visibilia
833 2130 923 2158 omnia
948 2134 976 2158 et

991 1518 1012 1547 C

1027 903 1098 924 terra
1121 901 1177 926 tua,
1192 901 1218 923 et
1235 896 1267 922 de
1287 897 1445 932 cognatione
1463 901 1520 930 tua,
1536 901 1560 923 et
1583 896 1615 922 de
1637 895 1715 922 doma
1733 895 1820 929 patris

1027 941 1110 975 tui",
1136 949 1190 968 tton
1216 942 1254 969 sit
1276 945 1430 975 cunctatus,
1455 943 1502 971 sed
1529 944 1621 971 statim
1651 942 1823 977 fecerit,33

1026 986 1082 1014 imo
1101 991 1128 1014 et
1146 986 1250 1021 aliquid
1273 986 1392 1022 amplius
1417 986 1520 1015 iecerit.
1537 987 1658 1015 Audiens
1689 987 1762 1014 cnim
1791 992 1822 1014 ut

1027 1031 1179 1059 immolaret
1201 1030 1286 1058 tilium
1317 1039 1409 1066 suum,
1425 1040 1476 1060 nec
1490 1033 1553 1061 inde
1568 1032 1678 1069 quidem
1699 1032 1820 1064 dttbitat,

1029 1077 1076 1105 sed
1093 1078 1265 1113 obtemperat
1277 1083 1413 1114 praecepto
1432 1087 1439 1105 :
1456 1084 1484 1106 et
1513 1079 1547 1107 ad
1574 1079 1730 1114 exemplunt
1754 1079 1821 1105 obe-

1026 1123 1135 1151 dientite
1149 1131 1210 1159 quae
1222 1127 1264 1151 est
1283 1124 1395 1151 moralis
1412 1124 1598 1160 philosophia,
1618 1125 1736 1160 posteris
1752 1124 1826 1152 dan-

1026 1170 1103 1202 dum,
1114 1177 1165 1198 nec
1173 1169 1229 1197 tilio
1239 1177 1291 1198 suo
1306 1169 1388 1198 unico
1398 1171 1517 1206 pepercit
1525 1171 1559 1199 “.
1572 1170 1647 1199 Isaac
1656 1179 1766 1206 quoque
1775 1179 1826 1199 na-

1029 1216 1145 1244 turalem
1170 1216 1372 1252 philosophiam
1396 1222 1484 1248 tenet,
1501 1225 1563 1245 cttm
1578 1222 1605 1245 et
1617 1222 1714 1253 puteos
1735 1217 1818 1250 fodit,

1032 1265 1059 1289 et
1073 1270 1166 1289 rerum
1183 1262 1318 1297 profunda
1334 1262 1491 1290 rimatur".
1516 1262 1569 1291 Sed
1581 1268 1608 1290 et
1622 1262 1708 1291 Jacob
1723 1263 1821 1297 inspe-

1034 1307 1135 1335 ctivum
1149 1311 1224 1336 tenet
1245 1307 1354 1341 locum,
1370 1308 1470 1344 quippe
1487 1308 1534 1344 qui
1550 1313 1577 1336 et
1599 1308 1680 1336 Israel
1699 1308 1736 1336 ob
1750 1308 1821 1335 divi-

1028 1361 1125 1381 norutn
1152 1353 1409 1389 contemplationem
1445 1354 1604 1382 nominatus
1632 1354 1686 1388 sit,
1712 1358 1741 1381 et
1771 1354 1822 1388 qui;

1028 1404 1118 1426 castra
1133 1399 1196 1427 coeli
1214 1399 1331 1433 viderit,
1351 1404 1379 1426 et
1396 1399 1508 1427 domum
1523 1399 1590 1432 Dei,
1604 1404 1688 1434 atque
1706 1399 1819 1435 angelo-

1028 1453 1089 1472 rum
1107 1444 1176 1478 vias,
1192 1445 1217 1472 id
1231 1452 1272 1472 est
1285 1445 1374 1473 scalas
1389 1453 1405 1473 a
1419 1446 1500 1473 terris
1515 1446 1542 1473 in
1557 1446 1656 1474 caelum
1678 1450 1823 1480 porrectas

1030 1490 1210 1525 prospexit".
1231 1489 1309 1517 Unde
1333 1494 1361 1517 et
1381 1490 1478 1517 merito
1502 1490 1656 1518 invenimus
1677 1495 1733 1518 tres
1750 1490 1827 1518 istos-

1030 1536 1124 1563 bcatos
1136 1536 1209 1563 viros
1221 1535 1317 1563 altaria
1333 1535 1426 1563 fixisse
1442 1534 1507 1569 Deo,
1519 1535 1569 1563 ltoc
1583 1539 1625 1562 est
1636 1535 1825 1570 philosophia:

1029 1589 1085 1609 sua:
1100 1588 1277 1609 consecrasse
1301 1580 1452 1617 profectus,
1466 1583 1539 1617 quod
1554 1582 1658 1610 scilicet
1672 1582 1825 1610 edocet-ent:

1029 1635 1083 1655 non
1105 1628 1162 1655 hec
1179 1627 1212 1655 ad
1235 1632 1306 1654 artes
1332 1627 1484 1661 humanas,
1510 1628 1557 1655 sed
1579 1627 1612 1655 ad
1634 1627 1680 1655 Dei
1699 1629 1825 1663 gratiam-

1029 1673 1181 1701 referettda.
1208 1672 1262 1700 Sed
1277 1673 1348 1701 etin
1365 1673 1549 1701 tabernaculis
1571 1674 1690 1709 degunt,
1717 1679 1748 1701 ut
1772 1682 1827 1709 per

1029 1719 1086 1746 haec
1102 1717 1257 1751 ostendant,
1273 1726 1361 1753 neque
1375 1718 1402 1745 in
1418 1718 1500 1746 terris
1514 1718 1670 1746 babettdum
1690 1726 1753 1746 esse
1768 1720 1821 1746 alip

1027 1763 1091 1799 quid
1108 1764 1247 1799 propriutn
1263 1763 1328 1791 huic
1340 1763 1387 1798 qui
1399 1763 1500 1792 divinre
1516 1764 1697 1800 philosophia
1713 1765 1824 1797 studet,

1028 1808 1075 1836 sed
1090 1816 1196 1844 semper
1211 1811 1438 1844 promovendum,
1455 1817 1509 1837 non
1526 1814 1580 1837 tam
1600 1809 1633 1837 de
1649 1809 1711 1837 loco
1727 1809 1762 1836 ad
1779 1809 1823 1836 lo-

1028 1862 1107 1888 cum,
1132 1862 1214 1890 quam
1240 1855 1274 1883 de
1295 1856 1409 1884 scientia
1432 1856 1592 1883 inferiorum
1616 1856 1649 1883 ad
1671 1855 1825 1882 ocientiatu

1028 1899 1223 1935 perfectorum.
1236 1901 1288 1929 Sed
1304 1906 1332 1929 et
1349 1901 1401 1928 alia
1415 1901 1499 1928 multa
1510 1901 1537 1928 in
1552 1900 1703 1936 Scriptusis
1715 1900 1828 1928 divini;

1027 1945 1150 1978 invenies
1165 1954 1227 1982 quae
1239 1946 1364 1974 ordinem
1381 1946 1455 1974 hunc
1469 1954 1551 1982 quem
1570 1946 1597 1973 in
1624 1946 1724 1974 libellis
1739 1946 1821 1973 Salo-

1027 1991 1118 2019 monis
1134 1991 1266 2019 contineri
1282 1992 1419 2025 diximus,
1436 1992 1586 2020 secundum
1603 1991 1676 2018 hanc
1690 1990 1823 2018 eamdem

1028 2037 1144 2065 iorntam
1169 2038 1313 2073 designant
1335 2047 1342 2065 :
1365 2039 1412 2066 sed
1431 2046 1462 2066 ea
1488 2046 1562 2066 nunc
1584 2038 1667 2066 nobis
1686 2037 1822 2072 prosequi

1029 2083 1103 2110 aliud
1120 2083 1147 2109 in
1164 2083 1291 2110 manibus
1313 2082 1477 2110 habentibus
1499 2083 1609 2118 lonng
1627 2087 1680 2110 est.
1703 2081 1732 2109 Si
1755 2082 1823 2117 quis

1028 2136 1093 2164 ergo
1107 2129 1225 2164 primum
1245 2128 1334 2156 locum
1352 2128 1379 2156 in
1401 2128 1580 2156 emendandis
1595 2128 1720 2156 moribus
1738 2136 1822 2156 man-

187 2183 317 2210 corporea
339 2175 442 2203 caduca
464 2183 524 2203 esse
544 2179 572 2202 et
594 2175 712 2211 fragilia,
725 2183 786 2210 quae
803 2175 897 2211 utique
911 2183 974 2204 eum
991 2185 1014 2212 ι)
1029 2175 1154 2210 datisque
1177 2174 1336 2206 servandis,
1356 2175 1402 2210 qui
1426 2182 1474 2209 per
1494 2175 1636 2210 proverbia
1657 2175 1822 2211 designatur

187 2222 224 2249 ita
239 2229 301 2249 esse
315 2221 521 2256 deprehenderit
536 2220 559 2248 is
573 2221 620 2256 qui
637 2221 776 2256 sapientia:
797 2222 899 2255 studet,
915 2222 976 2250 sine

187 2267 270 2295 dubio
287 2271 443 2295 contemnet
459 2274 491 2294 ea
502 2274 534 2294 ac
549 2266 688 2301 despiciet,
700 2271 727 2294 et
741 2267 879 2300 universo,
896 2273 924 2295 ut
938 2268 974 2296 ita

186 2314 286 2346 dicam,
301 2314 401 2341 saeculo
420 2313 583 2340 renutttians
603 2313 693 2340 tendet
719 2313 753 2341 ad
780 2313 925 2342 invisibilia
947 2319 974 2342 et

187 2363 299 2389 aeterna,
319 2366 380 2392 qua:
397 2357 565 2392 spiritalibus
585 2357 694 2392 quidem
710 2358 847 2392 sensibus,
864 2359 910 2387 sed
925 2360 974 2387 ad-

187 2404 289 2439 opertis
302 2410 425 2431 amorum
437 2403 601 2438 quibusdam
613 2403 707 2438 ﬁguris
717 2403 850 2431 docentur
862 2404 890 2431 in
901 2403 974 2431 Catt-

186 2453 241 2480 !ico
255 2451 422 2479 canticorum
439 2450 506 2486 (18).
525 2450 589 2478 ideo
602 2450 675 2477 enim
691 2450 870 2478 novissimum
882 2451 972 2478 locum

186 2500 258 2523 tenet
284 2495 328 2522 hic
351 2496 429 2526 liber.
447 2499 476 2522 ut
500 2499 565 2523 tunc
582 2494 615 2522 ad
631 2502 693 2522 eum
718 2495 852 2527 veniatur,
866 2502 928 2521 cum
947 2498 975 2522 et

186 2541 308 2569 moribus
322 2541 384 2576 quis
398 2540 478 2568 fuerit
493 2540 640 2568 defateatus
655 2540 722 2575 (l9),
734 2544 761 2567 et
777 2548 868 2567 rerum
883 2547 976 2567 eorru~

186 2587 318 2621 ptibilium
345 2591 425 2621 atque
450 2586 697 2621 incorruptibiliutn
717 2585 858 2612 scientiam
878 2586 974 2613 distin-

222 2642 243 2679 ⁸2
263 2642 342 2669 Prov.
365 2651 383 2674 ι,
400 2643 427 2670 5.
465 2642 488 2658 ⁸ο
508 2642 573 2669 ibid.
590 2641 617 2668 6.
655 2641 678 2657 “
699 2641 764 2668 ibid.
782 2641 828 2669 24.
867 2642 889 2658 ¹¹
908 2642 969 2670 Eccl

591 2641 617 2668 6.
655 2641 678 2657 ⁸ί
699 2641 764 2668 ibid.
782 2641 828 2669 24.
867 2642 889 2658 ⁸¹
908 2642 990 2670 Eccli.
1008 2651 1024 2676 ι,
1042 2643 1086 2671 26.
1125 2645 1147 2660 "
1167 2645 1233 2673 Gen.
1251 2653 1299 2679 xtt,
1315 2645 1338 2672 l.

187 2675 209 2691 ⁸⁸
224 2675 292 2703 Gen.
310 2686 403 2705 xxvttt.

203 2766 207 2770 '
223 2732 279 2771 (l8)
300 2731 377 2772 Mss,
393 2733 502 2760 Cantica
522 2732 697 2758 canticorum.
714 2731 792 2759 Libh.
809 2732 887 2764 edit.,
902 2732 972 2760 Can-

188 2771 245 2792 ttt'ts
264 2771 437 2793 ranlt’curuni.

223 2801 278 2835 (19)
297 2801 371 2835 “35.,
387 2802 537 2836 (lu/iccatus.
555 2801 631 2829 LibiJ.
646 2801 721 2832 cdit.,
736 2801 881 2835 dt'ftt'catts.

1030 2220 1152 2256 implevit
1174 2228 1181 2246 :
1208 2224 1270 2256 post
1296 2220 1355 2248 bace
1378 2225 1467 2247 autem
1497 2220 1666 2256 deprehensa
1697 2221 1821 2248 vanitate

1029 2266 1143 2299 mundi,
1167 2272 1194 2294 et
1207 2274 1297 2293 rerum
1311 2266 1475 2294 caducarum
1492 2265 1639 2302 fragilitate
1652 2271 1821 2301 perspecta,

1028 2313 1102 2340 venit
1117 2313 1144 2340 in
1162 2312 1214 2340 hoc
1228 2317 1258 2339 ut
1271 2313 1410 2340 renuntiet
1422 2312 1525 2340 mundo
1535 2333 1542 2347 ,
1566 2317 1594 2340 ct
1613 2312 1742 2340 omnibus
1755 2321 1821 2347 quae

1029 2359 1056 2386 in
1084 2359 1185 2386 tnundo
1211 2362 1276 2386 sunt
1301 2367 1308 2386 :
1334 2364 1534 2393 consequenter
1558 2358 1649 2386 veniet
1673 2358 1757 2385 etiam
1783 2359 1819 2386 ad

1028 2405 1238 2440 contemplanda
1252 2409 1280 2432 et
1293 2405 1472 2432 desideranda
1487 2412 1518 2432 ea
1536 2412 1597 2440 quae
1619 2412 1673 2431 nott
1690 2404 1820 2432 videtttur

1029 2455 1056 2477 et
1072 2455 1171 2477 aeterna
1190 2455 1263 2478 sunt.
1279 2451 1319 2478 Ad
1336 2459 1397 2485 qua:
1413 2456 1502 2479 tamen
1520 2456 1551 2478 ut
1567 2451 1710 2486 pervenire
1728 2451 1821 2485 possi-

1030 2503 1101 2528 mus,
1119 2495 1272 2531 indigemus
1287 2496 1378 2523 divina
1392 2496 1590 2529 misericordia,
1606 2496 1628 2523 si
1644 2495 1714 2524 forte
1728 2497 1821 2524 valea-

1030 2549 1090 2568 mus
1111 2546 1251 2576 perspecta
1268 2542 1471 2576 pulchritudine
1485 2542 1565 2570 Verbi
1592 2542 1639 2569 Dei
1654 2542 1770 2570 salutari
1789 2543 1819 2570 in

1029 2594 1090 2614 eum
1111 2595 1202 2614 amore
1225 2588 1371 2619 succendi,
1389 2593 1419 2614 ut
1443 2593 1470 2615 et
1495 2588 1552 2623 ipse
1575 2589 1702 2623 dignetur
1719 2588 1820 2623 hujus-

1378 2646 1402 2661 “
1420 2645 1488 2673 Gen.
1505 2654 1571 2673 xxtt.
1610 2647 1633 2662 "
1653 2646 1722 2674 Gen.
1739 2655 1818 2674 xxvi.

1064 2735 1118 2770 (20)
1140 2735 1215 2768 Mss,
1230 2737 1366 2763 cmlestcnt.
1383 2736 1507 2771 ltnpressi
1522 2737 1593 2770 libri,
1610 2738 1733 2765 caelestis.

1063 2771 1117 2805 (“21)
1139 2771 1213 2803 Mss.,
1232 2772 1392 2806 doymulica.
1411 2771 1548 2807 ltttpressi,
1562 2773 1718 2802 domeslt’m.
