1892 3050
115 154 144 181 77
831 129 1024 161 PROLOGUS.
1704 117 1739 145 78

114 211 185 238 ιιιιηιὶ
203 209 325 236 animam
340 205 468 241 diligere,
491 210 574 239 quam
599 198 766 228 desiderium
784 195 828 223 sui
853 194 903 221 lia-
918 194 941 222 Α

113 258 175 284 bere
193 254 346 291 perspexit.

151 306 216 331 I'ust
236 302 295 328 haec
311 297 395 334 exigit
420 303 470 323 nos
490 291 686 328 consequentia
708 286 843 317 sermonis
865 285 906 312 di-

117 357 176 377 cere
193 348 279 375 etiam
294 345 328 373 de
342 341 574 379 superseriptione
594 339 652 373 ipsa
667 334 772 364 Cantici
791 332 908 360 cantico-

118 403 187 423 rum.
206 393 305 420 Simile
321 377 394 418 enim
409 393 451 416 est
466 388 518 414 hoc
537 386 591 412 illis
605 391 665 418 qum
689 383 715 409 in
732 377 908 408 tabernaculo

120 439 267 468 testimonii
284 437 453 472 appellamur
469 432 568 459 Sancta
590 426 790 458 sanctorum",
813 430 841 451 et
855 423 908 450 illis

119 494 178 520 qua:
199 485 225 511 in
242 483 315 510 libro
336 481 519 508 Numerorum
544 478 732 503 memorantur
751 477 832 506 opera
849 475 911 502 ope-

121 540 191 562 rum,
208 537 327 565 qumque
344 526 414 562 apud
427 524 541 552 Paulum
560 522 688 549 dicuntur
711 517 809 546 smcula
829 523 911 542 sarcu-

126 578 209 605 luriun
218 560 253 602 δη.
281 560 338 600 ξω
360 560 497 606 quomodo
513 567 640 595 dill'erant
657 572 671 592 a
693 563 794 591 sanctis
812 560 911 587 Sancta

124 626 280 651 sanctorum
297 619 324 645 in
340 615 433 643 Exodo
447 635 453 646 ,
476 618 503 641 et
525 610 663 647 quomodo
684 608 810 636 differant
830 611 911 640 opera

125 669 156 697 ab
168 666 299 702 operibus
311 670 424 698 operum
443 662 470 688 in
485 659 669 686 Numerorum
692 654 771 687 libro,
790 650 913 679 tractati-

125 714 174 740 bus
186 697 258 746 122),
276 697 359 746 prout
381 707 530 743 potuimus,
543 703 645 730 dictum
666 705 707 728 est
722 708 736 727 a
752 699 840 726 nobis.
860 697 913 724 Sed

124 764 150 786 et
164 759 197 786 de
213 757 316 785 saeculo
330 753 492 783 szrculorum
515 751 541 778 in
575 749 642 777 locis
658 747 758 782 quibus
775 743 913 775 occurrit,

127 812 179 831 non
197 802 333 830 omissum
349 804 407 829 est,
420 802 448 826 et
468 804 502 824 ne
514 796 609 824 eadem
626 797 782 828 repetamus
796 790 840 817 illa
857 787 914 816 sui-

127 849 228 876 liciant.
263 847 341 874 Nunc
364 851 429 880 ergo
458 842 632 877 requiramus
658 838 748 874 primo
773 843 834 871 qua:
860 834 916 862 sint

127 893 250 925 cantica,
278 897 394 926 quorum
418 887 586 916 canticorum
614 885 666 912 hoc
694 889 756 910 esse
779 880 915 908 canticum

127 938 238 964 dicitur.
253 925 325 962 Puto
333 941 398 968 ergo
413 931 484 967 quod
500 931 606 958 cantica
621 929 676 956 sint
686 927 730 954 illa
741 933 800 961 qua:
814 925 916 952 dudum

129 989 175 1015 ιρι·
194 980 344 1016 prophetas
358 967 376 1011 ,ί
385 976 428 1006 vel
450 985 498 1013 per
519 974 630 1010 angelos
656 971 836 1000 canebantur.
865 967 918 995 Lex

129 1027 201 1054 enim
218 1025 323 1053 dicitur
346 1032 393 1053 per
413 1021 522 1055 angelos
537 1019 692 1047 ministrata
710 1017 736 1043 in
755 1022 836 1042 manu
860 1021 919 1040 me-

129 1072 245 1100 diatoris
272 1067 531 1105 ".lllaergoomnia
546 1072 606 1101 qua).
624 1070 671 1098 per
694 1062 754 1089 illos
775 1060 921 1087 annuntia—

131 1121 241 1150 bantur,
258 1116 364 1144 cantica
380 1118 458 1142 erant
471 1120 519 1148 per
532 1112 637 1138 amicos
654 1109 748 1144 sponsi
764 1106 917 1141 praeceden-

132 1165 177 1191 tia.
197 1162 277 1191 lstud
292 1168 357 1188 vero
374 1166 459 1186 unum
485 1156 622 1184 canticum
636 1158 695 1186 est,
709 1153 780 1187 quod
797 1151 848 1186 ipsi
865 1150 922 1185 jam

133 1215 235 1243 sponso
251 1213 383 1242 sponsam
399 1211 476 1232 suam
493 1205 654 1236 suscepturo
677 1196 845 1233 epithalamii
861 1203 924 1230 spe-

133 1254 173 1281 cie
186 1258 246 1281 erat
267 1250 439 1280 canendum:
456 1248 483 1275 in
501 1255 556 1282 quo
579 1252 679 1281 sponsa
695 1251 750 1271 non
768 1243 858 1270 adhuc
877 1248 925 1275 per

134 1301 239 1328 amicos
263 1297 358 1334 sponsi
381 1294 484 1323 cantari
511 1292 563 1321 sibi
586 1291 660 1322 vult,
685 1289 732 1317 sed
759 1287 846 1323 ipsius
868 1286 925 1322 jam

135 1346 228 1381 sponsi
252 1333 396 1380 praesentis
418 1340 513 1369 audire
535 1338 616 1366 verba
635 1335 788 1368 desiderat,
809 1333 925 1360 dicens:

138 1377 281 1420 (imitetur
304 1397 345 1416 me
367 1387 457 1415 osculo
477 1386 530 1412 oris
553 1382 636 1411 sui“.
660 1380 737 1408 Unde
752 1383 779 1407 et
798 1377 927 1407 omnibus

136 1437 252 1466 canticis
278 1434 378 1462 merito
403 1431 555 1468 praefertur,
584 1428 694 1456 videtur
725 1426 799 1454 enim
830 1428 928 1452 caetera

137 1483 245 1511 cantica
261 1487 323 1516 qua:
336 1479 378 1506 lex
405 1484 432 1505 et
454 1476 594 1512 prophetat
615 1472 793 1504 cecinerunt,
810 1468 930 1503 parvula

137 1529 229 1557 adhuc
246 1533 354 1562 sponsae
366 1544 374 1557 ,
392 1528 420 1551 et
440 1530 500 1558 qua-
524 1520 645 1548 nondum
659 1516 791 1545 vestibula
815 1519 929 1542 maturas

138 1575 228 1603 aetatis
244 1573 367 1608 ingressa
392 1569 446 1602 sit,
464 1567 622 1598 decantata;
640 1564 691 1592 hoc
709 1569 774 1590 vero
789 1559 927 1589 cautioum

139 1622 250 1653 adultae,
263 1605 289 1648 ei
301 1619 358 1654 jam
371 1616 448 1644 valde
462 1613 591 1646 robustae,
607 1615 634 1639 et
648 1617 710 1645 qua:
721 1615 807 1643 capax
824 1606 861 1634 sit
871 1605 928 1640 jam

141 1667 228 1695 virilis
241 1650 370 1701 potentia:
385 1661 550 1698 perfectique
563 1655 697 1694 mystcrii,
709 1651 850 1682 decantari
860 1650 928 1687 (ΞΒ).

141 1697 300 1741 Secundum
318 1697 393 1745 quod
408 1708 507 1735 dicitur
526 1705 560 1733 de
582 1705 641 1739 ipsa
657 1701 722 1737 quia
737 1706 791 1727 una
816 1697 852 1726 sit
868 1702 931 1731 per-

144 1740 215 1787 fecta
240 1740 378 1785 columba.
396 1751 481 1787 Quasi
507 1749 628 1787 perfecta
651 1753 716 1782 ergo
739 1743 852 1780 perfecti
874 1740 931 1777 (24)

144 1807 193 1834 viii
209 1812 311 1840 sponsa
325 1800 449 1838 perfecta:
464 1797 585 1832 suscepit
599 1795 683 1823 verba
703 1791 842 1820 doctrinis.

178 1852 304 1879 Primum
328 1856 392 1884 ergo
415 1844 552 1874 canticum
575 1840 674 1870 cecinit
697 1839 750 1865 Deo
773 1836 880 1872 Moyses
907 1837 934 1860 et

147 1899 194 1926 lilii
210 1896 294 1924 Israel
311 1879 422 1929 qua‘ndo
444 1889 570 1917 viderunt
591 1884 734 1922 Egyptios
757 1886 882 1910 mortuos
900 1879 933 1906 ad

147 1944 224 1971 littus
239 1926 327 1968 maris
334 1960 342 1972 ,
357 1942 385 1965 ct
398 1935 508 1972 quando
524 1932 652 1960 viderunt
664 1935 775 1957 manum
795 1926 894 1954 fortem
909 1929 936 1952 et

147 1990 291 2019 brachium
310 1985 449 2014 excelsum
465 1979 590 2013 Domini,
605 1982 632 2006 et
646 1976 821 2005 crediderunt
841 1972 896 1999 Deo
911 1975 938 1998 et

149 2036 252 2065 famulo
274 2034 335 2069 ejus
359 2029 455 2066 Moysi.
481 2025 561 2054 Tunc
584 2025 764 2053 cantaverunt
793 2020 937 2047 dicentes:

149 2062 539 2112 inplemus.Domino,gloriosc
548 2073 617 2100 enim
625 2069 789 2106 gloriﬁcatus
798 2069 835 2093 est
843 2062 937 2099 "(25).

151 2110 207 2165 Ego
222 2131 313 2156 autem
332 2110 449 2152 arbitror
466 2119 540 2157 quod
562 2125 617 2145 non
632 2115 719 2151 possit
732 2113 765 2141 ad
788 2110 860 2139 istud
881 2116 941 2144 per-

152 2154 253 2204 leitum
267 2173 330 2209 quis
343 2176 370 2199 et
381 2154 526 2205 mysticum
542 2163 680 2192 canticum
695 2158 848 2196 pervenire,
863 2160 890 2184 et
905 2154 940 2181 ad

153 2223 233 2250 istam
259 2202 452 2255 perfectionem
469 2219 591 2249 sponsas,
612 2216 673 2245 qua:
686 2207 713 2234 in
730 2206 783 2233 hac
805 2202 940 2237 scriptura

152 2246 320 2296 continetur,
332 2262 385 2290 nisi
397 2260 474 2296 prius
484 2246 610 2286 ambulet
626 2261 674 2290 per
691 2253 794 2280 siccum
811 2249 838 2275 iu
850 2246 941 2275 medio

156 2314 242 2346 mari,
258 2316 285 2340 et
302 2312 349 2338 liat
365 2309 389 2337 ei
409 2314 479 2342 aqua
497 2310 591 2333 murus
609 2310 623 2328 a
638 2300 747 2328 dextera
763 2296 895 2330 laevaque,
915 2296 943 2320 et

157 2361 196 2388 sic
210 2338 308 2386 eiadat
324 2355 358 2383 de
380 2338 506 2381 inanibus
531 2346 736 2384 Egyptiorum;
752 2343 789 2369 ita
806 2344 836 2368 ut
854 2338 944 2366 videat

158 2413 205 2433 eos
219 2407 344 2431 mortuos
358 2399 391 2427 ad
403 2400 479 2427 littus
495 2395 590 2426 maris,
608 2397 690 2427 atque
705 2390 815 2417 intuens
830 2390 942 2413 manum

160 2430 259 2478 fortem
279 2446 403 2479 Domini,
428 2444 492 2480 quia
516 2439 651 2469 interfecit
673 2435 830 2472 Egyptios,
852 2430 946 2459 credat

163 2475 275 2525 Domino
300 2498 327 2521 ct
349 2475 451 2519 famulo
469 2489 527 2524 ejus
545 2484 641 2521 llloysi.
663 2481 748 2517 Moysi
770 2475 946 2525 autem-dico

163 2522 310 2579 l’e'giiatque
324 2522 490 2573 Evangeliis,
503 2532 685 2565 omnibusque
704 2526 803 2555 divinis
821 2522 946 2557 Scriptu-

198 2646 219 2662 "
241 2643 327 2671 E\od.
347 2648 411 2672 xxx,
428 2638 472 2665 29.
510 2636 532 2652 "
550 2634 628 2661 Rom.
643 2639 698 2659 xvi.
736 2630 758 2645 '9
778 2626 837 2655 Gal.
855 2632 895 2656 ιιι,
910 2623 952 2650 19.
991 2619 1014 2635 ³ο
1034 2617 1111 2645 Cant.
1125 2622 1144 2655 ι,

294 2678 324 2686 ...
369 2675 399 2686 ,ο
463 2672 485 2686 οι
501 2671 567 2686 n.....
598 2675 661 2686 νη.
698 2665 737 2686 in,
786 2663 808 2678 ιδ
829 2660 906 2686 Deut.
926 2663 1011 2686 xuii,
1029 2654 1053 2680 l.
1093 2651 1117 2667 ⁶⁶
1128 2648 1185 2676 ibid

168 2681 189 2697 ⁸³
207 2665 411 2708 ibiibi—"laid:
463 2672 485 2688 ⁸³
501 2671 580 2698 Deut.
598 2675 680 2698 xxxi,
698 2665 738 2693 t9.

202 2739 256 2774 (2‘2)
276 2737 362 2774 Mss,_,_
377 2726 694 2774 ιρηιεμιιίινιιε.,ιιιψι-εεςὶδίλἲ
709 2721 898 2774 trac'tuutilitas;i

678 2754 823 2809 εἰει-αναξινὶ1

401 2806 405 2809 ¹
451 2807 455 2809 λ
490 2803 496 2809 ·
570 2799 645 2809 “Im-
664 2803 719 2809 m-m
748 2801 764 2809 ι.
781 2799 841 2809 nn“
860 2798 875 2809 .I
937 2801 947 2807 _

169 2795 459 2873 ὅίᾶἆῖτξῆιιδᾶᾎὺεὲι
473 2795 506 2830 ab
521 2795 647 2829 omnibus
664 2803 731 2823 mss.
748 2796 841 2827 utpote
854 2795 949 2823 super-

189 2853 261 2873 uuiu.

955 190 1003 223 ris,
1022 194 1086 216 tunc
1100 186 1172 214 enim
1194 184 1290 212 merito
1307 182 1429 210 cantabit
1441 186 1470 210 ct
1484 181 1555 209 dicet
1573 190 1578 208 :
1596 179 1738 208 Contentus

957 235 1088 266 Domino,
1103 232 1214 268 gloriose
1232 231 1301 258 enim
1325 229 1488 264 gloriﬁcatus
1516 232 1565 255 est.
1587 227 1640 254 Sed
1662 227 1741 254 istius

956 281 1092 309 canticum
1109 282 1187 306 canet
1208 277 1269 312 quis
1289 282 1350 303 cum
1373 274 1491 309 primum
1508 273 1638 300 liberatus
1662 272 1743 299 fuerit

958 335 973 354 a
999 326 1127 354 servitute
1156 322 1357 358 Egyptiorum.
1381 320 1446 347 Post
1474 320 1532 346 haec
1562 322 1651 345 autem
1681 325 1742 344 cuin

959 371 1099 400 transierit
1114 377 1161 405 per
1180 369 1236 396 lure
1253 367 1345 395 omnia
1365 374 1426 401 qua:
1444 366 1470 393 in
1490 364 1585 392 Exodo
1599 368 1623 391 et
1640 371 1701 398 qua).
1717 363 1743 389 in

959 415 1081 445 Levitico
1097 415 1196 450 scripta
1211 418 1292 446 sunt,
1308 417 1335 440 et
1351 412 1452 440 venerit
1470 411 1503 438 ad
1520 410 1572 438 hoc
1586 414 1615 437 ut
1632 409 1658 436 in
1675 409 1744 435 divi-

961 471 1011 491 nos
1038 468 1165 489 numeros
1192 463 1363 492 assumatur,
1382 463 1448 486 tunc
1472 457 1569 484 iterum
1595 455 1744 483 secundum

962 507 1099 534 canticum
1116 510 1210 538 canet,
1224 511 1285 531 cum
1309 503 1405 531 exierit
1416 503 1450 530 de
1461 502 1530 529 valle
1545 501 1642 528 Zareth
1653 520 1660 532 ,
1674 500 1746 534 quod

962 553 1154 588 interpretatur
1168 551 1254 578 aliena
1271 549 1422 582 descensio,
1435 553 1462 575 et
1472 548 1577 575 venerit
1587 547 1619 574 ad
1635 551 1746 582 puteum

962 599 995 626 de
1006 606 1059 633 quo
1073 597 1204 631 scriptum
1217 600 1258 623 est
1272 604 1279 622 :
1299 594 1331 621 Et
1347 595 1416 621 dixit
1426 593 1555 620 Dominus
1571 592 1605 619 ad
1621 591 1747 626 Moysen:

964 644 1098 678 Congrcga
1113 642 1238 677 populum
1252 661 1258 673 ,
1279 645 1304 667 et
1323 640 1390 667 dabo
1403 640 1439 666 eis
1457 647 1552 674 aquam
1570 638 1601 665 de
1614 643 1692 673 puteo
1708 638 1749 664 lii-

964 691 1022 717 bere
1030 691 1062 716 “.
1081 689 1120 716 lbi
1136 688 1207 715 enim
1235 687 1355 715 cantabit
1370 690 1397 713 et
1410 686 1481 714 dicet
1497 693 1504 712 :
1523 685 1632 712 Initiate
1654 685 1678 710 ei
1701 691 1751 718 pu-

966 742 1044 765 teum.
1059 735 1082 762 F
1083 735 1192 762 oderunt
1209 733 1285 760 illum
1299 732 1429 767 principes
1439 750 1447 763 ,
1463 731 1622 758 excuderunt
1636 737 1695 756 eum
1711 737 1750 755 rr-

965 791 1007 818 get
1022 781 1136 817 gentium
1153 780 1181 806 in
1192 786 1270 814 regno
1289 785 1336 804 suo
1352 784 1410 803 cum
1435 776 1604 802 dominantur
1619 782 1709 801 eorum
1718 773 1747 799 ".

967 827 1019 856 Sed
1035 828 1068 856 de
1082 826 1126 854 his
1139 825 1247 861 plenius
1259 825 1286 851 in
1298 822 1480 850 Numerorum
1501 822 1570 849 libro
1583 842 1590 854 ,
1602 820 1751 849 secundum

967 873 1040 910 quod
1065 872 1138 900 dedit
1173 869 1251 898 nobis
1277 869 1426 900 Dominus,
1446 868 1549 895 dictum
1567 871 1618 894 est.
1643 866 1755 901 Oportet

968 920 1051 956 igitur
1064 918 1157 945 Venire
1173 916 1206 943 ad
1222 921 1332 951 puteum
1343 935 1351 948 ,
1373 914 1421 949 qui
1444 922 1459 942 a
1481 913 1650 949 principibus
1664 911 1756 939 fossus

968 971 1024 997 est,
1048 968 1074 992 et
1099 971 1114 991 a
1136 963 1246 998 regibus
1262 968 1382 989 excusus
1393 965 1452 993 est.
1468 960 1495 987 in
1513 967 1568 995 quo
1580 966 1662 994 opere
1675 965 1756 985 nemo

969 1010 1091 1046 plebeius
1106 1012 1244 1043 operatur,
1261 1007 1309 1035 sed
1323 1013 1418 1034 omnes
1431 1005 1486 1041 34
1498 1004 1647 1040 principes,
1661 1011 1757 1031 omnes

970 1063 1048 1091 rcges
1059 1076 1066 1088 ,
1093 1054 1197 1090 regales
1212 1053 1316 1081 scilicet
1331 1055 1359 1080 et
1381 1050 1544 1087 principales
1561 1050 1660 1077 animm
1671 1069 1679 1081 ,
1697 1056 1758 1083 qua:

971 1101 1141 1129 altitudinem
1166 1099 1241 1134 putei
1266 1105 1365 1133 aquam
1380 1097 1470 1124 vivam
1486 1095 1650 1124 continentis
1666 1094 1758 1129 inqui-

972 1151 1045 1175 runt.
1066 1146 1130 1173 Post
1145 1145 1210 1172 illud
1228 1145 1366 1172 canticum
1380 1142 1489 1170 venitur
1503 1142 1536 1169 ad
1556 1140 1758 1168 Deuteronomii

972 1192 1126 1224 canticum,
1139 1190 1174 1217 de
1191 1197 1246 1225 quo
1263 1189 1329 1216 dicit
1352 1187 1504 1215 Dominus:
1522 1185 1556 1212 Et
1571 1193 1639 1212 nunc
1654 1183 1761 1211 scribite

975 1239 1045 1266 vobis
1057 1237 1134 1265 verba
1146 1235 1243 1263 cantici
1258 1234 1348 1269 hujus,
1359 1238 1383 1260 et
1397 1233 1487 1260 docete
1496 1231 1564 1258 illud
1577 1230 1648 1265 ﬁlios
1661 1229 1760 1261 Israel,

975 1289 1000 1313 et
1019 1284 1122 1319 injicite
1140 1281 1211 1309 illud
1231 1281 1258 1308 in
1275 1288 1303 1307 os
1320 1285 1427 1319 eorum,
1441 1281 1473 1304 ut
1485 1277 1533 1311 fiat
1548 1275 1613 1302 mihi
1627 1274 1761 1302 canticum

975 1329 1047 1358 istud
1069 1328 1106 1355 ad
1129 1326 1309 1354 testimonium
1336 1318 1364 1351 in
1389 1323 1454 1358 filiis
1478 1320 1604 1348 Israel“.
1637 1319 1672 1347 Et
1701 1318 1763 1346 ride

977 1380 1111 1413 quantum
1125 1378 1153 1402 et
1164 1373 1246 1409 quale
1259 1371 1295 1399 sit
1306 1370 1443 1398 canticum
1457 1367 1529 1396 istud
1543 1367 1587 1395 cui
1602 1366 1636 1394 ad
1649 1365 1763 1393 audien-

978 1411 1044 1449 dum
1061 1425 1134 1448 terra
1151 1426 1205 1446 non
1222 1416 1339 1448 sulﬁcit,
1357 1415 1404 1443 sed
1420 1417 1588 1443 convocatur
1609 1415 1636 1440 et
1652 1411 1762 1440 coelum.

979 1469 1024 1495 Ait
1049 1463 1270 1494 etilmzdttende
1292 1462 1384 1490 caelum
1406 1467 1467 1496 qua
1489 1459 1599 1494 loquar,
1623 1463 1648 1485 et
1671 1458 1764 1484 audiat

942 1525 964 1554 ο
981 1519 1051 1541 terra
1067 1512 1144 1539 verba
1166 1517 1198 1538 ea:
1217 1517 1261 1536 ore
1283 1507 1382 1535 meo“.
1401 1504 1468 1533 Vide
1480 1512 1562 1540 quam
1578 1510 1677 1538 magna
1694 1503 1765 1534 sint,

980 1566 1063 1595 quam
1095 1555 1215 1592 ingentia
1241 1561 1302 1589 qua:
1328 1552 1467 1580 dicuntur.
1503 1549 1686 1583 Exspectatur,
1713 1547 1765 1579 ait,

979 1594 1048 1633 sicut
1068 1603 1156 1639 pluuia
1171 1601 1302 1636 eloquium
1322 1605 1407 1625 meum
1417 1617 1424 1629 ,
1440 1600 1466 1623 et
1481 1594 1620 1622 descendat
1637 1594 1708 1620 sicut
1723 1601 1766 1620 ros

981 1657 1061 1683 super
1071 1654 1189 1683 gramen,
1201 1649 1227 1672 et
1240 1645 1309 1672 sicut
1325 1643 1372 1670 nix
1387 1647 1464 1676 super
1477 1640 1587 1675 Iturium,
1598 1639 1662 1674 quia
1674 1646 1766 1665 nomen

982 1693 1090 1722 Domini
1111 1689 1273 1721 invocavi“,
1296 1692 1323 1715 et
1338 1686 1451 1721 reliqua.
1476 1684 1610 1717 Quartum
1631 1683 1766 1711 canticum

982 1744 1024 1768 est
1051 1739 1078 1766 in
1101 1737 1170 1765 libro
1195 1734 1339 1766 Judicum,
1364 1732 1398 1759 de
1420 1738 1475 1766 quo
1499 1730 1630 1764 scriptum
1648 1733 1709 1757 est:
1734 1727 1769 1754 Et

984 1786 1098 1814 cantavit
1121 1782 1241 1810 Debbora
1264 1785 1290 1807 et
1314 1778 1419 1806 Βαναεὴ
1436 1777 1509 1812 ﬁlius
1530 1775 1656 1803 Minoem
1677 1775 1703 1801 iu
1725 1774 1769 1800 die

984 1832 1036 1859 illa
1053 1830 1168 1857 dicentes
1191 1834 1200 1853 :
1220 1823 1374 1860 Incipiendo
1396 1821 1554 1858 principales
1576 1821 1603 1847 in
1632 1819 1720 1846 Israel
1741 1820 1770 1845 in

985 1875 1117 1912 proposito
1131 1871 1221 1909 populi
1236 1869 1379 1898 benedicite
1399 1867 1550 1894 Dominum.
1565 1865 1673 1898 Audite,
1689 1872 1771 1899 reges,

987 1923 1096 1951 auribus
1118 1919 1242 1955 percipit:
1250 1917 1283 1948 ",
1296 1920 1323 1943 et
1339 1914 1453 1949 reliqua.
1467 1913 1530 1940 [iure
1544 1915 1634 1939 autem
1650 1918 1711 1945 qua:
1726 1918 1773 1937 ca-

988 1969 1029 1996 nit
1043 1967 1102 2002 apis
1115 1972 1175 1992 esse
1188 1963 1277 1994 debet,
1293 1960 1372 1994 cujus
1388 1965 1458 1992 opus
1470 1957 1522 1984 tale
1536 1961 1587 1988 est,
1600 1960 1630 1982 ut
1645 1963 1677 1982 eo
1694 1962 1772 1989 reges

988 2017 1015 2042 et
1033 2012 1188 2041 mediocres
1201 2011 1312 2035 utantur
1328 2005 1363 2032 ad
1381 2004 1534 2032 sanitatem.
1555 2001 1678 2028 Debbora
1698 2007 1773 2027 nam-

989 2066 1043 2096 que
1068 2057 1127 2092 apis
1148 2055 1342 2088 interpretatur
1364 2056 1427 2084 quas
1450 2047 1521 2076 istud
1533 2046 1669 2074 canticum
1683 2045 1773 2077 cauit,

991 2090 1038 2134 sed
1057 2090 1205 2132 tat—Barach
1224 2105 1284 2126 cum
1305 2096 1386 2131 ipsa:
1403 2095 1596 2128 interpretatur
1610 2096 1700 2119 autem
1723 2090 1775 2118 Ba-

992 2151 1057 2180 racli
1079 2145 1244 2177 coruscatio.
1267 2142 1302 2170 Et
1322 2142 1433 2170 canitur
1459 2139 1532 2167 istud
1556 2138 1692 2165 canticum
1715 2140 1777 2171 post

956 2189 980 2216 Π
993 2195 1133 2225 victoriam
1147 2213 1154 2226 ,
1175 2191 1239 2227 quia
1254 2196 1304 2217 nec
1317 2191 1381 2215 ante
1394 2185 1457 2221 quis
1471 2187 1560 2220 potest
1576 2190 1638 2218 quae
1657 2181 1777 2217 perfecta

993 2245 1059 2271 sunt
1071 2226 1190 2270 canere,
1201 2236 1254 2263 nisi
1269 2234 1316 2262 ubi
1330 2231 1502 2260 adversarios
1518 2229 1621 2257 vicerit.
1639 2227 1684 2255 Sic
1698 2226 1777 2254 deui-

993 2295 1048 2324 que
1070 2290 1097 2314 et
1117 2286 1144 2313 in
1167 2284 1228 2318 ipso
1248 2281 1354 2309 cantico
1366 2278 1492 2324 dicitur:
1511 2275 1641 2309 Exsurge,
1658 2282 1779 2309 assurge,

996 2319 1135 2362 bebbora,
1161 2325 1294 2355 exsuscita
1323 2322 1410 2350 millia
1433 2321 1535 2357 populi.
1571 2319 1707 2354 Exsurge,
1734 2325 1780 2344 ea:—

997 2385 1084 2413 surge,
1105 2381 1170 2402 caue
1182 2372 1314 2400 canticum
1325 2391 1332 2404 ,
1348 2376 1468 2403 assurge,
1481 2365 1586 2394 ΒΜαή
1593 2365 1625 2392 ⁸⁸.
1640 2363 1740 2391 Verum
1754 2367 1781 2390 et

996 2425 1030 2453 de
1045 2409 1094 2451 liis
1109 2419 1217 2456 plenius
1239 2418 1267 2445 in
1284 2416 1339 2444 illis
1361 2413 1546 2443 oratiunculis
1557 2418 1629 2447 quas
1642 2410 1676 2438 de
1689 2409 1780 2436 libello

995 2470 1123 2498 Judicum
1141 2464 1287 2494 edidimus,
1301 2461 1421 2489 disserui
1430 2458 1558 2493 reperies.
1571 2456 1703 2489 Quintum
1721 2458 1782 2489 post

998 2517 1056 2545 haec
1072 2512 1209 2542 canticum
1223 2514 1264 2537 est
1277 2507 1306 2535 in
1321 2504 1442 2535 secundo
1456 2503 1529 2531 libro
1540 2501 1707 2537 Regnorum,
1720 2506 1782 2526 cum

1238 2610 1260 2626 ⁸¹
1281 2608 1366 2636 Exod.
1386 2614 1432 2638 xv,
1446 2604 1472 2632 Ι.
1526 2604 1548 2620 ⁶¹
1567 2599 1779 2638 Νιιιιιιχιιικίδ.

1093 2636 1196 2676 ῖὶὶὶιῶ.
1209 2646 1237 2674 2.
1276 2645 1298 2660 στ
1312 2643 1376 2671 Jud.
1387 2649 1415 2674 ν,
1426 2636 1458 2674 ἰ,
1470 2639 1498 2672 τ,
1514 2640 1541 2666 3.
1580 2638 1604 2654 ο·
1622 2637 1687 2664 ibid.
1705 2636 1749 2663 te.

1037 2711 1092 2746 (24)
1114 2707 1264 2748 Sic_mss.;
1282 2703 1344 2731 libri
1362 2710 1427 2730 vero
1443 2700 1524 2733 editi,
1541 2706 1599 2735 quae
1617 2698 1640 2725 si
1658 2696 1784 2732 perfecta.

999 2744 1256 2822 erﬂgéi‘miﬁ'ib‘c
1275 2775 1334 2802 loco
1351 2778 1378 2801 et
1399 2771 1487 2804 infra,
1512 2768 1686 2804 glorificatus.
1707 2765 1785 2793 Libb.

1005 2812 1294 2848 editi,'lionoriﬁratua.
