1892 3050
137 111 170 138 ’19
660 109 821 137 ORIGENIS
839 109 870 135 IN
891 107 1068 135 CANTICU.“
1088 107 1224 135 CANTIC.
1726 107 1758 133 80

133 168 240 194 locutus
257 172 298 193 est
313 166 396 193 David
410 167 443 193 ad
467 166 612 194 Dominum
630 167 711 194 verba
727 167 826 194 cantici
840 166 920 199 hujus
937 168 956 194 Α
974 165 999 191 itt
1022 165 1063 192 his
1086 166 1173 193 tribus
1197 165 1295 193 libellis
1315 165 1445 192 voluntati
1466 165 1585 199 Spiritus
1605 164 1710 193 sancti.
1733 164 1758 190 it

134 214 161 240 in
175 214 218 240 die
229 222 282 248 qua
299 214 423 240 liberavit
434 221 496 240 eum
515 213 646 240 Dominus
658 213 691 239 de
705 221 784 239 tttatttt
797 212 917 238 omnium

133 260 308 286 inimicorum
330 266 462 293 suorum,
480 264 507 285 et
521 259 554 286 de
581 266 664 285 manu
682 257 764 289 Sattl,
783 262 809 283 ct
824 256 892 283 dixit
912 266 917 282 ε

136 305 262 330 Dominus
276 304 338 330 nti/ti
356 309 429 338 petra
444 309 468 330 et
484 304 593 330 munitio
607 311 673 335 mea,
686 303 809 329 liberator
827 301 919 328 Domi-

134 358 193 382 nus,
208 349 277 376 Deus
292 358 362 376 meus
377 354 464 376 custos
481 350 530 376 erit
551 349 614 374 nti/ti
626 349 657 374 ‘9.
673 347 700 374 Si
714 355 778 382 ergo
792 352 819 374 et
835 352 862 374 tu
876 354 923 382 p0-

135 397 218 423 tueris
235 396 410 423 considerare
422 395 467 430 qtti
483 399 546 421 sunt
572 393 672 420 inimici
692 393 792 423 David,
811 400 880 427 quos
893 393 919 419 in

136 443 222 476 primo
241 446 268 469 et
286 442 406 468 secundo
421 441 576 475 Regnorum
599 439 667 466 libro
681 443 791 473 superat
811 446 842 466 ac
857 446 920 473 pro-

135 489 248 520 sternit,
272 493 297 514 et
318 487 455 521 quomodo
480 487 578 521 dignus
598 485 686 512 factus
708 489 751 512 est
767 489 796 512 ttt
812 484 919 511 Domini

134 533 298 568 adiutorium
325 537 474 560 mereretur
489 536 516 558 et
534 532 695 558 liberaretur
709 531 743 557 ab
764 529 920 564 hujusmodi

135 579 252 606 inimicis
268 588 274 605 :
290 583 354 605 tuttc
371 579 470 612 poteris
491 582 518 604 et
537 583 564 603 tu
591 577 716 612 quitttum
742 575 813 602 istud
836 576 922 603 canti-

134 632 196 650 cttm
212 632 322 651 canere.
341 623 452 650 Sextum
469 627 511 650 cst
525 623 661 650 canticum
687 622 713 648 itt
734 622 821 656 pritno
836 621 917 649 Para-

135 671 287 705 lipomenon
301 670 384 702 libro,
406 670 451 695 ttbi
480 669 624 696 constituit
641 668 725 694 David
742 668 768 694 itt
787 667 922 701 principio

134 716 166 742 ad
183 716 345 742 laudandum
362 714 506 742 Dominum
528 715 632 748 Asaplt,
648 718 675 740 et
691 713 787 740 fratres
799 713 858 747 ejus
871 733 878 744 ,
896 716 923 739 et

133 765 175 788 est
193 761 299 788 initium
320 761 419 787 cantici
443 761 522 788 istius
540 760 615 786 tale:
635 758 756 785 Laudate
780 758 921 785 Demittunt

132 811 156 833 et
173 806 331 840 conﬁtemini
343 826 350 836 ,
369 811 393 832 et
410 806 528 832 ittrocate
544 813 602 831 eum
626 805 653 830 in
674 805 777 831 nomine
791 804 866 836 eius,
879 812 923 830 tto-

973 211 1127 238 Pt‘overhiis
1154 212 1263 246 quidem
1289 211 1395 238 dicatur
1420 211 1549 238 Salomon
1577 210 1648 237 [ilius
1676 209 1759 236 David

971 257 1017 292 qui
1044 257 1167 291 regnavit
1189 259 1216 284 in
1237 257 1364 290 Israel”;
1391 259 1417 284 itt
1442 257 1562 284 secundo
1579 264 1645 284 vero
1669 256 1760 282 libello

972 311 1025 330 non
1043 302 1172 330 Salomon
1196 303 1341 336 scribitur,
1365 303 1411 330 sed
1427 303 1518 334 verba,
1542 303 1647 337 inquit,
1669 301 1760 328 Eccle-

971 348 1061 375 siust
1076 348 1125 383 ,‘ilii
1143 348 1226 374 David
1240 349 1307 383 regis
1323 348 1408 375 Israel
1421 349 1447 374 in
1468 347 1618 374 Jerusalem
1629 347 1669 380 7";
1684 352 1712 374 et
1728 348 1758 373 li-

973 394 1039 420 lium
1055 394 1163 428 quidem
1178 401 1207 420 se
1219 401 1280 421 esse
1296 393 1380 420 David
1391 413 1399 426 ,
1415 394 1541 421 similiter
1558 398 1587 420 ut
1613 393 1640 419 in
1659 393 1760 427 primo,

972 445 999 467 et
1011 447 1100 475 regem
1119 440 1202 467 Israel
1214 439 1319 473 scribit,
1336 439 1381 466 sed
1399 439 1436 466 ibi
1449 439 1602 474 proverbia,
1617 438 1662 465 hic
1679 438 1760 465 verba

973 486 1066 520 ponit;
1086 491 1112 513 et
1129 486 1249 521 seipsum
1264 494 1344 521 quem
1359 486 1394 513 ibi
1411 486 1596 515 Salomonetn,
1610 484 1654 511 hic
1665 483 1761 510 Eccle-

973 532 1075 558 siasten
1095 532 1227 559 nominat.
1247 532 1354 559 Etcum
1375 531 1412 558 ibi
1427 535 1533 565 gentem
1560 530 1647 557 solam
1662 529 1691 557 in
1706 537 1761 564 qua

972 581 1132 611 regnaverat
1147 577 1294 611 posuisset,
1305 577 1348 604 ltic
1362 581 1388 604 et
1400 580 1506 611 gentem
1518 576 1619 611 posuit,
1631 579 1658 602 et
1670 575 1761 601 locum

974 622 1049 657 regni
1069 622 1219 650 Jerusalem
1244 623 1378 658 designat.
1402 622 1431 648 In
1451 622 1566 649 Cantica
1587 622 1759 649 canticorum

974 675 1038 694 vero
1063 675 1150 703 neque
1172 668 1261 704 gentis
1286 676 1403 702 nomen,
1427 675 1514 703 neque
1535 667 1624 694 locutu
1654 667 1680 694 in
1707 674 1762 699 quo

974 718 1084 748 regnet,
1110 722 1199 749 neqtte
1215 714 1327 741 Omnino
1341 713 1413 748 quod
1439 721 1484 740 rex
1505 713 1556 744 sit,
1583 720 1671 746 neque
1687 711 1761 746 quod

974 764 1077 795 patrent
1110 760 1191 787 David
1225 761 1322 787 habeat
1354 760 1466 790 scribit,
1495 759 1540 786 sed
1571 759 1762 785 tantumnde

975 805 1126 838 Canticum,
1142 805 1189 838 ait,
1203 805 1365 832 canticorum
1378 805 1447 839 quod
1462 809 1500 831 est
1512 805 1563 836 ipsi
1581 803 1760 831 Salomuni”.

134 856 175 878 tus
197 852 277 886 (iteite
294 852 321 878 iu
336 851 440 886 populis
461 852 606 878 voluntates
629 850 686 885 ejus
697 871 705 883 ,
726 850 812 876 cam‘te
830 851 853 876 ei
865 869 873 882 ,
895 855 920 876 et
936 848 956 876 Β
972 851 1004 879 Et
1018 851 1145 887 quamvis
1161 850 1268 878 diﬂicile
1281 851 1347 877 tnilti
1363 850 1505 882 videatur,
1522 854 1566 876 aut
1582 850 1761 884 perscrutari,

133 897 258 931 hymnum
281 897 376 928 dicite,
399 901 507 923 narrate
521 900 615 923 omnes
644 897 840 922 adinventiones
863 895 921 930 ejus

133 951 199 977 quas
223 942 283 976 fecit
306 942 488 974 Dominus”,
511 947 563 969 etc.
588 941 734 968 Sciendum
765 947 855 968 tatnen
881 945 923 968 est

134 988 206 1022 quod
221 988 356 1015 canticum
370 988 478 1022 quidem
491 987 564 1022 qttod
578 992 620 1015 est
635 988 661 1014 itt
677 987 796 1014 sccuttdo
813 987 922 1021 Regno-

136 1041 195 1059 rttttt
210 1033 296 1065 libro,
315 1033 390 1060 valde
410 1032 500 1059 simile
519 1037 560 1060 est
582 1033 687 1066 psalmo
703 1041 768 1060 xm.
782 1032 858 1065 Quod
876 1040 923 1059 au-

136 1084 187 1105 tettt
212 1083 254 1105 est
279 1079 305 1105 itt
331 1079 418 1113 primo
448 1079 517 1105 libro
539 1078 764 1113 Paralipomenon
788 1079 814 1105 in
839 1078 922 1106 initiis

135 1124 244 1158 qutdettt
261 1132 347 1158 usque
362 1125 394 1151 ad
411 1132 473 1152 eum
489 1125 577 1152 locum
594 1125 639 1151 ubi
663 1125 749 1151 dicit:
769 1124 801 1151 Et
819 1126 844 1152 in
860 1134 922 1160 pro-

135 1169 216 1202 phetis
243 1169 321 1196 noltte
351 1170 516 1204 uta/ignari,
545 1170 634 1197 simile
663 1175 705 1197 est
734 1178 777 1197 ειν
803 1171 920 1205 psalmo.

136 1214 286 1242 Posteriora
303 1222 367 1242 vero
381 1216 414 1242 ab
437 1216 488 1243 Itoc
509 1216 569 1243 loco
598 1216 802 1244 similitudinem
825 1222 923 1251 gerunt

134 1260 282 1294 primarum
300 1261 417 1295 partiunt
436 1269 486 1288 xcv
511 1262 596 1296 psal.,
615 1261 660 1288 ttbi
674 1261 774 1289 dicitur
788 1271 794 1288 :
811 1261 924 1289 Cantate

135 1305 258 1338 Domino,
274 1306 359 1332 omnis
373 1310 455 1339 terra,
468 1314 554 1340 usque
571 1308 605 1333 ad
617 1314 680 1333 cutn
697 1307 787 1334 locum
805 1307 849 1334 ubi
864 1308 902 1334 ait
915 1316 922 1334 :

136 1350 205 1382 Quia
224 1352 291 1378 venit
305 1351 429 1385 judicare
446 1356 554 1378 terram.
572 1352 656 1386 Igitur
670 1352 693 1379 si
715 1352 742 1378 in
757 1352 799 1379 his
814 1353 922 1379 conclu-

135 1396 241 1424 dcttdus
263 1401 307 1424 est
330 1405 462 1424 numerus
486 1397 669 1431 canticorum,
688 1398 803 1432 septimo
820 1398 846 1424 itt
865 1398 925 1425 loco

135 1443 276 1477 ponendus
297 1443 431 1470 videbitur
452 1443 519 1470 liber
543 1444 587 1471 hic.
612 1443 717 1471 Catttici
743 1444 923 1471 canticorum.

137 1487 244 1522 Siquis
260 1495 322 1514 vero
346 1487 426 1514 etiam
446 1488 525 1515 Isaia:
538 1487 675 1515 canticum
688 1488 709 1502 “
737 1495 797 1514 cum
820 1487 925 1514 caeteris

137 1534 334 1560 numerandum
352 1538 446 1568 putet,
475 1534 538 1561 licet
555 1541 608 1560 non
625 1533 703 1560 valde
719 1533 866 1560 convenire
883 1533 924 1559 vi-
939 1521 960 1550 Ο

135 1579 242 1612 deatur,
273 1583 302 1606 ut
330 1579 503 1613 praacessisse
535 1583 644 1613 putetur
669 1577 745 1605 Isaiae
769 1578 923 1610 canticum,

136 1625 209 1659 quod
225 1625 303 1659 longe
314 1624 512 1659 posterioribus
527 1624 695 1658 temporibus
709 1623 793 1651 Isaias
808 1623 925 1658 scripse-

137 1670 172 1697 rit
187 1678 193 1697 :
211 1674 299 1697 tamen
316 1670 339 1697 si
353 1670 415 1704 quis
433 1673 508 1704 ptttet
521 1669 594 1704 quod
613 1669 769 1704 prophetica
784 1669 856 1696 dicta
871 1677 925 1696 nott

136 1716 322 1752 temporibus,
346 1716 393 1742 sed
411 1716 516 1743 ratione
545 1714 684 1749 pensanda
700 1714 774 1746 sint,
799 1714 926 1749 adiunget

135 1763 217 1790 (tiam
235 1762 299 1789 illttd
317 1762 471 1794 canticum;
489 1767 515 1788 et
529 1761 602 1788 dicet
623 1761 675 1788 ltoc
698 1760 770 1794 quod
797 1759 926 1787 Salomon

135 1808 235 1836 cecinit
262 1807 405 1835 Canticum
420 1815 481 1834 csse
497 1806 667 1834 canticorum
685 1814 740 1833 tton
756 1811 861 1832 tantum
880 1813 926 1833 eo-

136 1863 196 1882 rum
210 1861 272 1889 quae
285 1854 361 1888 prius
371 1873 378 1884 ,
397 1853 444 1880 sed
458 1857 485 1879 et
498 1859 592 1880 eorum
608 1859 669 1886 qua:
684 1852 857 1887 postmodum
876 1859 924 1879 ca-

136 1901 224 1928 nenda
240 1899 409 1927 videbantur.
425 1898 452 1926 Si
469 1898 532 1933 quis
544 1906 608 1925 vero
623 1902 699 1932 putet
713 1897 796 1924 etiam
810 1905 843 1924 ett
855 1897 925 1925 libro

137 1945 305 1972 Psalmortnn
321 1944 420 1972 debere
433 1943 554 1975 assumi,
572 1943 659 1971 sicubi
682 1943 707 1970 itt
725 1951 758 1971 eo
781 1944 822 1970 vel
838 1944 926 1971 canti-

135 1999 197 2018 cum
216 1991 355 2021 scribitur,
370 1989 412 2016 vel
432 1989 569 2017 canticum
586 1989 682 2024 psalmi
697 2009 704 2021 ,
722 1989 923 2017 multitudinem

137 2035 309 2071 congregabit
320 2034 529 2069 praecedentium
543 2034 726 2061 canticorum.
741 2033 840 2069 Juttget
851 2035 924 2062 ettim

135 2082 241 2108 caeteris
260 2081 342 2108 etiatn
365 2088 398 2106 xv
421 2080 503 2107 simul
525 2079 658 2114 graduum
690 2080 815 2106 cantica:
831 2084 858 2106 et
883 2088 925 2108 rc-

136 2127 248 2162 quirens
266 2126 436 2160 singulorum
453 2125 568 2152 virtutes
583 2125 753 2151 canticorum
764 2145 772 2157 ,
791 2129 873 2160 atque
892 2134 925 2153 ex

973 901 1020 924 aut
1043 897 1196 932 pertingere
1219 904 1299 931 posse
1321 897 1419 923 horum
1433 891 1623 926 'dilIerentias,
1646 900 1695 922 aut
1720 901 1760 922 uti

972 950 1080 977 cunque
1106 942 1280 977 investigatas
1300 942 1389 976 palam
1410 941 1552 976 proferre,
1576 946 1603 968 et
1628 941 1761 968 chartulis

973 989 1082 1016 credere
1105 997 1111 1014 :
1137 992 1226 1014 tamen
1252 988 1279 1013 in
1307 991 1438 1021 quantum
1466 993 1564 1021 capere
1588 986 1628 1013 vel
1664 995 1762 1014 sensus

972 1039 1065 1063 noster
1077 1055 1085 1068 ,
1101 1034 1142 1061 vel
1158 1034 1267 1061 auditus
1288 1033 1435 1068 legentium
1452 1037 1556 1067 potest,
1586 1033 1681 1068 paucis
1697 1041 1761 1067 apu

974 1080 1028 1107 rire
1051 1079 1226 1107 tentabimus.
1256 1078 1284 1105 Itt
1308 1078 1432 1113 plurimis
1457 1078 1632 1106 Salontonetn
1659 1079 1762 1105 Christi

973 1125 1025 1161 35
1042 1131 1132 1160 typum
1149 1124 1229 1156 l'crre,
1248 1124 1288 1150 vel
1306 1124 1457 1150 secundum
1476 1124 1549 1158 qttod
1568 1125 1698 1158 paci/iens
1720 1126 1760 1151 di-

974 1172 1057 1204 citur,
1077 1171 1117 1198 vel
1132 1171 1281 1197 secundum
1295 1169 1348 1197 ltoc
1362 1170 1435 1204 quod
1452 1170 1543 1204 regina
1558 1170 1643 1197 austti
1658 1171 1730 1196 venit
1747 1179 1761 1196 ς)

974 1217 1073 1244 ﬁnibus
1085 1221 1160 1244 terrm
1172 1217 1266 1244 audire
1278 1217 1435 1251 sapientiam
1453 1215 1617 1248 Salomonis,
1631 1225 1683 1242 non
1698 1225 1761 1251 pum

975 1263 1163 1290 dubitandum.
1184 1263 1232 1289 llic
1246 1270 1310 1297 ergo
1326 1267 1353 1289 et
1367 1262 1517 1289 secundum
1531 1262 1603 1296 quod
1621 1262 1692 1288 [ilius
1712 1262 1760 1288 Da-

975 1309 1017 1336 vid
1033 1309 1143 1340 dicitttr,
1159 1313 1252 1343 regnat
1265 1308 1291 1334 itt
1307 1307 1399 1341 Israel,
1414 1313 1440 1335 et
1456 1307 1605 1335 secundum
1622 1308 1695 1342 quod
1714 1316 1756 1334 stt-

976 1351 1085 1388 pt-a'cos
1099 1361 1175 1388 reges
1196 1361 1245 1388 pro
1271 1353 1371 1388 quibus
1393 1353 1450 1388 ipse
1469 1361 1515 1380 rex
1537 1361 1629 1388 regum
1650 1353 1761 1385 dicitur,

975 1403 1080 1433 regnat.
1105 1398 1135 1425 Et
1151 1406 1246 1426 rursus
1265 1406 1346 1426 verus
1371 1398 1550 1426 Ecclesiastes
1565 1398 1622 1432 ipse
1637 1403 1697 1431 est,
1718 1407 1761 1432 qm

976 1453 1033 1471 cum
1049 1445 1076 1471 in
1097 1445 1182 1479 [arma
1197 1445 1242 1471 Dei
1259 1450 1336 1477 esset,
1354 1445 1521 1479 semetipsum
1538 1444 1683 1471 exinanivit
1707 1444 1760 1477 [or-

976 1498 1046 1516 mam
1057 1491 1123 1517 servi
1142 1490 1271 1524 accipiens
1284 1490 1317 1522 7‘,
1332 1494 1361 1517 ul
1371 1494 1547 1524 c0ngregat'et
1563 1489 1711 1516 Ecclesium
1725 1496 1732 1520 ;
1747 1498 1762 1515 ιι

977 1536 1166 1570 cottgregando
1182 1535 1254 1562 enitn
1270 1534 1416 1562 Ecclesium
1440 1535 1619 1561 Ecclesiastes
1641 1534 1760 1568 appella-

978 1585 1030 1608 tur.
1045 1581 1114 1608 Tutn
1134 1588 1198 1608 vero
1214 1581 1275 1615 quis
1291 1580 1327 1606 ita
1342 1579 1481 1611 Salomon,
1506 1579 1532 1606 id
1548 1584 1589 1606 est
1611 1581 1740 1614 paciﬁcus
1754 1601 1762 1612 ,

977 1625 1049 1652 sicut
1068 1625 1198 1652 Dominus
1209 1629 1301 1652 noster
1316 1624 1395 1651 Jesus
1408 1624 1543 1657 Christus,
1560 1625 1605 1659 qui
1616 1625 1704 1657 [actus
1724 1630 1761 1651 est

977 1670 1050 1697 nobis
1069 1670 1199 1704 sapientia
1214 1678 1230 1696 α
1244 1669 1295 1696 Deo
1308 1674 1332 1696 et
1346 1669 1454 1703 justitia
1465 1676 1488 1696 et
1503 1677 1556 1704 pax
1575 1669 1619 1696 ’7?
1636 1669 1721 1704 Igitur
1736 1670 1762 1696 itt

976 1717 1065 1752 pritno
1079 1715 1286 1743 l‘roverbiorunt
1301 1715 1370 1742 libro
1383 1723 1444 1743 ctttn
1459 1723 1508 1742 nos
1521 1715 1671 1743 moralibus
1685 1715 1762 1742 insti-

978 1762 1028 1789 tuit
1038 1761 1198 1796 disciplinis,
1217 1769 1264 1788 rex
1281 1768 1340 1788 esse
1355 1761 1454 1788 dicitur
1472 1761 1498 1787 in
1523 1760 1624 1793 Israel,
1645 1761 1762 1788 necdum

977 1808 1004 1834 itt
1025 1807 1192 1834 Hierusalem
1215 1808 1303 1842 :quia
1328 1807 1378 1833 etsi
1405 1806 1488 1833 Israel
1510 1807 1635 1834 dicamur
1654 1813 1764 1841 propter

977 1855 1068 1888 tidem,
1085 1862 1139 1881 nott
1157 1859 1246 1881 tamen
1263 1854 1288 1880 in
1305 1853 1356 1880 hoc
1367 1857 1524 1888 perventum
1541 1858 1582 1881 est
1596 1858 1624 1880 ttt
1641 1855 1674 1880 ad
1698 1853 1762 1881 llic-

977 1900 1095 1928 rusalcm
1118 1899 1255 1927 caelestem
1276 1898 1431 1933 pervenisse
1450 1898 1599 1925 videamur.
1625 1898 1676 1926 Ubi
1699 1907 1764 1925 vero

976 1946 1182 1982 profecerimus,
1200 1949 1226 1971 et
1243 1945 1270 1971 in
1285 1944 1337 1971 hoc
1354 1947 1462 1970 ventum
1481 1943 1572 1976 fuerit,
1591 1949 1620 1971 ut
1635 1944 1764 1972 Eccleshe

976 1992 1174 2027 primitivorum
1194 1998 1254 2025 qua:
1276 1988 1310 2016 in'
1327 1988 1403 2016 ("dalis
1421 1994 1481 2021 est,
1502 1990 1658 2022 sociemur,
1683 1995 1764 2024 atque

978 2037 1145 2064 Hierusalem
1160 2036 1297 2063 caelestem
1312 2034 1444 2062 discussis
1460 2035 1615 2069 diligetttius
1628 2035 1726 2069 priscis
1737 2041 1764 2062 ct

976 2083 1147 2110 naturalibus
1163 2081 1254 2109 causis
1271 2087 1384 2108 tnatrem
1403 2085 1523 2108 nostratn
1538 2088 1599 2107 esse
1614 2088 1764 2115 cognosca-

977 2137 1039 2156 mus
1053 2129 1189 2156 caelestem
1207 2137 1213 2154 :
1232 2132 1295 2154 tunc
1307 2128 1362 2162 jam
1378 2127 1455 2154 nobis
1469 2126 1549 2153 etiam
1564 2127 1621 2160 ipse
1635 2126 1764 2153 Christus

137 2173 180 2200 ltis
197 2171 363 2207 prolicientis
376 2171 474 2198 anima:
486 2171 587 2206 gradus
601 2171 732 2205 colligens
743 2178 776 2198 ac
792 2171 924 2205 spititalis
942 2183 964 2210 ο
979 2175 1156 2202 Ecclesiastes
1168 2173 1292 2205 etlicitttr,
1311 2177 1337 2200 et
1352 2180 1405 2200 tton
1422 2172 1509 2199 solum
1525 2172 1551 2198 in
1564 2171 1657 2204 Israel,
1679 2173 1724 2199 sed
1737 2177 1764 2198 ιι

136 2219 258 2246 ordinem
294 2217 391 2243 iterutn
425 2215 705 2250 consequentiamtu
738 2223 923 2251 componens,

136 2263 282 2291 ostendere
306 2263 405 2298 poterit
426 2270 508 2297 quam
529 2262 682 2296 magniﬁcis
698 2263 835 2297 gressibus
851 2263 924 2290 ince-

135 2311 202 2338 dens
224 2316 324 2343 sponsa
346 2315 393 2343 per
413 2308 470 2335 haec
492 2308 585 2334 omnia
614 2309 753 2342 perveniat
780 2316 867 2343 usque
889 2309 923 2336 ad

135 2354 286 2382 thalatttuttt
304 2353 398 2387 sponsi
410 2373 419 2386 ,
442 2352 597 2387 digrediens
611 2353 638 2379 in
652 2352 739 2379 lucum
760 2353 924 2381 tabernaculi

135 2399 300 2427 admirabilis
313 2407 394 2434 usque
410 2398 445 2426 ad
461 2399 568 2425 domum
583 2398 631 2425 Dei
650 2399 676 2425 in
691 2407 749 2426 voce
762 2401 921 2426 exsultatio-

135 2447 175 2473 nis
189 2450 214 2472 et
228 2445 401 2480 confessionis
416 2452 495 2472 sonus
511 2443 691 2478 epulrmtt's";
711 2449 738 2472 et
761 2446 922 2480 perveniens

122 2488 222 2526 'usque
237 2491 272 2518 ad
287 2491 376 2526 ipsum
387 2510 395 2523 ,
411 2493 441 2518 ut
462 2489 595 2521 diximus,
612 2490 762 2517 thalamum
780 2491 873 2525 sponsi
893 2494 922 2517 ut

136 2538 226 2564 audiat
241 2542 267 2565 ct
288 2537 415 2571 loquatur
431 2540 530 2564 cuncta
553 2536 609 2563 haec
623 2544 684 2571 qua:
704 2536 879 2563 continentur
894 2537 922 2562 in

135 2578 248 2610 Cantica
277 2581 458 2610 canticorum.
483 2581 581 2608 Adhuc
606 2586 697 2608 autem
723 2589 870 2616 possumus
895 2585 922 2608 et

137 2629 193 2656 hac
216 2628 351 2663 inquirere
371 2628 530 2663 priusquam
548 2627 583 2655 ad
610 2627 700 2662 ipsum
720 2634 821 2661 corpus
838 2627 921 2654 libelli

137 2675 296 2702 veniamus:
310 2682 360 2702 cur
380 2673 509 2701 Salomon
536 2673 583 2708 qui
601 2673 709 2700 videtttr
732 2674 922 2708 obtemperare

171 2778 194 2794 ⁸³
216 2778 235 2805 II
253 2777 307 2811 Reg
333 2786 400 2808 ult.
416 2777 442 2807 εὶ,
456 2778 481 2803 5.

137 2813 158 2828 ”
179 2813 256 2841 Cant.
274 2821 292 2845 ι,
308 2813 332 2838 7.

527 2777 550 2792 ⁷⁸
570 2776 682 2803 lParaI.
700 2784 754 2807 xvt.
768 2777 795 2808 8,
812 2777 838 2805 9.

376 2813 398 2827 7“
411 2812 630 2847 I'ltilipp.tt,6,7.
661 2812 682 2827 ⁷⁷
702 2811 709 2837 I
726 2812 788 2839 Cor.
812 2813 836 2846 l,
851 2814 894 2840 50.

877 2779 898 2793 ⁷¹
920 2777 970 2806 lsa.
985 2785 1022 2804 VI.

934 2814 956 2829 ⁷⁸
976 2812 1082 2840 Coloss.
1110 2820 1127 2844 t,
1145 2812 1190 2839 ‘30.

975 2221 1001 2247 itt
1021 2219 1188 2246 Hierusalem
1206 2225 1319 2253 regnare
1335 2218 1443 2245 dicitttr.
1457 2217 1525 2244 Cum
1543 2225 1605 2244 vero
1621 2217 1653 2244 ad
1673 2226 1695 2252 px
1708 2218 1764 2245 ric-

974 2263 1091 2290 ctionem
1117 2262 1238 2289 omniutn
1260 2265 1368 2289 ventum
1393 2261 1482 2293 fuerit,
1497 2266 1523 2288 ct
1545 2269 1646 2296 sponsa
1660 2263 1684 2288 ei
1703 2270 1764 2296 per-

974 2309 1045 2336 tecta
1058 2309 1147 2336 omnis
1163 2308 1296 2335 duntaxat
1316 2308 1456 2335 rationalis
1479 2313 1604 2335 creatura
1621 2308 1761 2342 jttngetttr,

975 2356 1039 2390 quia
1067 2354 1219 2389 pacilicavit
1240 2361 1287 2388 per
1307 2353 1467 2389 sanguinem
1490 2361 1569 2381 suum
1593 2362 1646 2380 non
1673 2355 1762 2382 solum

976 2408 1037 2435 qua:
1054 2402 1080 2427 itt
1097 2401 1176 2427 terris
1195 2403 1269 2431 sunt,
1289 2399 1334 2426 sed
1353 2404 1379 2426 et
1395 2407 1455 2434 quae
1474 2399 1502 2426 in
1529 2399 1606 2426 caelis
1625 2400 1648 2415 ⁷⁸
1667 2409 1673 2426 :
1699 2405 1764 2427 tunc

976 2447 1103 2474 Salomon
1114 2445 1301 2473 tantummodo
1309 2445 1423 2478 dicetur,
1435 2452 1492 2471 cum
1504 2445 1645 2471 tradiderit
1656 2453 1764 2480 regnum

975 2492 1030 2518 Deo
1042 2496 1065 2518 et
1080 2491 1169 2523 Patri,
1182 2499 1240 2518 cum
1253 2491 1415 2517 euacuaverit
1427 2498 1528 2517 omnem
1548 2491 1728 2525 principatum
1740 2497 1762 2518 ιιι

974 2542 1138 2573 potestatem.
1159 2536 1267 2571 Oportet
1288 2536 1358 2562 enim
1380 2543 1438 2562 eum
1460 2543 1568 2570 regnare
1580 2536 1663 2563 donec
1681 2544 1762 2571 ponat

974 2583 1094 2611 inimicas
1107 2591 1168 2610 suos
1176 2582 1223 2609 sub
1237 2582 1343 2617 pedibus
1355 2583 1420 2615 suis,
1436 2587 1460 2609 et
1471 2583 1628 2610 novissimus
1639 2585 1763 2610 inimicus

976 2630 1128 2656 destruatur
1139 2636 1208 2654 mars
1218 2628 1250 2655 7°.
1264 2627 1296 2654 Et
1310 2628 1346 2654 ita
1360 2628 1507 2662 pacilicatis
1522 2629 1660 2659 omnibus.
1677 2629 1766 2656 Patri-

976 2682 1028 2708 que
1045 2674 1184 2709 subjectis,
1195 2681 1256 2700 cunt
1266 2673 1381 2707 critjam
1394 2673 1464 2700 Deus
1481 2673 1610 2700 omniain
1622 2675 1762 2706 omnibus,

1061 2778 1083 2793 ⁷¹
1104 2776 1174 2803 Psal.
1190 2784 1243 2807 χιι,
1342 2777 1365 2792 ⁷⁸
1385 2776 1466 2803 Prov.
1481 2785 1499 2803 t.
1551 2777 1573 2792 ⁷⁵
1594 2776 1675 2804 Εει-ιῐ.
1697 2777 1760 2809 1,,1.

1230 2812 1251 2827 7“
1268 2811 1277 2837 I
1294 2811 1356 2838 Cor.
1373 2819 1416 2843 xv,
1432 2812 1478 2843 24,
1497 2811 1538 2844 25,
1553 2812 1597 2838 26.
