1892 3050
142 118 178 146 85
670 119 833 148 ORIGENIS
849 107 882 147 IN
900 120 1078 150 CANTICUM
1095 121 1232 149 CANTIC.
1733 121 1766 149 8|

142 176 181 203 ris
193 175 304 209 divinis,
317 183 435 212 quorum
454 176 536 205 lectio
556 177 629 205 nulla
651 179 731 207 nobis
754 178 868 207 omnino
887 183 930 206 est
942 184 966 213 Α
979 184 1071 216 patres
1083 180 1180 208 nostri.
1192 179 1284 208 Potuit
1296 179 1368 208 enim
1382 179 1451 212 ﬁeri,
1467 183 1495 207 ut
1506 179 1622 214 apostoli
1636 179 1678 207 vel
1689 187 1770 208 evan-

143 222 250 250 tradita.
264 221 317 250 Sed
329 231 416 258 neque
423 223 494 261 apud
505 222 613 251 Iudaeos
623 223 716 252 haberi
729 225 838 260 quidem
850 233 929 253 usum

143 268 299 304 hujusmodi
318 268 468 305 reperimus
485 269 630 297 lectionum
641 290 648 302 ,
672 277 741 305 quas
756 271 814 298 sive
831 278 880 305 pro
897 279 930 298 eo

143 314 216 350 quod
231 314 322 350 aliqua
334 322 416 349 supra
432 315 579 342 humanam
596 315 799 351 intelligentiam
812 316 932 344 contine-

144 359 220 388 bant.
239 359 341 394 placuit
358 360 472 395 Spiritui
484 365 579 389 sancto
593 361 692 388 auferri
706 361 739 388 de
754 362 853 395 medio,
874 362 931 390 sive

143 405 216 439 quod
229 411 320 434 essent
332 406 367 433 de
382 406 526 442 scripturis
548 407 591 434 his
603 415 663 442 qua:
678 407 847 443 appellantur
866 415 932 443 apo-

142 451 262 485 cryphm,
278 459 328 488 pro
344 459 377 481 eo
393 453 465 488 quod
482 453 566 480 multa
579 453 605 480 in
621 453 661 480 eis
673 457 799 488 corrupta
820 458 847 481 et
862 461 930 481 con-

144 500 184 522 tra
202 496 282 524 tidem
300 505 392 525 veram
414 498 589 527 inveniuntur
610 506 626 526 a
647 498 799 534 maioribus
821 498 930 533 tmdita,

144 548 198 568 non
215 542 318 576 placuit
328 543 368 571 eis
379 544 437 571 dari
452 544 554 578 locum,
569 551 620 572 nec
636 544 741 572 admitti
757 545 790 572 ad
809 544 930 573 auctori-

145 591 238 616 tatem.
255 589 343 626 Supra
357 597 406 617 nos
423 594 464 620 est
480 590 658 625 pronuntiare
679 590 713 619 de
733 590 842 619 talibus.
862 591 930 619 Illud

143 638 233 661 tamen
248 635 336 669 palam
351 640 392 664 est
406 636 491 664 multa
498 637 541 665 vel
552 637 587 665 ab
597 637 737 672 apostolis,
749 638 792 666 vel
803 637 838 665 ab
848 645 932 665 evan-

143 681 247 715 gelistis
264 682 385 717 exempla
398 690 458 710 esse
472 682 591 721 prolata,
612 688 640 712 et
663 683 738 712 Novo
754 683 931 713 Testamento

141 726 253 758 inserta,
269 736 329 763 qua:
340 728 366 756 in
383 729 425 756 his
441 729 591 764 Scripturis
603 737 672 766 quas
689 730 835 759 canonicas
847 729 932 757 habe-

142 780 214 804 mus,
231 781 372 810 nunquam
387 775 514 810 legimus,
529 775 556 802 in
571 775 733 811 apocryphis
750 780 839 803 tamen
852 774 929 803 inve-

142 818 266 853 niuntur,
279 825 306 848 et
315 820 454 849 evidenter
465 828 497 847 ex
511 820 578 855 ipsis
589 821 771 848 ostenduntur
782 825 930 857 assumpta.

143 864 195 893 Sed
211 873 245 893 ne
262 866 302 894 sic
323 865 433 901 quidem
458 866 534 894 locus
558 867 722 902 apocryphis
741 867 847 894 dandus
863 871 905 894 est
922 876 929 895 :

143 919 197 940 non
212 913 286 940 enim
302 912 461 943 transeundi
476 917 539 943 sunt
558 913 665 940 termini
684 920 754 948 quos
777 916 932 941 statuerunt

981 225 1084 261 gelistae
1102 230 1197 253 sancto
1217 224 1320 260 Spiritu
1344 225 1438 260 repleti
1460 225 1590 253 sciverint
1606 225 1671 260 quid
1690 233 1770 253 assu-

982 271 1109 299 mendum
1129 279 1161 298 ex
1178 271 1232 299 illis
1249 276 1322 299 esset
1342 270 1508 306 Scripturis,
1526 270 1626 306 quidve
1648 270 1770 298 refutau-

981 317 1057 350 dum;
1073 317 1152 345 nobis
1163 322 1253 345 autem
1269 324 1322 344 non
1336 320 1378 345 est
1399 317 1502 352 absque
1519 317 1642 352 periculo
1665 316 1768 350 aliquid

981 362 1034 389 tale
1048 370 1222 397 praesumere,
1234 362 1334 397 quibus
1347 369 1400 390 non
1414 367 1455 390 est
1467 367 1541 390 tanta
1555 362 1668 397 spiritus
1683 362 1770 388 abun-

981 407 1084 435 dantia.
1101 406 1134 434 Et
1145 408 1206 435 ideo
1220 407 1254 435 de
1266 408 1392 443 praesenti
1406 408 1540 435 versiculo
1554 415 1605 435 nos
1619 415 1679 434 eam
1696 411 1770 434 tene-

982 461 1043 481 mus
1055 453 1202 481 editionem
1220 461 1302 489 quam
1327 461 1408 488 supra
1429 453 1626 488 exposuimus,
1651 452 1770 480 maxime

981 507 1043 527 cum
1057 499 1168 527 evidens
1181 499 1208 526 in
1220 507 1253 527 eo
1264 499 1395 527 habeatur
1404 499 1554 531 distinctio,
1567 499 1613 526 ubi
1627 499 1684 526 ait:
1697 498 1768 526 Cau-

982 546 1063 572 ticum
1077 545 1252 579 canticorum,
1266 545 1335 581 quod
1349 551 1386 573 est
1408 545 1460 580 ipsi
1476 544 1623 573 Salomoni.
1648 544 1677 572 Si
1695 545 1767 572 enim

981 591 1114 619 voluisset
1139 591 1250 627 intelligi
1274 591 1441 619 canticorum
1459 590 1615 619 Salomonis
1634 591 1688 618 hoc
1708 598 1769 618 esse

981 635 1135 668 Canticum,
1151 635 1272 663 dixisset.
1294 635 1403 671 utique,
1428 636 1571 664 Canticum
1597 636 1766 664 canticorum

981 689 1043 717 qua:
1056 687 1120 710 sunt
1134 681 1287 715 Salomoni,
1300 682 1342 709 vel
1355 682 1498 711 Canticum
1514 690 1546 711 ex
1561 682 1676 711 canticis
1689 681 1769 709 Salo—

979 727 1092 756 monis:
1108 735 1182 756 nunc
1200 732 1290 755 autem
1307 729 1372 764 quia
1388 729 1466 761 dixit.
1482 729 1551 764 quod
1565 732 1603 756 est
1619 727 1766 759 Salomoni,

981 773 1135 802 ostenditur
1148 773 1222 801 istud
1237 773 1380 801 Canticum
1399 774 1470 810 quod
1488 774 1569 802 estin
1588 774 1725 807 manibus,
1741 778 1769 800 et

980 821 1055 857 quod
1070 825 1128 849 erat
1142 821 1167 849 ei
1180 821 1344 854 canendum,
1358 829 1419 849 esse
1435 821 1600 849 Salomonis.
1617 820 1650 848 Et
1664 821 1717 847 hoc
1734 821 1769 847 de

981 867 1162 896 attitulatione
1185 875 1266 902 quam
1281 867 1423 903 proposuit
1446 868 1593 896 continere.
1624 867 1768 895 Videamus

982 920 1047 948 ergo
1058 913 1114 948 jam
1131 916 1158 940 et
1176 920 1237 947 quae
1249 916 1410 948 sequuntur.

145 1008 1750 1023 ——-—-——-———————-————-————U—-———-—

737 1090 1190 1179 ORIGENIS

436 1246 509 1302 IN

574 1245 952 1304 CANTICUM
1004 1242 1474 1303 CANTICORUM

725 1361 902 1407 LIBER
939 1362 1188 1409 PRIMUS.

179 1528 246 1563 Cap.
263 1528 284 1560 I,
298 1536 369 1556 vers.
383 1527 409 1556 l.
429 1527 569 1555 Osculetur
586 1535 627 1554 me
647 1528 680 1555 ab
691 1529 781 1556 osculo
804 1529 859 1556 oris
876 1529 928 1557 sui.
943 1531 966 1562 Ω
982 1534 1142 1558 aestuantem
1160 1536 1225 1557 vero
1242 1528 1377 1557 desiderio
1399 1529 1511 1564 sponsi,
1525 1533 1554 1557 et
1574 1529 1682 1557 interno
1707 1529 1765 1556 vul-

144 1574 300 1601 Meminisse
314 1577 420 1609 oportet
434 1573 500 1600 illud
512 1573 585 1608 quod
597 1573 625 1600 in
638 1573 797 1608 praefatione
814 1581 930 1609 praemo-

145 1620 266 1652 nuimus,
278 1620 342 1654 quia
351 1620 457 1647 libellus
469 1619 513 1647 hic
520 1619 686 1654 epithalamii
702 1619 804 1648 habens
814 1620 930 1655 speciem

144 1666 275 1693 dramatis
286 1665 314 1692 in
329 1665 439 1693 modum
453 1665 645 1693 conscribitur.
660 1664 758 1693 Drama
767 1669 859 1693 autem
871 1674 932 1694 esse

144 1712 265 1739 diximus
282 1711 328 1739 ubi
341 1715 422 1740 certa:
433 1719 558 1746 personae
574 1711 798 1745 introducantur,
813 1719 874 1747 quae
891 1712 931 1740 lo.

145 1763 276 1794 quuntur,
290 1763 317 1786 et
333 1759 393 1787 alia:
406 1759 542 1787 interdum
558 1760 763 1795 superveniunt,
779 1760 839 1788 alite
854 1767 930 1788 rece-

143 1804 222 1836 dunt,
239 1807 286 1831 aut
300 1805 451 1837 accedunt,
468 1809 495 1832 et
514 1805 554 1832 sic
573 1808 660 1832 totum
683 1805 711 1832 in
734 1805 931 1833 mutationibus

144 1849 235 1884 agitur
247 1857 436 1883 personarum.
450 1848 513 1877 Haec
527 1857 592 1884 ergo
604 1850 657 1877 erit
673 1850 755 1878 totius
770 1851 853 1878 libelli
866 1859 929 1886 ερε-

144 1895 210 1928 cies,
228 1899 254 1922 et
266 1894 415 1922 secundum
430 1895 501 1922 hanc
513 1903 562 1930 pro
579 1895 684 1923 viribus
697 1896 825 1924 historica
840 1905 857 1925 a
880 1905 931 1925 no-

145 1941 186 1969 bis
200 1941 338 1976 aptabitur
350 1942 493 1976 expositio.
516 1941 653 1976 Spiritalis
671 1949 737 1970 vero
752 1943 928 1979 intelligentia

143 1987 292 2014 secundum
309 1988 361 2015 hoc
372 1988 550 2016 nihilominus
570 1989 642 2023 quod
667 1989 694 2016 in
708 1988 868 2024 praefatione
892 1990 930 2017 si-

143 2033 296 2068 gnavimus,
312 2034 353 2061 vel
368 2035 401 2062 de
414 2035 535 2063 Ecclesia
550 2035 582 2062 ad
596 2035 734 2062 Christum
754 2035 806 2062 sub
822 2043 930 2071 sponsae

143 2079 184 2106 vel
198 2080 290 2114 sponsi
307 2080 395 2112 titulo,
408 2081 451 2107 vel
465 2081 498 2108 de
516 2081 613 2108 anima:
623 2089 684 2109 cum
699 2081 788 2109 Verbo
803 2082 849 2110 Dei
864 2091 930 2110 con—

141 2124 283 2158 junctione
309 2124 445 2159 dirigitur.
474 2125 658 2153 Introducitur
683 2134 747 2161 ergo
776 2135 849 2155 nunc
882 2135 930 2162 per

145 2169 265 2197 historiae
289 2170 407 2204 speciem
435 2178 536 2205 sponsa
562 2172 685 2206 quaedam
715 2180 776 2207 qum
811 2174 930 2209 suscepit

142 2214 266 2248 quasdam
296 2215 495 2249 sponsaliorum
521 2220 548 2242 et
573 2216 644 2244 dotis
666 2217 744 2244 titulo
767 2218 927 2253 dignissima

143 2267 256 2287 munera
269 2260 303 2287 ab
316 2267 418 2295 sponso
431 2261 601 2288 nobilissimo
619 2263 680 2289 :sed
694 2263 811 2297 plurimo
826 2268 930 2299 tempo-

143 2312 172 2332 re
189 2312 292 2332 moram
309 2306 426 2334 faciente
440 2314 552 2342 sponso,
569 2308 706 2336 sollicitari
720 2317 778 2336 eam
794 2311 930 2338 desiderio

141 2350 245 2377 amoris
261 2350 315 2383 sui,
333 2356 361 2378 et
371 2351 467 2379 conﬁci
482 2351 616 2386 jacentem
631 2353 703 2380 domi
722 2362 789 2388 sum,
805 2361 928 2391 agentem

141 2395 196 2430 37
211 2397 303 2423 omnia
322 2402 457 2431 quatenus
473 2398 560 2432 possit
576 2399 723 2433 aliquando
739 2401 830 2429 videre
845 2409 929 2437 spon—

141 2450 202 2470 sum
219 2451 310 2477 suum,
328 2448 411 2478 atque
431 2445 534 2472 osculis
549 2445 608 2480 ejus
632 2446 696 2475 frui.
718 2447 784 2480 Quae
797 2449 926 2484 quoniam

142 2496 191 2516 nec
207 2489 308 2516 dill‘erri
328 2497 448 2517 amorem
473 2498 570 2523 suum,
591 2499 641 2520 nec
663 2493 775 2528 adipisci
800 2501 829 2521 se
847 2501 927 2529 posse

141 2534 214 2568 quod
236 2534 376 2562 desiderat
398 2535 486 2569 videt,
505 2541 646 2563 convertat
668 2544 697 2564 se
713 2537 746 2564 ad
763 2538 924 2571 orationem,

141 2584 168 2606 ct
186 2580 319 2615 supplicet
343 2580 410 2612 Deo,
435 2581 524 2608 sciens
547 2589 607 2609 eum
625 2581 731 2609 Patrem
753 2590 814 2610 esse
833 2585 927 2618 sponsi

141 2625 193 2651 Slll.
207 2625 419 2654 Consideremus
433 2634 497 2662 ergo
515 2634 574 2654 eam
589 2627 722 2654 levantem
744 2633 853 2656 sanctas
867 2637 926 2657 ma-

141 2677 192 2696 nus
208 2670 267 2697 sine
285 2671 323 2698 ira
342 2675 370 2698 et
389 2672 588 2706 disceptatione
603 2673 629 2699 in
642 2673 735 2700 habitu
750 2678 848 2701 ornato
863 2682 924 2702 cum

140 2715 301 2742 verecundia
317 2720 343 2743 et
355 2717 511 2749 sobrietate,
526 2722 650 2744 ornatam
666 2718 834 2753 dignissimis
849 2727 927 2747 orna-

142 2761 255 2793 mentis,
275 2761 376 2795 quibus
400 2763 492 2790 ornari
519 2763 596 2791 decet
623 2763 739 2791 nobilem
767 2772 893 2799 sponsam
917 2776 923 2795 :

175 2830 199 2846 ⁵ο
213 2830 302 2858 Galat.
320 2839 362 2864 nt,
377 2831 421 2858 l9.

982 1583 1047 1604 nere
1060 1576 1163 1603 amoris
1178 1575 1319 1611 agitatam,
1331 1575 1496 1607 orationem,
1512 1579 1543 1603 ut
1556 1575 1687 1608 diximus,
1704 1575 1766 1602 fun-

981 1621 1046 1649 dere
1060 1621 1093 1648 ad
1112 1620 1208 1653 Deum,
1220 1625 1248 1648 et
1260 1620 1350 1648 dicere
1371 1620 1404 1648 de
1424 1627 1527 1656 sponso
1543 1629 1593 1648 suo
1607 1629 1612 1647 :
1628 1620 1767 1648 Osculetur

983 1675 1023 1694 me
1038 1666 1070 1693 ab
1087 1666 1177 1694 osculo
1201 1666 1256 1693 oris
1278 1666 1331 1693 sui.
1355 1665 1418 1692 Haec
1434 1669 1498 1693 sunt
1512 1673 1572 1700 qua:
1594 1665 1726 1692 dramatis
1741 1665 1767 1691 in

983 1712 1095 1740 modum
1121 1711 1272 1747 composita
1299 1711 1429 1740 historica
1454 1712 1576 1739 continet
1601 1711 1768 1746 explanatio.

982 1757 1095 1785 Interior
1110 1764 1174 1784 vero
1191 1757 1342 1785 intellectus
1357 1757 1498 1785 videamus
1517 1757 1539 1784 si
1556 1757 1607 1784 hoc
1622 1757 1704 1784 modo
1721 1765 1769 1791 po-

981 1803 1044 1830 terit
1068 1806 1252 1837 competenter
1275 1802 1374 1837 aptari.
1399 1802 1521 1830 Ecclesia
1548 1802 1584 1829 sit
1610 1802 1769 1830 desiderans

980 1847 1090 1876 Christo
1105 1847 1243 1882 conjungi.
1260 1847 1409 1876 Ecclesium
1421 1853 1512 1876 autem
1527 1853 1627 1876 emtum
1644 1849 1769 1875 omnium

981 1894 1090 1924 adverte
1116 1900 1286 1923 sanctorum.
1315 1895 1377 1924 Haec
1402 1903 1468 1930 ergo
1490 1895 1610 1923 Ecclesia
1635 1896 1669 1923 sit
1689 1896 1769 1930 quasi

980 1940 1102 1967 omnium
1120 1948 1172 1968 una
1190 1948 1317 1976 persona,
1333 1949 1394 1976 qum
1410 1942 1538 1976 loquatur
1552 1947 1578 1969 et
1589 1942 1661 1969 dicat
1678 1952 1685 1968 :
1700 1941 1766 1968 Om-

980 1986 1025 2014 nia
1044 1986 1141 2018 habeo,
1157 1987 1258 2021 repleta
1273 1995 1333 2015 sum
1354 1988 1514 2016 muneribus
1534 1995 1596 2022 qua:
1613 1987 1768 2022 sponsalio-

981 2039 1042 2060 rum
1060 2033 1103 2059 vel
1125 2032 1197 2060 dotis
1212 2033 1292 2060 titulo
1314 2037 1376 2060 ante
1398 2034 1506 2068 nuptias
1523 2034 1638 2068 sumpsi.
1662 2033 1768 2060 Dudum

980 2078 1054 2105 enim
1069 2086 1130 2106 cum
1157 2087 1325 2114 praepararer
1341 2079 1374 2106 ad
1397 2080 1556 2114 eonjugium
1578 2079 1626 2106 ﬁlii
1654 2080 1726 2114 regis
1742 2084 1771 2108 et

979 2124 1154 2159 primogeniti
1180 2125 1270 2152 omnis
1295 2130 1436 2158 creaturae,
1453 2125 1575 2153 obsecuti
1591 2130 1656 2152 sunt
1672 2130 1699 2153 et
1715 2126 1769 2152 mi-

981 2170 1166 2197 nistraverunt
1185 2171 1251 2197 mihi
1274 2171 1362 2205 angeli
1380 2171 1467 2198 sancti
1481 2171 1551 2206 ejus,
1567 2171 1720 2199 defcrentes
1734 2172 1768 2198 ad

982 2223 1025 2243 mc
1038 2217 1122 2251 legem
1140 2216 1276 2251 sponsalis
1291 2218 1412 2244 muneris
1426 2217 1495 2244 loco.
1517 2217 1571 2244 Lex
1587 2225 1706 2252 namque
1722 2227 1769 2252 pt‘t‘

981 2261 1093 2296 angelos
1121 2260 1253 2296 disposita
1276 2261 1377 2288 dicitur
1400 2262 1427 2289 in
1452 2270 1534 2289 manu
1560 2263 1720 2291 mediatoris
1733 2264 1768 2291 “.

980 2307 1206 2334 Ministraverunt
1231 2307 1298 2334 mihi
1326 2307 1406 2335 etiam
1429 2308 1576 2343 prophetae.
1593 2309 1689 2337 Locuti
1705 2315 1771 2337 sunt

979 2355 1051 2382 enim
1067 2354 1158 2381 omnia
1182 2360 1209 2381 et
1228 2354 1291 2388 ipsi,
1306 2362 1353 2388 per
1369 2362 1430 2388 quae
1450 2363 1505 2382 non
1530 2355 1619 2382 solum
1641 2356 1770 2383 ostende-

980 2405 1041 2427 rent
1055 2404 1083 2427 et
1098 2400 1251 2427 indicarent
1264 2399 1331 2426 mihi
1344 2400 1378 2426 de
1389 2399 1459 2427 Filio
1476 2400 1534 2434 Dei,
1550 2401 1595 2428 cui
1612 2409 1656 2428 me
1672 2402 1770 2430 delatis

982 2446 1024 2474 his
1040 2454 1101 2480 quae
1113 2446 1282 2480 appellantur
1303 2446 1392 2474 arrhis
1407 2450 1435 2473 et
1456 2447 1615 2474 muneribus
1628 2447 1769 2475 dotalibus

981 2492 1115 2527 spondere
1128 2492 1293 2526 cupiebant:
1309 2500 1403 2519 verum
1429 2497 1459 2519 ut
1480 2496 1506 2519 et
1523 2493 1549 2520 in
1574 2500 1696 2520 amorem
1725 2502 1770 2521 me

980 2539 1040 2573 ejus
1056 2537 1277 2573 desideriumque
1299 2539 1497 2566 succenderth
1521 2540 1770 2573 pronuntiaverunt

980 2584 1047 2611 mihi
1071 2584 1236 2619 propheticis
1259 2584 1374 2612 vocibus
1392 2584 1426 2611 de
1451 2585 1567 2612 adventu
1589 2584 1650 2620 ejus
1663 2604 1671 2617 ,
1691 2591 1719 2613 ct
1734 2587 1769 2614 de

980 2629 1131 2657 innumeris
1151 2629 1308 2662 virtutibus,
1332 2630 1515 2664 operibusque
1541 2630 1600 2665 ejus
1625 2631 1769 2658 immensis

980 2676 1075 2710 repleti
1095 2675 1196 2710 Spiritu
1218 2679 1313 2702 sancto
1332 2675 1558 2710 praedicaverunt.
1582 2676 1769 2704 Pulchritudi-

980 2729 1040 2749 nem
1055 2729 1162 2756 quoque
1186 2721 1262 2756 ejus,
1278 2726 1305 2748 et
1329 2722 1457 2756 speciem,
1473 2729 1514 2750 ac'
1528 2723 1768 2750 mansuetudinem

979 2768 1192 2803 descripserunt,
1206 2767 1242 2795 ita
1260 2772 1288 2795 ut
1304 2767 1432 2796 omnibus
1448 2768 1491 2796 his
1514 2769 1547 2796 ad
1571 2776 1692 2796 amorem
1708 2770 1768 2806 ejus
