1892 3050
80 119 115 147 85

781 115 882 143 LIBER
901 115 1044 144 PRIMUS.

1691 119 1738 148 εσ

86 176 297 204 intolerabiliter
311 176 370 212 (26)
387 177 584 206 i-nllammarer.
611 177 662 204 Sed
688 177 817 212 quoniam
839 185 889 204 saw
904 179 925 207 Λ
941 177 1005 209 suit,
1021 182 1049 204 ut
1073 177 1257 213 intelligamus
1274 178 1489 214 uniuscujusque
1504 177 1734 209 obscuri‘sensusr

84 223 175 251 culum
190 222 248 257 jam
265 231 337 258 pene
350 223 456 250 linitum
470 228 522 256 est,
538 228 565 250 et
587 222 672 258 ipsius
685 223 794 257 quidem
812 230 881 256 pra:—

84 268 170 295 sentia
190 276 244 295 non
262 269 346 295 datur
363 268 447 301 mihi;
470 268 544 296 solos
556 273 647 295 autem
663 268 803 296 ministros
820 268 884 302 ejus-

84 315 163 342 video
180 315 361 343 ascendentes
377 320 404 343 et
420 315 616 343 descendentes
631 315 663 342 ad
690 323 747 348 me,
770 320 880 350 propter
905 345 916 355 κ

84 360 134 387 hoc
148 361 183 387 ad
202 365 229 387 te
245 360 353 387 Patrem
369 361 462 395 sponsi
486 361 538 388 mei
554 369 661 396 precem
678 361 762 388 fundo
782 365 809 388 et
831 361 879 388 ob-

83 411 162 430 secro
181 410 212 431 ut
224 404 333 431 tandem
349 404 497 432 miseratus
511 413 633 432 amorem
648 410 771 432 nostrmn
787 406 879 433 mittas

81 456 163 482 cum;
180 454 212 476 ut
225 450 282 484 jam
298 457 353 477 non
367 450 433 477 mihi
451 450 508 486 (27)
526 458 572 485 per
592 451 734 479 ministros
747 459 812 479 suos
827 460 878 479 an-

82 495 159 530 gelos
171 495 307 522 duntaxat
327 501 354 523 et
377 496 524 531 prophetas
539 496 676 531 loquatur,
692 497 739 524 sed
757 497 816 533 ipse
831 505 879 532 per

82 541 265 576 semetipsum
283 541 382 573 veniat,
396 547 424 569 et
440 542 581 569 osculetur
603 550 647 569 me
664 542 699 570 ab
713 543 807 570 osculo
822 543 879 570 oris

81 585 138 617 sui,
162 586 246 613 verba
264 586 368 614 scilicet
382 587 409 614 in
431 595 463 615 os
488 595 578 615 meum
600 587 642 615 sui
665 588 721 615 oris
743 588 877 622 infundat,

83 630 175 664 ipsum
193 631 303 658 audiam
319 631 485 666 loquentem,
501 632 589 666 ipsum
606 632 711 659 videam
724 633 876 660 docentem.

84 675 148 704 Ilsec
163 676 238 703 enim
258 682 323 704 sunt
339 676 441 704 Christi
454 676 548 705 oscula
564 685 626 713 quae
645 678 765 713 porrexit
785 678 879 706 Eccle-

83 721 143 754 siae,
163 729 225 748 cum
253 722 280 748 in
299 722 415 750 adventu
441 729 492 750 suo
515 722 574 757 ipse
599 722 727 750 Christus
753 723 781 750 in
796 730 878 751 carne

83 767 192 802 positus
206 767 402 802 evangelizavit
415 767 439 795 ei
457 768 539 795 verba
558 768 620 796 [idei
643 773 670 796 et
687 769 829 797 charitatis
851 773 878 797 et

86 812 171 846 facis,
188 813 341 840 secundum
366 813 438 848 quod
462 812 547 841 Isaias
564 813 745 848 promiserat,
764 818 792 842 et
809 822 878 849 prm-

84 857 188 884 missus
207 857 241 884 ad
267 847 395 892 sponsam
419 858 546 885 dixerat:
564 847 629 886 Non
653 858 775 894 legatus,
790 847 878 895 neque
893 847 914 875 Β

81 903 211 937 angelus,
229 903 276 930 sed
297 904 351 937 ipse
365 903 495 930 Dominus
510 904 622 931 salvalu‘t
633 913 682 932 nos
694 905 727 932 '°.

118 948 214 976 Tertio
231 957 296 977 vero
313 950 494 985 expOsitionis
514 951 574 979 loco
596 951 803 979 introducamus
818 951 879 979 ani-

82 1004 169 1027 mam.
192 996 273 1031 cujus
293 1003 377 1024 omne
398 997 519 1024 studium
545 997 581 1025 sit
592 997 720 1033 conjungi
736 1001 764 1025 et
780 1005 878 1025 conso-

81 1042 150 1070 ciari
170 1043 254 1069 verbo
272 1041 329 1076 Dei,
345 1047 370 1070 et
385 1043 455 1070 intra
468 1043 600 1079 mysteria
615 1043 756 1078 sapientia:
769 1043 829 1078 ejus
845 1051 878 1071 ac

81 1089 206 1116 scientia
232 1089 306 1116 velut
328 1089 423 1124 sponsi
450 1089 571 1117 caelestis
598 1089 733 1117 thalamos
755 1089 875 1123 intrare,

81 1134 184 1168 cuique
199 1134 299 1161 anima:
316 1134 459 1168 pra-sentia
473 1134 554 1162 etiam
577 1134 665 1169 ipsius
681 1142 794 1162 munera
813 1134 877 1163 data

80 1184 157 1210 sunt,
174 1180 246 1207 dotis
263 1179 367 1207 scilicet
378 1180 498 1208 nomine.
515 1179 592 1208 Sicut
603 1181 675 1208 enim
687 1180 816 1209 Ecclesiae
826 1181 875 1209 dos

81 1225 135 1252 fuit
155 1225 224 1260 legis
240 1230 267 1253 et
292 1226 488 1261 prophetarum
505 1225 662 1259 volumina,
681 1226 717 1254 ita
745 1227 809 1254 huic
833 1227 876 1255 lex

81 1276 188 1299 natura:
210 1276 238 1299 et
255 1272 396 1301 rationalis
411 1280 509 1301 sensus
530 1280 563 1301 ac
578 1272 690 1300 libertas
708 1273 814 1301 arbitrii
828 1274 877 1301 do-

80 1317 145 1344 talia
161 1324 276 1344 munera
298 1317 472 1352 deputentur.
495 1316 605 1345 Habeas
618 1322 709 1344 autent
731 1318 788 1346 inec
802 1319 875 1347 dotis

79 1371 138 1390 ειη
156 1371 284 1395 munera,
299 1363 333 1390 sil
350 1363 375 1391 ei
401 1364 496 1398 primae
518 1363 683 1391 eruditionis
707 1363 831 1392 doctrina
859 1373 875 1393 a

80 1409 266 1437 monitoribus
288 1410 501 1445 doctoribusque
526 1410 704 1439 descendens.
728 1410 781 1439 Sed
804 1419 875 1446 quo-

79 1457 154 1484 niam
171 1457 198 1484 in
217 1457 260 1485 his
275 1465 329 1485 non
352 1462 394 1485 est
417 1457 442 1485 ei
461 1457 539 1493 plena
556 1462 639 1494 atque
662 1458 781 1494 perfecta
800 1457 874 1485 desi-

78 1503 149 1530 derii
165 1503 208 1531 sui
232 1508 259 1531 et
274 1504 379 1531 amoris
392 1504 527 1539 expletio,
554 1504 716 1539 deprecetur
739 1508 770 1532 ut
795 1511 873 1531 mens
886 1513 909 1542 α

77 1548 141 1583 ejus
155 1556 225 1584 pura
242 1553 268 1576 et
282 1549 441 1584 virginalis,
465 1549 551 1584 ipsius
574 1549 650 1577 verbi
668 1548 716 1576 Dei
734 1548 872 1577 illumina~

78 1594 205 1621 tionibus
227 1599 255 1622 et
277 1594 480 1622 visitationibus
511 1594 672 1623 illustretur.
697 1594 766 1622 Cum
797 1595 871 1622 enim

77 1640 155 1667 nullo
171 1639 293 1667 hominis
306 1640 348 1667 vel
362 1640 449 1675 angeli
465 1639 620 1668 ministerio
631 1640 731 1668 divinis
746 1639 871 1668 sensibus

77 1687 104 1710 et
121 1683 305 1711 intellectibus
317 1691 403 1711 mens
425 1684 571 1719 impletur,
594 1689 660 1712 tunc
676 1684 762 1720 ipsius
776 1685 871 1713 oscula

78 1729 154 1756 verbi
172 1727 219 1756 Dei
236 1729 376 1764 suscipere
400 1737 460 1757 sese
479 1730 574 1758 credat
599 1729 713 1765 Propter
736 1731 793 1759 haec
806 1738 872 1766 ergo

76 1779 105 1802 et
118 1775 278 1809 bujusmodi
295 1775 391 1803 oscula
406 1776 479 1803 dicat
496 1776 587 1804 anima
606 1784 689 1805 orans
703 1777 738 1804 ad
763 1776 848 1805 Deum
862 1785 869 1803 :

81 1820 224 1848 Omletur
235 1830 278 1849 me
294 1822 327 1849 ab
341 1821 431 1849 osculo
445 1822 499 1849 oris
514 1823 566 1850 sui.
581 1822 649 1851 Dum
665 1823 738 1852 enim
756 1823 872 1859 incapax

79 1866 143 1899 fuit,
157 1871 188 1894 ut
202 1867 289 1902 ipsius
302 1867 384 1895 Verbi
399 1868 446 1896 Dei
462 1873 571 1904 caperet
583 1877 686 1897 meram
702 1869 872 1904 solidamque

79 1913 247 1946 doctrinam,
275 1914 431 1942 necessaria
454 1915 574 1950 suscepit
588 1915 693 1946 oscula.
707 1915 733 1942 id
754 1919 795 1942 est
810 1923 873 1943 sen-

79 1966 127 1986 sus
143 1959 180 1986 ab
191 1966 240 1986 ore
255 1959 418 1994 doctorum;
432 1961 478 1988 ubi
494 1968 558 1988 vero
574 1964 670 1995 sponte
683 1961 739 1996 jam
758 1961 873 1996 cceperit

78 2005 198 2032 obscura
211 2012 336 2038 cernere,
352 2006 471 2034 enodare
485 2007 624 2042 perplexa,
643 2006 762 2034 involuta
774 2007 873 2034 dissol-

78 2058 157 2083 vere,
173 2050 318 2085 parabolas
342 2056 369 2078 et
393 2052 546 2088 enigmata,
568 2051 696 2086 dictaque
719 2052 872 2087 sapientum

77 2097 301 2131 competentibus
323 2097 508 2133 intelligentiae
525 2098 606 2126 lineis
631 2097 784 2133 explicare,
808 2102 873 2125 tunc

75 2140 132 2175 jam
147 2142 244 2170 oscula
261 2142 348 2177 ipsius
362 2142 456 2177 sponsi
466 2144 520 2176 sui,
539 2144 565 2170 id
582 2148 624 2171 est
641 2141 722 2170 Verbi
738 2143 793 2175 Dei,
810 2151 872 2170 sus-

934 223 1175 256 ilhunimtioncm,
1188 224 1313 251 osculum
1326 232 1386 252 esse
1400 224 1479 252 Verbi
1494 223 1540 251 Dei
1554 225 1585 252 ad
1606 226 1728 252 animum

934 269 1082 304 perfectam
1100 270 1230 297 delatum.
1247 269 1280 297 Et
1296 271 1446 298 secundum
1466 271 1517 298 hoc
1538 271 1607 298 forte
1619 271 1729 298 dicebat:

935 315 1091 350 prophetica
1109 321 1135 342 ct
1161 315 1281 350 perfecta
1305 324 1404 344 luens:
1423 315 1458 343 Os
1483 324 1568 343 meum
1591 317 1681 350 aperui
1700 322 1737 343 et:

933 362 1037 388 atlruIi
1059 363 1182 397 spiritum
1207 363 1242 389 ".
1263 362 1300 390 Os
1321 367 1410 390 autem
1434 363 1525 398 sponsi
1548 363 1729 398 intelligimus

931 407 1064 434 virtutem
1079 407 1137 440 Dei,
1156 416 1209 443 qua
1235 408 1370 436 illuminat
1387 414 1515 442 mentem,
1533 414 1560 437 et
1576 410 1648 437 velut
1665 418 1726 437 ser—

933 459 1015 479 tuone
1029 453 1147 488 quodam
1163 454 1266 482 amoris
1288 454 1321 481 ad
1343 462 1403 482 eam
1422 454 1508 487 facto,
1526 455 1549 482 si
1571 460 1660 482 tamen
1677 463 1723 482 ca-

932 505 997 534 pere
1012 503 1151 525 mercatur
1168 504 1248 526 tantae
1264 499 1372 526 virtutis
1385 500 1567 534 praesentiam,
1587 499 1723 534 incognita

931 550 1046 578 quaeque
1077 544 1126 571 sibi
1155 549 1181 571 ct
1209 545 1326 572 obscura
1362 543 1536 577 manili-stat,
1562 550 1588 572 et
1612 545 1663 572 hoc
1682 549 1725 572 est

931 589 1025 616 verius
1055 590 1232 625 propiusque,
1257 595 1285 618 et
1313 590 1434 618 sam-tius
1455 591 1596 623 osculum,
1616 590 1688 626 quod
1707 598 1722 617 a

931 643 1033 670 sponso
1049 635 1096 663 Dei
1113 636 1196 663 verbo
1214 636 1315 672 porrigi
1330 636 1430 664 dicitur
1441 644 1558 671 sponsae,
1579 643 1654 672 pura-
1670 636 1724 663 sci—

929 681 993 709 licet
1009 683 1118 715 animat,
1135 687 1161 710 et
1176 682 1311 717 perfectae.
1328 682 1411 717 Cujus
1430 683 1468 709 rei
1488 682 1575 717 imago
1596 686 1637 709 est
1657 682 1721 709 illud

928 727 1150 762 osculum,un
1175 729 1202 755 in
1226 727 1351 755 Ecclesia
1375 727 1426 755 sub
1445 732 1565 762 tempore
1580 727 1722 762 mysterio-

929 779 989 798 rum
1015 772 1094 800 nobis
1117 772 1234 800 invicem
1258 773 1368 800 damus.
1392 773 1504 806 Quoties
1525 780 1590 808 ergo
1612 773 1669 810 (28)
1692 773 1720 800 in

929 817 1010 845 corde
1025 817 1081 853 38
1104 822 1198 846 nostro
1218 818 1320 853 aliquid
1338 818 1410 853 quod
1432 818 1465 846 de
1486 818 1586 846 divinis
1609 819 1722 854 dogma-

930 862 1002 891 tibus
1028 864 1209 899 sensibusque
1233 864 1384 899 quaeritur,
1408 863 1513 899 absque
1539 865 1725 892 monitoribus-

930 909 1096 943 invenimus,
1111 910 1192 938 toties
1213 911 1310 938 oscula
1323 910 1402 938 nobis
1426 910 1489 938 data
1511 917 1571 938 esse
1585 918 1601 937 a
1619 918 1726 946 sponso

932 954 978 982 Dei
1008 954 1095 983 Verbo
1118 957 1272 984 credamus;
1299 956 1431 984 Ubi-vero
1448 961 1600 992 quaerentes
1618 957 1720 991 aliquid

928 1001 962 1028 de
978 1000 1077 1028 divinis
1102 1001 1228 1029 sensibus
1252 1002 1375 1030 invenire
1393 1010 1446 1029 non
1472 1010 1637 1037 possumus,
1656 1007 1727 1030 tunc

928 1045 1024 1074 ailectu
1051 1046 1134 1082 hujus
1158 1047 1295 1075 orationis
1317 1053 1460 1083 assumpto
1485 1053 1610 1083 petamus
1627 1056 1642 1075 a
1666 1047 1727 1075 Deo

930 1093 1112 1120 visitationem
1126 1092 1201 1120 verbi
1225 1093 1295 1128 ejus,
1317 1098 1344 1121 et
1364 1094 1489 1122 dicamus
1503 1104 1510 1121 :
1525 1094 1666 1122 Osculetur
1680 1104 1722 1122 me

928 1139 960 1166 ab
975 1138 1066 1165 osculo
1081 1139 1134 1165 oris
1148 1139 1201 1166 sui.
1221 1138 1279 1166 Scit
1300 1144 1390 1167 autem
1409 1144 1486 1175 pater
1501 1140 1728 1176 uniuscujusque-

929 1184 1026 1212 animaa
1039 1185 1231 1219 capacitatem,
1243 1189 1271 1212 et
1287 1185 1363 1212 novit
1378 1193 1432 1220 quo
1451 1190 1583 1220 tempore,
1599 1187 1642 1214 cui
1659 1187 1718 1214 ani-

928 1237 990 1261 mae,
1005 1237 1066 1265 qua:
1088 1230 1179 1257 oscula
1199 1229 1280 1258 Verbi
1305 1230 1348 1258 sui
1365 1231 1505 1266 porrigere
1521 1232 1548 1259 in
1573 1232 1720 1260 intellecti-

928 1275 979 1303 bus
996 1275 1129 1303 duntaxat
1140 1280 1167 1303 et
1182 1276 1308 1304 sensibus
1322 1276 1430 1304 debeat.

963 1321 1040 1349 νει-ε.
1056 1322 1082 1355 1,
1104 1322 1131 1354 2,
1149 1322 1175 1349 5.
1191 1321 1261 1355 Quia
1284 1322 1352 1349 bona
1377 1327 1440 1350 sunt
1464 1323 1545 1351 ub'ero
1567 1327 1612 1350 tuo
1640 1331 1719 1359 super

927 1367 1025 1401 vinum,
1049 1371 1074 1394 et
1096 1367 1163 1395 odor
1184 1371 1375 1403 unguentorum
1395 1373 1501 1395 tuorum
1526 1376 1604 1403 super
1629 1370 1720 1396 omnia

927 1417 1059 1439 aromata.
1077 1411 1195 1447 Intelligo
1215 1412 1291 1447 prius
1309 1412 1390 1447 quasi
1407 1412 1435 1440 in
1458 1413 1578 1440 historiae
1595 1414 1719 1441 dramate

927 1464 1055 1493 sponsam
1072 1457 1186 1485 elevatis
1206 1457 1240 1484 ad
1255 1457 1340 1485 Deum
1358 1457 1490 1485 manibus
1508 1458 1658 1485 orationem
1674 1457 1717 1486 [ιν

926 1503 1001 1531 disse
1014 1503 1048 1531 ad
1066 1503 1186 1536 Patrem,
1206 1507 1234 1531 et
1250 1511 1345 1531 orasse
1362 1508 1393 1531 ut
1406 1503 1464 1539 jam
1480 1503 1589 1531 veniret
1599 1504 1632 1531 ad
1654 1512 1716 1532 eam

923 1557 1054 1585 sponsus,
1068 1554 1095 1578 et
1106 1550 1164 1585 ipse
1179 1551 1204 1577 ei
1219 1549 1344 1578 osculum
1361 1550 1462 1586 proprii
1480 1550 1537 1578 oris
1549 1550 1714 1578 infundet-et.

925 1595 1052 1631 Dumque
1073 1595 1131 1623 haec
1154 1599 1244 1623 oraret
1261 1595 1295 1623 ad
1314 1594 1419 1623 Patrem
1431 1615 1438 1628 ,
1464 1596 1492 1623 in
1516 1596 1576 1631 ipsa
1591 1596 1715 1623 oratiouna

921 1649 977 1677 qua
999 1641 1090 1669 dixit:
1107 1640 1249 1668 Osculetur
1273 1649 1314 1668 me
1336 1641 1368 1668 ob
1392 1641 1482 1668 osculo
1498 1642 1552 1668 oris
1566 1642 1618 1673 sui,
1637 1646 1716 1676 parat

921 1688 1005 1716 etiam
1032 1687 1085 1715 alia
1107 1688 1241 1715 orationis
1262 1686 1344 1714 verba
1366 1687 1547 1722 subiungere,
1568 1695 1599 1714 ac
1623 1687 1714 1715 dicere

922 1734 986 1769 quia
1002 1733 1029 1761 in
1052 1733 1105 1761 hoc
1128 1733 1262 1768 principio
1278 1734 1412 1761 sermonis
1433 1733 1565 1761 adfuisset
1587 1742 1715 1768 sponsus,

922 1784 949 1808 et
960 1779 1049 1807 oranti
1061 1779 1085 1806 ei
1098 1779 1230 1807 astitisset
1243 1786 1274 1807 ac
1286 1774 1433 1807 revelasset
1448 1780 1528 1807 verba
1540 1787 1600 1812 sua,
1615 1780 1716 1814 ipsum-

922 1833 976 1861 que
994 1833 1126 1860 sponsum
1153 1825 1300 1861 unguentis
1321 1825 1462 1857 miriﬁcis.
1475 1830 1501 1853 et
1517 1825 1617 1860 quibus
1632 1830 1715 1860 spor}.

923 1879 984 1900 sum
998 1871 1120 1906 fragrarc
1129 1871 1253 1904 decebat,
1267 1871 1422 1899 constitisse
1432 1871 1591 1899 delibutum.
1609 1871 1714 1906 Sponsa

923 1925 988 1945 vero
1005 1917 1049 1945 ubi
1074 1917 1170 1945 adesse
1193 1917 1260 1945 \‘idit
1273 1925 1335 1945 eum
1360 1925 1409 1953 pro
1430 1925 1485 1952 quo
1509 1918 1605 1945 orabat
1622 1922 1653 1945 ut
1666 1918 1715 1945 ad-

923 1967 1006 1996 esset,
1023 1967 1049 1990 et
1065 1963 1156 1990 adhuc
1179 1963 1301 1998 loquenti
1318 1964 1370 1991 sibi
1392 1964 1542 1998 praestitum
1559 1963 1631 1997 quod
1653 1971 1716 1989 ora-

923 2009 981 2041 bat,
1002 2017 1034 2036 ac
1057 2009 1120 2037 data
1134 2009 1185 2036 sibi
1205 2009 1239 2036 al)
1263 2009 1323 2044 ipso
1346 2010 1437 2036 oscula
1459 2017 1519 2044 qua:
1541 2013 1714 2044 poposcerat,

925 2055 984 2083 laeta
1006 2063 1054 2090 pro
1079 2056 1130 2082 hoc
1148 2054 1269 2088 reddita,
1284 2060 1312 2082 et
1326 2055 1424 2083 decore
1449 2055 1578 2087 uberum,
1605 2062 1637 2082 ac
1660 2054 1715 2080 fta-

925 2100 1039 2136 grantia:
1057 2100 1143 2135 ipsius
1160 2100 1245 2127 odore
1267 2106 1401 2136 permota,
1418 2101 1565 2135 propositae.
1583 2099 1716 2128 orationis

926 2152 1079 2172 sermonem
1098 2145 1233 2171 corn'crtit
1252 2145 1284 2172 ad
1305 2145 1476 2180 praesentiam
1496 2143 1588 2179 sponsi
1603 2143 1648 2178 qui
1668 2143 1716 2169 ad-

77 2187 185 2222 cepisse
199 2195 230 2215 se
244 2188 348 2215 credat.
371 2188 434 2215 ideo
449 2193 539 2216 autem
556 2189 649 2216 oscula
667 2189 806 2224 pluraliter
823 2197 872 2224 po-
887 2188 910 2219 Ι)
925 2196 982 2218 erat
997 2199 1003 2216 :
1017 2195 1117 2218 etcum
1138 2190 1252 2217 dixisset
1266 2198 1272 2216 :
1295 2189 1435 2217 Osculetur
1449 2198 1489 2217 me
1509 2193 1541 2216 ao
1556 2188 1644 2216 osculo
1661 2188 1716 2214 oris

111 2255 135 2270 "
149 2254 203 2283 lsa.
220 2263 318 2288 xsxut,
331 2255 376 2283 ‘22.
414 2256 436 2272 ⁸⁸
452 2256 522 2285 Psal.
537 2264 632 2290 cxvnt,
648 2257 707 2284 151.

113 2348 169 2386 (ἓξ)
189 2348 268 2386 Mss"
282 2348 494 2386 intolerabiliter.
514 2348 591 2386 Libh.
607 2349 684 2382 edit.,
699 2350 873 2386 iulegraliter.

113 2384 170 2416 (‘27)
187 2383 220 2410 Ut
231 2383 292 2417 jam
310 2392 361 2410 non
377 2384 453 2416 mihi,
468 2389 520 2411 etc.
533 2383 684 2418 Procopius
699 2383 873 2413 Christianus

78 2420 202 2452 sophista
232 2419 304 2446 banc
329 2418 454 2453 Origenis
479 2419 677 2453 expositionem
702 2420 873 2448 hreiioribus

78 2454 167 2496 verbis
183 2454 314 2494 exprimit
325 2463 331 2480 :
346 2453 503 2496 φινιησίξτω
513 2462 551 2488 με
569 2454 628 2481 ἀπὸ
640 2455 816 2496 germina-req.
826 2456 871 2496 Μῂ

77 2487 121 2524 ᾆςὰ
134 2487 284 2524 προφήτῶν
301 2497 334 2523 με
345 2490 359 2515 ὁ
376 2489 492 2524 νυμφίος
506 2487 760 2524 maeandros
773 2487 871 2517 ἑὰυτοῦ

77 2498 121 2514 οια
134 2498 284 2524 προφητων
301 2498 334 2523 με
345 2498 359 2515 ο
376 2498 492 2550 νυιζξιος
506 2498 711 2524 μνηστευσατω,
727 2498 759 2516 οι·
773 2498 871 2517 eooeoo

76 2523 105 2561 ξξ
129 2524 293 2561 ᾆμιλησάτωΔ
315 2525 416 2561 metu!
452 2532 513 2561 qotv
527 2525 724 2561 πνξυμμτικὴν,
746 2525 779 2551 δι’
804 2526 837 2561 ἧς
857 2526 871 2551 ὁ

83 2557 209 2593 Ίωάὺνηξ
225 2558 303 2593 φησί·
323 2559 380 2586 Καὶ
402 2561 430 2586 αἱ
449 2557 544 2592 χεῖρες
564 2557 647 2593 ἡμῶν
666 2557 872 2593 ἐψηλάφηὸάν

91 2568 209 2599 ιωαννηέ
225 2568 303 2619 φὲσν
323 2568 380 2598 my,
402 2568 430 2586 αι
448 2568 647 2598 χειρεςμρμων
666 2568 872 2604 εΨηΑαξρησιξν

76 2593 144 2627 περὶ
156 2602 208 2621 του
225 2597 245 2620 λ
267 2603 321 2628 του
335 2603 391 2627 της
407 2593 490 2627 (tunc.
505 2595 596 2620 Ταυτα
611 2595 639 2620 δέ
655 2603 746 2629 φησιν,
762 2604 800 2627 ως
819 2604 872 2622 των

77 2629 223 2664 προφητῶν
238 2629 371 2655 εἰπόντων
388 2629 537 2655 ἀκούσασα·
563 2630 764 2663 Ὲπεθύμησεν
783 2632 799 2657 ό
812 2631 871 2662 βα-

76 2663 181 2696 σιλεὺς
200 2664 337 2696 κάλλους
354 2671 422 2690 σου·
445 2665 490 2690 καὶ
511 2664 600 2691 ἄλλου·
621 2666 671 2691 Ὃν
690 2665 801 2698 τρόπον
821 2667 871 2692 εὐ-

76 2698 278 2734 φρανθήσεται
291 2700 421 2734 νυμφίος
435 2699 484 2725 ἐπὶ
498 2700 626 2733 νύμφης,
642 2700 733 2732 οὕτως
747 2701 872 2734 εὐφραν-

77 2732 198 2767 θήσεται
212 2732 385 2767 Κύριος-ἐπὶ
403 2735 453 2760 σοί
469 2744 478 2758 ‹
490 2732 629 2761 Oseulelur
646 2743 686 2761 me
701 2735 732 2760 ob
745 2732 843 2762 osculo.
859 2745 867 2760 ι

78 2766 138 2794 Non
161 2778 206 2802 per
229 2766 370 2804 prop/Ietas
396 2777 465 2795 meus
490 2777 600 2803 sponsus
625 2770 723 2796 ambiat
742 2771 869 2803 nuptias:

77 2811 121 2834 per
144 2806 258 2838 seipsttm
285 2813 344 2831 t-ero
369 2804 511 2837 [ot/untur,
535 2805 678 2830 secmttlum
703 2805 870 2838 spirituum):

78 2846 191 2873 salsum,
212 2848 259 2874 per
272 2847 350 2874 quem
366 2839 483 2866 Ioannes
500 2840 537 2865 ait
555 2847 562 2865 :
582 2848 590 2865 ι
610 2838 644 2865 Et
662 2847 755 2865 manus
771 2847 869 2866 nostra:

929 2355 1153 2378 contrectareruut
1166 2351 1198 2376 de
1215 2350 1290 2377 verbo
1305 2351 1373 2377 vita.
1389 2360 1398 2376 ι
1417 2349 1479 2377 Hau:
1491 2354 1578 2376 autem
1591 2350 1665 2383 dicit,
1684 2356 1712 2376 ut

928 2395 986 2421 qua:
1011 2387 1152 2420 prop/tetas
1174 2385 1287 2412 audierit
1312 2385 1449 2421 dicentes:
1464 2395 1472 2410 ι
1499 2384 1650 2420 Concupivi!
1667 2393 1712 2411 rea:

926 2420 1045 2448 decorent
1066 2426 1158 2453 luunt;
1183 2430 1192 2446 ι
1210 2425 1235 2447 et
1256 2420 1339 2446 alium
1359 2429 1369 2447 :
1391 2429 1400 2445 ‹
1420 2420 1557 2452 Quomodo
1578 2420 1712 2447 lwlabitur

925 2464 1036 2490 sponsus
1056 2463 1134 2490 super
1157 2463 1270 2490 sponsa,
1289 2456 1327 2482 sic
1351 2454 1487 2482 la’lubilur
1512 2463 1588 2489 super
1614 2460 1637 2482 te
1659 2455 1714 2482 Du-

925 2499 1022 2517 minus.
1043 2500 1053 2516 ι

957 2525 1017 2565 $9.8)
1030 2524 1245 2565 Origenesapud
1261 2524 1421 2565 Procopium
1438 2524 1563 2556 εὈσάκις
1577 2524 1606 2551 δέ
1622 2533 1648 2550 τι
1663 2525 1712 2564 gn-

923 2559 1032 2591 τοῦντὲς
1049 2559 1119 2595 Θείογ
1140 2559 1228 2595 δόγμα
1248 2559 1503 2595 καταλαμϐάνομεν,
1525 2559 1710 2594 καταπεφιλῆη

924 2595 985 2621 σθαι
1001 2595 1055 2622 ἀπὸ
1079 2594 1125 2621 τοῦ
1142 2594 1272 2630 στόματος
1287 2594 1333 2630 τοῦ
1357 2595 1473 2630 νυμφίον
1496 2595 1660 2630 νομιᾳωμεν·
1683 2595 1712 2620 ὲν

922 2630 977 2672 acip
993 2629 1020 2656 δὲ
1034 2629 1200 2672 ᾲποροῠμῆν,
1210 2629 1392 2672 ρπολῄάϐωμεν
1407 2629 1547 2672 εὑχόῆενοι
1566 2629 1655 2672 λέγεξν
1669 2630 1709 2668 τῇ·

924 2664 1136 2698 Φιλησάτωμε
1160 2664 1218 2690 ἀπὸ
1234 2664 1408 2698 φιλημάτων
1433 2664 1580 2698 στόματος
1606 2665 1709 2691 αὐτοῖν.

926 2700 1034 2732 Quoties
1053 2706 1138 2726 autent
1160 2699 1295 2733 tonligerit
1312 2704 1339 2725 ut
1356 2700 1509 2733 inquirenth
1523 2699 1639 2726 divinant
1660 2700 1707 2725 ali-

923 2735 992 2770 quod
1007 2735 1101 2768 dogma
1116 2742 1297 2768 assequuntur,
1313 2734 1433 2770 osculum
1449 2742 1496 2760 nos
1513 2734 1544 2760 ab
1565 2742 1609 2761 ore
1621 2735 1710 2768 sponsi

924 2771 1055 2803 accepisse
1078 2769 1256 2796 existimemus
1275 2769 1413 2803 :quaudiu
1434 2776 1492 2795 vero
1517 2777 1566 2796 nun
1594 2777 1697 2803 asset/ut

927 2813 994 2836 mur,
1010 2805 1168 2831 arbitrentur
1181 2805 1208 2829 in
1222 2805 1339 2837 precibus
1362 2804 1466 2830 dicere:
1485 2813 1493 2830 (
1517 2803 1654 2831 Osculetur
1671 2812 1710 2831 me

926 2841 957 2865 ub
975 2840 1063 2866 osculo
1079 2839 1131 2865 oris
1144 2838 1195 2864 sui.
1213 2847 1221 2863 ι
