1892 3050
188 299 199 393 i

215 128 248 155 8‘7

741 128 903 157 ORIGENIS
922 126 953 154 IN
973 126 1153 154 CANTICUM
1171 125 1309 154 CANTIC.

1802 124 1832 151 88

213 188 266 222 sui,
281 188 423 224 subiungit
448 195 508 224 post
529 189 586 217 bace
611 190 643 217 ad
660 194 818 225 praesentem
839 190 895 224 jam
918 197 999 223 spon-
1013 190 1035 216 Α
1085 186 1137 214 Sed
1163 194 1235 214 nunc
1259 185 1434 213 considerans
1449 185 1518 211 hanc
1540 184 1701 216 doctrinam,
1723 191 1784 218 qua:
1803 191 1831 210 cr

214 241 287 266 sum,
303 234 397 262 dicens
411 243 418 261 :
439 237 515 262 Bona
529 236 609 262 ubera
633 244 678 262 tua
694 243 771 269 super
784 235 883 267 vinum,
895 239 920 261 et
933 233 998 260 odor

214 285 406 314 unguentorum
432 286 536 308 tuorum
564 289 641 316 super
663 281 750 308 omnia
777 284 908 307 aromata.
936 278 999 306 Ηωο

214 326 322 352 interim
340 327 490 353 secundum
510 327 667 354 historicam
686 326 899 360 intelligentiam,
914 334 996 360 quam

213 370 345 397 dramatis
360 371 387 397 in
401 371 511 398 modum
529 373 701 407 praediximus
717 376 827 399 textam.
843 371 921 399 Nunc
933 379 997 399 vero

212 415 276 449 quid
300 415 452 444 intellectus
476 417 589 444 interior
615 418 726 450 haheat,
749 419 931 452 requiramus.
951 418 997 444 Di—

187 461 194 499 _i
212 461 298 488 versis
314 462 454 489 vocabulis
467 463 614 498 principale
628 463 718 490 cordis
734 464 864 498 appellari
880 464 906 490 in
922 463 996 491 Scri-

212 506 300 539 pturis
314 507 414 535 divinis
438 508 600 541 invenimus,
619 516 680 543 quae
691 509 823 536 vocabula
837 517 886 544 pro
905 510 996 537 causis

212 559 243 578 ac
257 552 338 579 rebus
361 553 394 580 de
409 553 508 586 quibus
530 554 619 588 agitur
640 554 726 589 aptari
741 555 839 582 solent.
856 554 994 582 Interdum

210 597 281 624 enim
300 605 347 625 cor
363 598 470 631 dicitur,
489 603 517 626 ut
533 607 539 624 :
562 599 640 626 Beati
667 600 764 626 mundo
789 601 866 627 corde
880 600 918 633 ";
944 605 969 627 et
986 608 992 626 :

210 641 294 669 Corde
317 643 433 669 creditur
460 644 494 670 ad
512 645 649 679 justitiam
673 645 707 672 ⁹³.
735 645 763 672 Si
790 653 855 673 vero
877 645 994 673 convivii

208 691 313 720 tempus
337 687 381 720 sit,
400 695 449 722 pro
472 690 562 724 specie
585 694 612 717 et
635 690 730 718 ordine
751 691 994 724 discumbentium,

207 731 248 758 vel
272 732 349 760 sinus
372 735 414 760 rel
440 740 535 770 pectus
551 735 702 770 appellatur
717 744 724 762 τ
741 737 812 764 sicut
831 736 951 764 Joannes
967 737 994 764 in

206 776 353 813 Evangelio
371 779 454 808 refert
469 781 503 808 de
517 781 635 816 quodam
659 781 793 817 discipulo
811 791 892 818 quem
920 791 996 810 ama-

206 823 251 850 bat
263 823 354 857 Jcsus,
370 825 443 860 quod
461 826 489 853 in
513 827 574 854 sinu
590 827 650 862 ejus
671 828 712 856 vel
729 837 811 864 supra
826 834 920 863 pectus
935 829 994 864 ejus

207 869 392 903 recumberet;
418 871 462 898 ille
478 871 599 906 profecto
624 873 667 900 cui
692 862 809 902 innuens
826 862 927 903 Simon
942 862 993 903 13e-
1009 862 1030 889 Β

205 918 264 940 trns
292 914 421 942 diccbat:
448 917 588 954 Interroga
613 920 671 954 quis
687 920 729 946 hic
754 921 785 948 de
809 929 859 956 quo
880 921 944 948 dicit
958 922 991 950 “.

204 957 269 985 Post
284 959 341 987 hac
355 969 419 989 vero
443 964 604 991 recumbens
622 972 704 999 super
719 971 814 1001 pectus
835 966 914 999 Jesu,
927 967 993 995 dicit

204 1004 229 1030 ci
247 1013 253 1030 :
277 1004 406 1039 Domine,
428 1008 487 1042 quis
513 1014 551 1036 est
570 1009 613 1036 "1'
626 1009 653 1037 In
675 1011 717 1038 his
736 1012 807 1038 enim
829 1017 932 1040 certum
951 1018 993 1041 est

203 1049 276 1083 quod
302 1050 421 1080 Joannes
444 1053 471 1080 in
496 1055 638 1090 principali
667 1057 757 1085 cordis
779 1057 842 1085 Jesu
867 1063 948 1094 atque
964 1060 990 1087 in

203 1095 318 1124 internis
332 1097 461 1126 doctrinae
473 1099 532 1134 ejus
547 1101 673 1129 sensibus
690 1102 857 1137 requievisse
872 1104 989 1137 dicatur,

204 1141 242 1167 ibi
260 1142 402 1176 requirens
415 1148 441 1171 ct
457 1150 632 1180 perscrutans
647 1147 791 1176 thesauros
808 1149 950 1183 sapientia:
964 1154 992 1177 et

202 1186 323 1214 scicntize
346 1188 392 1223 qui
410 1190 539 1217 reconditi
561 1197 639 1219 erant
656 1192 683 1219 in
708 1193 819 1222 Christo
844 1194 918 1222 .lesu.
937 1195 990 1223 Sed

201 1232 273 1266 quod
296 1233 373 1260 sinus
387 1233 488 1262 Christi
515 1235 541 1262 in
565 1236 625 1264 loco
647 1239 806 1273 dogmatum
830 1244 989 1267 sanctomm

201 1277 360 1312 accipiatur,
376 1284 441 1313 puto
455 1280 584 1309 indecens
598 1290 653 1309 non
675 1283 772 1310 videri.
790 1284 908 1312 Diversis
924 1293 989 1320 ergo

201 1323 299 1354 modis,
317 1327 347 1350 ut
369 1323 460 1352 dicere
483 1332 665 1360 coeperamus,
690 1328 842 1364 principale
855 1330 945 1357 cordis
960 1330 989 1357 in

201 1368 351 1403 Scripturis
372 1370 475 1398 sanctis
498 1371 666 1406 designatur,
682 1375 752 1402 sicut
774 1379 801 1403 et
820 1375 847 1402 in
869 1375 990 1404 Levilico

201 1415 380 1442 nihilominus
395 1415 427 1448 ³⁸,
443 1416 488 1443 ubi
505 1417 537 1444 de
551 1419 693 1447 sacriﬁciis
707 1421 894 1455 pectusculum
908 1429 988 1456 sepa-

200 1462 326 1495 rationis,
349 1468 376 1490 ct
400 1464 542 1492 brachium
566 1466 754 1494 sacerdotibus
776 1471 988 1502 sequestratur:

200 1513 227 1534 et
245 1508 273 1534 in
290 1509 341 1536 hoc
365 1515 564 1545 sequestratum
580 1519 611 1539 ac
631 1516 786 1547 separatum
799 1514 987 1547 pectusculum

199 1558 225 1580 et
242 1553 396 1589 brachium,
417 1557 572 1590 praecellens
596 1562 708 1585 crateres
730 1558 872 1593 homines,
885 1560 987 1595 princi-

200 1599 260 1633 pale
273 1601 365 1628 cordis
380 1606 406 1628 et
425 1610 538 1636 operum
553 1603 637 1631 «lacus
659 1604 715 1631 vult
733 1612 793 1632 csse
807 1604 835 1632 ἰιι
859 1607 988 1634 sacerdo~

200 1645 282 1673 tibus.
296 1646 333 1673 De
348 1654 403 1681 quo
419 1647 524 1682 plenius
536 1648 562 1676 in
575 1648 644 1676 libro
657 1649 788 1682 Levitico,
802 1656 882 1686 prout
896 1651 989 1680 Domi-

200 1700 252 1719 nus
270 1692 334 1719 dare
350 1693 476 1727 dignatus
489 1698 539 1727 est,
557 1695 744 1729 exposuimus.
762 1695 918 1725 Secundum
930 1698 988 1726 haec

199 1740 263 1772 ergo
279 1738 360 1765 etiam
382 1738 408 1765 in
427 1740 552 1774 praesenti
571 1741 647 1773 loco,
672 1742 893 1777 quandoquidem
909 1751 986 1770 ama-

198 1783 300 1810 torium
325 1785 431 1812 videtur
456 1785 550 1813 drama
573 1787 645 1821 quod
674 1787 779 1823 agitur,
805 1788 833 1815 in
858 1789 987 1817 uberibus

200 1827 348 1863 principale
364 1829 455 1857 cordis
469 1830 661 1866 intelligamus,
677 1837 706 1860 ut
722 1833 774 1861 tale
789 1833 912 1862 videatur
926 1843 986 1863 esse

199 1874 272 1907 quod
299 1875 399 1903 dicitur
415 1885 423 1904 :
437 1875 491 1904 Cor
508 1881 584 1904 tuum
595 1898 603 1911 ,
619 1886 635 1906 ο
655 1886 755 1914 sponse
778 1888 866 1912 meus,
892 1880 918 1908 id
933 1886 984 1914 est,

197 1920 321 1955 dogmata
338 1929 398 1956 quae
413 1923 483 1951 intra
502 1929 527 1952 te
541 1932 614 1957 sunt,
628 1925 668 1952 vel
683 1925 812 1953 doctrina:
829 1927 923 1962 gratia,
940 1935 986 1955 su—

198 1971 273 1997 pcrat
288 1974 368 1995 omne
384 1969 487 2002 vinum,
503 1971 574 2005 quod
591 1978 640 1999 cor
653 1971 773 1999 hominis
790 1972 928 2000 laitifieare
941 1979 986 2000 so-

196 2016 241 2038 tet.
259 2012 335 2040 Sicut
347 2015 420 2041 enim
437 2016 464 2043 in
481 2017 523 2044 his
539 2017 573 2044 de
588 2017 688 2052 quibus
703 2017 769 2044 dicit
790 2025 797 2043 :
819 2017 888 2050 Quia
900 2017 985 2045 Deum

196 2057 318 2085 videbunt
329 2059 362 2092 ⁸⁷,
375 2067 422 2086 cor
434 2066 618 2096 competenter
637 2062 739 2090 dictum
755 2069 816 2089 esse
830 2062 945 2095 videtur,
959 2065 986 2089 et

197 2103 267 2130 inter
288 2104 489 2134 discumbentes
517 2107 594 2134 sinus
618 2115 650 2134 ac
673 2113 767 2142 pectus
790 2108 911 2142 ponitur,
935 2116 985 2143 pro

197 2149 291 2175 habitu
310 2150 370 2177 sine
386 2151 469 2179 dubio
483 2152 713 2180 discumbentium
731 2153 874 2188 iurataque
888 2155 983 2182 convi-

1002 1534 1023 1564 C

1050 232 1180 260 uberibus
1195 231 1305 267 proﬂuit
1326 230 1429 266 sponsi,
1452 231 1568 257 miratur
1582 234 1609 257 et
1623 233 1727 264 stupet,
1744 229 1833 256 videns

1048 286 1107 305 eam
1123 279 1203 313 longe
1225 277 1440 312 praestantiorem
1458 283 1538 310 quam
1560 276 1633 302 illam
1655 283 1689 302 ex
1705 282 1759 310 qua
1775 281 1832 301 ant:

1048 324 1193 350 adventum
1211 323 1304 357 sponsi
1319 322 1450 349 lmtiﬁcata
1467 321 1565 354 fuerat,
1581 326 1712 356 tanquam
1724 328 1757 347 ex
1772 320 1832 347 vino

1047 369 1161 403 spiritali
1189 368 1261 403 quod
1288 367 1479 395 ministrabant
1502 367 1588 394 sancti
1611 371 1702 400 patres
1726 370 1753 393 et
1771 373 1832 401 pro-

1047 416 1144 449 phetae,
1160 415 1205 450 qui
1218 415 1300 442 etiam
1315 414 1395 449 hujus
1408 414 1514 448 generis
1528 414 1716 448 plantaverunt
1729 413 1832 445 vineas,

1048 466 1077 488 ut
1100 461 1156 489 Noe
1181 462 1287 496 primus
1308 462 1342 493 9‘,
1369 467 1396 488 et
1425 460 1509 487 Isaias
1537 460 1565 487 in
1598 467 1683 488 cornu
1714 460 1742 486 in
1775 460 1834 487 loco

1047 507 1122 534 uberi
1137 507 1171 540 ’³,
1186 511 1213 534 et
1235 507 1378 534 coluerunt
1397 513 1454 532 eas.
1469 504 1570 533 Vidcns
1586 512 1650 540 ergo
1670 512 1743 531 nunc
1767 505 1834 531 mul-

1046 559 1100 581 tam
1126 561 1187 581 esse
1202 552 1376 580 eminentiam
1399 551 1555 586 dogmalum
1579 555 1606 578 et
1626 551 1746 578 scientia:
1761 551 1834 586 apud

1046 606 1189 633 sponsum,
1205 601 1232 625 et
1257 597 1335 632 longe
1357 605 1390 624 ex
1415 604 1447 624 eo
1473 595 1660 631 perfectiorem
1678 604 1761 631 quam
1784 596 1834 623 fuit

1046 645 1116 678 apud
1130 644 1259 678 antiquos
1275 650 1402 669 emanare
1419 642 1569 669 doctrinam
1583 642 1646 669 dicit
1663 651 1668 669 :
1681 641 1757 669 Bona
1772 647 1834 669 sunt

1046 689 1125 716 ubera
1141 694 1186 716 tua
1206 697 1283 723 super
1303 688 1407 719 vinum;
1423 695 1505 722 super
1524 688 1597 714 illam
1613 688 1714 715 scilicet
1731 688 1833 714 doctri~

1046 743 1109 762 nam
1123 743 1175 770 qua
1193 734 1348 762 lzetiticabar
1368 733 1402 760 ab
1423 733 1552 767 antiquis.
1570 732 1606 760 De
1624 733 1675 760 hoc
1692 733 1765 760 enim
1787 741 1834 760 an-

1047 783 1184 816 tiquorum
1202 781 1266 808 vino
1280 780 1470 815 intelligendus
1483 784 1524 807 est
1536 778 1715 806 Ecclesiastes
1731 779 1833 811 dicere,

1046 829 1092 856 ubi
1116 828 1173 855 ait:
1189 827 1245 862 Ego
1259 827 1317 854 dixi
1340 828 1368 853 in
1391 827 1468 853 corde
1493 833 1550 852 meo
1564 834 1573 852 :
1601 825 1672 857 Veni,
1688 830 1711 852 et
1728 827 1834 852 tentabo

1045 879 1069 902 te
1080 875 1108 901 in
1124 875 1231 906 ltetitia,
1250 874 1339 901 ridebo
1362 874 1389 900 in
1406 873 1472 899 bono
1488 877 1507 899 ι,
1521 871 1554 898 Et
1577 872 1672 898 iterum
1687 872 1721 898 de
1737 871 1833 899 iisdem

1045 922 1132 949 vineis
1147 922 1262 956 loquens
1278 921 1347 947 idem
1364 919 1542 947 Ecclesiastes
1560 918 1625 945 dicit
1642 927 1648 944 :
1664 917 1834 953 Magniﬁcaui

1044 967 1109 994 milii
1134 975 1198 1001 opus
1225 975 1327 998 meum,
1357 965 1485 999 a’diﬁcavi
1512 963 1576 990 milii
1594 964 1696 996 domus,
1713 963 1833 997 plantari

1044 1012 1108 1039 mihi
1125 1013 1223 1044 vineas,
1247 1012 1296 1046 feci
1314 1011 1377 1038 mihi
1393 1010 1482 1037 hortos
1497 1014 1521 1036 et
1535 1008 1674 1043 paradisus
1688 1009 1709 1039 ¹,
1723 1012 1751 1035 et
1767 1007 1832 1035 reli-

1042 1065 1107 1092 qua.
1126 1057 1195 1085 Sunt
1208 1063 1297 1084 autem
1321 1056 1404 1091 hujus
1420 1056 1504 1082 vinea:
1518 1053 1625 1089 mystici
1645 1054 1727 1080 etiam
1745 1053 1830 1080 mini-

1042 1104 1091 1131 stri
1108 1103 1230 1138 quidam,
1246 1103 1292 1138 qui
1305 1103 1359 1130 vini
1372 1103 1478 1129 l'nsores
1494 1100 1673 1136 appellantur.
1696 1099 1742 1126 Sic
1758 1099 1830 1127 enim

1041 1150 1112 1177 idem
1130 1149 1196 1177 dicit
1214 1159 1220 1176 :
1240 1148 1273 1176 Et
1299 1149 1348 1183 feci
1372 1148 1435 1174 mihi
1457 1151 1575 1174 cantores
1589 1150 1614 1173 et
1630 1146 1791 1172 cantatrices
1804 1146 1832 1172 in

1040 1195 1137 1223 latitia
1151 1195 1269 1229 ﬁliorum
1291 1195 1436 1226 hominum,
1450 1193 1503 1220 vini
1518 1193 1619 1227 fusores
1642 1196 1667 1218 et
1690 1191 1744 1218 nini
1761 1191 1830 1226 fusi-

1041 1244 1119 1270 trices
1134 1243 1153 1270 ³.
1173 1243 1237 1270 Vide
1252 1250 1316 1276 ergo
1333 1241 1356 1268 si
1372 1240 1509 1275 possimus
1524 1244 1580 1266 tum
1596 1239 1624 1266 in
1642 1238 1758 1270 caeteris,
1773 1242 1830 1265 tum

1041 1289 1122 1317 etiam
1141 1289 1167 1316 in
1186 1290 1237 1315 hoc
1253 1288 1307 1323 39
1323 1287 1471 1321 intelligere
1486 1285 1653 1313 Salvatorem
1666 1284 1751 1311 veteri
1766 1284 1830 1311 vino

1040 1335 1146 1362 novella
1164 1335 1279 1361 uberum
1307 1340 1419 1360 suorum
1443 1331 1544 1358 ﬂuenta
1572 1331 1743 1362 miscentem,
1765 1336 1828 1356 cum

1039 1379 1123 1406 Maria
1137 1383 1164 1406 et
1176 1378 1275 1412 .loseph
1291 1381 1443 1412 quaerentes
1455 1376 1606 1403 invenerunt
1621 1383 1679 1402 eum
1692 1375 1719 1401 in
1733 1374 1829 1409 tempto

1039 1425 1170 1451 sedentem
1198 1425 1226 1451 in
1253 1423 1337 1450 medio
1364 1423 1511 1455 doctorum,
1532 1427 1556 1448 et
1578 1422 1730 1448 audientem
1751 1425 1829 1455 atque

1038 1469 1242 1504 interrogantem
1253 1476 1307 1500 eos,
1320 1467 1428 1503 quando
1439 1471 1463 1494 et
1474 1467 1640 1493 mirabantur
1652 1474 1740 1492 omnes
1751 1474 1830 1500 super

1039 1515 1170 1550 responsis
1186 1515 1242 1549 ejus
1257 1514 1277 1541 ⁸.
1298 1513 1350 1541 Sed
1367 1519 1393 1540 et
1409 1513 1446 1540 ibi
1464 1512 1589 1539 fortassis
1611 1512 1717 1546 species
1733 1511 1830 1538 forma:

1040 1562 1122 1597 hujus
1138 1561 1271 1596 expletur,
1288 1561 1332 1588 ubi
1354 1560 1504 1587 ascendens
1527 1559 1555 1586 in
1572 1563 1692 1585 montem
1712 1557 1831 1586 docebat

1039 1606 1163 1642 populos,
1180 1611 1206 1634 et
1224 1607 1330 1635 dicebat
1345 1615 1351 1633 :
1368 1605 1474 1632 Dictum
1495 1610 1533 1632 est
1553 1604 1668 1640 antiquis
1682 1612 1691 1631 :
1707 1603 1769 1630 Non
1786 1613 1830 1631 oc-

1039 1654 1129 1685 cides;
1154 1661 1200 1689 ego
1222 1659 1310 1680 autent
1331 1653 1390 1680 dico
1406 1651 1477 1679 vobis
1496 1657 1505 1677 :
1522 1650 1614 1678 Omnis
1630 1651 1675 1686 qui
1700 1651 1830 1677 irascitur

1039 1698 1118 1733 fratri
1133 1706 1180 1725 suo
1192 1699 1249 1725 sine
1269 1706 1361 1731 causa,
1377 1705 1436 1724 reus
1451 1697 1519 1728 erit;
1542 1699 1569 1723 et
1583 1703 1590 1722 :
1610 1695 1715 1722 Dictum
1729 1699 1768 1721 est
1781 1703 1830 1722 an-

1039 1745 1140 1780 liquis:
1163 1743 1223 1771 Non
1250 1744 1432 1776 adulterabis;
1461 1751 1507 1778 ego
1530 1747 1617 1769 autem
1644 1742 1702 1768 dico
1730 1741 1802 1768 vobis
1818 1748 1829 1766 :

1040 1791 1132 1818 Omnis
1146 1791 1191 1825 qui
1206 1791 1298 1818 uiderit
1312 1790 1446 1818 mulierem
1461 1790 1495 1816 nd
1507 1788 1743 1823 concupiscendum
1758 1795 1827 1818 eam,

1033 1837 1091 1872 jam
1107 1837 1250 1863 moechatus
1266 1842 1306 1864 est
1327 1844 1384 1863 eam
1407 1835 1435 1862 in
1457 1835 1535 1862 corde
1549 1842 1595 1860 suo
1611 1834 1631 1860 ⁵.
1648 1833 1678 1860 1η
1693 1838 1828 1868 quantum

1037 1890 1101 1918 ergo
1117 1882 1240 1910 doctrina
1256 1881 1315 1909 hac
1327 1881 1386 1916 ejus
1401 1879 1529 1915 praecellit
1546 1879 1619 1906 illam
1632 1878 1785 1913 antiquam,
1799 1878 1827 1904 in

1038 1933 1143 1956 tantum
1171 1935 1273 1964 sponsa
1297 1926 1465 1961 intelligith
1488 1925 1648 1960 pronuntiat
1670 1924 1742 1951 bona
1765 1931 1829 1950 esse

1038 1975 1121 2002 ubera
1134 1975 1194 2009 ejus
1207 1981 1290 2009 super
1305 1973 1408 2000 vinum.

1064 2021 1117 2049 Sed
1132 2025 1159 2048 et
1178 2020 1251 2055 quod
1266 2027 1350 2046 vorax
1367 2018 1468 2046 dicitur
1487 2017 1572 2044 Filius
1590 2016 1719 2048 hominis,
1741 2019 1767 2043 et
1782 2015 1828 2043 bi-

1036 2067 1115 2099 bens,
1130 2071 1157 2093 et
1169 2066 1263 2093 dicunt
1275 2073 1282 2091 ε
1300 2064 1367 2092 Ecce
1377 2064 1454 2091 homo
1467 2070 1548 2090 voras
1561 2068 1586 2089 et
1598 2063 1687 2089 vinum
1699 2061 1790 2088 bibens
1799 2062 1828 2088 ἐ

1037 2112 1071 2139 ad
1088 2113 1140 2139 hoc
1163 2110 1342 2138 nihilominus
1363 2108 1495 2143 respicit:
1518 2107 1572 2134 tale
1587 2110 1614 2134 et
1640 2106 1706 2134 illud
1731 2106 1828 2133 vinum

1038 2156 1123 2185 fuisse
1146 2155 1220 2184 Cana
1241 2155 1357 2183 Galilazaz
1379 2154 1452 2189 quod
1479 2153 1620 2181 bibebatur
1645 2151 1672 2178 in
1699 2151 1829 2178 convivio

196 2193 247 2224 vii;
265 2198 292 2221 et
314 2203 410 2224 rursus
435 2201 466 2224 ut
488 2197 559 2232 apud
584 2198 738 2225 sacerdotes
754 2200 942 2233 pectusculum
957 2205 985 2228 et
999 2201 1022 2228 D
1036 2203 1167 2238 nuptiali,
1184 2210 1240 2237 quo
1268 2201 1409 2229 deficiente
1432 2199 1495 2227 fecit
1515 2204 1541 2226 ct
1562 2198 1635 2225 aliud
1662 2198 1758 2224 vinum
1781 2198 1827 2224 cui

196 2241 336 2269 brachium
363 2242 485 2278 mysticis
507 2243 665 2278 designatur
689 2244 816 2278 eloquiis,
841 2245 878 2273 ita
898 2246 980 2274 etiam

194 2287 312 2315 arbitr-0r
326 2288 352 2315 in
371 2289 497 2323 praesenti
515 2289 587 2321 loco,
604 2289 648 2316 ubi
665 2291 814 2318 amantium
832 2291 942 2321 habitus
955 2297 982 2321 et

195 2334 331 2369 colloquia
346 2335 549 2368 describuntur,
564 2337 717 2371 gratissime
732 2337 784 2365 hoc
801 2338 891 2372 ipsum
907 2339 982 2374 prin-

194 2379 281 2414 cipale
305 2381 396 2408 cordis
420 2381 446 2408 in
472 2382 601 2411 uberibus
627 2385 802 2419 appellatum.
821 2384 895 2412 Bona
917 2393 981 2419 ergo

194 2431 258 2453 sunt
275 2427 359 2454 ubera
374 2427 477 2462 sponsi,
496 2429 716 2465 quandoquidem
739 2430 860 2458 thesauri
877 2436 941 2459 sunt
954 2432 981 2459 in

192 2473 233 2499 eis
258 2472 398 2506 sapientia:
424 2478 451 2500 et
474 2474 594 2502 scientiae
617 2476 760 2503 reconditi.
784 2475 875 2504 Ubera
889 2482 979 2504 actem

193 2517 250 2545 haec
271 2517 336 2544 vino
360 2523 502 2552 comparat
528 2527 639 2555 sponsa,
666 2521 713 2548 sed
738 2521 774 2548 ita
796 2527 938 2556 comparat
951 2527 981 2549 ut

192 2563 327 2597 praeferat.
343 2562 442 2590 Vinum
467 2568 557 2592 autem
583 2565 628 2593 illa
654 2566 827 2601 intelligenda
844 2571 908 2593 sunt
928 2567 979 2594 d0-

191 2616 280 2644 glnata
303 2614 328 2637 et
356 2610 496 2644 doctrinae,
513 2619 573 2646 qua:
597 2619 646 2646 per
670 2612 755 2647 legem
781 2618 808 2639 et
834 2612 979 2646 prophetas

191 2661 254 2682 ante
268 2657 413 2684 adventum
433 2657 526 2692 sponsi
543 2664 651 2684 sumere
669 2665 770 2692 sponsa
791 2663 978 2686 consueverat.

244 2743 267 2759 "
283 2742 376 2770 Matth.
394 2751 420 2774 v,
432 2743 458 2770 8.
513 2744 535 2760 ’³
549 2744 626 2771 nam.
646 2752 672 2776 Χ,
692 2745 734 2772 10.

192 2778 215 2812 ξκ
226 2777 296 2812 gen.
313 2785 349 2804 Ix.
386 2778 408 2794 θ’
421 2778 472 2805 lsa.
487 2787 512 2805 ν.
553 2780 560 2794 ¹
576 2779 647 2807 Eccl.
666 2788 695 2812 ll,
715 2780 738 2807 l.

193 2811 203 2824 ‘
222 2811 318 2840 Matth.
333 2820 370 2844 χι,
388 2813 428 2840 l9.
467 2814 476 2829 ⁷
497 2813 575 2841 Joan.
595 2822 624 2846 ιι,
648 2815 690 2842 10.

789 2745 812 2762 ’⁸
821 2745 900 2773 Joan.
919 2755 978 2778 xm,
999 2747 1044 2773 24.

779 2781 787 2795 ¹
806 2781 870 2828 ibid:
888 2782 912 2809 ι.
954 2782 964 2798 ³
980 2782 993 2810 il

1061 2782 1085 2809 8.
1125 2782 1136 2798 ⁵
1152 2782 1216 2810 Luc.
1233 2791 1261 2815 ιι,
1276 2782 1320 2816 46,
1337 2782 1381 2810 47.
1421 2782 1431 2798 ³
1445 2781 1540 2810 Matth.
1552 2790 1578 2814 ν,
1594 2781 1639 2815 21,
1657 2782 1703 2814 2'2,
1721 2782 1823 2816 27,28.

1036 2248 1221 2276 testimonium
1239 2246 1356 2274 reddidit
1378 2245 1580 2273 architriclinus
1600 2244 1672 2279 quod
1696 2244 1731 2271 sit
1748 2244 1828 2271 valde

1035 2295 1153 2326 bonum,
1169 2298 1197 2321 et
1220 2300 1253 2321 eo
1275 2293 1339 2320 vino
1362 2291 1435 2327 quod
1457 2297 1605 2325 expensum
1627 2289 1717 2317 fuerat
1738 2289 1829 2317 multo

1036 2340 1227 2376 praestantius,
1243 2346 1306 2366 cum
1322 2338 1407 2366 dicit:
1422 2337 1514 2365 Omnis
1527 2337 1602 2363 Immo
1622 2335 1706 2372 primo
1727 2335 1827 2362 bonum

1036 2388 1125 2413 uinum
1140 2385 1224 2420 ponit,
1242 2388 1267 2410 et
1283 2391 1343 2409 cum
1358 2382 1481 2410 inebriati
1495 2382 1604 2416 fuerint,
1621 2381 1648 2408 id
1662 2381 1732 2416 quod
1751 2381 1827 2407 delc-

1034 2432 1089 2457 rius
1102 2435 1139 2457 est
1150 2439 1158 2462 ,'
1171 2435 1198 2457 tu
1210 2435 1297 2457 autent
1309 2429 1418 2456 servasti
1431 2428 1519 2454 vinum
1528 2427 1623 2454 bonum
1635 2435 1715 2461 usque
1727 2428 1825 2454 nunc’.

1034 2476 1085 2503 Sed
1103 2481 1129 2503 ct
1143 2475 1317 2503 Salomonem
1333 2475 1380 2509 qui
1394 2482 1442 2509 pro
1460 2478 1570 2507 accepta
1582 2472 1628 2499 Dei
1645 2473 1780 2507 sapientia
1797 2474 1826 2500 in

1032 2522 1213 2548 admiratione
1229 2521 1280 2548 fuit
1295 2521 1396 2556 reginae
1414 2520 1502 2551 Saliae,
1516 2526 1577 2553 quae
1592 2524 1703 2546 venerat
1719 2523 1827 2546 tentare

1032 2574 1094 2594 eum
1111 2566 1137 2593 in
1156 2567 1372 2602 quaestionibus:
1387 2566 1413 2592 in
1427 2566 1526 2600 quibus
1542 2573 1603 2592 cum
1619 2564 1714 2591 eadem
1729 2565 1826 2599 regina

1034 2617 1171 2640 serutetur
1187 2616 1214 2639 ct
1229 2611 1352 2643 miretur,
1370 2611 1433 2638 audi
1454 2611 1623 2646 Scripturam
1639 2611 1824 2638 referentem;

1035 2657 1068 2685 Et
1083 2658 1159 2690 vidit,
1175 2658 1272 2693 inquit,
1288 2658 1378 2693 regina
1395 2656 1465 2684 Saba
1478 2666 1580 2685 omnem
1596 2658 1758 2692 sapientiam
1773 2658 1826 2685 Su-

1098 2748 1121 2764 "
1137 2747 1202 2774 ibid.
1223 2748 1268 2774 25.
1325 2747 1348 2763 ’°
1369 2746 1458 2774 Levit.
1480 2755 1528 2774 vn.
1586 2747 1607 2762 "
1626 2746 1721 2774 Matth.
1747 2755 1774 2778 v,
1793 2747 1825 2774 8.
