1892 3050
190 110 222 138 9i
724 110 884 139 ORIGENIS
902 109 936 137 IN
955 109 1133 138 CANTICUM
1152 109 1288 138 CANHC.
1310 106 1312 108 ’
1787 109 1821 137 9!

189 170 232 204 gis
250 174 276 196 ct
299 167 506 204 prophetaium,
522 170 623 204 quibus
642 174 706 197 ante
725 170 868 197 adventum
884 167 977 203 sponsi
992 168 1013 196 Α
1028 172 1082 195 tam
1105 168 1215 201 dicitur,
1239 173 1349 203 propter
1371 153 1522 197 Eoi-iesiam
1540 176 1600 197 srne
1618 167 1715 201 dubio,
1736 176 1821 203 quam

189 215 364 241 mediocriter
380 215 453 247 licet,
470 215 566 242 instrui
581 221 670 243 tamen
686 216 837 247 videbatur,
853 220 881 242 et
897 222 976 242 exer-

189 260 246 286 ceri
266 260 299 286 ad
317 260 420 286 cultum
443 260 508 292 Dei,
532 265 625 295 utpote
648 261 759 295 parvula
780 260 868 287 adhuc
884 264 911 286 et
925 259 977 287 sub

189 305 363 331 curatoribus
379 309 406 331 et
426 305 566 332 actoribus
582 313 664 341 agens
681 311 707 332 ct
727 305 879 340 paedagogis
890 305 921 338 ",
932 305 977 332 lea:

189 349 262 375 enim
285 349 444 384 pedagogos
471 356 558 376 uoster
579 350 629 384 fuit
647 350 683 376 ad
708 349 841 377 Christum
859 349 891 375 ιδ.
915 348 977 377 Hac

188 399 280 421 autem
297 395 389 422 omnia
416 399 538 422 aromata
563 394 684 426 fuerant,
707 394 733 421 in
756 394 856 429 quibus
878 394 976 421 nutriri

188 440 246 466 visa
256 444 297 467 est
306 445 333 467 et
343 448 445 475 sponso
453 448 503 467 suo
512 440 665 475 praeparari.
676 439 728 466 Sed
745 439 791 466 ubi
805 439 877 466 venit
890 439 976 474 pleni-

188 485 254 511 tudo
272 489 423 520 temporum
439 490 466 512 et
480 485 596 512 adolevit
610 489 692 519 atque
706 483 880 519 Unigenitnm
893 492 974 512 suum

187 530 266 558 Pater
281 531 383 566 Spiritu
406 535 502 559 sancto
520 534 630 558 unctum
649 529 725 557 misit
750 530 778 557 in
805 529 878 557 hunc
895 537 975 557 mun-

185 575 263 605 dum.
278 576 389 603 odorata
411 582 510 610 sponsa
534 574 618 602 divini
637 575 768 610 nnguertti
787 573 974 610 fragrantiam,

185 622 360 656 sentiensque
374 622 447 656 quod
464 620 509 648 illa
526 621 619 648 omnia
642 625 766 648 aromata
782 620 883 655 quibus
898 621 974 656 prius

185 675 234 694 usa
250 668 392 694 ridebatur
408 667 490 702 longe
509 667 641 694 inferiora
657 667 713 694 sint
735 667 769 694 ad
792 667 975 702 comparatio-

182 720 245 739 nem
261 712 406 740 suavitatis
419 712 483 739 novi
500 712 582 746 hujus
593 715 621 739 et
630 712 750 739 ccelestis
763 711 904 746 unguenti,
917 711 972 739 ait:

183 756 258 784 Odor
273 763 468 792 unguentorum
483 763 588 784 tuorum
602 764 681 791 super
694 757 783 783 omnia
796 761 927 784 aromata.
940 756 974 783 Et

182 803 314 837 quoniam
329 803 457 830 Chrisuis
472 802 542 829 idem
558 809 688 837 sponsus,
704 805 785 837 atque
798 802 867 829 idem
883 802 972 837 pomi-

184 850 228 877 fex
245 850 367 877 dicitur:
385 849 507 883 pontifex
527 849 636 884 quidem
653 849 803 877 secundum
827 849 879 876 hoc
899 849 971 884 quod

184 895 320 922 mediator
333 900 376 922 est
395 893 443 921 Dei
461 899 488 921 et
512 894 653 921 hominum
667 894 810 929 omnisque
830 899 971 926 creaturae,

181 945 232 972 pro
246 945 300 972 qua
319 942 349 965 et
369 937 526 972 propitiatio
551 937 639 965 factus
656 943 698 965 est
715 939 890 974 semetipsum
907 938 972 966 olfe-

182 991 246 1010 rcns
262 983 380 1011 hostiam
398 990 447 1017 pro
465 987 577 1018 peccato
593 983 702 1013 mundi:
721 991 837 1018 sponsus
850 992 914 1012 vero
929 991 972 1011 se-

180 1028 301 1055 cundum
326 1030 379 1056 hoc
397 1028 470 1063 quod
494 1027 623 1056 Ecclesia:
638 1029 763 1064 jungitur
782 1037 836 1057 non
862 1030 970 1057 habenti

180 1074 330 1104 maculam,
340 1078 389 1101 aut
404 1082 511 1109 rugam,
529 1078 576 1101 aut
588 1074 688 1109 aliquid
702 1074 814 1108 horum;
829 1075 971 1102 considera

180 1127 215 1146 ne
233 1119 303 1147 forte
314 1125 482 1154 unguentum
499 1120 565 1147 illud
582 1120 736 1155 pontiﬁcale
749 1120 820 1155 quod
837 1121 863 1147 in
878 1120 971 1148 Exodo

179 1166 305 1200 componi
320 1165 431 1200 iubetur
440 1170 499 1193 arte
517 1166 687 1201 pigmentarii
701 1166 734 1200 ",
747 1166 826 1194 istius
840 1167 969 1201 unguenti

178 1211 253 1247 quod
276 1220 350 1240 nunc
374 1213 487 1239 odorata
509 1219 608 1247 sponsa
626 1212 752 1244 miratur,
776 1217 866 1240 teneat
888 1213 971 1240 ratio-

179 1265 251 1291 nem,
267 1261 294 1284 et
308 1257 404 1286 videns
424 1258 500 1293 quod
522 1258 568 1285 illa
592 1258 701 1291 quidem
725 1263 846 1285 aromata
871 1259 971 1292 quibus

177 1303 358 1337 compositum
375 1307 543 1337 unguentum
564 1303 718 1336 videbatur,
737 1311 792 1338 quo
807 1303 898 1330 Aaron
919 1312 971 1331 un-

177 1352 239 1375 ειυς
253 1353 306 1380 est,
322 1348 453 1383 quoniam
467 1352 547 1375 erant
565 1352 673 1375 terrena
693 1353 721 1376 et
741 1348 861 1376 materiae
872 1357 971 1384 corpo-

180 1393 260 1427 ralis,
278 1394 331 1422 hoc
346 1398 437 1421 autem
452 1398 633 1429 unguentum,
644 1401 699 1429 quo
719 1402 793 1423 nunc
806 1400 917 1422 unctum
929 1395 972 1423 vi-

177 1439 219 1466 dit
231 1446 373 1474 sponsum,
387 1439 529 1474 spirituale
550 1445 592 1467 est
614 1444 642 1468 et
664 1440 790 1473 sceleste,
813 1440 915 1469 idcirco
929 1442 971 1469 di-

1027 211 1197 246 puriticatam
1215 212 1324 240 lavacro
1336 220 1414 247 aqua:
1429 213 1634 241 immaculatam
1661 213 1736 246 fecit,
1766 221 1820 239 non

1027 257 1172 284 habentem
1188 258 1332 290 maculam,
1347 264 1394 286 aut
1413 266 1521 294 rugam,
1537 264 1584 286 aut
1598 258 1704 293 aliquid
1722 258 1821 292 hujus—

1026 305 1111 332 modi.
1138 304 1190 332 Sed
1205 309 1233 333 et
1248 305 1371 334 calamus
1390 307 1550 338 assumitur,
1567 306 1632 341 quia
1649 307 1743 341 lingua
1760 306 1822 340 cjus

1025 351 1106 378 etiam
1129 356 1171 380 est
1185 353 1307 380 calamus
1329 352 1428 380 scriba:
1448 352 1578 380 velociter
1595 353 1757 384 scribentis,
1771 353 1814 379 do

1025 397 1121 424 ctrina:
1149 397 1264 432 gratiam
1298 397 1445 433 pigmentis
1474 397 1624 432 designans
1658 398 1820 426 suavitatis.

1028 442 1122 478 Ἰρεως
1142 450 1252 478 quoque
1271 443 1376 478 species
1391 443 1448 479 (32)
1467 443 1612 471 adhibetur
1634 443 1820 475 calidissima,

1025 490 1056 513 ut
1069 486 1165 519 fertur,
1175 491 1202 514 et
1210 488 1402 516 ardentissima
1415 497 1423 516 :
1435 488 1463 516 in
1475 496 1530 523 qua
1540 489 1582 516 vel
1595 487 1715 524 Spiritus
1727 489 1820 516 sancti

1024 531 1126 565 fervor,
1138 533 1181 560 vel
1195 532 1279 560 futuri
1293 541 1341 569 per
1355 534 1444 569 ignem
1458 534 1556 569 judicii
1575 534 1735 562 ostenditur
1760 533 1821 560 for-

1024 585 1080 605 ma.
1094 577 1230 607 Numerus
1246 586 1310 606 vero
1322 579 1544 615 quingentorum,
1566 580 1609 607 vel
1630 581 1821 608 ducentorum

1024 623 1221 658 quinquaginta
1245 624 1385 658 siclorum,
1408 625 1450 651 vel
1463 625 1585 659 quinque
1601 632 1735 652 sensuum
1760 625 1819 659 (35)

1024 668 1052 695 in
1067 676 1100 696 eo
1123 669 1282 704 mysterium
1306 673 1380 696 tenet
1403 669 1591 705 cenutpliciter
1615 669 1818 704 perfectorum,

1024 713 1066 740 vel
1082 713 1268 742 remissionem
1283 718 1455 749 peccatorum
1471 722 1519 750 per
1532 722 1596 742 eum
1611 714 1704 742 datam
1726 715 1818 750 signi-

1024 758 1087 786 ﬁcat
1100 759 1350 794 quinquagenarius
1373 759 1488 788 venialis
1506 760 1716 795 quintupliciter
1738 761 1820 795 posi-

1026 809 1079 832 tus.
1096 804 1148 831 Sed
1161 806 1218 832 haec
1231 805 1323 832 omnia
1334 805 1394 833 oleo
1408 813 1477 841 puro
1491 806 1666 841 colliguntur,
1680 814 1729 841 per
1740 807 1819 842 quod

1022 849 1186 881 ostenditur,
1202 849 1243 876 vel
1261 849 1456 878 misericordia
1467 851 1554 878 solius
1571 851 1628 887 (3L)
1641 859 1728 879 causa
1746 851 1821 878 fuis-

1021 901 1062 927 se,
1076 895 1148 929 quod
1165 895 1188 923 is
1203 895 1249 929 qui
1274 899 1334 922 erat
1358 895 1386 923 in
1414 895 1503 923 forma
1526 895 1574 924 Dei
1602 895 1720 924 formam
1741 897 1816 925 servi

1021 941 1181 976 susceperit,
1206 940 1247 968 vel
1268 948 1300 968 ea
1323 948 1385 976 quae
1403 948 1437 968 ex
1455 941 1591 969 materiali
1612 942 1771 970 substantia
1789 943 1817 969 in

1020 986 1129 1013 Christo
1155 986 1262 1013 fuerant
1283 990 1440 1021 assumpta,
1461 994 1508 1021 per
1527 986 1659 1021 Spiritum
1684 992 1815 1015 sanctum

1021 1032 1130 1059 redacta
1153 1030 1181 1058 iu
1205 1038 1290 1058 unum
1311 1029 1407 1061 fuisse.
1429 1035 1511 1065 atque
1535 1031 1562 1060 in
1585 1039 1668 1058 unam
1691 1032 1815 1066 speciem

1020 1084 1081 1112 qua!
1091 1081 1133 1104 est
1147 1084 1262 1111 persona
1273 1076 1430 1104 mediatoris
1441 1076 1547 1104 etfecta.
1560 1076 1629 1104 Illud
1640 1084 1707 1112 ergo
1720 1078 1816 1104 olenn.

1020 1121 1162 1149 materiale
1178 1120 1252 1148 nullo
1266 1127 1364 1155 genere
1380 1121 1469 1148 oleum
1489 1121 1590 1148 laetitia:
1611 1121 1746 1156 appellari
1766 1130 1815 1156 po-

1021 1164 1081 1192 tuit.
1094 1163 1168 1191 istud
1182 1168 1273 1191 autem
1283 1164 1384 1195 oleum,
1405 1164 1432 1192 id
1455 1168 1498 1191 est
1514 1164 1634 1199 Spiritus
1653 1166 1744 1192 sancti
1759 1174 1814 1193 un—

1021 1214 1163 1245 guentum,
1181 1216 1237 1244 quo
1249 1213 1348 1237 unctus
1371 1213 1415 1237 est
1429 1209 1567 1243 Christus,
1588 1214 1617 1237 et.
1642 1210 1724 1244 cujus
1738 1218 1814 1238 nunc

1019 1256 1133 1284 odorem
1151 1256 1304 1291 percipiens
1327 1264 1427 1291 sponsa
1445 1257 1576 1284 admirata
1591 1262 1643 1291 est,
1657 1257 1751 1285 oleum
1766 1258 1815 1285 la:-

1021 1301 1098 1333 titiae,
1121 1303 1183 1336 quia
1211 1301 1317 1329 fructus
1333 1302 1446 1336 spiritus
1459 1301 1512 1337 41
1527 1303 1658 1337 gaudium
1680 1307 1733 1335 est,
1754 1311 1813 1332 me-

1023 1347 1076 1375 rito
1093 1348 1265 1383 appellatur:
1293 1355 1348 1383 quo
1364 1347 1436 1375 Dens
1458 1348 1536 1376 unxit.
1548 1357 1623 1381 eum,
1653 1350 1700 1384 qui
1714 1349 1813 1377 dilexit

1018 1393 1154 1429 justitiam
1182 1398 1209 1421 et
1232 1394 1296 1420 odio
1323 1393 1417 1420 habuit
1448 1394 1631 1428 iniquitatem.
1658 1395 1810 1431 Propterea

1021 1439 1095 1466 enim
1109 1439 1209 1467 dicitur
1223 1448 1230 1466 :
1253 1439 1334 1467 Unxit
1352 1447 1414 1467 cum
1434 1439 1562 1467 Domitius
1576 1441 1646 1468 Deus
1659 1449 1729 1469 suus
1755 1443 1813 1469 oleo

176 1490 222 1512 cat
241 1494 248 1512 :
269 1483 339 1517 Qui:
363 1485 430 1512 odor
448 1490 641 1521 unguentorum
661 1491 766 1513 tuorum
780 1494 858 1522 super
880 1488 969 1514 omnia
982 1497 1004 1527 ο
1021 1484 1123 1512 tctitite
1134 1493 1190 1520 prae
1209 1486 1380 1520 participibus
1400 1486 1457 1514 suis
1486 1487 1518 1514 ".
1542 1486 1574 1514 Et
1600 1487 1661 1514 ideo
1673 1487 1744 1514 odor
1758 1496 1813 1514 uti-

179 1536 313 1558 aromata.
327 1529 474 1560 Videamus
487 1539 552 1567 ergo
569 1533 709 1568 quomodo
728 1534 909 1568 compositum
932 1534 969 1562 sit

176 1576 242 1603 illud
263 1582 452 1612 unguentum:
468 1577 503 1604 Et
521 1578 624 1606 locutu
645 1583 683 1606 est
705 1578 842 1612 Dominus,
865 1580 966 1614 inquit,

177 1623 211 1648 ad
223 1621 340 1656 Hotyem
354 1622 444 1649 diutis
455 1630 466 1650 :
481 1623 576 1658 Accipe
590 1623 637 1650 tibi
650 1624 743 1658 [torem
754 1624 868 1659 myrth
879 1625 968 1652 electa

179 1667 331 1704 quingentos
353 1667 451 1700 sides,
474 1673 500 1696 et
515 1670 711 1697 cinnamomum
741 1678 820 1698 tuaac
842 1674 967 1698 ducentos

176 1712 370 1747 quinquaginta
394 1713 484 1746 rides,
507 1719 533 1741 et
555 1713 688 1741 calamum
712 1723 818 1742 suavem
842 1716 967 1743 ducentos

176 1758 370 1793 quinquaginta
384 1758 474 1790 uictos,
487 1764 513 1786 et
526 1761 607 1787 casia:
620 1761 773 1796 quingentos
786 1761 864 1789 δίεισι
875 1770 967 1789 secun-

176 1803 242 1829 dum
258 1803 352 1830 sic-lum
368 1809 502 1837 sanctum,
517 1809 544 1832 et
561 1804 646 1831 oleum
658 1813 692 1832 ea:
705 1805 780 1833 oliuis
799 1806 864 1837 Hin,
879 1812 905 1834 et
921 1807 962 1842 [a-

175 1849 227 1875 cia
242 1849 311 1876 illud
331 1850 417 1877 oleant
437 1850 591 1877 chrismatis
613 1851 701 1877 sancti
725 1858 884 1887 unguentum
909 1857 967 1880 arte

174 1895 345 1930 pigmentarii
360 1897 392 1924 ".
416 1896 479 1924 Haec
502 1901 593 1923 autem
616 1896 642 1923 in
666 1896 723 1932 lege
738 1898 848 1932 quidem
871 1898 966 1925 referri

174 1941 295 1969 audierat
311 1949 425 1978 sponsa,
443 1943 490 1971 sed
507 1943 641 1970 rationem
655 1950 752 1970 eorum
770 1944 967 1978 veritatemque

173 1995 246 2015 nunc
262 1988 399 2023 perspicit.
418 1988 484 2016 Vide
499 1996 564 2024 ergo
576 1989 648 2023 quod
661 1989 720 2016 ista:
731 1994 848 2024 quatuor
860 1990 966 2024 species

174 2033 303 2068 unguenti
338 2035 435 2066 istius,
466 2034 581 2061 formam
610 2035 737 2062 tenebant
769 2035 966 2064 incarnationis

175 2078 255 2106 Vcrhi
273 2079 331 2112 Dei,
347 2081 420 2116 quod
441 2088 474 2107 ex
494 2085 611 2115 quatuor
630 2080 772 2107 clementis
791 2081 967 2117 compagina-

172 2129 230 2151 tum
245 2133 346 2159 corpus
359 2127 525 2160 assumpsit,
549 2126 576 2152 in
591 2133 646 2160 quo
661 2132 776 2159 corpore
793 2126 903 2161 myrrha
920 2126 964 2154 illa

1020 1535 1182 1565 guentorum
1199 1532 1259 1565 ejus
1272 1535 1314 1558 est
1328 1538 1409 1566 super
1434 1532 1526 1559 omnia
1554 1538 1689 1560 aromata.
1719 1532 1810 1560 Simili

1018 1581 1109 1604 autem
1125 1577 1297 1612 expositione
1317 1577 1431 1611 utimur,
1455 1578 1562 1606 etiamsi
1576 1578 1610 1605 ad
1623 1586 1812 1614 unamquam-

1017 1629 1071 1656 que
1084 1621 1204 1649 animam
1230 1621 1258 1648 in
1274 1629 1366 1649 amore
1378 1627 1405 1648 et
1425 1622 1560 1650 desiderio
1577 1621 1657 1650 Verbi
1673 1622 1721 1650 Dei
1736 1624 1813 1659 posi-

1018 1671 1072 1695 tam
1087 1667 1266 1695 transferatur
1281 1667 1326 1695 bic
1348 1675 1448 1699 sermo,
1469 1668 1514 1695 cui
1533 1667 1634 1696 fuerint
1648 1677 1746 1697 omnes
1761 1670 1812 1697 do-

1017 1714 1113 1741 ctrinae
1127 1720 1175 1748 per
1184 1713 1305 1740 ordinem
1317 1713 1447 1744 decursa,
1459 1712 1486 1740 in
1500 1713 1601 1748 quibus
1616 1718 1680 1741 ante
1690 1715 1811 1749 agnitio-

1016 1766 1078 1786 nem
1096 1758 1177 1786 Verbi
1206 1757 1253 1785 Dei
1277 1759 1425 1786 exercitata
1443 1758 1550 1785 videtur
1563 1762 1591 1786 et
1613 1760 1734 1792 erudita,
1753 1760 1811 1787 sive

1016 1810 1050 1831 cx
1078 1803 1227 1831 moralibus
1254 1803 1465 1835 descendentes,
1493 1803 1549 1831 sive
1574 1811 1608 1830 ex
1635 1805 1810 1832 naturalibus

1017 1848 1129 1876 scholis.
1142 1847 1226 1875 Erant
1239 1848 1311 1875 enim
1328 1848 1352 1875 ei
1365 1847 1459 1875 omnia
1475 1848 1527 1876 ista
1544 1853 1669 1876 aromata
1681 1850 1809 1884 quaedam

1017 1901 1067 1929 pro
1081 1901 1116 1922 eo
1129 1893 1203 1929 quod
1220 1894 1247 1921 in
1265 1893 1308 1921 his
1322 1893 1455 1921 institutio
1476 1894 1634 1928 probabilis,
1649 1899 1677 1923 et
1697 1904 1808 1924 morum

1017 1940 1189 1975 conquiritur
1200 1938 1364 1971 emendatio.
1386 1939 1458 1973 quod
1482 1939 1695 1974 deprehenditur
1709 1941 1738 1968 in
1767 1942 1810 1969 his

1016 1986 1126 2013 vanitas
1143 1985 1246 2018 saeculi,
1273 1989 1300 2012 et
1323 1983 1488 2012 caducarum
1518 1993 1610 2014 rerum
1638 1993 1809 2022 respuuntur

1018 2032 1086 2059 falsa
1099 2031 1242 2058 miracula.
1256 2029 1340 2057 Erant
1352 2037 1417 2065 ergo
1435 2031 1460 2058 ei
1478 2031 1536 2058 haec
1546 2032 1639 2059 omnia
1656 2033 1732 2060 velut
1747 2042 1810 2061 aro-

1017 2082 1090 2105 mata
1101 2081 1129 2105 et
1143 2077 1318 2104 odoramenta
1328 2077 1450 2111 quaedam
1474 2077 1573 2104 animae
1589 2078 1740 2112 pigmenta.
1755 2079 1810 2107 Sed

1017 2123 1063 2150 ubi
1090 2123 1122 2150 ad
1158 2122 1324 2158 agnitionem
1358 2122 1549 2157 mysteriorum
1585 2127 1613 2150 et
1649 2124 1810 2152 divinorum

173 2169 270 2199 mortis
286 2170 356 2205 ejus,
372 2178 454 2205 quam
469 2172 524 2198 sive
539 2176 568 2198 ut
584 2171 705 2206 pontifex
721 2178 770 2206 pro
786 2171 896 2206 populo,
909 2172 966 2199 sive
981 2170 1006 2200 D
1019 2169 1177 2204 dogmalllm
1192 2168 1333 2196 SCienliam
1350 2173 1458 2195 Ventum
1470 2172 1521 2202 est,
1537 2168 1582 2195 ubi
1596 2169 1631 2196 ad
1645 2169 1748 2204 januas
1763 2178 1810 2198 sn-

172 2220 202 2242 ut
225 2223 342 2250 sponsus
369 2224 417 2251 pro
445 2224 547 2251 sponsa
574 2217 705 2251 suscepit,
733 2221 824 2245 servat
851 2216 962 2245 iudicia.

171 2261 249 2294 Quod
267 2269 330 2289 vero
351 2269 406 2289 non
425 2261 586 2296 simpliciter
601 2263 728 2298 myrrha,
753 2262 800 2290 sed
825 2262 876 2290 ﬂos
898 2263 963 2290 mir-

171 2308 238 2339 rlne,
248 2312 275 2335 et
285 2308 404 2342 myrrha:
415 2308 507 2335 electa:
519 2308 648 2342 scriptum
660 2313 709 2340 est,
720 2316 774 2335 non
786 2309 873 2336 solum
888 2317 963 2336 mor-

170 2357 224 2382 tem
250 2353 325 2388 ejus,
346 2353 392 2380 sed
417 2358 444 2380 et
468 2353 678 2389 primogenitum
700 2361 763 2381 eum
788 2354 909 2381 futurum
930 2362 963 2382 ex

170 2399 288 2427 mortuis
306 2398 455 2432 iudicabat,
477 2403 560 2434 atque
575 2407 622 2426 eos
635 2399 682 2433 qui
700 2399 876 2433 complautati
894 2399 962 2426 fuis-

167 2449 230 2471 sent
248 2444 427 2472 similitudine
443 2444 541 2471 mortis
554 2443 625 2478 ejus,
653 2451 707 2471 non
731 2444 819 2471 solum
840 2448 961 2476 vocatos,

167 2490 215 2518 scd
241 2490 344 2518 electos
369 2490 484 2518 futuros.
502 2490 695 2518 Cinamomum
713 2498 777 2518 vero
800 2490 962 2518 immacula-

1016 2215 1124 2250 pientia:
1139 2214 1235 2249 ipsius,
1249 2218 1276 2241 et
1299 2214 1440 2248 sapientia:
1455 2223 1508 2242 non
1534 2214 1616 2250 hujus
1634 2215 1743 2247 mundi,
1759 2224 1807 2243 ne-

1015 2268 1069 2296 que
1079 2261 1232 2296 principum
1247 2259 1328 2295 hujus
1339 2261 1431 2288 mundi
1445 2261 1491 2296 qui
1513 2262 1694 2289 destruuntur
1712 2269 1808 2289 acces-

1016 2315 1077 2334 sum
1091 2310 1143 2338 est,
1158 2305 1205 2333 sed
1219 2306 1252 2332 ad
1266 2306 1351 2340 ipsam
1379 2305 1426 2333 Dei
1453 2306 1624 2341 sapientiam,
1649 2314 1713 2341 qua:
1736 2307 1808 2334 inter

1017 2353 1150 2387 perfectos
1165 2352 1320 2384 disseritur,
1333 2356 1359 2378 ct
1370 2352 1417 2378 ubi
1433 2352 1593 2387 mysterium
1609 2353 1683 2386 quod
1707 2353 1808 2388 priori-

1016 2400 1067 2426 bus
1083 2398 1302 2434 generationibus
1319 2405 1372 2425 non
1393 2397 1444 2424 fuit
1464 2404 1570 2430 notum,
1585 2398 1649 2425 ﬁliis
1661 2399 1806 2426 hominum

1015 2446 1163 2473 revelatum
1176 2450 1232 2477 est;
1247 2444 1305 2477 ubi,
1315 2444 1437 2479 inquam.
1453 2445 1544 2472 anima
1558 2445 1591 2471 ad
1603 2445 1671 2472 tanti
1688 2445 1807 2480 agnitio-

1017 2498 1078 2519 nem
1097 2490 1219 2518 ascendit
1232 2490 1336 2522 arcani,
1365 2490 1461 2517 merito
1474 2490 1558 2518 dicit:
1576 2489 1649 2517 Odor
1660 2497 1807 2525 unguento-

202 2571 224 2587 "
242 2570 301 2598 Gal.
315 2579 352 2603 ιν,
366 2570 393 2597 2.
432 2571 454 2587 ¹⁸
467 2570 526 2598 Gal.
557 2578 598 2602 ιιι,
612 2571 658 2598 24.
697 2571 719 2587 ’⁸
739 2570 823 2598 Exod.
848 2580 912 2598 xxx.

952 2573 973 2589 ⁸⁸
991 2572 1077 2600 Exod.
1093 2579 1158 2602 xxx,
1172 2570 1217 2601 ‘22,
1232 2570 1279 2601 25,
1292 2569 1336 2601 24,
1354 2569 1400 2596 25.
1439 2569 1460 2584 ¹⁷
1471 2568 1543 2596 Psal.
1559 2577 1620 2602 XLV,
1639 2570 1663 2596 7.

204 2663 260 2697 (3'2)
281 2664 327 2702 Sic
339 2665 442 2702 habent
457 2673 538 2702 mser,
553 2666 615 2693 libri
630 2673 696 2693 vero
711 2666 776 2693 editi
786 2675 793 2693 :
803 2666 835 2692 In
850 2667 886 2692 eis
898 2675 960 2702 quo-

167 2706 217 2734 que
240 2700 336 2734 species
360 2700 466 2727 adhibet
486 2700 677 2732 calidissimas,
702 2707 730 2727 ut
755 2700 908 2734 referantur
925 2703 960 2728 ad

169 2732 355 2769 ardentissima
367 2743 375 2761 :
387 2735 415 2760 in
429 2743 480 2769 qua
497 2744 524 2761 re
543 2735 581 2761 vel
594 2735 710 2768 Spiritus
727 2732 823 2767 sancti,
841 2742 892 2763 elo.

172 2801 177 2805 _
205 2767 261 2799 (53)
288 2767 331 2805 Fel
345 2767 459 2805 quinque
476 2767 618 2796 sensuum.
636 2770 682 2796 Sic
710 2771 809 2796 habent
831 2779 915 2799 mss:
935 2772 960 2798 iu

172 2802 311 2835 impressis
324 2811 387 2830 vero
406 2804 470 2831 illud
483 2805 617 2832 omissum
631 2811 683 2835 est.
700 2809 726 2832 ct
747 2807 825 2837 paulo
845 2812 903 2836 post
923 2807 959 2833 lc—

1013 2667 1096 2702 gitur.
1120 2671 1146 2692 ut
1172 2665 1350 2692 rrmissionem
1377 2670 1542 2702 peccatorum
1564 2671 1612 2702 per
1632 2672 1693 2702 eum
1714 2666 1806 2702 datam

1012 2698 1152 2736 gigni/iret.
1171 2700 1417 2736 Quinquageuarins
1441 2700 1510 2724 enim
1526 2698 1652 2732 jubilmus
1666 2700 1693 2725 iu
1709 2700 1752 2727 his
1769 2704 1806 2727 est

1013 2736 1213 2771 quintuplicilcr
1226 2735 1336 2771 positus.

1051 2772 1106 2802 (Si)
1128 2771 1203 2801 Mss,
1217 2769 1309 2800 solius,
1327 2768 1387 2795 libri
1401 2767 1477 2799 editi,
1491 2768 1528 2794 ι·ιί
1543 2768 1649 2794 saluus.
