1892 3050
14 94 42 124 υδ
722 103 821 131 LIBER
840 102 976 130 PRIMUS.
1629 101 1662 130 ηε

14 159 64 178 rant
83 158 224 190 tuorum,
243 158 374 193 spiritalis
400 159 504 188 scilicet
529 161 706 198 intelligentia
721 168 747 190 ct
763 171 821 198 my—
837 164 858 192 Α
874 162 916 189 nis
929 161 988 196 ejus
998 166 1025 188 et
1036 160 1129 188 odoris
1144 160 1279 188 senserint
1291 160 1465 193 suavitatem,
1477 160 1523 188 ubi
1539 168 1662 196 unguen-

14 199 91 232 sliea,
108 209 205 236 super
234 205 324 231 omnia
351 211 473 232 aromata
502 207 613 234 moralis
640 207 824 242 naturalisque

14 246 224 281 philosophiae.
255 248 314 275 Non
344 254 434 276 autem
451 250 534 278 lateat
548 259 599 279 nos
615 253 686 287 quod
715 253 742 279 in
761 253 824 287 qui-

14 291 135 319 busdam
154 293 369 327 exemplaribus
384 301 434 328 pro
456 302 489 321 eo
503 295 576 329 quod
602 296 717 331 legimus
732 305 738 323 :
755 295 824 328 Quia

14 339 79 364 bona
95 343 168 365 sunt
199 339 284 366 ubera
310 345 357 366 tua
372 348 450 375 super
465 341 564 374 uinum,
589 341 743 369 invenimus
757 342 825 369 scri—

14 389 86 418 ptum
109 393 117 410 :
137 383 223 416 Quia
246 385 319 412 bona
350 391 412 412 sunt
426 386 536 421 loquela
551 392 604 414 tua:
626 395 703 418 super
714 387 824 420 vinum;

14 430 86 464 quod
104 431 253 465 quamvis
263 431 406 460 videamur
427 433 597 467 signiﬁcasse
619 433 771 461 evidentius
792 440 824 460 ea

14 475 70 510 ipsa
95 483 170 510 qua:
207 477 287 504 nobis
318 477 433 512 spiritali
458 477 681 512 interpretatione
707 478 824 505 disscrla

14 526 93 554 sunt,
111 525 218 550 tamen
242 530 292 550 nos
317 522 495 559 Septuaginta
519 523 699 558 lnterpretum
724 523 824 558 scripta

14 573 60 600 per
71 567 181 594 omnia
200 568 383 600 custodimus,
396 569 463 596 certi
476 568 550 604 quod
576 568 693 604 Spiritus
713 573 824 596 sanctus

14 612 229 647 mysteriorum
247 613 349 642 formas
365 614 488 642 obtectas
504 614 594 642 inesse
606 614 694 641 voluit
705 614 732 641 in
748 613 824 642 Scri-

14 658 106 693 pturis
120 659 248 693 divinis,
263 664 289 688 et
302 667 356 688 non
377 660 467 696 palam
483 665 565 696 atque
579 660 606 688 in
621 660 765 696 propatulo
776 660 825 689 ha-

15 704 85 731 beri.

50 749 134 778 Vers.
149 751 184 785 l,
199 751 228 785 3,
240 752 268 780 ι.
278 751 442 788 Unguentum
451 752 617 780 exinanitum
631 760 722 780 nomen
738 758 823 780 tuum.

15 796 174 830 Propterea
190 791 396 826 adolescentulis:
422 798 570 825 dilexerunt
586 803 620 831 te,
643 806 675 825 ac
687 802 824 825 traxerunt

875 211 965 234 torum
979 207 1039 242 ejus
1052 206 1227 242 fragrantiam
1252 206 1384 241 ceperint,
1408 206 1513 234 ratione
1529 206 1662 234 duntaxat

876 250 1011 278 adventus
1021 251 1093 285 ejus,
1110 255 1136 278 et
1150 251 1345 286 redemptionis
1359 259 1390 278 ac
1405 251 1541 286 passionis
1552 260 1660 284 causas,

874 295 1090 330 charitatemque
1103 297 1274 330 agnoverint,
1303 304 1356 331 qua
1373 304 1422 331 pro
1442 297 1528 324 salute
1539 297 1660 324 omnium

876 348 963 375 usque
976 341 1009 368 ad
1029 344 1143 368 mortem
1159 341 1250 368 crucis
1264 341 1427 368 immortalis
1440 342 1565 374 accessit,
1581 346 1608 369 et
1620 342 1662 369 his

874 386 1004 414 omnibus
1024 386 1098 414 velut
1125 386 1211 414 divini
1227 387 1369 422 cujusdam
1397 392 1424 414 et
1451 387 1596 416 ineﬂahilis
1611 396 1662 414 un-

856 437 860 441 '
875 433 968 467 guenti
981 432 1112 461 odoribus
1121 433 1240 460 invitabat
1252 433 1468 466 adolescentulte,
1477 434 1502 461 id
1513 439 1553 461 est
1565 434 1662 461 anima;

874 478 960 512 plenas
976 478 1078 514 vigoris
1096 482 1178 513 atque
1191 478 1339 506 alacritatis
1351 478 1462 511 eil'ectze,
1476 483 1590 507 currunt
1601 483 1662 513 post

875 522 975 558 ipsum,
994 528 1077 558 atque
1089 523 1122 551 ad
1142 523 1253 552 odorem
1269 523 1413 551 suavitatis
1438 524 1498 559 ejus
1511 532 1566 551 non
1587 525 1661 552 lento

875 568 973 603 gradu,
986 577 1038 596 nec
1061 569 1145 597 tardis
1161 568 1300 604 passibus,
1326 569 1497 604 sed~rapido
1523 577 1604 597 cursu
1634 574 1662 596 et

875 618 931 642 tota
948 615 1140 650 properatione
1157 615 1298 648 festinant,
1314 615 1545 650 quemadmodum
1568 621 1595 643 et
1617 616 1662 643 ille

875 659 923 693 qui
935 659 1043 687 dicebat
1066 661 1096 686 ":
1108 658 1154 686 Sic
1166 663 1282 688 currout.
1303 660 1543 695 comprehendam.
1558 659 1660 688 Verum

874 704 947 740 quod
976 704 1035 732 ait:
1067 703 1235 740 Unguentum
1259 705 1426 732 exinanitum
1451 713 1545 732 nomen
1573 710 1659 738 tuum,

874 754 1011 784 propterea
1040 750 1242 777 adolescentuli:
1261 750 1409 778 dilexerunt
1425 755 1460 783 te,
1479 755 1503 777 et
1524 755 1660 778 traxerunt

876 803 900 824 te
914 802 973 832 ροιι
999 805 1044 830 se;
1071 798 1098 824 in
1119 797 1226 825 odorem
1249 802 1441 833 unguentorum
1456 802 1561 824 tuorum
1577 806 1662 824 curre-

15 846 39 866 le
50 846 113 874 post
141 850 186 869 se.
206 841 242 868 In
259 842 364 868 odorem
395 847 587 877 unguentorum
613 830 717 867 tuorum
733 848 823 867 curre-
840 830 861 858 Β
876 830 1079 871 mdnTrabunt
1100 844 1133 871 ad
1159 849 1189 871 se
1210 830 1355 872 Christum
1384 843 1602 874 adolescentulzc,
1623 843 1661 870 si-

17 895 85 913 Ιιιιδ.
102 885 254 915 Historica
269 888 377 922 quidem
394 888 529 922 expositio
542 887 636 914 eadem
654 894 714 921 qua!
732 887 759 913 in
776 895 823 914 su-

17 931 194 965 perioribns,
227 933 361 968 percurrit
384 933 465 960 etiam
479 933 505 960 in
517 933 645 968 prmsenti
662 932 721 960 loco
735 933 823 959 donec

19 978 64 1004 list
77 978 179 1013 aliqua
212 979 329 1006 mutatio
356 987 546 1014 personarum,
568 979 604 1006 ita
630 978 731 1013 quippe
755 979 822 1006 ordo

16 1023 158 1051 dramatis
175 1024 225 1059 qui
241 1032 257 1052 a
284 1025 363 1052 nobis
378 1025 405 1052 in
432 1024 483 1052 hac
503 1024 675 1059 expositione
695 1029 821 1060 receptus

18 1074 70 1101 est,
88 1069 199 1104 poscit.
212 1069 305 1098 Potest
316 1077 382 1098 sane
397 1070 423 1097 in
446 1070 489 1097 his
510 1070 651 1105 prophetia
678 1069 734 1104 (55)
747 1077 822 1104 qua:-

20 1114 82 1141 dam
93 1114 191 1142 videri
208 1123 240 1142 ex
255 1122 371 1150 persona
389 1122 496 1150 sponsa!
524 1115 632 1150 prolata
651 1115 684 1143 de
699 1114 819 1147 Christo,

20 1160 93 1194 quod
104 1159 237 1188 futurum
252 1164 323 1189 esset
337 1160 365 1187 in
394 1161 513 1188 adventu
529 1160 636 1189 Domini
649 1164 676 1187 et
695 1159 821 1187 Salvato-

21 1205 58 1232 ris
70 1205 179 1239 nostri,
196 1210 228 1233 ut
243 1213 343 1233 nomen
360 1205 419 1241 ejus
429 1205 466 1233 ita
478 1213 527 1241 per
535 1205 629 1233 orbem
640 1210 719 1233 terrae
732 1210 759 1232 et
772 1213 820 1241 per

21 1250 188 1279 universum
215 1251 348 1279 mundum
376 1251 582 1283 diﬂ‘underetur,
602 1255 632 1278 ut
651 1251 728 1279 ﬁeret
751 1251 820 1279 odor

21 1296 170 1324 suavitatis
186 1297 213 1324 in
241 1297 315 1324 omni
342 1297 414 1330 loco,
429 1297 502 1326 sicut
523 1300 550 1324 et
563 1297 713 1333 Apostolus
728 1297 818 1327 dixit:

22 1341 92 1374 Quia
111 1341 221 1369 Christi
238 1342 320 1370 bonus
332 1343 398 1371 odor
412 1351 504 1371 sumus
516 1343 544 1370 in
568 1343 641 1370 omni
659 1343 736 1374 loco;
756 1343 817 1372 aliis

22 1388 126 1421 quidem
144 1388 216 1415 odor
232 1396 267 1415 ta:
277 1393 361 1416 morte
372 1389 407 1416 in-
419 1393 538 1423 mortem,
566 1389 628 1416 aliis
649 1393 738 1416 autent
752 1389 819 1417 odor

24 1433 54 1459 de
67 1435 122 1461 vita
143 1435 173 1461 in
188 1435 271 1461 vitam
289 1435 321 1461 ³⁸.
349 1435 377 1462 Si
400 1435 473 1462 enim
490 1435 619 1463 omnibus
635 1434 732 1463 fuisset
749 1435 818 1463 odor

23 1478 54 1524 de
66 1480 121 1507 vita
136 1480 166 1507 in
184 1480 279 1513 vitam,
295 1480 406 1513 dixisset
422 1481 514 1515 utique
528 1485 555 1508 et
578 1481 639 1508 hic:
657 1479 759 1508 Omnes
775 1480 816 1508 di-
829 1494 850 1524 ο

25 1520 147 1553 ῑοῑετυιιι
161 1530 190 1553 te
208 1532 237 1554 et
251 1531 393 1554 traxerunt
419 1531 455 1555 te.
470 1526 523 1555 Sed
542 1535 616 1554 nunc
633 1526 682 1558 ait,
698 1527 744 1555 ubi
763 1535 814 1555 no-

26 1576 82 1596 men
101 1576 185 1601 tuum
198 1577 241 1600 est
254 1572 355 1599 factum
373 1576 539 1608 unguentum
553 1573 735 1605 exinanitum,
748 1571 816 1599 dile-

27 1622 120 1646 xerunt
137 1623 175 1650 te,
191 1612 247 1646 non
259 1618 311 1645 illa:
326 1618 430 1651 vetulae,
447 1625 479 1645 ac
492 1623 609 1646 veterem
623 1618 761 1646 hominem
775 1618 817 1645 in—

28 1663 94 1691 data:
106 1664 221 1695 animae.
247 1671 336 1699 neque
350 1671 432 1699 rugas
458 1664 600 1696 habentes,
617 1672 706 1699 neque
722 1672 817 1691 macu-

28 1709 73 1742 las,
85 1711 134 1738 sed
152 1711 368 1739 adolescentulus
394 1711 422 1738 in
450 1716 597 1746 augmento
611 1711 714 1739 scilicet
728 1710 816 1738 aetatis

30 1760 52 1782 et
69 1756 286 1790 pulchritudinis
301 1757 398 1791 posita:
412 1757 519 1790 animae,
539 1765 600 1792 quae
611 1765 717 1792 semper
735 1757 815 1784 inno-

29 1806 133 1835 vantnr,
148 1805 177 1829 et
203 1802 237 1829 de
250 1802 294 1829 die
309 1801 337 1829 in
359 1802 430 1830 diem
456 1807 633 1836 renovantur,
658 1811 758 1830 novum
785 1810 815 1830 se

30 1845 162 1874 hominem
185 1847 330 1875 induentes
344 1847 390 1883 qui
415 1849 563 1876 secundum
594 1848 678 1876 Deum
706 1852 815 1876 creatus

30 1896 76 1918 est.
96 1893 214 1927 Propter
238 1893 306 1921 istas
330 1901 396 1929 ergo
416 1894 633 1923 adolescentulos
661 1899 688 1922 et
713 1895 740 1922 in
767 1903 816 1922 au-

31 1937 142 1969 gmentis
158 1937 222 1964 vita,
246 1937 413 1972 profectibus
430 1940 543 1974 positas,
560 1939 711 1967 exinanivit
729 1947 757 1966 se
769 1939 814 1968 ille

30 1981 144 2014 quierat
159 1982 186 2009 in
205 1982 292 2010 ἴοι-ηις)
310 1983 368 2015 Dei,
383 1988 413 2010 ut
436 1984 510 2011 iieret
530 1988 697 2019 unguentum
725 1985 816 2011 exina-

31 2027 108 2055 nitum
128 2036 228 2055 nomen
243 2027 318 2063 ejus;
333 2032 362 2055 ut
389 2037 441 2056 non
455 2029 511 2065 jam
530 2029 698 2056 inaccessam
725 2029 813 2057 lucem

31 2075 215 2102 tantummodo
229 2074 364 2102 habitaret
381 2079 405 2102 et
419 2075 446 2102 in
469 2075 556 2103 forma
572 2075 617 2102 Dci
633 2081 812 2110 permaneret,

31 2121 69 2146 sed
80 2119 201 2148 Verbum
217 2128 282 2148 caro
298 2121 384 2152 ﬁeret,
397 2129 450 2156 quo
465 2125 577 2155 possent
592 2121 651 2148 ista:
660 2121 815 2149 adolescen-

874 889 983 923 quidcm
1004 888 1038 915 de
1051 887 1182 916 Ecclesiis
1210 888 1386 924 imelligatur,
1400 896 1461 923 qum
1482 896 1534 915 una
1551 889 1659 923 quidem

872 938 913 962 est
929 941 991 962 cum
1015 934 1134 970 perfecta
1159 939 1210 962 est.
1235 933 1326 961 Mulae
1344 942 1408 961 vero
1427 939 1491 962 sunt
1503 934 1661 961 adolescen-

872 979 946 1012 tulae,
970 987 1033 1006 cum
1059 980 1149 1007 adhuc
1177 980 1351 1008 instruuntur
1374 985 1402 1008 et
1429 981 1586 1015 proﬁciunt.
1601 980 1661 1008 lstze

871 1032 937 1061 ergo
950 1025 1062 1052 trahunt
1076 1026 1109 1052 ad
1126 1033 1155 1054 se
1172 1025 1313 1053 Christum
1328 1034 1376 1062 per
1396 1027 1487 1060 Iidem,
1503 1027 1566 1062 quia
1584 1027 1660 1054 Chri-

871 1074 942 1101 stus,
958 1068 1005 1097 ubi
1019 1069 1118 1097 viderit
1139 1075 1317 1106 congregatos
1333 1071 1402 1099 duos
1420 1071 1460 1098 vel
1478 1076 1533 1098 tres
1554 1071 1582 1098 in
1609 1071 1661 1098 ﬁdo

872 1114 992 1142 nominis
1005 1114 1058 1148 sui,
1071 1115 1147 1142 vadit
1162 1115 1237 1147 illuc,
1249 1121 1276 1142 et
1293 1115 1373 1143 estin
1385 1116 1474 1143 medio
1488 1124 1595 1149 eorum,
1608 1117 1661 1144 ﬁdo

870 1168 966 1188 eorum
981 1164 1085 1187 tractus
1104 1165 1131 1188 et
1158 1161 1340 1188 unanimitate
1358 1166 1532 1196 provocatus.
1550 1162 1578 1189 Si
1593 1171 1658 1189 vero

870 1207 951 1233 tertia
975 1205 1029 1242 42
1051 1206 1222 1241 expositione
1236 1206 1269 1234 de
1291 1206 1382 1234 anima
1399 1206 1519 1235 Verbum
1544 1207 1592 1236 Dei
1615 1217 1659 1236 sc-

870 1255 970 1286 quente
986 1251 1100 1286 intelligi
1113 1251 1172 1279 haec
1182 1255 1298 1286 oportet,
1313 1260 1482 1288 quacunque
1498 1253 1589 1280 anima
1602 1253 1660 1280 tum

871 1296 908 1324 rit
918 1297 1025 1324 erudita
1041 1297 1132 1332 primo
1147 1297 1174 1324 in
1199 1297 1359 1329 moralibus,
1383 1298 1504 1325 secundo
1520 1297 1602 1325 etiam
1630 1299 1658 1326 in

868 1336 1041 1372 naturalibus
1060 1343 1219 1377 exercitata,
1242 1352 1290 1380 per
1313 1344 1359 1372 illa
1376 1345 1468 1372 omnia
1481 1353 1542 1380 quae
1559 1346 1586 1372 in
1615 1346 1657 1374 his

868 1389 1018 1425 disciplinis
1035 1390 1143 1418 edoceri
1158 1398 1239 1425 supra
1264 1391 1446 1424 ostendimus,
1461 1391 1521 1426 ipsa
1548 1399 1655 1419 morum

868 1435 1032 1468 emendatio,
1044 1439 1071 1462 et
1083 1434 1201 1462 eruditio
1215 1442 1318 1464 rerum.
1332 1442 1364 1462 ac
1376 1435 1497 1470 probitas
1508 1434 1659 1470 disciplina:

875 1479 961 1507 trahit
974 1480 1007 1507 ad
1023 1487 1052 1507 se
1069 1478 1185 1506 Verbum
1201 1478 1259 1512 Dei,
1273 1483 1300 1506 et
1310 1478 1397 1505 libens
1413 1478 1546 1511 trahitur;
1559 1479 1658 1509 cratis-

868 1525 939 1553 sime
954 1526 1027 1553 enim
1041 1525 1074 1553 ad
1090 1525 1214 1553 eruditas
1240 1524 1346 1552 animas
1360 1524 1445 1557 venit,
1458 1529 1483 1550 et
1498 1523 1568 1550 trahi
1582 1531 1611 1550 se
1623 1523 1658 1550 ah

867 1573 911 1600 his
934 1571 1104 1608 indulgenter
1134 1570 1242 1606 accipit,
1258 1570 1428 1606 benigneque
1451 1569 1585 1598 concedit.
1603 1569 1657 1595 Rc-

867 1617 946 1652 quiro
957 1624 1035 1650 sane,
1049 1616 1072 1645 si
1089 1616 1178 1645 solum
1192 1623 1290 1643 nomen
1314 1615 1385 1650 ejus,
1407 1614 1470 1650 quia
1487 1619 1655 1650 unguentum

867 1661 970 1690 factum
995 1666 1038 1689 est
1048 1661 1230 1695 exinanitum,
1245 1665 1350 1688 tantum
1365 1661 1455 1697 operis
1468 1661 1565 1697 egerit,
1579 1665 1606 1688 et
1620 1660 1657 1688 ita

866 1708 1007 1736 suscitarlt
1029 1707 1258 1739 adolescentulas,
1283 1711 1312 1734 nt
1328 1707 1418 1743 primo
1439 1707 1579 1734 traherent
1591 1714 1656 1734 eum

867 1754 899 1781 ad
915 1761 956 1786 se,
968 1759 996 1782 et
1007 1754 1139 1782 habentes
1160 1762 1224 1782 eum
1242 1754 1314 1790 apud
1338 1762 1378 1785 se,
1394 1757 1523 1788 caperent
1537 1761 1657 1788 unguen-

866 1805 956 1829 torum
974 1801 1034 1836 ejus
1048 1801 1170 1835 odorem,
1187 1807 1215 1830 et
1231 1801 1326 1829 statim
1345 1804 1487 1828 currerent
1501 1803 1562 1834 post
1572 1806 1654 1832 eum;

866 1847 889 1874 si
907 1847 975 1879 hate,
990 1847 1115 1883 inquam,
1141 1847 1233 1874 omnia
1258 1847 1318 1874 solo
1345 1845 1454 1873 nomine
1477 1845 1536 1881 ejus
1559 1845 1654 1873 enecta

866 1896 941 1925 sunt,
958 1892 1023 1927 quid
1036 1897 1117 1927 putas
1132 1892 1213 1921 faciet
1227 1893 1285 1928 ipsa
1313 1892 1373 1927 ejus
1390 1891 1561 1919 substantia?
1582 1891 1654 1923 Quid

865 1945 899 1965 ex
915 1938 961 1965 illa
977 1938 1186 1966 adolescentula:
1208 1939 1267 1967 ista:
1280 1938 1400 1970 virtutis,
1416 1937 1481 1972 quid
1497 1937 1598 1972 vigoris
1612 1946 1655 1964 ac-

866 1984 978 2019 cipient,
991 1984 1012 2012 si
1026 1992 1081 2019 quo
1092 1989 1171 2019 pacto
1192 1985 1332 2020 potuerint
1347 1983 1495 2018 aliquando
1509 1983 1541 2010 ad
1565 1984 1653 2017 ipsam

865 2030 926 2066 ejus
941 2030 1243 2066 incomprehensibilem
1255 2035 1337 2064 atque
1351 2029 1512 2057 ineffabilem
1530 2028 1654 2056 substan-

865 2077 930 2104 tiam
946 2076 1171 2112 pervenire‘IEgo
1187 2081 1254 2113 puto
1268 2077 1341 2112 quod
1357 2076 1379 2104 si
1395 2076 1428 2103 ad
1444 2075 1495 2103 hoc
1507 2075 1653 2110 aliquando

866 2123 1113 2158 pervenerint,jam
1126 2131 1181 2151 non
1196 2123 1337 2150 ambulent
1359 2130 1447 2158 neque
1467 2126 1590 2153 currant,
1604 2121 1651 2148 sed

32 2166 94 2198 tutas,
115 2171 142 2193 et
153 2166 181 2193 in
213 2166 368 2201 augmentis
391 2166 561 2201 profcctuum
592 2167 687 2202 posita:
703 2168 811 2199 animae,
829 2163 852 2192 Ι)
866 2169 981 2196 vinculis
998 2169 1161 2204 quibusdam
1190 2169 1333 2197 charitatis
1349 2169 1409 2203 ejus
1425 2169 1546 2196 astricta:
1565 2168 1653 2195 adhic.

32 2217 77 2238 non
91 2212 182 2239 solum
199 2211 323 2247 diligere,
337 2211 383 2239 sed
396 2217 422 2239 et
434 2213 541 2240 trahere
554 2220 616 2240 eum
631 2213 664 2240 ad
682 2221 721 2240 se.
744 2213 811 2241 Tra-

33 2255 64 2282 hit
78 2258 151 2284 enim
168 2265 340 2292 unaquaeque
367 2258 456 2284 anima
482 2263 509 2285 et
525 2258 640 2285 assumit
656 2259 688 2285 ad
705 2266 734 2286 se
748 2258 813 2286 Ver-

32 2299 86 2328 bum
103 2301 150 2328 Dei
164 2310 215 2336 pro
229 2302 386 2336 capacitatis
399 2308 426 2329 et
438 2302 497 2330 tidei
515 2311 572 2330 sum
583 2311 722 2331 mensura.
740 2304 809 2331 Cum

32 2351 112 2373 autem
128 2348 260 2374 traxerint
270 2347 303 2374 ad
322 2354 351 2374 se
364 2347 460 2374 animm
478 2347 597 2375 Verbum
614 2348 672 2381 Dei,
686 2354 712 2376 et
727 2350 811 2377 sensi-

33 2389 74 2418 bus
84 2391 142 2418 suis
158 2396 241 2427 atque
254 2391 436 2420 intellectihus
448 2393 631 2426 ,inseruerint,
648 2399 674 2421 et
689 2395 810 2422 dulcedi-

864 2218 943 2242 reant
957 2215 993 2248 ei,
1006 2223 1040 2243 ne
1066 2215 1137 2243 ultra
1163 2215 1322 2242 mobilitatis
1348 2213 1464 2247 alicujus
1487 2214 1558 2241 ullus
1571 2214 1597 2240 in
1611 2214 1652 2240 eis

862 2260 979 2287 resideat
992 2261 1080 2293 locus,
1105 2260 1152 2288 sed
1178 2261 1234 2288 sint
1263 2268 1324 2288 cum
1350 2268 1382 2288 eo
1405 2268 1475 2287 unus
1490 2260 1612 2295 spiritus,
1625 2264 1652 2286 rt

862 2306 1033 2340 compleatur
1048 2306 1074 2333 in
1097 2306 1137 2334 eis
1152 2306 1218 2333 illud
1241 2307 1313 2341 quod
1339 2307 1469 2341 scriptum
1497 2311 1556 2334 est:
1575 2306 1650 2334 Sicut

864 2356 893 2378 tu
909 2351 991 2379 Pater
1002 2352 1029 2379 in
1040 2361 1090 2385 me,
1104 2358 1128 2380 et
1149 2361 1195 2388 ego
1216 2354 1244 2380 in
1258 2358 1282 2380 te
1297 2361 1378 2380 unum
1392 2362 1493 2386 sumus,
1515 2354 1554 2380 ita
1568 2359 1591 2380 et
1605 2355 1650 2381 isti

864 2397 891 2424 in
906 2398 980 2425 nobis
995 2406 1076 2425 unum
1103 2399 1156 2426 sint
1169 2399 1203 2427 ¹⁰.
1224 2399 1277 2426 Sed
1298 2407 1372 2427 nunc
1394 2399 1513 2433 interim,
1531 2404 1559 2427 ut
1579 2401 1651 2427 vide-

62 2451 79 2466 "
92 2451 112 2477 ll
128 2451 192 2478 Cor.
207 2459 236 2485 ιι,
250 2440 293 2484 ίὲ,
308 2451 352 2479 16.
392 2452 431 2480 ¹⁹1
445 2452 509 2481 Cor.
528 2461 566 2486 Ix,
580 2454 625 2481 24.
664 2455 686 2470 ¹⁰
696 2454 775 2482 Joan.
789 2464 811 2483 χ·

873 2456 917 2485 21.

60 2508 112 2542 (55)
133 2509 198 2536 Mss.
213 2514 295 2543 potest
308 2517 373 2536 sane
388 2509 415 2536 in
429 2510 469 2536 his
484 2511 630 2545 prophetia.
644 2510 721 2538 Libb.
733 2512 811 2545 edit.,

33 2549 129 2581 possunt
150 2553 222 2581 δαηε
232 2545 257 2581 in
277 2544 536 2581 prophetiaaGratea
555 2545 625 2580 apud
648 2544 810 2581 Procopium

34 2577 83 2617 lt.cc_
97 2584 160 2617 sunt
177 2588 187 2617 :_
202 2578 279 2617 Τάχα
294 2577 461 2617 τροφῃτειξει
477 2580 523 2606 τοῦ
540 2577 670 2617 arduam;
681 2581 728 2607 τοῦ
737 2577 810 2617 ’Χρι-

35 2613 148 2651 avsi-rip;
164 2614 209 2639 τὺν
227 2613 332 2651 κόσμοί
349 2613 530 2651 πληρώσςαᾳαν
546 2613 658 2650 δύύαμιν
675 2616 745 2643 κατὰ
761 2613 810 2651 ’ἑὴν

34 2647 114 2684 ανξτοῦγ
127 2647 291 2684 παρουσίανμ
315 2648 385 2675 ὥστε
397 2647 527 2684 ’ίίενέσοαι
546 2647 619 2676 κατᾶ
629 2651 673 2677 τὸν
687 2647 807 2684 Παῦλωὶ·

35 2680 137 2718 ρῖςμὲν
151 2680 252 2718 ὀὸ-μὴν
262 2683 298 2710 ἐκ
316 2680 445 2711 aanisz
455 2686 498 2716 εὶς
509 2684 649 2716 θάνατον,
666 2683 711 2717 οἷς
724 2686 758 2712 δὲ
773 2686 809 2713 ἐκ

34 2715 94 2755 ζωῆς
112 2719 154 2750 εἰς
169 2715 255 2755 (anim.
278 2719 310 2755 E}
329 2718 384 2755 γὰρ
397 2720 479 2745 πᾶσιν
489 2715 526 2754 γῆν
539 2721 578 2751 εἰς
590 2715 672 2755 ζωήν,
688 2715 763 2748 εἶπεν
775 2721 808 2747 ἃν

34 2752 144 2790 ἠλνύμφη
155 2762 162 2768 ·
182 2753 232 2790 Διᾲ
256 2753 338 2790 τοῦτο
350 2752 449 2786 πάντες
467 2752 613 2790 ἡγᾶπησάν
634 2752 677 2781 άε⁸
707 2755 764 2782 ἀλλ’
778 2755 808 2781 οὐ

37 2788 101 2818 μόνην
124 2789 152 2815 αὶ
175 2788 315 2820 νεάνιδες
339 2790 366 2815 αἱ
385 2790 519 2830 ὁσημέραι
539 2788 732 2817 ἀλλανεούυιεναι
763 2791 809 2818 καὶ

865 2514 902 2550 μὴ
917 2513 1025 2555 Excutiat
1037 2516 1130 2551 ῥυτίδα
1141 2517 1158 2552 ἢ
1170 2517 1273 2555 σπξλονῖ
1286 2516 1364 2555 Forte
1381 2517 1541 2555 vaticinatur
1550 2515 1649 2543 Chriin

862 2551 984 2587 nominis
994 2551 1128 2583 uirtutem,
1143 2560 1194 2587 qua
1206 2552 1232 2579 in
1246 2552 1302 2587 ejus
1318 2552 1431 2587 adventu
1448 2551 1553 2587 repleuit
1572 2559 1648 2577 mun-

861 2583 935 2616 dum,
950 2585 1014 2612 adeo
1029 2591 1057 2612 ut
1072 2591 1134 2613 teste
1147 2583 1233 2614 Paulo
1245 2583 1316 2620 ﬁeret
1329 2595 1337 2613 :
1355 2596 1364 2612 ι
1381 2586 1448 2613 Aliis
1464 2586 1568 2620 quidem
1582 2586 1648 2612 odor

860 2626 892 2645 ex
917 2625 1000 2647 morte
1026 2621 1053 2647 in
1077 2627 1196 2651 mortem.
1223 2622 1284 2648 alii:
1311 2630 1370 2648 vero
1386 2629 1418 2647 ea:
1443 2622 1496 2647 vita
1516 2621 1543 2646 in
1567 2622 1646 2647 vitam

862 2653 892 2690 (_ll
906 2654 970 2690 Cor.
992 2663 1022 2686 ll,
1042 2656 1125 2690 15).)
1144 2656 1173 2683 Si
1195 2658 1264 2684 enim
1287 2658 1389 2683 cunctis
1413 2657 1441 2683 in
1466 2657 1545 2682 vitam
1567 2662 1644 2688 esset,

859 2688 969 2716 dixisset
985 2688 1090 2724 sponsa,
1102 2689 1243 2725 Propterea
1259 2700 1347 2718 mune:
1361 2691 1509 2718 dilexerunt
1535 2695 1576 2723 te;
1592 2699 1644 2718 nan

858 2731 916 2750 vero
937 2724 1023 2751 solum
1047 2735 1058 2750 ι
1070 2726 1287 2758 adolescentular;
1305 2736 1313 2750 ι
1332 2734 1390 2760 qua;
1408 2727 1508 2753 scilicet
1529 2726 1644 2761 quotidie

858 2764 1025 2793 renovantur,
1040 2765 1064 2787 ct
1078 2769 1128 2788 non
1144 2761 1237 2788 habent
1253 2761 1384 2788 maculam
1397 2766 1442 2788 aut
1458 2770 1558 2797 rugam.
