1892 3050
387 94 425 102 Α-

245 128 280 156 95

751 104 756 109 ι
772 127 931 156 ORIGENIS
949 125 981 152 ΙΝ
1002 124 1180 152 (ΖᾹΧΎΜΣΕΜ
1200 124 1336 152 (ΣᾹΧΤΙΟ.

1843 123 1876 150 96

245 192 301 219 tur,
316 195 414 222 sponsa
437 188 602 216 consociatis
617 189 667 215 sibi
696 187 904 215 adolescentulis
928 186 1029 215 multis,
1049 189 1066 215 Α
1087 184 1173 211 Verbo
1190 184 1235 212 Dei
1254 185 1276 212 is
1288 184 1334 219 qui
1357 183 1389 210 ad
1411 190 1545 210 summam
1563 180 1740 216 perfectionis
1759 188 1794 206 ac
1815 180 1876 207 bea-

245 238 379 268 qu.tntttm
400 233 795 270 inposterioribusnullusesse
815 241 945 259 Illllm‘rlls
965 232 1032 258 (Ιίσὶ-

218 284 228 288 “
247 283 301 309 tur,
317 279 351 305 ab
369 287 423 306 uno
435 279 494 306 solo
509 288 600 312 sensu,
621 281 646 307 td
659 285 700 307 est
713 281 826 306 odoratu
844 277 1031 305 tantununodo

246 329 325 357 c:q-ta
350 332 461 352 currere
486 333 514 352 se
539 325 566 351 in
587 325 696 352 odoretn
717 329 916 359 unguentorum
939 323 1030 357 sponsi

245 375 456 403 commemorat;
474 370 531 397 sive
547 370 617 404 quod
634 370 691 404 ipsa
712 378 793 397 cursu
809 369 928 403 indigeat
942 369 1032 395 adhuc

244 419 271 441 ct
296 415 436 449 profectu,
462 416 518 442 sive
542 415 614 450 quod
639 415 696 449 ipsa
712 415 820 449 quidem
835 414 954 450 perfecta
978 414 1029 448 sit,

245 467 293 493 pro
312 460 353 487 his
374 466 464 488 autetn
488 461 695 488 adolescentulis
710 469 771 495 quas
795 461 885 488 adhuc
905 469 986 487 cursu
1004 466 1030 488 et

245 505 413 538 profectibus
427 506 557 541 indigettt,
575 507 657 533 etiam
675 507 733 541 ipsa
750 514 778 534 se
792 514 903 534 currere
919 506 1029 539 fatetur;

245 551 316 578 sicut
329 556 354 578 et
372 552 415 579 ille
427 553 472 587 qui
491 560 551 579 eum
570 552 626 587 ipse
644 553 695 580 sub
709 553 767 588 lege
783 561 835 580 tton
850 558 932 586 esset,
946 553 974 579 fit
989 557 1029 579 ta-

244 604 304 623 tttett
322 596 373 623 sul)
386 597 451 632 lege,
470 601 499 624 ιιι
514 605 561 624 eos
575 598 620 632 qui
639 598 690 625 sub
708 599 766 634 lege
781 602 844 625 sunt
861 597 1028 632 lucrifaciat;

242 646 268 667 et
286 641 382 668 iterum
399 650 460 669 cum
491 644 516 669 itt
542 644 600 677 lege
617 644 652 670 sit
669 643 768 670 Christi
780 664 787 676 ,
813 644 854 671 his
871 648 959 671 tanten
983 645 1029 678 qui

241 689 300 715 sine
317 689 374 724 lege
389 694 453 716 suttt
475 690 504 716 lit
522 695 549 717 et
562 691 619 725 ipse
635 691 694 718 sine
711 691 784 726 lege,
806 696 836 718 ut
849 698 895 718 eos
911 691 956 725 qui
972 691 1031 717 sine

239 733 297 768 lege
316 739 380 761 sunt
395 734 492 762 salvet.
514 735 545 763 Et
559 737 611 763 hoc
627 737 666 766 fit,
682 740 712 763 ut
725 736 855 767 diximus,
870 736 927 763 solo
941 735 1030 763 adhuc

241 778 357 805 odoratu
376 779 436 813 ejus
451 783 574 814 accepto.
588 780 657 812 Quid
675 785 753 814 putas
770 784 849 815 agent
863 788 924 807 cum
940 785 966 807 et
980 788 1028 807 au-

240 823 326 849 ditunt
343 832 436 850 earuttt
455 829 482 851 et
495 826 583 852 visum
600 831 625 852 et
649 830 760 858 tactum,
773 831 935 861 gnstumquc
948 834 1029 853 occu-

242 870 346 904 paverit
365 870 483 897 Verbum
499 870 556 903 Dei,
569 876 595 898 ct
608 872 722 907 singulis
733 873 885 907 quibusque
902 873 1028 900 settsibus

241 916 356 942 virtutes
373 924 404 942 ex
421 924 450 943 se
464 922 648 951 competentes
667 923 770 945 natura:
784 925 877 944 carum
893 918 1028 952 capacita—

243 961 317 994 tique
340 961 504 995 praebuerit?
521 962 557 988 ita
576 967 605 988 ut
628 963 724 990 ocultts
747 963 768 989 si
795 963 884 989 videre
910 963 1027 997 potuerit

241 1007 355 1041 gloriam
379 1007 439 1042 ejus
454 1027 460 1039 ,
479 1007 591 1043 gloriam
610 1013 738 1043 tanquam
757 1008 892 1044 Unigeniti
908 1016 922 1035 a
938 1008 1026 1041 Patre,

241 1052 313 1079 alittd
335 1053 404 1079 ultra
420 1053 475 1087 jam
492 1052 583 1080 videre
605 1054 687 1087 nolit,
715 1062 801 1088 neque
827 1054 935 1081 auditus
953 1053 1027 1080 aliud

239 1106 322 1132 quatit
344 1097 459 1125 Verbum
478 1098 539 1125 vitae
561 1103 587 1126 et
610 1100 706 1127 salutis
721 1100 823 1127 audire.
839 1100 891 1127 Sed
906 1104 932 1127 et
948 1101 1027 1134 Cujus

241 1151 339 1170 manus
358 1143 505 1178 palpaverit
518 1144 550 1171 de
567 1144 655 1172 Verbo
672 1146 750 1177 vita},
769 1146 835 1172 nihil
853 1147 922 1172 ultra
940 1151 1026 1173 ntale-

240 1189 315 1221 riztlc,
331 1189 396 1216 nihil
411 1189 506 1224 fragile
521 1190 711 1226 cadueutnquc
724 1192 853 1226 palpabil,
870 1200 918 1218 nec
929 1197 1026 1227 gustus

239 1243 300 1260 cum
328 1235 479 1269 gustaverit
505 1236 605 1263 bonunt
629 1236 748 1264 Verbum
775 1236 837 1268 Dei,
861 1245 1026 1272 carnemque

236 1281 295 1312 ejus
322 1285 347 1307 et
365 1289 461 1314 panem
479 1282 525 1315 qui
545 1282 577 1308 de
597 1281 666 1308 coelo
692 1282 846 1314 descendit,
873 1283 944 1310 aliud
962 1283 1026 1317 quid

238 1335 254 1360 p
266 1331 298 1353 )Sl
316 1326 373 1353 hinc
387 1332 496 1361 gustare
521 1327 648 1360 patietur.
672 1327 731 1354 Prat
749 1327 891 1355 dulcedine
910 1336 1027 1363 namque

239 1371 325 1405 ipsius
337 1391 343 1403 ,
361 1377 387 1398 ct
403 1372 536 1398 suavitate
556 1373 645 1400 ontttis
663 1373 785 1408 reliquus
807 1374 831 1401 ei
849 1382 931 1409 sapor
947 1382 1027 1409 asper

239 1417 373 1444 videbitur
397 1423 423 1444 et
450 1426 578 1451 amarus,
604 1422 631 1445 et
656 1419 716 1446 ideo
740 1419 792 1446 ltoc
812 1420 870 1446 solo
891 1426 1024 1447 vescctur.

237 1463 351 1489 Omnem
377 1471 494 1498 namque
525 1464 686 1491 suavitatem
703 1472 894 1499 quamcunque
912 1466 1027 1500 cupierit

1046 854 1066 881 Β

1085 230 1210 256 tiludittis
1223 229 1337 256 venerit.
1356 227 1433 255 Unde
1445 232 1471 255 et
1487 228 1512 254 in
1531 227 1573 254 his
1586 226 1668 261 positi
1681 226 1762 258 locis,
1780 225 1878 259 depre-

1082 283 1178 302 camur
1200 275 1337 302 auditores
1365 274 1482 306 horum,
1508 278 1535 299 ut
1562 272 1726 298 mortificth
1748 263 1883 298 carnales

1083 329 1191 354 sensus,
1206 329 1238 348 tte
1252 321 1316 355 quid
1332 329 1364 348 ex
1379 320 1412 347 iis
1427 327 1487 354 qua:
1498 319 1625 346 dicuntur
1640 317 1798 345 secunduut
1814 324 1877 343 cor-

1082 367 1156 402 poris
1169 371 1261 393 motus
1274 365 1420 401 excipiant,
1433 365 1480 392 sed
1494 365 1555 391 illos
1571 364 1721 390 diviniores
1731 363 1876 389 interioris

1082 413 1202 439 hontittis
1218 413 1251 439 ad
1276 413 1333 440 haec
1349 412 1479 446 capicttda
1497 417 1594 437 sensus
1612 409 1780 441 exhibeant;
1806 408 1874 434 sicut

1083 459 1212 486 Salomon
1230 460 1325 487 edocet
1348 467 1396 486 nos
1407 480 1413 492 ,
1429 459 1522 486 dicetts
1537 466 1543 484 :
1562 456 1673 484 Sensum
1696 461 1791 483 autem
1808 456 1873 482 diri-

1082 512 1143 530 mim
1164 504 1316 531 invenies“.
1334 503 1365 530 Et
1385 508 1414 530 ut
1437 503 1537 530 Paulus
1559 509 1668 537 quoque
1691 502 1726 528 ad
1743 500 1875 527 chratos

1081 550 1175 577 scribit
1187 550 1209 565 ’³
1223 550 1255 576 de
1272 549 1414 584 perfectis,
1430 553 1458 576 ιιι
1477 556 1558 583 supra
1574 547 1812 577 memoravimus,
1831 546 1873 580 qui

1080 596 1243 624 exercitatos
1258 596 1360 622 habent
1376 603 1472 622 sensus
1488 595 1520 622 ad
1540 593 1735 622 discretionem
1753 591 1826 618 boni
1839 592 1874 617 vel

1080 644 1163 677 ntali;
1182 642 1328 670 ostendetts
1351 649 1411 668 esse
1425 641 1452 667 in
1471 641 1580 667 homine
1595 644 1694 674 praeter
1708 639 1760 664 hos
1777 644 1874 670 corpo-

1081 697 1142 716 reus
1157 696 1264 720 sensus,
1292 687 1412 722 quinque
1425 686 1494 713 alios
1508 685 1686 712 nihilominus
1702 683 1750 718 qui
1765 682 1874 709 exerci-

1080 734 1118 761 tio
1142 737 1313 768 qttmruntur,
1329 737 1356 759 et
1369 731 1508 759 exercitati
1525 731 1662 762 dicuntur,
1680 737 1743 756 cum
1766 728 1873 755 scilicet

1080 779 1283 814 intelligentiam
1307 785 1397 804 rerum
1422 777 1549 804 acumine
1574 777 1680 802 acriore
1705 774 1872 801 discutiunt.

1080 823 1138 850 Non
1161 824 1233 851 enittt
1261 823 1445 858 perfunctorie
1461 827 1488 849 et
1510 826 1539 848 ut
1563 822 1628 848 libet
1644 820 1817 848 audiendum
1835 826 1872 846 est

1080 870 1152 904 quod
1172 869 1318 904 Apostolus
1333 869 1366 895 de
1383 868 1508 903 pexfectis
1523 868 1606 898 dicit,
1625 867 1689 901 quia
1703 865 1872 893 exercitatos

1079 915 1180 942 habent
1193 923 1289 942 sensus
1303 915 1336 941 ad
1352 915 1543 942 discretionem
1560 913 1622 940 boni
1639 913 1680 939 vel
1694 912 1772 939 ntali.

1114 960 1191 994 Quod
1209 966 1238 988 ut
1253 961 1354 987 clarius
1368 960 1523 990 eluccscat,
1539 966 1692 990 sumamus,
1711 958 1733 985 si
1751 957 1871 988 videtur,

1077 1006 1230 1040 exemplum
1245 1005 1278 1033 ab
1293 1005 1335 1033 his
1353 1005 1541 1039 corporalibus
1554 1004 1694 1036 sensibus,
1711 1007 1739 1030 et
1762 1003 1802 1029 ita
1824 1003 1869 1029 de-

1078 1059 1153 1078 tttunt
1174 1051 1265 1079 statim
1292 1051 1325 1078 ad
1344 1051 1405 1078 illos
1418 1051 1524 1078 divinos
1538 1057 1607 1084 quos
1623 1048 1766 1083 Scriptura
1782 1050 1871 1075 nomi-

1078 1099 1125 1122 nat
1152 1103 1249 1122 sensus
1272 1095 1411 1122 intcrioris
1425 1094 1545 1121 hominis
1560 1094 1712 1121 veniemus.
1743 1094 1771 1120 Si
1798 1094 1869 1119 enim

1077 1147 1226 1174 corporeus
1237 1140 1333 1167 oculus
1344 1139 1502 1166 exercitium
1515 1139 1588 1165 visus
1601 1138 1715 1170 habeat,
1724 1138 1805 1165 ttullo
1820 1138 1866 1164 im~

1077 1187 1200 1221 pcdiente
1209 1187 1361 1220 obstaculo,
1369 1187 1471 1221 integre
1482 1191 1507 1213 et
1516 1186 1618 1220 absque
1628 1186 1680 1212 ulla
1692 1185 1868 1216 falsitate,vel

1077 1233 1183 1260 colores
1190 1233 1395 1268 c0rporum,vel
1406 1233 1604 1267 magnitudines
1615 1232 1821 1266 qualitatesque
1827 1232 1868 1257 dc-

1077 1278 1236 1312 prehendet.
1247 1277 1313 1305 Nam
1326 1278 1347 1305 si
1360 1283 1407 1305 aut
1418 1278 1595 1312 caliginc,aul
1605 1277 1656 1303 alia
1664 1277 1789 1311 qualibet
1799 1277 1869 1303 infir-

1078 1325 1173 1352 tttitate
1192 1325 1356 1359 impediatur
1368 1329 1506 1359 aspectus,
1519 1328 1545 1350 ct
1558 1324 1671 1350 rubrum
1689 1331 1738 1358 pro
1754 1323 1831 1355 alho,
1842 1328 1866 1348 cl

1077 1371 1130 1407 43
1155 1371 1241 1398 viride
1264 1379 1313 1406 pro
1337 1371 1427 1406 nigro,
1444 1374 1490 1397 aut
1509 1374 1611 1398 rectum
1630 1375 1707 1405 putat
1731 1377 1796 1397 esse
1816 1369 1864 1396 ali-

1077 1417 1153 1452 quid,
1171 1425 1233 1445 cunt
1250 1425 1363 1444 curvum
1388 1416 1416 1444 fit
1431 1421 1456 1444 et
1476 1421 1640 1448 tortuosum,
1655 1416 1865 1442 eonturbabitur

1078 1463 1136 1490 sine
1153 1463 1235 1490 dubio
1249 1463 1382 1498 judicium
1398 1463 1507 1495 mentis,
1529 1467 1555 1489 et
1575 1461 1647 1488 aliud
1665 1469 1714 1496 pro
1728 1461 1785 1488 alio
1800 1469 1863 1495 age-

239 1509 264 1535 itt
283 1508 333 1535 hoc
346 1509 473 1541 inveniet,
488 1509 521 1536 ad
538 1510 629 1536 omnia
647 1518 763 1545 namque
788 1515 880 1545 aptum
897 1519 925 1538 se
940 1511 1026 1539 reddit
1040 1519 1060 1548 ο
1078 1513 1132 1536 tur.
1150 1509 1187 1536 Ita
1199 1517 1263 1544 ergo
1278 1513 1305 1536 et
1318 1509 1431 1536 interior
1446 1509 1532 1541 visus,
1546 1508 1598 1535 nisi
1614 1507 1770 1535 eruditione
1784 1511 1812 1534 et
1826 1507 1863 1532 itt-

236 1559 263 1581 et
287 1554 415 1581 habilem.
443 1554 564 1588 Denique
589 1555 632 1582 ltis
647 1555 693 1590 qui
711 1564 743 1582 ex
760 1555 957 1590 incorruptibili
982 1565 1025 1584 se-

237 1601 311 1628 mine
328 1605 524 1636 regeneranlur
535 1622 543 1634 ,
565 1601 728 1629 rationabile
742 1606 768 1629 et
788 1602 846 1630 sine
861 1602 923 1629 dolo
941 1603 1024 1630 cilici-

237 1651 281 1673 tur
306 1647 363 1679 lac;
392 1647 435 1673 his
458 1654 520 1673 vero
538 1647 584 1682 qui
603 1647 776 1674 inﬁrtnantur
793 1648 819 1674 itt
834 1647 934 1684 aliquo,
951 1649 1024 1676 olera

236 1700 266 1718 se
289 1692 389 1726 pra:bet
415 1691 448 1718 ad
472 1692 664 1726 hospitalitatis
685 1693 832 1720 amicitiam
849 1698 876 1719 et.
898 1694 1023 1728 gratiam.

238 1736 285 1764 llis
304 1745 367 1763 ναι-ο
384 1737 429 1771 qui
454 1745 503 1771 pro
528 1737 705 1771 possibilitate
721 1737 846 1765 sumendi
862 1739 1024 1767 exercitatos

238 1784 338 1810 habent
354 1792 451 1811 sensus
464 1784 497 1810 ad
515 1784 708 1812 discretionem
728 1785 792 1812 boni
805 1789 832 1812 et
847 1785 921 1818 mali,
933 1785 1023 1813 cibum

236 1837 266 1856 se
283 1829 398 1856 solidum
418 1830 559 1864 prtebet".
578 1829 664 1864 Siqui
679 1838 743 1858 vero
758 1835 822 1858 Sunt
841 1831 887 1865 qui
909 1832 1025 1858 exierint

239 1876 273 1902 de
296 1875 413 1911 lEgypto
425 1897 432 1908 ,
448 1881 475 1903 et
487 1877 571 1903 secuti
590 1875 744 1903 columnam
762 1876 832 1911 ignis
853 1881 880 1904 et
903 1877 982 1904 ttubis
997 1876 1024 1904 itt

234 1929 356 1948 creatum
371 1921 507 1954 venerint,
526 1923 558 1948 de
575 1921 644 1948 ccnlo
658 1921 690 1948 ad
713 1921 774 1948 illos
795 1921 949 1954 descendit,
974 1922 1024 1948 mi-

234 1972 329 1995 nutunt
345 1971 371 1993 et
386 1967 512 1994 subtilem
534 1967 574 1994 eis
595 1967 717 2002 praebens
738 1967 827 1995 cibum
847 1968 969 2002 angelico
984 1968 1023 1995 si-

235 2014 335 2046 tuilettt,
353 2014 389 2040 ita
407 2018 436 2040 ιιι
458 2021 554 2048 panem
575 2013 733 2048 angelorum
761 2013 908 2041 manducet
926 2014 1020 2040 homo.

235 2059 321 2086 Habet
335 2064 362 2086 et
375 2059 443 2086 alias
457 2059 556 2086 multas
569 2059 596 2086 in
612 2059 759 2093 semetipso
773 2064 854 2094 atque
865 2060 1023 2086 innumeras

233 2106 358 2132 ciborunt
385 2104 552 2131 differentias
566 2124 573 2136 ,
600 2112 668 2139 quas
689 2104 798 2131 interim
824 2105 891 2138 pelle
913 2105 974 2139 quis
995 2108 1021 2131 et

233 2157 316 2176 carne
337 2149 500 2184 ossibusque
524 2149 634 2176 indutus
648 2155 673 2176 et
688 2149 777 2176 nervis
793 2156 890 2184 capere
908 2157 961 2176 non
978 2157 1023 2184 po-

1075 1555 1179 1582 dustria
1195 1554 1276 1582 fuerit
1291 1554 1468 1586 exercitatus,
1483 1562 1537 1589 quo
1551 1562 1597 1589 per
1611 1554 1724 1581 multam
1736 1554 1862 1588 peritiam

1075 1601 1268 1628 discretionem
1283 1600 1346 1627 boni
1360 1600 1459 1627 habeat
1472 1607 1504 1627 ac
1517 1600 1591 1632 ntali,
1606 1600 1652 1626 sed
1670 1599 1827 1634 ignorantia
1840 1603 1863 1625 ct

1077 1647 1213 1682 imperitia
1230 1651 1358 1681 tanquam
1372 1646 1460 1682 caligo
1473 1646 1560 1673 oculis
1573 1646 1708 1680 inciderit,
1722 1651 1771 1672 aut
1783 1648 1861 1672 etiam

1074 1694 1185 1721 malitiae
1202 1693 1318 1728 alicujus
1338 1693 1453 1727 languor
1470 1697 1599 1727 tanquam
1614 1692 1695 1727 lippis
1712 1693 1804 1719 oculis
1821 1700 1861 1718 ac-

1075 1741 1197 1772 cesserit,
1214 1739 1361 1767 discrimen
1375 1739 1438 1766 boni
1452 1743 1499 1765 aut
1514 1738 1576 1765 ntali
1591 1738 1690 1765 intueri
1706 1739 1861 1766 nullatenus

1075 1787 1159 1821 possit
1174 1795 1180 1813 :
1195 1790 1221 1813 et
1241 1786 1302 1813 inde
1318 1786 1362 1813 fiet
1382 1789 1411 1812 ιιι
1429 1785 1500 1812 mala
1524 1792 1572 1820 pro
1595 1784 1674 1811 bonis
1690 1789 1765 1819 agat,
1792 1786 1858 1812 bona

1075 1840 1139 1860 vero
1153 1839 1202 1866 pro
1218 1832 1296 1859 malis
1311 1836 1430 1867 spernat.
1453 1829 1608 1858 Secundum
1631 1830 1701 1857 hanc
1718 1838 1786 1857 vero
1808 1830 1860 1857 for-

1075 1886 1147 1905 mam
1159 1885 1240 1912 quam
1256 1878 1289 1905 de
1300 1878 1359 1905 visu
1373 1877 1497 1912 corporis
1508 1876 1660 1910 animmque
1671 1876 1859 1908 tractavimus,

1074 1927 1273 1957 consequenter
1284 1923 1366 1950 etiam
1383 1922 1416 1950 de
1428 1921 1534 1953 auditu,
1547 1926 1573 1948 et
1589 1926 1680 1955 gustu,
1695 1926 1722 1948 et
1733 1922 1859 1951 edomui.

1074 1973 1202 2003 tactuque
1219 1976 1266 2003 per
1281 1967 1402 2003 singulas
1416 1975 1538 2002 quasque
1554 1968 1596 1994 sui
1620 1968 1728 2001 generis
1746 1968 1858 1994 virtutes

1074 2022 1205 2042 sensuum
1225 2014 1407 2048 corporalium
1435 2013 1557 2040 referens
1574 2012 1607 2040 ad
1626 2013 1724 2039 animat
1744 2020 1858 2041 sensus.

1073 2069 1134 2096 qum
1150 2061 1177 2087 itt
1191 2060 1306 2095 singulis
1322 2059 1444 2087 adhiberi
1460 2059 1575 2086 debeant
1589 2059 1729 2090 exercitia,
1746 2066 1859 2093 quaeque

1073 2106 1171 2133 debeat
1182 2107 1338 2133 emendatio
1352 2107 1453 2141 parari,
1466 2106 1585 2134 dilucide
1600 2113 1782 2140 recogHOSecs
1796 2104 1858 2139 (56‘.

1075 2151 1138 2179 llaec
1167 2156 1257 2178 autent
1286 2153 1368 2186 paulo
1394 2153 1482 2179 latiori
1514 2160 1628 2179 excessu
1657 2152 1795 2185 prosecuti
1817 2158 1859 2178 su-

235 2199 295 2222 tcst.
323 2195 373 2228 Qui
397 2201 485 2222 autent
511 2195 609 2230 dignus
629 2195 709 2222 fuerit
732 2194 821 2222 redire
835 2199 862 2222 et
881 2203 941 2222 esse
956 2204 1018 2223 cum
1035 2195 1057 2222 D
1073 2206 1150 2230 mus,
1181 2197 1326 2224 ostendere
1360 2198 1481 2225 voletttes
1518 2198 1661 2225 odoratum
1694 2205 1807 2231 sponsa:
1836 2200 1858 2222 ct

233 2240 352 2274 Christo,
367 2241 468 2275 quique
485 2240 511 2266 itt
528 2248 611 2274 parvo
625 2239 711 2266 ﬁdelis
729 2240 853 2267 inventus
872 2241 1022 2268 constitue-

234 2291 278 2312 tur
290 2294 370 2322 super
390 2286 475 2312 tnulta
489 2306 496 2318 ,
520 2285 564 2313 ille
579 2286 697 2321 gustabit
710 2291 737 2313 et
752 2287 841 2322 capiet
855 2287 1019 2322 voluptatem

234 2331 359 2363 Domini,
386 2331 534 2366 perductus
553 2331 585 2358 ad
614 2331 705 2359 locuttt
730 2332 877 2367 quemdam
900 2333 946 2368 qui
971 2341 1020 2368 pro

234 2377 389 2410 hujusntodi
406 2377 529 2403 ciboruttt
547 2377 633 2411 copiis
647 2381 674 2404 ct
687 2378 863 2406 varietatibus
875 2399 882 2411 ,
909 2379 1020 2406 delicia-

234 2429 294 2448 rum
312 2421 468 2448 nominatur
484 2422 570 2449 locus.
588 2421 701 2457 Propter
713 2423 785 2457 quod
798 2427 824 2449 et
842 2423 868 2449 itt
884 2422 956 2450 Eden
975 2431 1021 2457 po-

232 2467 303 2494 situs
319 2467 434 2498 dicitur,
448 2469 520 2502 qttod
537 2468 649 2496 delicias
676 2469 787 2496 indicat.
805 2468 843 2496 lbi
858 2469 931 2496 ettim
947 2469 1021 2496 diee-

231 2518 276 2540 tttr
292 2514 326 2541 ad
345 2521 407 2541 euttt
421 2522 427 2539 :
443 2514 575 2541 Deliciare
591 2515 618 2541 in
637 2514 758 2542 Domino.
780 2515 957 2543 Deliciabitur
969 2523 1019 2541 au-

231 2565 286 2586 tem
305 2567 359 2587 non
376 2560 402 2586 in
423 2567 477 2586 uno
491 2561 549 2587 solo
562 2560 658 2588 edendi
673 2561 855 2595 gustandique
868 2568 961 2591 sensu,
971 2560 1018 2588 sed

230 2613 256 2633 et
275 2606 368 2632 auditu
383 2605 555 2633 deliciabitur
578 2611 605 2633 et
622 2606 681 2633 visu
700 2611 726 2633 et
749 2611 822 2633 tactu
850 2606 1019 2640 odoratuque

231 2652 412 2678 deliciabitur.
428 2651 456 2678 ln
472 2652 583 2679 odorem
602 2660 719 2686 namque
731 2651 861 2686 unguenti
878 2651 938 2685 ejus
954 2660 1018 2678 cur-
1040 2660 1042 2662 '

231 2699 279 2721 ret.
304 2695 335 2722 Et
360 2695 396 2722 ita
423 2696 551 2723 omttibus
567 2697 693 2723 sensibus
718 2697 775 2723 suis
791 2696 964 2724 deliciabitur
990 2697 1016 2723 itt

267 2751 287 2765 “
303 2751 369 2779 lleb.
383 2760 408 2784 v,
425 2752 466 2779 Η.
506 2753 528 2768 ¹¹
541 2752 620 2780 Prov.
643 2760 674 2786 tt,
690 2753 715 2780 5.
754 2753 776 2768 ³³
793 2752 859 2780 llch.
874 2761 906 2787 v,
921 2753 962 2781 Η.

1073 2243 1346 2274 adolescentularum,
1362 2251 1416 2278 quo
1441 2244 1560 2270 odorata:
1584 2248 1648 2270 suttt
1671 2243 1784 2269 odorem
1811 2251 1858 2268 un-

1073 2293 1234 2324 gucntorum
1261 2289 1371 2323 sponsi,
1392 2297 1445 2316 ttott
1468 2289 1591 2323 corporis
1614 2297 1724 2320 sensus,
1750 2289 1801 2316 sed
1822 2289 1858 2315 div

1072 2334 1127 2360 vitti
1146 2334 1239 2361 odoris
1255 2334 1327 2361 illius
1340 2339 1366 2361 et
1382 2334 1518 2361 interioris
1540 2335 1586 2368 qui
1605 2334 1756 2368 appellatur
1773 2333 1855 2361 homi-

1073 2381 1126 2412 nis,
1142 2380 1207 2408 dici.
1225 2380 1275 2407 llic
1288 2388 1351 2415 ergo
1365 2381 1533 2408 odorationis
1549 2389 1647 2408 sensus
1663 2381 1688 2408 itt
1705 2389 1761 2416 quo
1776 2388 1856 2408 sanus

1071 2431 1113 2454 est
1125 2431 1151 2453 et
1169 2427 1283 2461 integer,
1302 2426 1385 2454 odore
1402 2427 1504 2455 Christi
1520 2432 1631 2462 accepto
1653 2435 1687 2454 ex
1702 2428 1757 2454 vita
1775 2428 1856 2454 addu-

1070 2471 1107 2498 cit
1131 2471 1164 2498 ad
1190 2472 1283 2498 vitant.
1312 2471 1339 2498 Si
1365 2480 1429 2499 vero
1451 2481 1503 2499 non
1527 2473 1562 2499 sit
1586 2481 1680 2505 sanus,
1705 2473 1758 2500 ltoc
1777 2474 1857 2500 odore

1070 2523 1197 2551 suscepto
1217 2518 1250 2545 de
1265 2523 1352 2545 tttorle
1369 2519 1396 2545 itt
1416 2524 1529 2546 tttortent
1545 2519 1647 2552 dejicit,
1660 2519 1814 2547 secundutu
1830 2520 1857 2545 il-

1072 2562 1128 2589 lum
1149 2562 1195 2597 qui
1215 2562 1342 2589 diccbat:
1363 2563 1495 2595 Quoniam
1512 2562 1612 2590 Christi
1628 2564 1710 2591 bonus
1733 2565 1802 2591 odor
1818 2574 1855 2591 su—

1072 2616 1142 2640 mus,
1161 2608 1222 2634 aliis
1237 2609 1340 2642 quidem
1354 2608 1386 2634 de
1400 2609 1454 2635 vita
1469 2609 1494 2635 in
1508 2609 1599 2639 vitam,
1613 2608 1674 2635 aliis
1689 2613 1780 2635 autent
1797 2611 1856 2636 mlur

1071 2654 1102 2680 de
1131 2659 1213 2681 morte
1240 2655 1268 2681 in
1294 2659 1402 2681 mortem
1426 2654 1459 2680 “.
1494 2654 1618 2689 Denique
1646 2660 1672 2682 et
1698 2656 1726 2682 lti
1760 2658 1855 2690 quibus

1072 2700 1224 2728 intellectus
1259 2700 1403 2727 herbarum
1430 2704 1472 2728 est
1497 2700 1756 2736 pigmentorutttque
1790 2711 1854 2737 perv

1002 2755 1023 2770 "‘
1040 2754 1061 2782 ll
1076 2755 1137 2782 Cor.
1165 2763 1193 2786 tl,
1212 2755 1252 2786 l5,
1274 2756 1313 2782 l6.

266 2795 322 2829 (56)
341 2796 462 2831 Referam
476 2799 510 2825 ad
525 2799 665 2827 animm...
682 2807 855 2836 recognosces.
872 2799 914 2827 Sit
940 2808 1020 2833 "le.;
1047 2801 1106 2829 libri
1129 2810 1191 2829 vero
1209 2802 1284 2833 editi,
1312 2802 1451 2836 referemus
1470 2802 1505 2830 ad
1524 2803 1667 2830 animm...
1693 2811 1850 2838 recognosce-

233 2838 298 2857 mtJ.
