1892 3050
10 124 30 151 Π

10 185 43 214 ia,
66 183 166 211 ferunt
187 183 313 218 quaedam
344 191 403 210 esse
427 183 580 217 pigmenta,
609 190 726 217 quorum
763 180 785 206 si
802 182 824 209 Α

10 231 108 256 idorem
139 231 267 264 ceperint
291 230 421 257 nonnulla
451 229 578 256 animalia
596 229 726 255 continuo
748 228 789 255 in-

10 280 120 307 ereunt;
139 275 195 302 alia
212 283 277 302 vero
289 275 384 302 eodem
405 274 488 302 odore
503 279 672 306 recreantur,
693 274 790 300 vitam-

10 329 47 356 ιιιε
63 321 217 356 recipiunt.
234 320 265 348 Et
280 328 351 348 nunc
363 328 428 355 ergo
440 320 467 347 in
483 320 525 347 his
538 320 603 354 ipsis
614 319 790 354 expositioni-

10 377 47 394 ms
77 373 105 395 et
133 368 315 395 sermonibus
338 375 408 402 quos
434 367 567 394 habemus
591 366 618 393 iu
641 367 788 398 manibus,

10 413 104 438 sidetur
123 412 190 439 aliis
207 420 268 439 esse
286 411 340 438 vita
357 419 390 439 ex
408 412 472 444 vita,
491 411 553 438 aliis
574 419 639 439 vero
658 419 734 439 mors
755 420 789 439 ex

10 460 94 482 morte.
115 454 188 481 Nam
207 455 230 481 si
249 455 306 482 hmc
322 456 419 490 exponi
437 455 471 482 ita
493 456 584 482 audiat
604 455 729 483 animalis
742 456 789 490 qui

11 500 97 526 licitur
119 500 220 532 homo,
237 501 283 534 qui
305 509 358 527 non
382 506 469 534 potest
489 501 629 536 percipere
646 507 673 528 et
691 502 790 528 intelli-

10 554 59 577 ;rre
74 554 139 579 qua:
160 551 227 573 sunt
250 546 363 581 spiritus
387 545 445 579 Dei,
471 547 594 574 irridebit
615 548 674 574 sine
687 547 788 580 dubio,

10 597 77 626 Itque
91 593 190 627 inepta
201 593 260 620 haec
271 601 331 620 esse
344 598 370 620 et
382 593 472 621 inania
484 595 683 629 pronuntiabit,
696 595 790 622 dicens

10 638 104 664 mantia
122 639 218 672 potius
234 647 315 673 quam
337 647 427 666 rerum
446 648 543 668 causas
559 645 585 667 et
600 641 726 676 dogmata
748 641 789 668 di-

10 684 59 708 ›ιιι;ι
76 684 207 710 tractari.
223 684 271 711 llis
283 692 347 718 ergo
363 685 430 712 odor
444 685 488 712 hic
502 685 607 713 Cantici
620 686 790 714 canticorum

10 728 114 754 :iiicitur
128 729 166 755 de
182 735 269 755 morte
288 729 314 756 iu
330 734 455 762 mortem,
473 730 577 758 scilicet
592 731 626 758 de
647 737 734 758 morte
749 732 790 758 in-

10 774 150 805 ,ijrlitatis,
178 774 204 801 in
228 779 342 802 mortem
366 775 460 810 judicii
487 780 514 803 ct
542 777 788 804 condemnationis.

10 819 188 852 Sequentibus
212 828 276 846 vero
296 821 444 855 spiritalem
464 829 575 848 seusqu
600 825 627 848 et
644 822 787 853 subtilem,

689 122 786 149 LIBER
809 121 948 150 PRIMUS.

1593 127 1626 153 98

842 183 1244 218 informaDeiesset,exinaniuit
1258 184 1436 218 semetipsum,
1460 187 1484 209 et
1507 184 1621 217 formam

842 227 908 253 servi
935 228 1033 260 accepit
1058 227 1090 254 '°.
1119 227 1273 256 Erinanivit
1297 234 1386 256 autetu
1407 229 1440 256 de
1461 229 1628 264 plenitudine

842 272 901 298 sine
932 272 1015 298 dubio
1049 272 1077 298 in
1112 281 1165 307 qua
1200 279 1269 301 erat.
1302 274 1340 301 Illi
1364 281 1428 309 ergo
1457 275 1504 309 qui
1532 275 1627 302 dicunt

841 318 903 351 quia
930 317 961 344 de
984 317 1146 351 plenitudine
1167 320 1223 353 ejus
1249 328 1296 346 nos
1321 328 1408 347 omnes
1429 321 1577 355 accepimus
1593 321 1626 354 ",

841 363 892 397 ipsi
930 368 993 390 sunt
1027 363 1251 397 adolescentulis,
1289 373 1350 400 quae
1380 365 1413 393 de
1440 373 1472 393 ea
1507 366 1627 401 plenitu-

840 409 904 435 dine
918 416 951 435 ex
967 417 1020 444 qua
1046 417 1075 436 se
1092 410 1136 437 ille
1153 411 1312 445 exinanivit,
1337 416 1365 439 et
1380 411 1482 439 factum
1502 417 1544 440 est
1571 421 1627 439 un—

840 457 971 488 guentum
1005 454 1174 482 exinanitum
1208 463 1308 483 nomen
1337 456 1417 491 ejus,
1444 456 1625 492 percipientes

840 498 935 526 dicunt
956 508 962 526 :
990 499 1054 526 Post
1076 505 1100 526 te
1125 501 1152 527 in
1174 501 1279 528 odorem
1304 507 1496 536 unguentorum
1522 508 1626 529 tuorum

840 553 990 572 turremus.
1015 545 1070 573 Nisi
1097 547 1168 573 enim
1185 547 1352 575 exinanisset
1374 553 1553 582 unguentum,
1576 549 1628 576 hoc

839 597 882 618 est
902 591 1098 626 pleuitudinctn
1118 591 1202 619 divini
1219 591 1346 627 Spiritus,
1369 597 1396 620 et
1411 593 1584 621 humiliasset
1598 602 1627 620 se

840 643 928 670 usque
947 636 981 663 ad
1003 635 1119 663 formam
1140 637 1222 669 servi,
1236 644 1334 672 capere
1346 645 1407 665 eum
1431 638 1523 665 nullus
1536 638 1562 664 in
1582 638 1627 665 illa

840 681 989 710 divinitatis
1009 682 1178 716 plenitudine
1191 683 1334 717 potuisset,
1356 683 1409 711 nisi
1428 684 1486 712 sola
1501 683 1628 712 fortassis

841 734 952 761 sponsa,
978 735 1027 762 pro
1045 736 1077 755 eo
1106 728 1178 763 quod
1202 729 1308 756 videtur
1330 729 1461 762 indicare,
1488 730 1553 765 quia
1574 738 1626 757 uu-

840 777 970 806 guentum
986 773 1058 799 istud
1074 773 1244 800 exinanitum
1258 781 1312 800 non
1325 774 1388 806 sibi,
1405 774 1451 802 sed
1470 774 1628 802 adolescen-

844 818 908 845 tulis
931 818 1085 846 dilectionis
1107 819 1212 846 dederit
1234 826 1356 846 causam.
1381 818 1426 846 Sic
1450 819 1520 846 enim
1539 819 1626 847 dicit:

10 869 79 897 atque
103 865 323 900 intelligentibus
346 867 476 900 majorem
493 867 582 894 inesse
600 867 740 894 veritatem
763 868 790 895 in
806 857 828 884 Β
844 863 1010 899 Unguentum
1026 865 1191 892 exinanitum
1203 873 1297 892 nomen
1316 870 1400 898 tuum,
1413 870 1550 900 propterea
1561 865 1627 892 ado—

10 911 43 936 ltis
59 919 119 945 qme
143 919 199 938 non
217 912 352 945 \idcntur,
368 920 450 947 quam
467 913 495 940 iu
514 913 557 941 his
576 922 637 948 quae
654 914 790 948 videntur,

10 960 28 981 rt
41 957 146 983 veriora
164 957 257 983 haberi
275 958 345 992 apud
365 957 447 985 Deum
468 959 618 986 invisibilia
634 964 661 987 et
681 960 792 994 spirita»

10 1002 36 1026 lia
50 1002 136 1036 magis
152 1010 238 1037 quam
255 1002 369 1030 visibilia
389 1009 415 1030 et
428 1005 590 1039 corporalia,
604 1005 791 1040 amplectenda

10 1047 59 1073 sine
71 1048 158 1074 dubio
174 1048 333 1082 hujusmodi
349 1050 524 1085 intelligentia
548 1051 684 1078 videbitur
701 1056 729 1079 et
749 1059 792 1079 se-

10 1093 117 1125 quenda.
134 1095 297 1128 Agnoscunt
311 1095 382 1121 enim
403 1096 454 1122 tale
468 1103 529 1123 esse
547 1095 728 1131 intelligenda;
751 1104 792 1123 ve-

10 1138 89 1164 niatis
103 1139 156 1165 iter
171 1147 227 1173 quo
242 1140 398 1173 pervcnitur
420 1140 452 1166 ad
470 1140 565 1167 Deum.
586 1140 638 1168 Sed
656 1142 790 1176 siquidem

10 1184 106 1210 alit-aus
120 1193 135 1210 a
151 1184 204 1211 lide
219 1185 255 1212 sit
269 1186 303 1217 is,
322 1186 368 1220 qui
388 1186 444 1213 hazc
464 1187 545 1214 stulta
566 1187 671 1222 judicat
684 1192 711 1214 ct
731 1188 792 1214 irri-

10 1229 99 1261 livlitiil,
117 1230 184 1256 nihil
209 1231 321 1257 mirum.
343 1230 370 1257 Si
391 1239 454 1258 vero
471 1232 570 1267 aliquis
583 1240 615 1259 ex
631 1233 674 1260 his
697 1234 732 1260 sit
745 1234 791 1268 qui

10 1283 28 1299 ιι
40 1278 128 1301 initur
141 1277 264 1309 credere,
279 1281 306 1303 et
322 1277 523 1312 Scriptutarum
541 1279 729 1306 auitoritatem
749 1288 791 1307 rc-

10 1329 101 1352 (πίητε.
123 1330 177 1347 non
201 1327 291 1348 tamen
308 1323 401 1356 recipit
424 1324 601 1357 expositionis
616 1324 697 1359 hujus
711 1325 791 1359 spiri-

11 1366 62 1392 inis
80 1368 210 1399 founatn,
235 1368 281 1394 sed
307 1368 400 1396 irridet
418 1374 443 1396 ct
457 1369 579 1404 derogat,
597 1375 735 1397 tentemus
757 1379 791 1398 ex

12 1411 62 1436 aliis
85 1411 295 1446 Seripturarum
311 1413 378 1440 locis
398 1413 533 1441 instruere
548 1423 610 1441 eum
632 1423 663 1442 ac
678 1423 791 1450 persua-

10 1452 72 1481 lli-1e.
93 1456 146 1489 Qui
173 1457 195 1483 si
213 1456 282 1484 forte
309 1458 408 1492 poterit
427 1459 466 1486 sic
488 1459 661 1494 resipiscere,
685 1465 712 1488 ct
729 1462 792 1488 talia

12 1503 124 1534 qua-dam
156 1503 284 1529 dicamus
307 1503 340 1529 ad
361 1512 434 1537 eum,
462 1505 593 1539 scriptum
618 1510 659 1532 est
683 1515 690 1533 :
714 1506 790 1534 Pro:-

13 1554 103 1580 reptuut
121 1548 231 1574 Domini
249 1548 367 1574 lu.idum
380 1549 533 1576 illuntinans
551 1550 639 1577 oculos
653 1551 685 1577 ’⁵.
715 1550 790 1578 Dicat

13 1603 66 1627 ccli
92 1595 185 1625 nobis,
208 1595 254 1629 qui
274 1599 339 1621 sunt
354 1595 425 1621 oculi
443 1596 489 1630 qui
516 1596 705 1623 illuminautur
729 1597 790 1624 luce

14 1641 141 1674 lurcepli.
164 1640 196 1667 Et
223 1641 322 1667 iterum
345 1650 351 1667 :
378 1641 430 1673 Qni
454 1641 530 1668 habet
558 1651 635 1669 auras
662 1643 787 1669 audiendi

14 1685 92 1711 audiat
108 1686 145 1712 ’°.
158 1685 223 1718 Quae
238 1690 303 1712 sunt
326 1694 404 1713 aures
417 1687 483 1718 ist-.13,
502 1695 570 1721 quas
585 1687 631 1722 qui
650 1687 787 1719 habuerit,

14 1731 61 1763 ipsi:
79 1732 158 1757 solus
182 1731 263 1758 verba
293 1731 392 1758 Christi
419 1732 514 1759 audire
538 1731 662 1759 dicatur?
682 1732 714 1758 Et
739 1733 789 1759 ite-

14 1785 63 1803 rum
79 1787 86 1804 :
102 1778 237 1810 Quoniam
247 1777 349 1805 Christi
367 1778 447 1804 bonus
466 1779 531 1804 odor
543 1786 633 1804 sumus
643 1777 695 1805 Deo
707 1779 743 1811 ’7;
762 1784 789 1805 et

14 1822 34 1847 in
52 1823 110 1849 aliis
136 1832 143 1849 :
161 1823 272 1849 Gustata
289 1828 313 1849 et
331 1822 414 1849 videte
429 1824 554 1857 quoniam
579 1824 666 1850 suavis
683 1828 721 1850 est
736 1822 789 1850 Do-

13 1869 90 1894 minus
103 1869 140 1894 ’3.
156 1867 188 1894 Et
203 1868 269 1902 quid
286 1869 355 1894 alius
373 1869 410 1895 ait
426 1877 432 1895 :
460 1868 555 1895 Manus
574 1874 670 1896 nostra:
694 1869 791 1903 palpa-

14 1917 93 1938 t‘rrttnt
116 1913 151 1939 de
174 1913 248 1939 verba
275 1914 334 1940 vita
352 1913 384 1940 ’9.
402 1913 520 1940 Putasne
541 1914 566 1940 in
595 1914 637 1942 his
662 1915 790 1943 omnibus

14 1965 59 1983 non
79 1958 242 1991 movobitur,
261 1963 291 1985 ut
312 1958 435 1986 advertat
457 1959 513 1986 lucc
537 1959 662 1987 universa
678 1968 732 1987 non
757 1961 790 1988 dc
809 1975 814 2001 ε

16 2004 145 2038 corporeis
171 2005 298 2031 sensibus
312 2004 394 2038 dicta,
412 2005 458 2032 sed
483 2005 516 2032 de
536 2005 579 2032 his
599 2013 669 2040 quos
691 2014 785 2033 secun-

15 2050 69 2077 dum
87 2051 248 2078 interiorem
267 2052 404 2078 hominem
425 2052 513 2079 inesse
534 2052 680 2087 unicuique
695 2052 791 2079 decui-

16 2098 83 2123 tuus?
98 2098 153 2124 nisi
169 2098 192 2124 si
216 2097 400 2124 contentionis
421 2103 447 2125 et
460 2097 598 2132 iactantia:
618 2098 685 2124 vitio
701 2098 791 2132 agitur

16 2143 55 2175 qui
73 2143 210 2177 ejusmodi
230 2148 281 2170 est.
303 2143 407 2176 Quibus
425 2144 496 2171 vitiis
518 2143 646 2178 quoniam
666 2148 692 2171 et
716 2144 791 2171 visus

805 1527 826 1555 C

843 910 991 937 lescentqu
1005 911 1155 938 dilexerunt
1171 917 1204 939 te.
1223 912 1262 939 Ae
1284 912 1306 939 si
1321 912 1422 939 diceret.
1437 921 1443 938 :
1461 912 1627 939 Adolescen-

843 955 905 983 tulze
922 956 1030 991 quidem
1047 962 1188 992 propterea
1202 957 1354 984 dilexerunt
1366 962 1403 989 te,
1420 957 1484 992 quia
1500 957 1627 984 exinani-

842 1003 876 1030 sti
903 1007 928 1030 te
952 1003 986 1029 de
1009 1003 1096 1030 forma
1123 1003 1182 1035 Dei,
1208 1009 1233 1031 ct
1260 1004 1361 1031 factum
1389 1009 1430 1031 est
1458 1009 1626 1039 unguentum

841 1048 1011 1076 exinanitum
1033 1057 1130 1076 nomen
1145 1055 1229 1076 tuum.
1247 1049 1303 1085 Ego
1322 1054 1411 1077 autem
1431 1058 1483 1077 non
1505 1057 1552 1084 pro
1568 1050 1628 1076 exi—

843 1093 938 1120 nanito
957 1098 1105 1128 unguento,
1128 1094 1175 1122 sed
1193 1102 1242 1129 pro
1268 1095 1325 1129 ipsa
1352 1102 1553 1130 unguentorum
1575 1095 1628 1130 plc-

843 1140 969 1167 nitudiuc
985 1141 1065 1168 dilexi
1083 1145 1117 1168 te.
1133 1139 1190 1168 Hoc
1205 1142 1276 1168 enim
1292 1141 1393 1168 iudicat
1406 1142 1432 1168 in
1452 1149 1484 1168 eo
1501 1142 1561 1168 loco
1582 1141 1627 1167 υἱὶ

842 1185 907 1212 dicit
922 1194 929 1212 :
952 1185 1024 1212 Odor
1039 1191 1232 1221 unguentorum
1256 1191 1360 1212 tuorum
1376 1195 1453 1220 super
1467 1186 1522 1222 Μ
1539 1187 1628 1212 omnia

843 1235 973 1257 aromata.
989 1230 1064 1263 Quod
1082 1239 1145 1257 νυνι)
1163 1231 1243 1257 etiam
1260 1231 1318 1266 ipsa
1336 1238 1397 1257 cum
1418 1231 1628 1258 adolescentulis

842 1283 904 1310 post
921 1276 1009 1311 ipsum
1025 1284 1053 1303 se
1069 1284 1212 1304 cursuram
1234 1277 1309 1310 dicit,
1334 1277 1403 1303 hanc
1419 1277 1461 1303 aio
1486 1284 1546 1303 esse
1567 1285 1629 1303 cru-

843 1328 913 1352 sam,
929 1321 999 1355 quod
1015 1321 1124 1355 perfecti
1141 1321 1242 1355 quique
1259 1321 1349 1348 omnia
1363 1321 1491 1348 omnibus
1505 1321 1580 1352 liaut,
1599 1327 1627 1349 ut

842 1375 937 1394 oumcs
953 1366 1134 1398 luerilaciant,
1153 1366 1288 1402 sicutjam
1305 1375 1387 1401 supra
1401 1367 1589 1402 expasuimus.

880 1411 956 1439 Vers.
974 1412 1001 1439 ιι.
1021 1411 1174 1439 Introduxit
1193 1420 1232 1439 me
1250 1420 1295 1438 rea:
1316 1413 1343 1439 in
1362 1412 1510 1439 cubiculum
1531 1421 1606 1439 suum
1619 1431 1626 1443 .

843 1457 1004 1484 exsultemus
1032 1461 1056 1484 et
1078 1457 1256 1491 jucundcmur
1279 1457 1306 1484 in
1331 1463 1364 1484 te.
1390 1457 1458 1484 Cum
1483 1457 1630 1484 indicasset.

844 1511 944 1537 sponso
960 1509 1011 1529 suo
1023 1510 1140 1538 sponsa,
1158 1503 1228 1536 quod
1244 1502 1452 1530 adulescentula;
1467 1503 1550 1529 odore
1570 1502 1630 1537 ejus

843 1554 927 1583 capue
939 1553 1078 1576 currerent
1093 1552 1153 1583 post
1167 1549 1269 1583 ipsum,
1283 1556 1344 1575 cum
1358 1549 1457 1583 quibus
1470 1549 1550 1575 etiam
1566 1548 1624 1582 ipsa

843 1602 957 1622 cursura
974 1598 1054 1626 esset,
1073 1598 1102 1620 ut
1117 1595 1156 1621 eis
1171 1594 1285 1621 formam
1304 1594 1433 1629 pra:bctet
1445 1593 1470 1620 in
1486 1593 1625 1625 clunibus,

845 1647 917 1667 nunc
934 1640 1012 1674 quasi
1030 1639 1132 1666 laboris
1151 1639 1193 1666 sui
1211 1643 1355 1666 consecuta
1370 1639 1426 1673 jam
1445 1639 1561 1673 palmam
1581 1646 1630 1672 pro

843 1694 877 1714 eo
896 1686 968 1721 quod
987 1686 1157 1713 concurrerit
1176 1685 1368 1718 currentibus,
1397 1685 1577 1712 introductam
1599 1691 1629 1711 se

844 1733 909 1760 dicit
925 1732 958 1759 ab
973 1739 1075 1767 sponso
1091 1739 1152 1766 rege
1168 1732 1194 1758 in
1217 1731 1374 1759 cubiculum
1391 1731 1461 1766 ejus,
1482 1737 1512 1758 ut
1530 1731 1566 1756 ibi
1585 1730 1626 1756 vi-

843 1779 918 1806 deret
941 1782 1053 1805 cunctas
1076 1785 1141 1811 opes
1168 1777 1270 1811 regias.
1292 1778 1321 1803 ln
1346 1785 1400 1811 quo
1417 1777 1508 1811 utique
1532 1776 1630 1802 ιιιιξιλίτο

841 1825 1007 1860 jucundatur
1023 1828 1050 1851 et
1063 1823 1192 1856 exsultat,
1215 1827 1307 1857 utpote
1323 1830 1382 1857 qua:
1398 1827 1501 1849 secreta
1513 1821 1568 1856 jam
1586 1829 1631 1847 ι’.-

844 1871 884 1906 gis
899 1875 924 1898 et
941 1878 1039 1897 arcana
1057 1868 1234 1904 prospexerit.
1259 1867 1309 1896 llic
1324 1872 1380 1901 est,
1399 1867 1551 1895 secuudtnn
1569 1875 1630 1901 pto-

844 1917 960 1952 positutn
978 1915 1108 1943 dramatis
1125 1914 1258 1947 ordinem,
1281 1914 1360 1948 quasi
1381 1913 1527 1940 historicus
1551 1913 1631 1939 intel-

844 1963 939 1990 lrclus.
957 1961 1010 1988 Sed
1023 1962 1151 1996 quoniam
1165 1961 1244 1996 cujus
1263 1968 1306 1987 res
1321 1960 1421 1994 agitur,
1446 1958 1567 1985 Ecclesia
1589 1964 1630 1984 est

844 2010 877 2038 ad
895 2009 1032 2036 Christum
1049 2008 1170 2040 veniens,
1197 2007 1238 2035 vel
1256 2007 1347 2033 anima
1366 2005 1454 2032 Verbo
1474 2004 1519 2031 Dei
1541 2004 1630 2030 adlnu

845 2063 917 2087 rens,
940 2054 1012 2089 quod
1030 2053 1102 2080 aliud
1127 2053 1283 2080 cubiculum
1299 2051 1399 2078 Christi
1422 2055 1448 2077 et
1472 2054 1631 2084 pro-.nptua-

845 2102 915 2128 rium
931 2100 975 2127 Dei
989 2099 1153 2127 credendum
1173 2103 1214 2126 est
1231 2099 1256 2125 in
1275 2105 1330 2132 quo
1347 2097 1387 2123 vel
1408 2096 1566 2126 Ecclesium,
1589 2094 1631 2122 \'t'l

845 2147 965 2174 animam
983 2146 1163 2173 cohwreutem
1180 2144 1232 2172 sibi
1256 2143 1420 2174 introducat,
1439 2142 1490 2169 nisi
1517 2142 1573 2175 ipse
1590 2149 1631 2167 ar-

17 2184 53 2211 ille
66 2186 182 2213 interior
201 2193 363 2219 excaeatur,
381 2193 407 2214 ct
424 2188 554 2215 odoratus
570 2188 723 2215 occluditur
734 2209 741 2220 ,
765 2194 790 2216 et

849 2201 931 2220 canus
945 2199 1042 2219 sensus
1059 2191 1119 2226 ejus
1139 2195 1166 2217 et
1183 2190 1350 2221 reconditus,
1366 2189 1399 2215 de
1413 2195 1467 2223 quo
1480 2193 1506 2214 et
1529 2186 1630 2213 Paulus

17 2231 157 2259 obduratur
172 2232 293 2264 auditus,
309 2233 406 2260 merito
418 2241 467 2260 nec
484 2233 574 2261 videre
585 2242 646 2268 qua:
663 2235 799 2268 spiritua<.

18 2278 46 2304 lia
60 2283 133 2310 sunt,
158 2286 209 2306 nec
225 2278 320 2306 audire
335 2283 434 2314 potest,
450 2280 496 2306 sed
513 2287 562 2307 nec
578 2280 690 2307 odorem
710 2281 791 2308 istum

17 2323 107 2351 L'lnisti
133 2331 240 2359 capere,
268 2332 322 2359 quo
347 2333 420 2353 nunc
444 2330 553 2360 recepto
579 2321 792 2354 adulescentula:

19 2367 67 2394 ista:
82 2369 108 2396 iu
125 2370 227 2404 quibus
245 2370 313 2397 bene
337 2377 420 2397 sanus
441 2375 468 2398 et
485 2372 577 2406 vigens
592 2377 652 2399 erat
671 2372 715 2399 hic
733 2381 793 2399 sen-

16 2421 67 2448 sus,
80 2415 106 2442 in
121 2415 232 2442 odorem
251 2421 450 2450 unguentorum
466 2417 525 2452 ejus
540 2423 656 2445 currunt
676 2423 738 2452 post
751 2419 790 2453 ip-

18 2468 80 2493 sum,
100 2469 151 2489 nec
173 2462 304 2489 deﬁciunt
326 2468 475 2496 currentes,
498 2468 546 2490 aut
568 2464 704 2497 laborant,
727 2465 790 2500 quia

18 2508 142 2536 suavitate
164 2509 256 2536 odoris
282 2509 368 2543 ipsius
392 2509 439 2544 qui
461 2513 504 2537 est
522 2510 556 2537 de
577 2510 631 2538 vita
651 2511 677 2538 in
696 2512 791 2544 vitam,

19 2553 114 2582 refecta:
128 2555 231 2590 jugiter
245 2555 426 2582 invalescunt.

48 2599 135 2629 Potest
150 2601 239 2628 adhuc
252 2605 279 2628 et
294 2602 344 2628 hoc
363 2601 444 2628 modo
458 2601 544 2637 accipi
558 2601 631 2637 quod
647 2602 685 2629 ait
705 2612 711 2629 :
736 2602 792 2629 Un-

20 2653 129 2680 guentum
151 2647 318 2675 exinanitum
344 2655 437 2675 nomen
454 2652 538 2674 tuum.
561 2647 793 2682 Propterea_ado-

21 2695 156 2721 lcscmtalte
168 2694 319 2722 dilexerunt
338 2699 371 2721 te.
386 2693 546 2730 Unlgenitus
562 2694 608 2721 Dei
623 2694 718 2727 Filius,
732 2703 792 2721 cum

53 2797 73 2813 "
83 2797 154 2826 Psal.
168 2807 224 2830 xu.
240 2800 268 2826 8.

27 2840 51 2866 ιι,
61 2834 85 2866 6,
100 2834 125 2862 7.
162 2835 182 2851 ⁸¹
198 2834 277 2863 Joan.
301 2842 321 2866 l,
339 2834 379 2861 16.

310 2799 331 2814 “
343 2798 438 2825 Matth.
457 2805 520 2830 xm,
534 2797 558 2824 9.

420 2833 441 2848 "
455 2833 465 2859 I
480 2833 544 2860 Cor.
561 2833 639 2866 “,16,
656 2834 698 2867 li,
713 2833 738 2860 9.

611 2798 632 2812 ¹⁷
649 2797 668 2824 ΙΙ
689 2798 742 2825 Cor
764 2807 795 2826 ιι.
812 2799 854 2826 lii.

781 2819 822 2850 '3'.
829 2819 936 2861 Eoluss.
958 2840 986 2865 ll,
1001 2832 1026 2858 5.

845 2239 951 2265 diechat
973 2246 979 2264 ι
1000 2235 1056 2263 Nos
1074 2240 1161 2262 autem
1186 2243 1289 2261 sensum
1314 2233 1413 2260 Christi
1437 2233 1579 2265 Itubcntus,
1600 2237 1630 2258 ut

845 2284 959 2310 sciamus
973 2290 1032 2320 qui;
1047 2290 1063 2308 α
1079 2281 1131 2308 Dea
1145 2281 1245 2307 donata
1256 2285 1316 2306 sunt
1332 2281 1416 2306 nobis.
1434 2279 1495 2306 [leo
1508 2279 1551 2305 illa
1566 2275 1639 2306 sunt'

844 2337 905 2364 qum
926 2328 1017 2355 oculus
1033 2335 1083 2354 non
1100 2327 1174 2359 vidit,
1189 2335 1236 2353 nec
1249 2327 1321 2352 auris
1340 2326 1452 2358 audivit,
1474 2333 1519 2351 nec
1540 2325 1566 2350 in
1585 2333 1630 2350 cor

844 2375 956 2402 hominis
970 2373 1152 2405 ascenderunt,
1172 2380 1229 2407 quae
1243 2371 1401 2406 prwparnvit
1432 2370 1499 2396 Deus
1525 2370 1564 2396 Itis
1585 2370 1630 2404 qui

846 2421 960 2455 diligunt
987 2419 1091 2446 eum".
1120 2418 1186 2445 Cum
1213 2418 1294 2452 igitur
1321 2417 1447 2443 Christus
1470 2416 1587 2443 animam
1602 2416 1628 2443 in

847 2466 1052 2500 intelligentiam
1078 2464 1120 2491 sui
1147 2471 1244 2490 sensus
1274 2462 1394 2494 inducit,
1424 2462 1450 2488 iu
1475 2461 1629 2488 cubiculum

848 2511 919 2546 regis
949 2510 1102 2537 introducta
1130 2508 1249 2540 dicitur,
1283 2508 1310 2534 in
1338 2515 1389 2542 quo
1423 2511 1484 2532 sunt
1516 2507 1632 2533 thesauri

847 2558 984 2592 sapientia.-
1011 2563 1042 2582 ac
1065 2555 1182 2581 scientia:
1213 2554 1272 2588 ejus
1297 2553 1492 2580 absconditi’”.
1527 2551 1631 2578 Nonni-

849 2602 884 2629 hil
905 2605 994 2628 autem
1012 2607 1128 2627 vacuum
1150 2599 1258 2626 videtur
1281 2598 1354 2633 quod
1369 2606 1431 2626 cum
1447 2598 1578 2632 potuisset
1592 2597 1632 2623 di-

847 2655 907 2675 cere
932 2655 938 2673 :
957 2645 1108 2672 Introduxit
1125 2652 1166 2671 me
1181 2651 1297 2678 sponsus
1319 2651 1405 2676 meus,
1430 2647 1477 2669 aut
1494 2642 1632 2669 fraternus

849 2701 935 2725 meus,
953 2697 999 2720 aut
1011 2691 1111 2725 aliquid
1125 2690 1290 2725 bujusmodi,
1306 2695 1334 2716 ut
1345 2689 1369 2717 ei
1386 2689 1470 2716 moris
1484 2694 1545 2721 est;
1559 2697 1631 2716 nunc

909 2798 931 2813 ⁷⁸⁸
953 2797 1023 2823 i‘s‘al.
1047 2804 1138 2826 xxxiv,
1156 2796 1181 2822 8.
1232 2795 1254 2810 ³³
1269 2795 1277 2820 l
1292 2793 1370 2821 Joan.
1388 2801 1407 2827 I,
1427 2794 1453 2821 Ι.
1490 2791 1637 2828 “Philipp.
