  <div class='ocr_page' id='page_1' title='image "/cluster/home/n/w/nwhite01/storage/ocr_20150623/13/njp.32101077772430/063.png"; bbox 0 0 1892 3050; ppageno 0'>
   <div class='ocr_carea' id='block_1_1' title="bbox 251 127 1047 156">
    <p class='ocr_par' dir='ltr' id='par_1_1' title="bbox 251 127 1047 156">
     <span class='ocr_line' id='line_1_1' title="bbox 251 127 1047 156; baseline 0 0"><span class='ocrx_word' id='word_1_1' title='bbox 251 133 285 156; x_wconf 69' lang='lat' dir='ltr'><strong>tr.)</strong></span> <span class='ocrx_word' id='word_1_2' title='bbox 800 129 962 156; x_wconf 76' lang='lat' dir='ltr'><strong>ORIGENIS</strong></span> <span class='ocrx_word' id='word_1_3' title='bbox 986 127 1020 155; x_wconf 69' lang='lat' dir='ltr'><strong>IN</strong></span> <span class='ocrx_word' id='word_1_4' title='bbox 1040 129 1047 155; x_wconf 80' lang='lat' dir='ltr'><strong>I</strong></span> 
     </span>
    </p>
   </div>
   <div class='ocr_carea' id='block_1_2' title="bbox 1089 127 1869 156">
    <p class='ocr_par' dir='ltr' id='par_1_2' title="bbox 1089 127 1869 156">
     <span class='ocr_line' id='line_1_2' title="bbox 1089 127 1869 156; baseline 0.001 -1"><span class='ocrx_word' id='word_1_5' title='bbox 1089 127 1217 155; x_wconf 70' lang='lat' dir='ltr'><strong>NTICUM</strong></span> <span class='ocrx_word' id='word_1_6' title='bbox 1236 127 1374 156; x_wconf 69' lang='lat' dir='ltr'><strong>CANTIC.</strong></span> <span class='ocrx_word' id='word_1_7' title='bbox 1826 129 1869 156; x_wconf 76' lang='lat' dir='ltr'><strong>illo</strong></span> 
     </span>
    </p>
   </div>
   <div class='ocr_carea' id='block_1_3' title="bbox 251 188 1869 225">
    <p class='ocr_par' dir='ltr' id='par_1_3' title="bbox 251 188 1869 225">
     <span class='ocr_line' id='line_1_3' title="bbox 251 188 1869 225; baseline -0.001 -9"><span class='ocrx_word' id='word_1_8' title='bbox 251 190 315 224; x_wconf 90' lang='lat' dir='ltr'><strong>quia</strong></span> <span class='ocrx_word' id='word_1_9' title='bbox 335 190 492 218; x_wconf 84' lang='lat' dir='ltr'><strong>cubiculum</strong></span> <span class='ocrx_word' id='word_1_10' title='bbox 508 190 615 218; x_wconf 85' lang='lat' dir='ltr'><strong>dictura</strong></span> <span class='ocrx_word' id='word_1_11' title='bbox 633 196 702 224; x_wconf 84' lang='lat' dir='ltr'><strong>erat,</strong></span> <span class='ocrx_word' id='word_1_12' title='bbox 730 191 801 225; x_wconf 71' lang='lat' dir='ltr'><strong>regis</strong></span> <span class='ocrx_word' id='word_1_13' title='bbox 815 190 914 217; x_wconf 75' lang='lat' dir='ltr'><strong>dixerit</strong></span> <span class='ocrx_word' id='word_1_14' title='bbox 927 190 1041 216; x_wconf 86' lang='lat' dir='ltr'><strong>cubicu-</strong></span> <span class='ocrx_word' id='word_1_15' title='bbox 1056 195 1076 222; x_wconf 85' lang='grc' dir='ltr'><strong>Λ</strong></span> <span class='ocrx_word' id='word_1_16' title='bbox 1092 189 1254 223; x_wconf 89' lang='lat' dir='ltr'><strong>optantium,</strong></span> <span class='ocrx_word' id='word_1_17' title='bbox 1279 193 1306 216; x_wconf 92' lang='lat' dir='ltr'><strong>ct</strong></span> <span class='ocrx_word' id='word_1_18' title='bbox 1329 188 1478 223; x_wconf 85' lang='lat' dir='ltr'><strong>petentium</strong></span> <span class='ocrx_word' id='word_1_19' title='bbox 1493 196 1508 215; x_wconf 86' lang='lat' dir='ltr'><strong>a</strong></span> <span class='ocrx_word' id='word_1_20' title='bbox 1525 195 1638 223; x_wconf 81' lang='lat' dir='ltr'><strong>sponso,</strong></span> <span class='ocrx_word' id='word_1_21' title='bbox 1654 192 1684 215; x_wconf 92' lang='lat' dir='ltr'><strong>ut</strong></span> <span class='ocrx_word' id='word_1_22' title='bbox 1700 189 1869 224; x_wconf 85' lang='lat' dir='ltr'><strong>quemadmo-</strong></span> 
     </span>
    </p>
   </div>
   <div class='ocr_carea' id='block_1_4' title="bbox 252 235 1042 272">
    <p class='ocr_par' dir='ltr' id='par_1_4' title="bbox 252 235 1042 272">
     <span class='ocr_line' id='line_1_4' title="bbox 252 235 1042 272; baseline 0.003 -11"><span class='ocrx_word' id='word_1_23' title='bbox 252 235 319 267; x_wconf 83' lang='lat' dir='ltr'><strong>lmn,</strong></span> <span class='ocrx_word' id='word_1_24' title='bbox 334 240 361 263; x_wconf 83' lang='lat' dir='ltr'><strong>et</strong></span> <span class='ocrx_word' id='word_1_25' title='bbox 382 244 435 263; x_wconf 91' lang='lat' dir='ltr'><strong>non</strong></span> <span class='ocrx_word' id='word_1_26' title='bbox 459 237 533 264; x_wconf 94' lang='lat' dir='ltr'><strong>aliud</strong></span> <span class='ocrx_word' id='word_1_27' title='bbox 553 245 651 264; x_wconf 88' lang='lat' dir='ltr'><strong>nomen</strong></span> <span class='ocrx_word' id='word_1_28' title='bbox 677 237 808 272; x_wconf 94' lang='lat' dir='ltr'><strong>posuerit,</strong></span> <span class='ocrx_word' id='word_1_29' title='bbox 832 237 858 262; x_wconf 91' lang='lat' dir='ltr'><strong>in</strong></span> <span class='ocrx_word' id='word_1_30' title='bbox 877 244 932 271; x_wconf 87' lang='lat' dir='ltr'><strong>quo</strong></span> <span class='ocrx_word' id='word_1_31' title='bbox 950 240 1042 271; x_wconf 78' lang='lat' dir='ltr'><strong>posset</strong></span> 
     </span>
    </p>
   </div>
   <div class='ocr_carea' id='block_1_5' title="bbox 254 280 1044 317">
    <p class='ocr_par' dir='ltr' id='par_1_5' title="bbox 254 280 1044 317">
     <span class='ocr_line' id='line_1_5' title="bbox 254 280 1044 317; baseline 0.001 -10"><span class='ocrx_word' id='word_1_32' title='bbox 254 280 379 309; x_wconf 79' lang='lat' dir='ltr'><strong>fortassis</strong></span> <span class='ocrx_word' id='word_1_33' title='bbox 395 281 495 317; x_wconf 84' lang='lat' dir='ltr'><strong>aliquis</strong></span> <span class='ocrx_word' id='word_1_34' title='bbox 508 283 589 310; x_wconf 88' lang='lat' dir='ltr'><strong>etiam</strong></span> <span class='ocrx_word' id='word_1_35' title='bbox 603 283 748 310; x_wconf 89' lang='lat' dir='ltr'><strong>mediocris</strong></span> <span class='ocrx_word' id='word_1_36' title='bbox 765 282 887 316; x_wconf 79' lang='lat' dir='ltr'><strong>intelligi.</strong></span> <span class='ocrx_word' id='word_1_37' title='bbox 911 281 963 308; x_wconf 90' lang='lat' dir='ltr'><strong>Sed</strong></span> <span class='ocrx_word' id='word_1_38' title='bbox 983 289 1044 316; x_wconf 90' lang='lat' dir='ltr'><strong>pro-</strong></span> 
     </span>
    </p>
   </div>
   <div class='ocr_carea' id='block_1_6' title="bbox 254 328 1044 363">
    <p class='ocr_par' dir='ltr' id='par_1_6' title="bbox 254 328 1044 363">
     <span class='ocr_line' id='line_1_6' title="bbox 254 328 1044 363; baseline 0.003 -10"><span class='ocrx_word' id='word_1_39' title='bbox 254 333 345 361; x_wconf 80' lang='lat' dir='ltr'><strong>pterea</strong></span> <span class='ocrx_word' id='word_1_40' title='bbox 360 329 480 355; x_wconf 77' lang='lat' dir='ltr'><strong>arbitror</strong></span> <span class='ocrx_word' id='word_1_41' title='bbox 494 329 520 355; x_wconf 91' lang='lat' dir='ltr'><strong>in</strong></span> <span class='ocrx_word' id='word_1_42' title='bbox 538 329 579 356; x_wconf 87' lang='lat' dir='ltr'><strong>his</strong></span> <span class='ocrx_word' id='word_1_43' title='bbox 597 337 685 363; x_wconf 79' lang='lat' dir='ltr'><strong>regem</strong></span> <span class='ocrx_word' id='word_1_44' title='bbox 711 328 891 360; x_wconf 88' lang='lat' dir='ltr'><strong>nominatum,</strong></span> <span class='ocrx_word' id='word_1_45' title='bbox 907 332 936 355; x_wconf 86' lang='lat' dir='ltr'><strong>ut</strong></span> <span class='ocrx_word' id='word_1_46' title='bbox 955 334 1044 355; x_wconf 87' lang='lat' dir='ltr'><strong>osten-</strong></span> 
     </span>
    </p>
   </div>
   <div class='ocr_carea' id='block_1_7' title="bbox 253 373 1043 408">
    <p class='ocr_par' dir='ltr' id='par_1_7' title="bbox 253 373 1043 408">
     <span class='ocr_line' id='line_1_7' title="bbox 253 373 1043 408; baseline 0.003 -10"><span class='ocrx_word' id='word_1_47' title='bbox 253 373 363 400; x_wconf 88' lang='lat' dir='ltr'><strong>deretur</strong></span> <span class='ocrx_word' id='word_1_48' title='bbox 378 381 425 408; x_wconf 77' lang='lat' dir='ltr'><strong>per</strong></span> <span class='ocrx_word' id='word_1_49' title='bbox 441 374 492 400; x_wconf 89' lang='lat' dir='ltr'><strong>hoc</strong></span> <span class='ocrx_word' id='word_1_50' title='bbox 509 381 608 400; x_wconf 80' lang='lat' dir='ltr'><strong>nomen</strong></span> <span class='ocrx_word' id='word_1_51' title='bbox 623 374 754 408; x_wconf 75' lang='lat' dir='ltr'><strong>praulivcs</strong></span> <span class='ocrx_word' id='word_1_52' title='bbox 766 373 934 406; x_wconf 87' lang='lat' dir='ltr'><strong>cubiculum,</strong></span> <span class='ocrx_word' id='word_1_53' title='bbox 949 377 1043 408; x_wconf 89' lang='lat' dir='ltr'><strong>utpote</strong></span> 
     </span>
    </p>
   </div>
   <div class='ocr_carea' id='block_1_8' title="bbox 254 418 1041 454">
    <p class='ocr_par' dir='ltr' id='par_1_8' title="bbox 254 418 1041 454">
     <span class='ocr_line' id='line_1_8' title="bbox 254 418 1041 454; baseline 0.004 -11"><span class='ocrx_word' id='word_1_54' title='bbox 254 418 371 453; x_wconf 77' lang='lat' dir='ltr'><strong>regim‘n,</strong></span> <span class='ocrx_word' id='word_1_55' title='bbox 387 424 414 446; x_wconf 84' lang='lat' dir='ltr'><strong>et</strong></span> <span class='ocrx_word' id='word_1_56' title='bbox 428 419 522 446; x_wconf 88' lang='lat' dir='ltr'><strong>multis</strong></span> <span class='ocrx_word' id='word_1_57' title='bbox 537 424 618 454; x_wconf 91' lang='lat' dir='ltr'><strong>atque</strong></span> <span class='ocrx_word' id='word_1_58' title='bbox 634 420 774 447; x_wconf 76' lang='lat' dir='ltr'><strong>immensis</strong></span> <span class='ocrx_word' id='word_1_59' title='bbox 787 420 885 454; x_wconf 90' lang='lat' dir='ltr'><strong>opibus</strong></span> <span class='ocrx_word' id='word_1_60' title='bbox 899 420 1041 454; x_wconf 86' lang='lat' dir='ltr'><strong>repletum.</strong></span> 
     </span>
    </p>
   </div>
   <div class='ocr_carea' id='block_1_9' title="bbox 255 464 1042 501">
    <p class='ocr_par' dir='ltr' id='par_1_9' title="bbox 255 464 1042 501">
     <span class='ocr_line' id='line_1_9' title="bbox 255 464 1042 501; baseline 0.001 -9"><span class='ocrx_word' id='word_1_61' title='bbox 255 464 343 500; x_wconf 88' lang='lat' dir='ltr'><strong>Prope</strong></span> <span class='ocrx_word' id='word_1_62' title='bbox 361 466 433 494; x_wconf 88' lang='lat' dir='ltr'><strong>hunc</strong></span> <span class='ocrx_word' id='word_1_63' title='bbox 448 467 560 494; x_wconf 92' lang='lat' dir='ltr'><strong>omnino</strong></span> <span class='ocrx_word' id='word_1_64' title='bbox 584 466 650 492; x_wconf 89' lang='lat' dir='ltr'><strong>mihi</strong></span> <span class='ocrx_word' id='word_1_65' title='bbox 667 466 775 493; x_wconf 84' lang='lat' dir='ltr'><strong>videtur</strong></span> <span class='ocrx_word' id='word_1_66' title='bbox 792 466 876 493; x_wconf 80' lang='lat' dir='ltr'><strong>fuisse</strong></span> <span class='ocrx_word' id='word_1_67' title='bbox 891 470 918 493; x_wconf 90' lang='lat' dir='ltr'><strong>et</strong></span> <span class='ocrx_word' id='word_1_68' title='bbox 932 466 976 493; x_wconf 88' lang='lat' dir='ltr'><strong>ille</strong></span> <span class='ocrx_word' id='word_1_69' title='bbox 995 467 1042 501; x_wconf 90' lang='lat' dir='ltr'><strong>qui</strong></span> 
     </span>
    </p>
   </div>
   <div class='ocr_carea' id='block_1_10' title="bbox 253 511 1044 546">
    <p class='ocr_par' dir='ltr' id='par_1_10' title="bbox 253 511 1044 546">
     <span class='ocr_line' id='line_1_10' title="bbox 253 511 1044 546; baseline 0.003 -9"><span class='ocrx_word' id='word_1_70' title='bbox 253 511 322 538; x_wconf 77' lang='lat' dir='ltr'><strong>dixit</strong></span> <span class='ocrx_word' id='word_1_71' title='bbox 338 517 444 546; x_wconf 89' lang='lat' dir='ltr'><strong>raptum</strong></span> <span class='ocrx_word' id='word_1_72' title='bbox 468 520 496 539; x_wconf 86' lang='lat' dir='ltr'><strong>se</strong></span> <span class='ocrx_word' id='word_1_73' title='bbox 510 520 570 540; x_wconf 87' lang='lat' dir='ltr'><strong>esse</strong></span> <span class='ocrx_word' id='word_1_74' title='bbox 591 520 677 546; x_wconf 87' lang='lat' dir='ltr'><strong>usque</strong></span> <span class='ocrx_word' id='word_1_75' title='bbox 693 511 727 538; x_wconf 86' lang='lat' dir='ltr'><strong>ad</strong></span> <span class='ocrx_word' id='word_1_76' title='bbox 745 512 853 538; x_wconf 88' lang='lat' dir='ltr'><strong>tertitnn</strong></span> <span class='ocrx_word' id='word_1_77' title='bbox 876 512 976 539; x_wconf 60' lang='lat' dir='ltr'><strong>coelum</strong></span> <span class='ocrx_word' id='word_1_78' title='bbox 988 532 995 545; x_wconf 94' lang='lat'><strong>,</strong></span> <span class='ocrx_word' id='word_1_79' title='bbox 1017 517 1044 539; x_wconf 89' lang='lat' dir='ltr'><strong>et</strong></span> 
     </span>
    </p>
   </div>
   <div class='ocr_carea' id='block_1_11' title="bbox 255 557 1043 592">
    <p class='ocr_par' dir='ltr' id='par_1_11' title="bbox 255 557 1043 592">
     <span class='ocr_line' id='line_1_11' title="bbox 255 557 1043 592; baseline 0.001 -8"><span class='ocrx_word' id='word_1_80' title='bbox 255 558 317 584; x_wconf 89' lang='lat' dir='ltr'><strong>inde</strong></span> <span class='ocrx_word' id='word_1_81' title='bbox 330 558 357 584; x_wconf 94' lang='lat' dir='ltr'><strong>in</strong></span> <span class='ocrx_word' id='word_1_82' title='bbox 373 558 539 592; x_wconf 80' lang='lat' dir='ltr'><strong>paradisum,</strong></span> <span class='ocrx_word' id='word_1_83' title='bbox 554 562 579 584; x_wconf 92' lang='lat' dir='ltr'><strong>et</strong></span> <span class='ocrx_word' id='word_1_84' title='bbox 596 558 706 584; x_wconf 78' lang='lat' dir='ltr'><strong>audisse</strong></span> <span class='ocrx_word' id='word_1_85' title='bbox 723 557 805 584; x_wconf 89' lang='lat' dir='ltr'><strong>verba</strong></span> <span class='ocrx_word' id='word_1_86' title='bbox 820 557 967 584; x_wconf 76' lang='lat' dir='ltr'><strong>iuell‘abilia</strong></span> <span class='ocrx_word' id='word_1_87' title='bbox 982 565 1043 591; x_wconf 69' lang='lat' dir='ltr'><strong>quae</strong></span> 
     </span>
    </p>
   </div>
   <div class='ocr_carea' id='block_1_12' title="bbox 253 600 1042 636">
    <p class='ocr_par' dir='ltr' id='par_1_12' title="bbox 253 600 1042 636">
     <span class='ocr_line' id='line_1_12' title="bbox 253 600 1042 636; baseline 0.004 -10"><span class='ocrx_word' id='word_1_88' title='bbox 253 608 307 627; x_wconf 91' lang='lat' dir='ltr'><strong>non</strong></span> <span class='ocrx_word' id='word_1_89' title='bbox 323 600 384 627; x_wconf 88' lang='lat' dir='ltr'><strong>licet</strong></span> <span class='ocrx_word' id='word_1_90' title='bbox 397 601 498 628; x_wconf 85' lang='lat' dir='ltr'><strong>homini</strong></span> <span class='ocrx_word' id='word_1_91' title='bbox 514 601 587 635; x_wconf 81' lang='lat' dir='ltr'><strong>loqui</strong></span> <span class='ocrx_word' id='word_1_92' title='bbox 601 601 633 629; x_wconf 86' lang='lat'><strong>&quot;.</strong></span> <span class='ocrx_word' id='word_1_93' title='bbox 649 601 718 634; x_wconf 86' lang='lat' dir='ltr'><strong>Quid</strong></span> <span class='ocrx_word' id='word_1_94' title='bbox 738 602 810 628; x_wconf 90' lang='lat' dir='ltr'><strong>enim</strong></span> <span class='ocrx_word' id='word_1_95' title='bbox 826 608 904 636; x_wconf 86' lang='lat' dir='ltr'><strong>putas</strong></span> <span class='ocrx_word' id='word_1_96' title='bbox 918 610 979 629; x_wconf 91' lang='lat' dir='ltr'><strong>esse</strong></span> <span class='ocrx_word' id='word_1_97' title='bbox 997 602 1042 629; x_wconf 88' lang='lat' dir='ltr'><strong>illa</strong></span> 
     </span>
    </p>
   </div>
   <div class='ocr_carea' id='block_1_13' title="bbox 253 646 1043 683">
    <p class='ocr_par' dir='ltr' id='par_1_13' title="bbox 253 646 1043 683">
     <span class='ocr_line' id='line_1_13' title="bbox 253 646 1043 683; baseline 0.004 -11"><span class='ocrx_word' id='word_1_98' title='bbox 253 646 333 673; x_wconf 76' lang='lat' dir='ltr'><strong>Verba</strong></span> <span class='ocrx_word' id='word_1_99' title='bbox 346 654 406 680; x_wconf 72' lang='lat' dir='ltr'><strong>qua:</strong></span> <span class='ocrx_word' id='word_1_100' title='bbox 414 647 536 674; x_wconf 72' lang='lat' dir='ltr'><strong>audivit?</strong></span> <span class='ocrx_word' id='word_1_101' title='bbox 550 647 668 675; x_wconf 89' lang='lat' dir='ltr'><strong>Nonuea</strong></span> <span class='ocrx_word' id='word_1_102' title='bbox 682 656 742 683; x_wconf 79' lang='lat' dir='ltr'><strong>rege</strong></span> <span class='ocrx_word' id='word_1_103' title='bbox 751 648 868 675; x_wconf 79' lang='lat' dir='ltr'><strong>audivit?</strong></span> <span class='ocrx_word' id='word_1_104' title='bbox 883 647 915 675; x_wconf 84' lang='lat' dir='ltr'><strong>Et</strong></span> <span class='ocrx_word' id='word_1_105' title='bbox 927 648 953 675; x_wconf 92' lang='lat' dir='ltr'><strong>in</strong></span> <span class='ocrx_word' id='word_1_106' title='bbox 965 648 1043 676; x_wconf 90' lang='lat' dir='ltr'><strong>cubi-</strong></span> 
     </span>
    </p>
   </div>
   <div class='ocr_carea' id='block_1_14' title="bbox 251 691 1041 728">
    <p class='ocr_par' dir='ltr' id='par_1_14' title="bbox 251 691 1041 728">
     <span class='ocr_line' id='line_1_14' title="bbox 251 691 1041 728; baseline 0.005 -10"><span class='ocrx_word' id='word_1_107' title='bbox 251 691 327 723; x_wconf 86' lang='lat' dir='ltr'><strong>culo.</strong></span> <span class='ocrx_word' id='word_1_108' title='bbox 343 696 370 719; x_wconf 88' lang='lat' dir='ltr'><strong>et</strong></span> <span class='ocrx_word' id='word_1_109' title='bbox 384 700 465 727; x_wconf 86' lang='lat' dir='ltr'><strong>prope</strong></span> <span class='ocrx_word' id='word_1_110' title='bbox 478 693 637 720; x_wconf 86' lang='lat' dir='ltr'><strong>cubiculum</strong></span> <span class='ocrx_word' id='word_1_111' title='bbox 650 694 754 728; x_wconf 89' lang='lat' dir='ltr'><strong>positus</strong></span> <span class='ocrx_word' id='word_1_112' title='bbox 766 693 930 721; x_wconf 81' lang='lat' dir='ltr'><strong>audivit?Et</strong></span> <span class='ocrx_word' id='word_1_113' title='bbox 941 702 1019 722; x_wconf 87' lang='lat' dir='ltr'><strong>erant</strong></span> <span class='ocrx_word' id='word_1_114' title='bbox 1033 715 1041 728; x_wconf 82' lang='lat'><strong>,</strong></span> 
     </span>
    </p>
   </div>
   <div class='ocr_carea' id='block_1_15' title="bbox 250 736 1044 773">
    <p class='ocr_par' dir='ltr' id='par_1_15' title="bbox 250 736 1044 773">
     <span class='ocr_line' id='line_1_15' title="bbox 250 736 1044 773; baseline 0.005 -11"><span class='ocrx_word' id='word_1_115' title='bbox 250 736 344 769; x_wconf 87' lang='lat' dir='ltr'><strong>credo,</strong></span> <span class='ocrx_word' id='word_1_116' title='bbox 367 737 412 763; x_wconf 90' lang='lat' dir='ltr'><strong>illa</strong></span> <span class='ocrx_word' id='word_1_117' title='bbox 430 737 512 764; x_wconf 89' lang='lat' dir='ltr'><strong>verba</strong></span> <span class='ocrx_word' id='word_1_118' title='bbox 531 738 596 764; x_wconf 89' lang='lat' dir='ltr'><strong>talia</strong></span> <span class='ocrx_word' id='word_1_119' title='bbox 614 738 750 772; x_wconf 70' lang='lat' dir='ltr'><strong>quaedam,</strong></span> <span class='ocrx_word' id='word_1_120' title='bbox 779 746 841 773; x_wconf 72' lang='lat' dir='ltr'><strong>qua:</strong></span> <span class='ocrx_word' id='word_1_121' title='bbox 867 739 1044 766; x_wconf 85' lang='lat' dir='ltr'><strong>hortarentur</strong></span> 
     </span>
    </p>
   </div>
   <div class='ocr_carea' id='block_1_16' title="bbox 250 782 1042 818">
    <p class='ocr_par' dir='ltr' id='par_1_16' title="bbox 250 782 1042 818">
     <span class='ocr_line' id='line_1_16' title="bbox 250 782 1042 818; baseline 0.005 -10"><span class='ocrx_word' id='word_1_122' title='bbox 250 789 313 808; x_wconf 89' lang='lat' dir='ltr'><strong>eum</strong></span> <span class='ocrx_word' id='word_1_123' title='bbox 341 782 374 809; x_wconf 85' lang='lat' dir='ltr'><strong>ad</strong></span> <span class='ocrx_word' id='word_1_124' title='bbox 402 783 534 817; x_wconf 80' lang='lat' dir='ltr'><strong>majorem</strong></span> <span class='ocrx_word' id='word_1_125' title='bbox 564 782 737 818; x_wconf 84' lang='lat' dir='ltr'><strong>profectum,</strong></span> <span class='ocrx_word' id='word_1_126' title='bbox 762 789 788 811; x_wconf 91' lang='lat' dir='ltr'><strong>ct</strong></span> <span class='ocrx_word' id='word_1_127' title='bbox 805 784 992 818; x_wconf 85' lang='lat' dir='ltr'><strong>promitterent</strong></span> <span class='ocrx_word' id='word_1_128' title='bbox 1017 785 1042 812; x_wconf 91' lang='lat' dir='ltr'><strong>ei</strong></span> 
     </span>
    </p>
   </div>
   <div class='ocr_carea' id='block_1_17' title="bbox 251 828 1043 866">
    <p class='ocr_par' dir='ltr' id='par_1_17' title="bbox 251 828 1043 866">
     <span class='ocr_line' id='line_1_17' title="bbox 251 828 1043 866; baseline 0.008 -13"><span class='ocrx_word' id='word_1_129' title='bbox 251 828 325 861; x_wconf 89' lang='lat' dir='ltr'><strong>quod</strong></span> <span class='ocrx_word' id='word_1_130' title='bbox 343 828 366 854; x_wconf 87' lang='lat' dir='ltr'><strong>si</strong></span> <span class='ocrx_word' id='word_1_131' title='bbox 381 833 569 862; x_wconf 80' lang='lat' dir='ltr'><strong>perseveraret</strong></span> <span class='ocrx_word' id='word_1_132' title='bbox 583 837 670 864; x_wconf 90' lang='lat' dir='ltr'><strong>usque</strong></span> <span class='ocrx_word' id='word_1_133' title='bbox 685 830 712 856; x_wconf 93' lang='lat' dir='ltr'><strong>in</strong></span> <span class='ocrx_word' id='word_1_134' title='bbox 730 830 822 862; x_wconf 87' lang='lat' dir='ltr'><strong>linem,</strong></span> <span class='ocrx_word' id='word_1_135' title='bbox 835 835 860 857; x_wconf 90' lang='lat' dir='ltr'><strong>el</strong></span> <span class='ocrx_word' id='word_1_136' title='bbox 878 831 935 865; x_wconf 89' lang='lat' dir='ltr'><strong>ipse</strong></span> <span class='ocrx_word' id='word_1_137' title='bbox 952 836 1043 866; x_wconf 90' lang='lat' dir='ltr'><strong>posset</strong></span> 
     </span>
    </p>
   </div>
   <div class='ocr_carea' id='block_1_18' title="bbox 253 873 1042 912">
    <p class='ocr_par' dir='ltr' id='par_1_18' title="bbox 253 873 1042 912">
     <span class='ocr_line' id='line_1_18' title="bbox 253 873 1042 912; baseline 0.006 -13"><span class='ocrx_word' id='word_1_138' title='bbox 253 873 357 900; x_wconf 86' lang='lat' dir='ltr'><strong>intrare</strong></span> <span class='ocrx_word' id='word_1_139' title='bbox 377 874 546 907; x_wconf 86' lang='lat' dir='ltr'><strong>cubiculum,</strong></span> <span class='ocrx_word' id='word_1_140' title='bbox 565 876 716 902; x_wconf 90' lang='lat' dir='ltr'><strong>secundum</strong></span> <span class='ocrx_word' id='word_1_141' title='bbox 735 876 807 903; x_wconf 80' lang='lat' dir='ltr'><strong>istud</strong></span> <span class='ocrx_word' id='word_1_142' title='bbox 823 877 895 910; x_wconf 90' lang='lat' dir='ltr'><strong>quod</strong></span> <span class='ocrx_word' id='word_1_143' title='bbox 918 885 965 911; x_wconf 90' lang='lat' dir='ltr'><strong>per</strong></span> <span class='ocrx_word' id='word_1_144' title='bbox 983 885 1042 912; x_wconf 90' lang='lat' dir='ltr'><strong>pro-</strong></span> 
     </span>
    </p>
   </div>
   <div class='ocr_carea' id='block_1_19' title="bbox 252 921 1043 956">
    <p class='ocr_par' dir='ltr' id='par_1_19' title="bbox 252 921 1043 956">
     <span class='ocr_line' id='line_1_19' title="bbox 252 921 1043 956; baseline 0.006 -10"><span class='ocrx_word' id='word_1_145' title='bbox 252 921 362 954; x_wconf 86' lang='lat' dir='ltr'><strong>phetam</strong></span> <span class='ocrx_word' id='word_1_146' title='bbox 376 928 486 955; x_wconf 89' lang='lat' dir='ltr'><strong>quoque</strong></span> <span class='ocrx_word' id='word_1_147' title='bbox 500 921 668 956; x_wconf 79' lang='lat' dir='ltr'><strong>promittitur</strong></span> <span class='ocrx_word' id='word_1_148' title='bbox 683 931 689 949; x_wconf 90' lang='lat'><strong>:</strong></span> <span class='ocrx_word' id='word_1_149' title='bbox 705 921 777 949; x_wconf 82' lang='lat' dir='ltr'><strong>Dabo</strong></span> <span class='ocrx_word' id='word_1_150' title='bbox 790 923 837 949; x_wconf 86' lang='lat' dir='ltr'><strong>tibi</strong></span> <span class='ocrx_word' id='word_1_151' title='bbox 851 923 987 951; x_wconf 72' lang='lat' dir='ltr'><strong>thesauros</strong></span> <span class='ocrx_word' id='word_1_152' title='bbox 997 924 1043 951; x_wconf 89' lang='lat' dir='ltr'><strong>ob-</strong></span> 
     </span>
    </p>
   </div>
   <div class='ocr_carea' id='block_1_20' title="bbox 252 966 1043 1005">
    <p class='ocr_par' dir='ltr' id='par_1_20' title="bbox 252 966 1043 1005">
     <span class='ocr_line' id='line_1_20' title="bbox 252 966 1043 1005; baseline 0.008 -14"><span class='ocrx_word' id='word_1_153' title='bbox 252 973 355 997; x_wconf 74' lang='lat' dir='ltr'><strong>scuros,</strong></span> <span class='ocrx_word' id='word_1_154' title='bbox 374 966 501 998; x_wconf 76' lang='lat' dir='ltr'><strong>occultos,</strong></span> <span class='ocrx_word' id='word_1_155' title='bbox 521 967 677 994; x_wconf 70' lang='lat' dir='ltr'><strong>invisibiles.</strong></span> <span class='ocrx_word' id='word_1_156' title='bbox 693 969 817 1003; x_wconf 76' lang='lat' dir='ltr'><strong>Aperiunt</strong></span> <span class='ocrx_word' id='word_1_157' title='bbox 832 969 879 996; x_wconf 83' lang='lat' dir='ltr'><strong>tibi</strong></span> <span class='ocrx_word' id='word_1_158' title='bbox 897 976 924 996; x_wconf 86' lang='lat' dir='ltr'><strong>ut</strong></span> <span class='ocrx_word' id='word_1_159' title='bbox 947 977 1043 1005; x_wconf 77' lang='lat' dir='ltr'><strong>cogno-</strong></span> 
     </span>
    </p>
   </div>
   <div class='ocr_carea' id='block_1_21' title="bbox 252 1012 1043 1050">
    <p class='ocr_par' dir='ltr' id='par_1_21' title="bbox 252 1012 1043 1050">
     <span class='ocr_line' id='line_1_21' title="bbox 252 1012 1043 1050; baseline 0.006 -13"><span class='ocrx_word' id='word_1_160' title='bbox 252 1020 311 1038; x_wconf 82' lang='lat' dir='ltr'><strong>scas</strong></span> <span class='ocrx_word' id='word_1_161' title='bbox 333 1012 396 1046; x_wconf 81' lang='lat' dir='ltr'><strong>quia</strong></span> <span class='ocrx_word' id='word_1_162' title='bbox 419 1021 465 1047; x_wconf 82' lang='lat' dir='ltr'><strong>ego</strong></span> <span class='ocrx_word' id='word_1_163' title='bbox 488 1021 548 1039; x_wconf 82' lang='lat' dir='ltr'><strong>sunt</strong></span> <span class='ocrx_word' id='word_1_164' title='bbox 570 1013 699 1040; x_wconf 84' lang='lat' dir='ltr'><strong>Dominus</strong></span> <span class='ocrx_word' id='word_1_165' title='bbox 717 1013 786 1041; x_wconf 83' lang='lat' dir='ltr'><strong>Deus</strong></span> <span class='ocrx_word' id='word_1_166' title='bbox 811 1019 871 1041; x_wconf 89' lang='lat' dir='ltr'><strong>tuus</strong></span> <span class='ocrx_word' id='word_1_167' title='bbox 886 1015 930 1050; x_wconf 86' lang='lat' dir='ltr'><strong>qui</strong></span> <span class='ocrx_word' id='word_1_168' title='bbox 954 1016 1043 1043; x_wconf 75' lang='lat' dir='ltr'><strong>vocavi</strong></span> 
     </span>
    </p>
   </div>
   <div class='ocr_carea' id='block_1_22' title="bbox 252 1057 1043 1096">
    <p class='ocr_par' dir='ltr' id='par_1_22' title="bbox 252 1057 1043 1096">
     <span class='ocr_line' id='line_1_22' title="bbox 252 1057 1043 1096; baseline 0.008 -13"><span class='ocrx_word' id='word_1_169' title='bbox 252 1065 346 1084; x_wconf 82' lang='lat' dir='ltr'><strong>nomen</strong></span> <span class='ocrx_word' id='word_1_170' title='bbox 369 1062 442 1085; x_wconf 84' lang='lat' dir='ltr'><strong>tuum</strong></span> <span class='ocrx_word' id='word_1_171' title='bbox 465 1057 551 1086; x_wconf 84' lang='lat' dir='ltr'><strong>Israel</strong></span> <span class='ocrx_word' id='word_1_172' title='bbox 570 1059 602 1086; x_wconf 73' lang='grc'><strong>³⁸.</strong></span> <span class='ocrx_word' id='word_1_173' title='bbox 627 1059 748 1087; x_wconf 87' lang='lat' dir='ltr'><strong>Currunt</strong></span> <span class='ocrx_word' id='word_1_174' title='bbox 763 1068 829 1096; x_wconf 76' lang='lat' dir='ltr'><strong>ergo</strong></span> <span class='ocrx_word' id='word_1_175' title='bbox 853 1062 1043 1089; x_wconf 83' lang='lat' dir='ltr'><strong>adolescentu-</strong></span> 
     </span>
    </p>
   </div>
   <div class='ocr_carea' id='block_1_23' title="bbox 253 1103 1044 1143">
    <p class='ocr_par' dir='ltr' id='par_1_23' title="bbox 253 1103 1044 1143">
     <span class='ocr_line' id='line_1_23' title="bbox 253 1103 1044 1143; baseline 0.005 -13"><span class='ocrx_word' id='word_1_176' title='bbox 253 1103 285 1131; x_wconf 73' lang='lat' dir='ltr'><strong>lz</strong></span> <span class='ocrx_word' id='word_1_177' title='bbox 315 1109 373 1139; x_wconf 86' lang='lat' dir='ltr'><strong>post</strong></span> <span class='ocrx_word' id='word_1_178' title='bbox 401 1104 510 1140; x_wconf 85' lang='lat' dir='ltr'><strong>ipsum,</strong></span> <span class='ocrx_word' id='word_1_179' title='bbox 544 1110 571 1133; x_wconf 87' lang='lat' dir='ltr'><strong>et</strong></span> <span class='ocrx_word' id='word_1_180' title='bbox 597 1105 624 1133; x_wconf 91' lang='lat' dir='ltr'><strong>in</strong></span> <span class='ocrx_word' id='word_1_181' title='bbox 662 1106 773 1134; x_wconf 89' lang='lat' dir='ltr'><strong>odorem</strong></span> <span class='ocrx_word' id='word_1_182' title='bbox 802 1107 880 1142; x_wconf 85' lang='lat' dir='ltr'><strong>ejus,</strong></span> <span class='ocrx_word' id='word_1_183' title='bbox 913 1116 1044 1143; x_wconf 66' lang='lat' dir='ltr'><strong>unaquae-</strong></span> 
     </span>
    </p>
   </div>
   <div class='ocr_carea' id='block_1_24' title="bbox 251 1151 1043 1186">
    <p class='ocr_par' dir='ltr' id='par_1_24' title="bbox 251 1151 1043 1186">
     <span class='ocr_line' id='line_1_24' title="bbox 251 1151 1043 1186; baseline 0.005 -10"><span class='ocrx_word' id='word_1_184' title='bbox 251 1157 304 1184; x_wconf 85' lang='lat' dir='ltr'><strong>que</strong></span> <span class='ocrx_word' id='word_1_185' title='bbox 327 1154 417 1177; x_wconf 90' lang='lat' dir='ltr'><strong>tamen</strong></span> <span class='ocrx_word' id='word_1_186' title='bbox 441 1159 489 1186; x_wconf 88' lang='lat' dir='ltr'><strong>pro</strong></span> <span class='ocrx_word' id='word_1_187' title='bbox 507 1151 622 1184; x_wconf 80' lang='lat' dir='ltr'><strong>viribus,</strong></span> <span class='ocrx_word' id='word_1_188' title='bbox 641 1151 693 1179; x_wconf 88' lang='lat' dir='ltr'><strong>alia</strong></span> <span class='ocrx_word' id='word_1_189' title='bbox 709 1152 818 1186; x_wconf 87' lang='lat' dir='ltr'><strong>quidem</strong></span> <span class='ocrx_word' id='word_1_190' title='bbox 841 1153 971 1185; x_wconf 88' lang='lat' dir='ltr'><strong>velocius,</strong></span> <span class='ocrx_word' id='word_1_191' title='bbox 990 1153 1043 1181; x_wconf 88' lang='lat' dir='ltr'><strong>alia</strong></span> 
     </span>
    </p>
   </div>
   <div class='ocr_carea' id='block_1_25' title="bbox 252 1195 1041 1233">
    <p class='ocr_par' dir='ltr' id='par_1_25' title="bbox 252 1195 1041 1233">
     <span class='ocr_line' id='line_1_25' title="bbox 252 1195 1041 1233; baseline 0.008 -12"><span class='ocrx_word' id='word_1_192' title='bbox 252 1195 333 1229; x_wconf 89' lang='lat' dir='ltr'><strong>paulo</strong></span> <span class='ocrx_word' id='word_1_193' title='bbox 347 1195 461 1228; x_wconf 77' lang='lat' dir='ltr'><strong>tardius,</strong></span> <span class='ocrx_word' id='word_1_194' title='bbox 481 1197 532 1224; x_wconf 84' lang='lat' dir='ltr'><strong>alia</strong></span> <span class='ocrx_word' id='word_1_195' title='bbox 550 1197 633 1224; x_wconf 84' lang='lat' dir='ltr'><strong>etiam</strong></span> <span class='ocrx_word' id='word_1_196' title='bbox 646 1197 761 1226; x_wconf 83' lang='lat' dir='ltr'><strong>inferius</strong></span> <span class='ocrx_word' id='word_1_197' title='bbox 772 1199 879 1226; x_wconf 69' lang='lat' dir='ltr'><strong>ueteris</strong></span> <span class='ocrx_word' id='word_1_198' title='bbox 894 1203 922 1226; x_wconf 88' lang='lat' dir='ltr'><strong>ct</strong></span> <span class='ocrx_word' id='word_1_199' title='bbox 934 1200 1041 1233; x_wconf 88' lang='lat' dir='ltr'><strong>ultimo,</strong></span> 
     </span>
    </p>
   </div>
   <div class='ocr_carea' id='block_1_26' title="bbox 252 1241 1043 1277">
    <p class='ocr_par' dir='ltr' id='par_1_26' title="bbox 252 1241 1043 1277">
     <span class='ocr_line' id='line_1_26' title="bbox 252 1241 1043 1277; baseline 0.006 -10"><span class='ocrx_word' id='word_1_200' title='bbox 252 1241 304 1268; x_wconf 78' lang='lat' dir='ltr'><strong>alia</strong></span> <span class='ocrx_word' id='word_1_201' title='bbox 322 1242 411 1276; x_wconf 93' lang='lat' dir='ltr'><strong>primo</strong></span> <span class='ocrx_word' id='word_1_202' title='bbox 429 1242 498 1270; x_wconf 86' lang='lat' dir='ltr'><strong>loco.</strong></span> <span class='ocrx_word' id='word_1_203' title='bbox 518 1242 712 1271; x_wconf 77' lang='lat' dir='ltr'><strong>Verumtamen</strong></span> <span class='ocrx_word' id='word_1_204' title='bbox 729 1249 846 1272; x_wconf 89' lang='lat' dir='ltr'><strong>currunt</strong></span> <span class='ocrx_word' id='word_1_205' title='bbox 864 1253 978 1277; x_wconf 89' lang='lat' dir='ltr'><strong>omnes,</strong></span> <span class='ocrx_word' id='word_1_206' title='bbox 996 1247 1043 1272; x_wconf 86' lang='lat' dir='ltr'><strong>sed</strong></span> 
     </span>
    </p>
   </div>
   <div class='ocr_carea' id='block_1_27' title="bbox 252 1287 1045 1325">
    <p class='ocr_par' dir='ltr' id='par_1_27' title="bbox 252 1287 1045 1325">
     <span class='ocr_line' id='line_1_27' title="bbox 252 1287 1045 1325; baseline 0.006 -12"><span class='ocrx_word' id='word_1_207' title='bbox 252 1294 305 1314; x_wconf 86' lang='lat' dir='ltr'><strong>una</strong></span> <span class='ocrx_word' id='word_1_208' title='bbox 323 1291 365 1314; x_wconf 91' lang='lat' dir='ltr'><strong>est</strong></span> <span class='ocrx_word' id='word_1_209' title='bbox 392 1287 523 1322; x_wconf 79' lang='lat' dir='ltr'><strong>perfecta,</strong></span> <span class='ocrx_word' id='word_1_210' title='bbox 548 1296 609 1324; x_wconf 64' lang='lat' dir='ltr'><strong>qua:</strong></span> <span class='ocrx_word' id='word_1_211' title='bbox 634 1289 722 1317; x_wconf 90' lang='lat' dir='ltr'><strong>currit</strong></span> <span class='ocrx_word' id='word_1_212' title='bbox 741 1290 781 1317; x_wconf 88' lang='lat' dir='ltr'><strong>sic</strong></span> <span class='ocrx_word' id='word_1_213' title='bbox 797 1295 828 1317; x_wconf 89' lang='lat' dir='ltr'><strong>ut</strong></span> <span class='ocrx_word' id='word_1_214' title='bbox 845 1290 998 1325; x_wconf 90' lang='lat' dir='ltr'><strong>perveniret</strong></span> <span class='ocrx_word' id='word_1_215' title='bbox 1018 1295 1045 1318; x_wconf 93' lang='lat' dir='ltr'><strong>et</strong></span> 
     </span>
    </p>
   </div>
   <div class='ocr_carea' id='block_1_28' title="bbox 251 1331 1043 1369">
    <p class='ocr_par' dir='ltr' id='par_1_28' title="bbox 251 1331 1043 1369">
     <span class='ocr_line' id='line_1_28' title="bbox 251 1331 1043 1369; baseline 0.006 -12"><span class='ocrx_word' id='word_1_216' title='bbox 251 1331 311 1358; x_wconf 78' lang='lat' dir='ltr'><strong>sola</strong></span> <span class='ocrx_word' id='word_1_217' title='bbox 329 1332 465 1367; x_wconf 86' lang='lat' dir='ltr'><strong>acciperet</strong></span> <span class='ocrx_word' id='word_1_218' title='bbox 481 1333 612 1368; x_wconf 85' lang='lat' dir='ltr'><strong>palmam.</strong></span> <span class='ocrx_word' id='word_1_219' title='bbox 630 1332 693 1361; x_wconf 84' lang='lat' dir='ltr'><strong>Sola</strong></span> <span class='ocrx_word' id='word_1_220' title='bbox 708 1334 782 1361; x_wconf 89' lang='lat' dir='ltr'><strong>enim</strong></span> <span class='ocrx_word' id='word_1_221' title='bbox 807 1338 851 1362; x_wconf 87' lang='lat' dir='ltr'><strong>est</strong></span> <span class='ocrx_word' id='word_1_222' title='bbox 870 1342 932 1369; x_wconf 73' lang='lat' dir='ltr'><strong>qua:</strong></span> <span class='ocrx_word' id='word_1_223' title='bbox 952 1335 1019 1363; x_wconf 86' lang='lat' dir='ltr'><strong>dicit</strong></span> <span class='ocrx_word' id='word_1_224' title='bbox 1036 1345 1043 1362; x_wconf 93' lang='lat'>:</span> 
     </span>
    </p>
   </div>
   <div class='ocr_carea' id='block_1_29' title="bbox 254 1377 1045 1417">
    <p class='ocr_par' dir='ltr' id='par_1_29' title="bbox 254 1377 1045 1417">
     <span class='ocr_line' id='line_1_29' title="bbox 254 1377 1045 1417; baseline 0.009 -14"><span class='ocrx_word' id='word_1_225' title='bbox 254 1377 410 1405; x_wconf 78' lang='lat' dir='ltr'><strong>Introduxit</strong></span> <span class='ocrx_word' id='word_1_226' title='bbox 431 1387 471 1405; x_wconf 88' lang='lat' dir='ltr'><strong>me</strong></span> <span class='ocrx_word' id='word_1_227' title='bbox 489 1387 536 1406; x_wconf 80' lang='lat' dir='ltr'><strong>rea:</strong></span> <span class='ocrx_word' id='word_1_228' title='bbox 558 1379 584 1406; x_wconf 85' lang='lat' dir='ltr'><strong>in</strong></span> <span class='ocrx_word' id='word_1_229' title='bbox 605 1379 757 1406; x_wconf 78' lang='lat' dir='ltr'><strong>cubiculum</strong></span> <span class='ocrx_word' id='word_1_230' title='bbox 781 1389 875 1414; x_wconf 87' lang='lat' dir='ltr'><strong>suum;</strong></span> <span class='ocrx_word' id='word_1_231' title='bbox 891 1389 953 1408; x_wconf 90' lang='lat' dir='ltr'><strong>cum</strong></span> <span class='ocrx_word' id='word_1_232' title='bbox 968 1382 1045 1417; x_wconf 83' lang='lat' dir='ltr'><strong>prius</strong></span> 
     </span>
    </p>
   </div>
   <div class='ocr_carea' id='block_1_30' title="bbox 255 1422 1044 1461">
    <p class='ocr_par' dir='ltr' id='par_1_30' title="bbox 255 1422 1044 1461">
     <span class='ocr_line' id='line_1_30' title="bbox 255 1422 1044 1461; baseline 0.006 -12"><span class='ocrx_word' id='word_1_233' title='bbox 255 1430 308 1449; x_wconf 88' lang='lat' dir='ltr'><strong>non</strong></span> <span class='ocrx_word' id='word_1_234' title='bbox 324 1422 358 1450; x_wconf 90' lang='lat' dir='ltr'><strong>de</strong></span> <span class='ocrx_word' id='word_1_235' title='bbox 373 1431 403 1450; x_wconf 88' lang='lat' dir='ltr'><strong>se</strong></span> <span class='ocrx_word' id='word_1_236' title='bbox 418 1423 487 1456; x_wconf 87' lang='lat' dir='ltr'><strong>sola,</strong></span> <span class='ocrx_word' id='word_1_237' title='bbox 505 1424 551 1452; x_wconf 87' lang='lat' dir='ltr'><strong>sed</strong></span> <span class='ocrx_word' id='word_1_238' title='bbox 577 1425 610 1452; x_wconf 91' lang='lat' dir='ltr'><strong>de</strong></span> <span class='ocrx_word' id='word_1_239' title='bbox 626 1424 751 1460; x_wconf 86' lang='lat' dir='ltr'><strong>pluribus</strong></span> <span class='ocrx_word' id='word_1_240' title='bbox 765 1425 890 1460; x_wconf 72' lang='lat' dir='ltr'><strong>dixisset,</strong></span> <span class='ocrx_word' id='word_1_241' title='bbox 905 1432 964 1461; x_wconf 81' lang='lat' dir='ltr'><strong>post</strong></span> <span class='ocrx_word' id='word_1_242' title='bbox 981 1431 1005 1454; x_wconf 88' lang='lat' dir='ltr'><strong>te</strong></span> <span class='ocrx_word' id='word_1_243' title='bbox 1016 1428 1044 1455; x_wconf 67' lang='lat' dir='ltr'><strong>in</strong></span> 
     </span>
    </p>
   </div>
   <div class='ocr_carea' id='block_1_31' title="bbox 253 1467 1045 1504">
    <p class='ocr_par' dir='ltr' id='par_1_31' title="bbox 253 1467 1045 1504">
     <span class='ocr_line' id='line_1_31' title="bbox 253 1467 1045 1504; baseline 0.008 -10"><span class='ocrx_word' id='word_1_244' title='bbox 253 1467 358 1494; x_wconf 76' lang='lat' dir='ltr'><strong>odorem</strong></span> <span class='ocrx_word' id='word_1_245' title='bbox 373 1474 565 1504; x_wconf 80' lang='lat' dir='ltr'><strong>unguentorum</strong></span> <span class='ocrx_word' id='word_1_246' title='bbox 581 1475 686 1497; x_wconf 86' lang='lat' dir='ltr'><strong>tuarum</strong></span> <span class='ocrx_word' id='word_1_247' title='bbox 701 1479 846 1498; x_wconf 87' lang='lat' dir='ltr'><strong>curremus.</strong></span> <span class='ocrx_word' id='word_1_248' title='bbox 862 1471 1045 1501; x_wconf 84' lang='lat' dir='ltr'><strong>lntroducitur</strong></span> 
     </span>
    </p>
   </div>
   <div class='ocr_carea' id='block_1_32' title="bbox 253 1514 1044 1554">
    <p class='ocr_par' dir='ltr' id='par_1_32' title="bbox 253 1514 1044 1554">
     <span class='ocr_line' id='line_1_32' title="bbox 253 1514 1044 1554; baseline 0.008 -13"><span class='ocrx_word' id='word_1_249' title='bbox 253 1522 318 1549; x_wconf 77' lang='lat' dir='ltr'><strong>ergo</strong></span> <span class='ocrx_word' id='word_1_250' title='bbox 339 1514 365 1541; x_wconf 94' lang='lat' dir='ltr'><strong>in</strong></span> <span class='ocrx_word' id='word_1_251' title='bbox 385 1515 542 1543; x_wconf 87' lang='lat' dir='ltr'><strong>cubiculum</strong></span> <span class='ocrx_word' id='word_1_252' title='bbox 562 1516 645 1551; x_wconf 75' lang='lat' dir='ltr'><strong>regis,</strong></span> <span class='ocrx_word' id='word_1_253' title='bbox 662 1521 690 1544; x_wconf 90' lang='lat' dir='ltr'><strong>et</strong></span> <span class='ocrx_word' id='word_1_254' title='bbox 701 1517 817 1545; x_wconf 87' lang='lat' dir='ltr'><strong>elllcitur</strong></span> <span class='ocrx_word' id='word_1_255' title='bbox 831 1519 933 1552; x_wconf 67' lang='lat' dir='ltr'><strong>regina,</strong></span> <span class='ocrx_word' id='word_1_256' title='bbox 948 1524 975 1546; x_wconf 90' lang='lat' dir='ltr'><strong>et</strong></span> <span class='ocrx_word' id='word_1_257' title='bbox 986 1518 1044 1554; x_wconf 77' lang='lat' dir='ltr'><strong>ipsa</strong></span> 
     </span>
    </p>
   </div>
   <div class='ocr_carea' id='block_1_33' title="bbox 253 1561 1044 1598">
    <p class='ocr_par' dir='ltr' id='par_1_33' title="bbox 253 1561 1044 1598">
     <span class='ocr_line' id='line_1_33' title="bbox 253 1561 1044 1598; baseline 0.005 -10"><span class='ocrx_word' id='word_1_258' title='bbox 253 1565 295 1588; x_wconf 79' lang='lat' dir='ltr'><strong>est</strong></span> <span class='ocrx_word' id='word_1_259' title='bbox 309 1561 344 1588; x_wconf 88' lang='lat' dir='ltr'><strong>de</strong></span> <span class='ocrx_word' id='word_1_260' title='bbox 359 1569 411 1596; x_wconf 86' lang='lat' dir='ltr'><strong>qua</strong></span> <span class='ocrx_word' id='word_1_261' title='bbox 434 1562 535 1590; x_wconf 92' lang='lat' dir='ltr'><strong>dicitur</strong></span> <span class='ocrx_word' id='word_1_262' title='bbox 550 1571 557 1589; x_wconf 94' lang='lat'>:</span> <span class='ocrx_word' id='word_1_263' title='bbox 580 1562 680 1598; x_wconf 81' lang='lat' dir='ltr'><strong>Regina</strong></span> <span class='ocrx_word' id='word_1_264' title='bbox 695 1564 782 1590; x_wconf 83' lang='lat' dir='ltr'><strong>astitit</strong></span> <span class='ocrx_word' id='word_1_265' title='bbox 797 1573 813 1590; x_wconf 90' lang='lat' dir='ltr'><strong>a</strong></span> <span class='ocrx_word' id='word_1_266' title='bbox 829 1563 930 1591; x_wconf 70' lang='lat' dir='ltr'><strong>dextris</strong></span> <span class='ocrx_word' id='word_1_267' title='bbox 952 1564 1004 1592; x_wconf 86' lang='lat' dir='ltr'><strong>tuis</strong></span> <span class='ocrx_word' id='word_1_268' title='bbox 1017 1565 1044 1593; x_wconf 82' lang='lat' dir='ltr'><strong>in</strong></span> 
     </span>
    </p>
   </div>
   <div class='ocr_carea' id='block_1_34' title="bbox 253 1606 1046 1640">
    <p class='ocr_par' dir='ltr' id='par_1_34' title="bbox 253 1606 1046 1640">
     <span class='ocr_line' id='line_1_34' title="bbox 253 1606 1046 1640; baseline 0.005 -8"><span class='ocrx_word' id='word_1_269' title='bbox 253 1611 347 1633; x_wconf 64' lang='lat' dir='ltr'><strong>vestitu</strong></span> <span class='ocrx_word' id='word_1_270' title='bbox 380 1606 526 1640; x_wconf 78' lang='lat' dir='ltr'><strong>deaurato,</strong></span> <span class='ocrx_word' id='word_1_271' title='bbox 559 1607 723 1634; x_wconf 85' lang='lat' dir='ltr'><strong>circumdata</strong></span> <span class='ocrx_word' id='word_1_272' title='bbox 751 1609 924 1636; x_wconf 74' lang='lat' dir='ltr'><strong>varietatibus</strong></span> <span class='ocrx_word' id='word_1_273' title='bbox 946 1608 978 1637; x_wconf 82' lang='grc'><strong>³³.</strong></span> <span class='ocrx_word' id='word_1_274' title='bbox 1009 1608 1046 1637; x_wconf 86' lang='lat' dir='ltr'><strong>De</strong></span> 
     </span>
    </p>
   </div>
   <div class='ocr_carea' id='block_1_35' title="bbox 256 1653 1046 1690">
    <p class='ocr_par' dir='ltr' id='par_1_35' title="bbox 256 1653 1046 1690">
     <span class='ocr_line' id='line_1_35' title="bbox 256 1653 1046 1690; baseline 0.006 -12"><span class='ocrx_word' id='word_1_275' title='bbox 256 1653 298 1679; x_wconf 85' lang='lat' dir='ltr'><strong>his</strong></span> <span class='ocrx_word' id='word_1_276' title='bbox 335 1657 426 1680; x_wconf 80' lang='lat' dir='ltr'><strong>autem</strong></span> <span class='ocrx_word' id='word_1_277' title='bbox 461 1653 671 1682; x_wconf 84' lang='lat' dir='ltr'><strong>adolescentulis</strong></span> <span class='ocrx_word' id='word_1_278' title='bbox 697 1662 759 1690; x_wconf 72' lang='lat' dir='ltr'><strong>qua:</strong></span> <span class='ocrx_word' id='word_1_279' title='bbox 785 1659 846 1689; x_wconf 88' lang='lat' dir='ltr'><strong>post</strong></span> <span class='ocrx_word' id='word_1_280' title='bbox 878 1655 964 1690; x_wconf 86' lang='lat' dir='ltr'><strong>ipsam</strong></span> <span class='ocrx_word' id='word_1_281' title='bbox 998 1664 1046 1683; x_wconf 82' lang='lat' dir='ltr'><strong>cu—</strong></span> 
     </span>
    </p>
   </div>
   <div class='ocr_carea' id='block_1_36' title="bbox 255 1699 1046 1736">
    <p class='ocr_par' dir='ltr' id='par_1_36' title="bbox 255 1699 1046 1736">
     <span class='ocr_line' id='line_1_36' title="bbox 255 1699 1046 1736; baseline 0.008 -13"><span class='ocrx_word' id='word_1_282' title='bbox 255 1702 411 1731; x_wconf 74' lang='lat' dir='ltr'><strong>curret-ant,</strong></span> <span class='ocrx_word' id='word_1_283' title='bbox 428 1703 455 1725; x_wconf 91' lang='lat' dir='ltr'><strong>et</strong></span> <span class='ocrx_word' id='word_1_284' title='bbox 471 1699 566 1733; x_wconf 90' lang='lat' dir='ltr'><strong>procul</strong></span> <span class='ocrx_word' id='word_1_285' title='bbox 580 1699 614 1726; x_wconf 91' lang='lat' dir='ltr'><strong>ab</strong></span> <span class='ocrx_word' id='word_1_286' title='bbox 627 1707 658 1727; x_wconf 93' lang='lat' dir='ltr'><strong>ca</strong></span> <span class='ocrx_word' id='word_1_287' title='bbox 676 1699 703 1727; x_wconf 93' lang='lat' dir='ltr'><strong>in</strong></span> <span class='ocrx_word' id='word_1_288' title='bbox 724 1699 790 1735; x_wconf 90' lang='lat' dir='ltr'><strong>ipsis</strong></span> <span class='ocrx_word' id='word_1_289' title='bbox 808 1701 934 1728; x_wconf 87' lang='lat' dir='ltr'><strong>currendi</strong></span> <span class='ocrx_word' id='word_1_290' title='bbox 949 1702 1046 1736; x_wconf 85' lang='lat' dir='ltr'><strong>spatiis</strong></span> 
     </span>
    </p>
   </div>
   <div class='ocr_carea' id='block_1_37' title="bbox 257 1744 1046 1783">
    <p class='ocr_par' dir='ltr' id='par_1_37' title="bbox 257 1744 1046 1783">
     <span class='ocr_line' id='line_1_37' title="bbox 257 1744 1046 1783; baseline 0.006 -14"><span class='ocrx_word' id='word_1_291' title='bbox 257 1748 457 1777; x_wconf 83' lang='lat' dir='ltr'><strong>remanserant,</strong></span> <span class='ocrx_word' id='word_1_292' title='bbox 471 1744 573 1772; x_wconf 88' lang='lat' dir='ltr'><strong>dicitur</strong></span> <span class='ocrx_word' id='word_1_293' title='bbox 586 1754 593 1772; x_wconf 89' lang='lat'><strong>:</strong></span> <span class='ocrx_word' id='word_1_294' title='bbox 610 1744 784 1773; x_wconf 78' lang='lat' dir='ltr'><strong>Adduceutur</strong></span> <span class='ocrx_word' id='word_1_295' title='bbox 795 1746 851 1782; x_wconf 86' lang='lat' dir='ltr'><strong>regi</strong></span> <span class='ocrx_word' id='word_1_296' title='bbox 861 1747 972 1782; x_wconf 75' lang='lat' dir='ltr'><strong>virgines</strong></span> <span class='ocrx_word' id='word_1_297' title='bbox 986 1752 1046 1783; x_wconf 78' lang='lat' dir='ltr'><strong>post</strong></span> 
     </span>
    </p>
   </div>
   <div class='ocr_carea' id='block_1_38' title="bbox 255 1790 1046 1825">
    <p class='ocr_par' dir='ltr' id='par_1_38' title="bbox 255 1790 1046 1825">
     <span class='ocr_line' id='line_1_38' title="bbox 255 1790 1046 1825; baseline 0.006 -10"><span class='ocrx_word' id='word_1_298' title='bbox 255 1797 323 1821; x_wconf 84' lang='lat' dir='ltr'><strong>eam,</strong></span> <span class='ocrx_word' id='word_1_299' title='bbox 341 1790 470 1824; x_wconf 66' lang='lat' dir='ltr'><strong>proximte</strong></span> <span class='ocrx_word' id='word_1_300' title='bbox 481 1790 537 1825; x_wconf 86' lang='lat' dir='ltr'><strong>ejus</strong></span> <span class='ocrx_word' id='word_1_301' title='bbox 552 1791 717 1818; x_wconf 81' lang='lat' dir='ltr'><strong>adducentur</strong></span> <span class='ocrx_word' id='word_1_302' title='bbox 733 1791 780 1818; x_wconf 89' lang='lat' dir='ltr'><strong>tibi</strong></span> <span class='ocrx_word' id='word_1_303' title='bbox 795 1801 804 1819; x_wconf 86' lang='lat'><strong><em>:</em></strong></span> <span class='ocrx_word' id='word_1_304' title='bbox 830 1792 1004 1820; x_wconf 75' lang='lat' dir='ltr'><strong>Adduceutur</strong></span> <span class='ocrx_word' id='word_1_305' title='bbox 1019 1794 1046 1821; x_wconf 84' lang='lat' dir='ltr'><strong>in</strong></span> 
     </span>
    </p>
   </div>
   <div class='ocr_carea' id='block_1_39' title="bbox 255 1835 1043 1873">
    <p class='ocr_par' dir='ltr' id='par_1_39' title="bbox 255 1835 1043 1873">
     <span class='ocr_line' id='line_1_39' title="bbox 255 1835 1043 1873; baseline 0.006 -13"><span class='ocrx_word' id='word_1_306' title='bbox 255 1835 349 1862; x_wconf 79' lang='lat' dir='ltr'><strong>ltttitia</strong></span> <span class='ocrx_word' id='word_1_307' title='bbox 379 1840 403 1862; x_wconf 81' lang='lat' dir='ltr'><strong>et</strong></span> <span class='ocrx_word' id='word_1_308' title='bbox 437 1836 635 1869; x_wconf 67' lang='lat' dir='ltr'><strong>exsultatione,</strong></span> <span class='ocrx_word' id='word_1_309' title='bbox 669 1837 828 1864; x_wconf 80' lang='lat' dir='ltr'><strong>inducentur</strong></span> <span class='ocrx_word' id='word_1_310' title='bbox 856 1838 884 1864; x_wconf 89' lang='lat' dir='ltr'><strong>in</strong></span> <span class='ocrx_word' id='word_1_311' title='bbox 917 1839 1043 1873; x_wconf 80' lang='lat' dir='ltr'><strong>templum</strong></span> 
     </span>
    </p>
   </div>
   <div class='ocr_carea' id='block_1_40' title="bbox 257 1880 1047 1915">
    <p class='ocr_par' dir='ltr' id='par_1_40' title="bbox 257 1880 1047 1915">
     <span class='ocr_line' id='line_1_40' title="bbox 257 1880 1047 1915; baseline 0.006 -9"><span class='ocrx_word' id='word_1_312' title='bbox 257 1881 324 1915; x_wconf 82' lang='lat' dir='ltr'><strong>regis</strong></span> <span class='ocrx_word' id='word_1_313' title='bbox 339 1880 372 1908; x_wconf 80' lang='grc'><strong>³⁸.</strong></span> <span class='ocrx_word' id='word_1_314' title='bbox 401 1880 453 1908; x_wconf 91' lang='lat' dir='ltr'><strong>Sed</strong></span> <span class='ocrx_word' id='word_1_315' title='bbox 480 1886 506 1909; x_wconf 89' lang='lat' dir='ltr'><strong>et</strong></span> <span class='ocrx_word' id='word_1_316' title='bbox 530 1882 595 1909; x_wconf 90' lang='lat' dir='ltr'><strong>illud</strong></span> <span class='ocrx_word' id='word_1_317' title='bbox 619 1882 701 1910; x_wconf 90' lang='lat' dir='ltr'><strong>etiam</strong></span> <span class='ocrx_word' id='word_1_318' title='bbox 725 1882 752 1910; x_wconf 90' lang='lat' dir='ltr'><strong>in</strong></span> <span class='ocrx_word' id='word_1_319' title='bbox 777 1883 829 1910; x_wconf 87' lang='lat' dir='ltr'><strong>hoc</strong></span> <span class='ocrx_word' id='word_1_320' title='bbox 846 1882 986 1911; x_wconf 88' lang='lat' dir='ltr'><strong>advertere</strong></span> <span class='ocrx_word' id='word_1_321' title='bbox 1003 1884 1047 1911; x_wconf 55' lang='lat' dir='ltr'><strong>de.</strong></span> 
     </span>
    </p>
   </div>
   <div class='ocr_carea' id='block_1_41' title="bbox 257 1926 1045 1964">
    <p class='ocr_par' dir='ltr' id='par_1_41' title="bbox 257 1926 1045 1964">
     <span class='ocr_line' id='line_1_41' title="bbox 257 1926 1045 1964; baseline 0.005 -12"><span class='ocrx_word' id='word_1_322' title='bbox 257 1927 368 1958; x_wconf 84' lang='lat' dir='ltr'><strong>bemus,</strong></span> <span class='ocrx_word' id='word_1_323' title='bbox 384 1926 457 1961; x_wconf 90' lang='lat' dir='ltr'><strong>quod</strong></span> <span class='ocrx_word' id='word_1_324' title='bbox 477 1927 549 1954; x_wconf 87' lang='lat' dir='ltr'><strong>sicttt</strong></span> <span class='ocrx_word' id='word_1_325' title='bbox 563 1935 610 1955; x_wconf 79' lang='lat' dir='ltr'><strong>rex</strong></span> <span class='ocrx_word' id='word_1_326' title='bbox 627 1927 708 1955; x_wconf 85' lang='lat' dir='ltr'><strong>habet</strong></span> <span class='ocrx_word' id='word_1_327' title='bbox 729 1928 886 1956; x_wconf 90' lang='lat' dir='ltr'><strong>cubiculum</strong></span> <span class='ocrx_word' id='word_1_328' title='bbox 908 1929 1045 1964; x_wconf 87' lang='lat' dir='ltr'><strong>quoddam</strong></span> 
     </span>
    </p>
   </div>
   <div class='ocr_carea' id='block_1_42' title="bbox 256 1972 1044 2010">
    <p class='ocr_par' dir='ltr' id='par_1_42' title="bbox 256 1972 1044 2010">
     <span class='ocr_line' id='line_1_42' title="bbox 256 1972 1044 2010; baseline 0.006 -12"><span class='ocrx_word' id='word_1_329' title='bbox 256 1973 282 1999; x_wconf 91' lang='lat' dir='ltr'><strong>in</strong></span> <span class='ocrx_word' id='word_1_330' title='bbox 303 1973 375 2007; x_wconf 87' lang='lat' dir='ltr'><strong>quod</strong></span> <span class='ocrx_word' id='word_1_331' title='bbox 393 1972 514 2008; x_wconf 74' lang='lat' dir='ltr'><strong>reginam</strong></span> <span class='ocrx_word' id='word_1_332' title='bbox 533 1974 590 2001; x_wconf 83' lang='lat' dir='ltr'><strong>sive</strong></span> <span class='ocrx_word' id='word_1_333' title='bbox 612 1982 741 2010; x_wconf 83' lang='lat' dir='ltr'><strong>sponsam</strong></span> <span class='ocrx_word' id='word_1_334' title='bbox 768 1983 846 2002; x_wconf 88' lang='lat' dir='ltr'><strong>suam</strong></span> <span class='ocrx_word' id='word_1_335' title='bbox 872 1975 1021 2003; x_wconf 88' lang='lat' dir='ltr'><strong>introducit</strong></span> <span class='ocrx_word' id='word_1_336' title='bbox 1038 1986 1044 2004; x_wconf 91' lang='lat'><strong>:</strong></span> 
     </span>
    </p>
   </div>
   <div class='ocr_carea' id='block_1_43' title="bbox 258 2018 1048 2056">
    <p class='ocr_par' dir='ltr' id='par_1_43' title="bbox 258 2018 1048 2056">
     <span class='ocr_line' id='line_1_43' title="bbox 258 2018 1048 2056; baseline 0.005 -12"><span class='ocrx_word' id='word_1_337' title='bbox 258 2019 294 2044; x_wconf 90' lang='lat' dir='ltr'><strong>ita</strong></span> <span class='ocrx_word' id='word_1_338' title='bbox 315 2018 394 2045; x_wconf 85' lang='lat' dir='ltr'><strong>habet</strong></span> <span class='ocrx_word' id='word_1_339' title='bbox 410 2023 437 2045; x_wconf 88' lang='lat' dir='ltr'><strong>et</strong></span> <span class='ocrx_word' id='word_1_340' title='bbox 460 2027 560 2054; x_wconf 87' lang='lat' dir='ltr'><strong>sponsa</strong></span> <span class='ocrx_word' id='word_1_341' title='bbox 577 2027 657 2047; x_wconf 91' lang='lat' dir='ltr'><strong>suum</strong></span> <span class='ocrx_word' id='word_1_342' title='bbox 675 2021 831 2048; x_wconf 89' lang='lat' dir='ltr'><strong>cubiculum</strong></span> <span class='ocrx_word' id='word_1_343' title='bbox 854 2021 880 2048; x_wconf 92' lang='lat' dir='ltr'><strong>in</strong></span> <span class='ocrx_word' id='word_1_344' title='bbox 895 2021 968 2056; x_wconf 92' lang='lat' dir='ltr'><strong>quod</strong></span> <span class='ocrx_word' id='word_1_345' title='bbox 992 2029 1048 2048; x_wconf 92' lang='lat' dir='ltr'><strong>mo-</strong></span> 
     </span>
    </p>
   </div>
   <div class='ocr_carea' id='block_1_44' title="bbox 257 2062 1048 2099">
    <p class='ocr_par' dir='ltr' id='par_1_44' title="bbox 257 2062 1048 2099">
     <span class='ocr_line' id='line_1_44' title="bbox 257 2062 1048 2099; baseline 0.001 -9"><span class='ocrx_word' id='word_1_346' title='bbox 257 2069 335 2091; x_wconf 88' lang='lat' dir='ltr'><strong>netur</strong></span> <span class='ocrx_word' id='word_1_347' title='bbox 351 2071 398 2098; x_wconf 89' lang='lat' dir='ltr'><strong>per</strong></span> <span class='ocrx_word' id='word_1_348' title='bbox 413 2062 532 2092; x_wconf 87' lang='lat' dir='ltr'><strong>Verbum</strong></span> <span class='ocrx_word' id='word_1_349' title='bbox 549 2063 596 2091; x_wconf 89' lang='lat' dir='ltr'><strong>Dei</strong></span> <span class='ocrx_word' id='word_1_350' title='bbox 615 2065 737 2099; x_wconf 78' lang='lat' dir='ltr'><strong>ingressa</strong></span> <span class='ocrx_word' id='word_1_351' title='bbox 753 2065 879 2092; x_wconf 88' lang='lat' dir='ltr'><strong>claudere</strong></span> <span class='ocrx_word' id='word_1_352' title='bbox 893 2065 1005 2097; x_wconf 78' lang='lat' dir='ltr'><strong>ostium,</strong></span> <span class='ocrx_word' id='word_1_353' title='bbox 1021 2069 1048 2092; x_wconf 89' lang='lat' dir='ltr'><strong>et</strong></span> 
     </span>
    </p>
   </div>
   <div class='ocr_carea' id='block_1_45' title="bbox 258 2109 1047 2138">
    <p class='ocr_par' dir='ltr' id='par_1_45' title="bbox 258 2109 1047 2138">
     <span class='ocr_line' id='line_1_45' title="bbox 258 2109 1047 2138; baseline 0.003 -3"><span class='ocrx_word' id='word_1_354' title='bbox 258 2109 295 2135; x_wconf 81' lang='lat' dir='ltr'><strong>ita</strong></span> <span class='ocrx_word' id='word_1_355' title='bbox 310 2109 449 2136; x_wconf 86' lang='lat' dir='ltr'><strong>conclusis</strong></span> <span class='ocrx_word' id='word_1_356' title='bbox 466 2109 519 2137; x_wconf 87' lang='lat' dir='ltr'><strong>illis</strong></span> <span class='ocrx_word' id='word_1_357' title='bbox 532 2110 662 2138; x_wconf 88' lang='lat' dir='ltr'><strong>omnibus</strong></span> <span class='ocrx_word' id='word_1_358' title='bbox 684 2111 788 2138; x_wconf 87' lang='lat' dir='ltr'><strong>divitiis</strong></span> <span class='ocrx_word' id='word_1_359' title='bbox 810 2110 869 2138; x_wconf 85' lang='lat' dir='ltr'><strong>suis</strong></span> <span class='ocrx_word' id='word_1_360' title='bbox 890 2111 961 2137; x_wconf 89' lang='lat' dir='ltr'><strong>intra</strong></span> <span class='ocrx_word' id='word_1_361' title='bbox 981 2110 1047 2137; x_wconf 88' lang='lat' dir='ltr'><strong>illud</strong></span> 
     </span>
    </p>
   </div>
   <div class='ocr_carea' id='block_1_46' title="bbox 258 2155 1048 2190">
    <p class='ocr_par' dir='ltr' id='par_1_46' title="bbox 258 2155 1048 2190">
     <span class='ocr_line' id='line_1_46' title="bbox 258 2155 1048 2190; baseline 0.001 -9"><span class='ocrx_word' id='word_1_362' title='bbox 258 2155 415 2182; x_wconf 85' lang='lat' dir='ltr'><strong>cubiculum</strong></span> <span class='ocrx_word' id='word_1_363' title='bbox 432 2162 512 2182; x_wconf 87' lang='lat' dir='ltr'><strong>orare</strong></span> <span class='ocrx_word' id='word_1_364' title='bbox 533 2163 596 2182; x_wconf 91' lang='lat' dir='ltr'><strong>eum</strong></span> <span class='ocrx_word' id='word_1_365' title='bbox 619 2155 666 2190; x_wconf 91' lang='lat' dir='ltr'><strong>qui</strong></span> <span class='ocrx_word' id='word_1_366' title='bbox 683 2156 756 2182; x_wconf 86' lang='lat' dir='ltr'><strong>videt</strong></span> <span class='ocrx_word' id='word_1_367' title='bbox 770 2155 797 2182; x_wconf 90' lang='lat' dir='ltr'><strong>in</strong></span> <span class='ocrx_word' id='word_1_368' title='bbox 819 2155 981 2182; x_wconf 89' lang='lat' dir='ltr'><strong>abscondito</strong></span> <span class='ocrx_word' id='word_1_369' title='bbox 994 2175 1001 2188; x_wconf 92' lang='lat'><strong>,</strong></span> <span class='ocrx_word' id='word_1_370' title='bbox 1021 2159 1048 2183; x_wconf 90' lang='lat' dir='ltr'><strong>et</strong></span> 
     </span>
    </p>
   </div>
   <div class='ocr_carea' id='block_1_47' title="bbox 1092 235 1870 270">
    <p class='ocr_par' dir='ltr' id='par_1_47' title="bbox 1092 235 1870 270">
     <span class='ocr_line' id='line_1_47' title="bbox 1092 235 1870 270; baseline -0.001 -8"><span class='ocrx_word' id='word_1_371' title='bbox 1092 236 1156 262; x_wconf 88' lang='lat' dir='ltr'><strong>dum</strong></span> <span class='ocrx_word' id='word_1_372' title='bbox 1172 242 1271 268; x_wconf 83' lang='lat' dir='ltr'><strong>sponsa</strong></span> <span class='ocrx_word' id='word_1_373' title='bbox 1283 238 1430 262; x_wconf 85' lang='lat' dir='ltr'><strong>consecuta</strong></span> <span class='ocrx_word' id='word_1_374' title='bbox 1443 239 1485 262; x_wconf 85' lang='lat' dir='ltr'><strong>est</strong></span> <span class='ocrx_word' id='word_1_375' title='bbox 1498 243 1559 270; x_wconf 79' lang='lat' dir='ltr'><strong>qua:</strong></span> <span class='ocrx_word' id='word_1_376' title='bbox 1573 235 1694 269; x_wconf 61' lang='lat' dir='ltr'><strong>perfecta</strong></span> <span class='ocrx_word' id='word_1_377' title='bbox 1709 241 1785 266; x_wconf 82' lang='lat' dir='ltr'><strong>sunt,</strong></span> <span class='ocrx_word' id='word_1_378' title='bbox 1797 240 1821 262; x_wconf 79' lang='lat' dir='ltr'><strong>et</strong></span> <span class='ocrx_word' id='word_1_379' title='bbox 1831 243 1870 262; x_wconf 78' lang='lat' dir='ltr'><strong>ex-</strong></span> 
     </span>
    </p>
   </div>
   <div class='ocr_carea' id='block_1_48' title="bbox 1093 279 1872 314">
    <p class='ocr_par' dir='ltr' id='par_1_48' title="bbox 1093 279 1872 314">
     <span class='ocr_line' id='line_1_48' title="bbox 1093 279 1872 314; baseline -0.001 -7"><span class='ocrx_word' id='word_1_380' title='bbox 1093 280 1186 310; x_wconf 77' lang='lat' dir='ltr'><strong>sultat,</strong></span> <span class='ocrx_word' id='word_1_381' title='bbox 1206 279 1242 305; x_wconf 86' lang='lat' dir='ltr'><strong>ita</strong></span> <span class='ocrx_word' id='word_1_382' title='bbox 1262 279 1326 314; x_wconf 68' lang='lat' dir='ltr'><strong>ipsa:</strong></span> <span class='ocrx_word' id='word_1_383' title='bbox 1339 279 1395 314; x_wconf 90' lang='lat' dir='ltr'><strong>jam</strong></span> <span class='ocrx_word' id='word_1_384' title='bbox 1411 287 1490 306; x_wconf 89' lang='lat' dir='ltr'><strong>suum</strong></span> <span class='ocrx_word' id='word_1_385' title='bbox 1509 280 1623 314; x_wconf 82' lang='lat' dir='ltr'><strong>implere</strong></span> <span class='ocrx_word' id='word_1_386' title='bbox 1648 288 1763 307; x_wconf 79' lang='lat' dir='ltr'><strong>cursum</strong></span> <span class='ocrx_word' id='word_1_387' title='bbox 1785 285 1810 307; x_wconf 86' lang='lat' dir='ltr'><strong>ct</strong></span> <span class='ocrx_word' id='word_1_388' title='bbox 1824 288 1872 314; x_wconf 71' lang='lat' dir='ltr'><strong>per-</strong></span> 
     </span>
    </p>
   </div>
   <div class='ocr_carea' id='block_1_49' title="bbox 1094 326 1872 360">
    <p class='ocr_par' dir='ltr' id='par_1_49' title="bbox 1094 326 1872 360">
     <span class='ocr_line' id='line_1_49' title="bbox 1094 326 1872 360; baseline 0 -8"><span class='ocrx_word' id='word_1_389' title='bbox 1094 326 1187 352; x_wconf 81' lang='lat' dir='ltr'><strong>venire</strong></span> <span class='ocrx_word' id='word_1_390' title='bbox 1213 333 1299 360; x_wconf 86' lang='lat' dir='ltr'><strong>usque</strong></span> <span class='ocrx_word' id='word_1_391' title='bbox 1325 326 1358 352; x_wconf 85' lang='lat' dir='ltr'><strong>ad</strong></span> <span class='ocrx_word' id='word_1_392' title='bbox 1376 326 1446 360; x_wconf 74' lang='lat' dir='ltr'><strong>regis</strong></span> <span class='ocrx_word' id='word_1_393' title='bbox 1471 326 1629 352; x_wconf 88' lang='lat' dir='ltr'><strong>cubiculum</strong></span> <span class='ocrx_word' id='word_1_394' title='bbox 1654 330 1821 359; x_wconf 82' lang='lat' dir='ltr'><strong>mercantur,</strong></span> <span class='ocrx_word' id='word_1_395' title='bbox 1848 331 1872 352; x_wconf 90' lang='lat' dir='ltr'><strong>ut</strong></span> 
     </span>
    </p>
   </div>
   <div class='ocr_carea' id='block_1_50' title="bbox 1093 370 1872 406">
    <p class='ocr_par' dir='ltr' id='par_1_50' title="bbox 1093 370 1872 406">
     <span class='ocr_line' id='line_1_50' title="bbox 1093 370 1872 406; baseline 0.001 -9"><span class='ocrx_word' id='word_1_396' title='bbox 1093 371 1243 406; x_wconf 83' lang='lat' dir='ltr'><strong>perspectis</strong></span> <span class='ocrx_word' id='word_1_397' title='bbox 1269 374 1296 397; x_wconf 90' lang='lat' dir='ltr'><strong>ct</strong></span> <span class='ocrx_word' id='word_1_398' title='bbox 1322 370 1428 398; x_wconf 87' lang='lat' dir='ltr'><strong>intuitis</strong></span> <span class='ocrx_word' id='word_1_399' title='bbox 1449 371 1578 398; x_wconf 89' lang='lat' dir='ltr'><strong>omnibus</strong></span> <span class='ocrx_word' id='word_1_400' title='bbox 1596 371 1639 398; x_wconf 87' lang='lat' dir='ltr'><strong>bis</strong></span> <span class='ocrx_word' id='word_1_401' title='bbox 1663 371 1697 398; x_wconf 82' lang='lat' dir='ltr'><strong>de</strong></span> <span class='ocrx_word' id='word_1_402' title='bbox 1713 373 1814 406; x_wconf 88' lang='lat' dir='ltr'><strong>quibus</strong></span> <span class='ocrx_word' id='word_1_403' title='bbox 1835 373 1872 398; x_wconf 76' lang='lat' dir='ltr'><strong>illa</strong></span> 
     </span>
    </p>
   </div>
   <div class='ocr_carea' id='block_1_51' title="bbox 1093 417 1873 452">
    <p class='ocr_par' dir='ltr' id='par_1_51' title="bbox 1093 417 1873 452">
     <span class='ocr_line' id='line_1_51' title="bbox 1093 417 1873 452; baseline 0.001 -9"><span class='ocrx_word' id='word_1_404' title='bbox 1093 417 1234 452; x_wconf 79' lang='lat' dir='ltr'><strong>gloriatur,</strong></span> <span class='ocrx_word' id='word_1_405' title='bbox 1250 417 1332 444; x_wconf 86' lang='lat' dir='ltr'><strong>etiam</strong></span> <span class='ocrx_word' id='word_1_406' title='bbox 1353 417 1417 452; x_wconf 67' lang='lat' dir='ltr'><strong>ipsa:</strong></span> <span class='ocrx_word' id='word_1_407' title='bbox 1434 418 1571 445; x_wconf 74' lang='lat' dir='ltr'><strong>exsultent</strong></span> <span class='ocrx_word' id='word_1_408' title='bbox 1588 418 1660 445; x_wconf 90' lang='lat' dir='ltr'><strong>sicut</strong></span> <span class='ocrx_word' id='word_1_409' title='bbox 1673 423 1701 445; x_wconf 90' lang='lat' dir='ltr'><strong>et</strong></span> <span class='ocrx_word' id='word_1_410' title='bbox 1716 419 1774 450; x_wconf 86' lang='lat' dir='ltr'><strong>illa,</strong></span> <span class='ocrx_word' id='word_1_411' title='bbox 1792 423 1818 446; x_wconf 86' lang='lat' dir='ltr'><strong>et</strong></span> <span class='ocrx_word' id='word_1_412' title='bbox 1837 419 1873 452; x_wconf 91' lang='lat' dir='ltr'><strong>ju-</strong></span> 
     </span>
    </p>
   </div>
   <div class='ocr_carea' id='block_1_52' title="bbox 1093 463 1873 500">
    <p class='ocr_par' dir='ltr' id='par_1_52' title="bbox 1093 463 1873 500">
     <span class='ocr_line' id='line_1_52' title="bbox 1093 463 1873 500; baseline 0.001 -10"><span class='ocrx_word' id='word_1_413' title='bbox 1093 464 1247 490; x_wconf 88' lang='lat' dir='ltr'><strong>cumlcutur</strong></span> <span class='ocrx_word' id='word_1_414' title='bbox 1269 464 1295 490; x_wconf 92' lang='lat' dir='ltr'><strong>in</strong></span> <span class='ocrx_word' id='word_1_415' title='bbox 1309 472 1352 491; x_wconf 90' lang='lat' dir='ltr'><strong>eo.</strong></span> <span class='ocrx_word' id='word_1_416' title='bbox 1368 463 1415 491; x_wconf 87' lang='lat' dir='ltr'><strong>Vel</strong></span> <span class='ocrx_word' id='word_1_417' title='bbox 1428 465 1509 491; x_wconf 86' lang='lat' dir='ltr'><strong>etiam</strong></span> <span class='ocrx_word' id='word_1_418' title='bbox 1528 464 1560 491; x_wconf 91' lang='lat' dir='ltr'><strong>ad</strong></span> <span class='ocrx_word' id='word_1_419' title='bbox 1585 472 1716 498; x_wconf 89' lang='lat' dir='ltr'><strong>sponsam</strong></span> <span class='ocrx_word' id='word_1_420' title='bbox 1739 470 1829 500; x_wconf 87' lang='lat' dir='ltr'><strong>potest</strong></span> <span class='ocrx_word' id='word_1_421' title='bbox 1840 466 1873 491; x_wconf 89' lang='lat' dir='ltr'><strong>di-</strong></span> 
     </span>
    </p>
   </div>
   <div class='ocr_carea' id='block_1_53' title="bbox 1094 509 1873 546">
    <p class='ocr_par' dir='ltr' id='par_1_53' title="bbox 1094 509 1873 546">
     <span class='ocr_line' id='line_1_53' title="bbox 1094 509 1873 546; baseline 0.001 -10"><span class='ocrx_word' id='word_1_422' title='bbox 1094 514 1166 536; x_wconf 86' lang='lat' dir='ltr'><strong>ctum</strong></span> <span class='ocrx_word' id='word_1_423' title='bbox 1185 510 1269 537; x_wconf 82' lang='lat' dir='ltr'><strong>videri</strong></span> <span class='ocrx_word' id='word_1_424' title='bbox 1291 509 1326 536; x_wconf 87' lang='lat' dir='ltr'><strong>ab</strong></span> <span class='ocrx_word' id='word_1_425' title='bbox 1350 510 1561 537; x_wconf 88' lang='lat' dir='ltr'><strong>adolescentulis</strong></span> <span class='ocrx_word' id='word_1_426' title='bbox 1585 511 1839 546; x_wconf 82' lang='lat' dir='ltr'><strong>eongratulantibus</strong></span> <span class='ocrx_word' id='word_1_427' title='bbox 1855 512 1873 537; x_wconf 87' lang='lat' dir='ltr'><strong>ei</strong></span> 
     </span>
    </p>
   </div>
   <div class='ocr_carea' id='block_1_54' title="bbox 1094 555 1873 591">
    <p class='ocr_par' dir='ltr' id='par_1_54' title="bbox 1094 555 1873 591">
     <span class='ocr_line' id='line_1_54' title="bbox 1094 555 1873 591; baseline 0.001 -9"><span class='ocrx_word' id='word_1_428' title='bbox 1094 560 1120 582; x_wconf 91' lang='lat' dir='ltr'><strong>ct</strong></span> <span class='ocrx_word' id='word_1_429' title='bbox 1137 555 1356 589; x_wconf 90' lang='lat' dir='ltr'><strong>promittentibus</strong></span> <span class='ocrx_word' id='word_1_430' title='bbox 1373 556 1592 590; x_wconf 84' lang='lat' dir='ltr'><strong>petentibusque,</strong></span> <span class='ocrx_word' id='word_1_431' title='bbox 1613 560 1643 583; x_wconf 90' lang='lat' dir='ltr'><strong>ut</strong></span> <span class='ocrx_word' id='word_1_432' title='bbox 1656 557 1873 591; x_wconf 83' lang='lat' dir='ltr'><strong>participesliaut</strong></span> 
     </span>
    </p>
   </div>
   <div class='ocr_carea' id='block_1_55' title="bbox 1093 601 1519 636">
    <p class='ocr_par' dir='ltr' id='par_1_55' title="bbox 1093 601 1519 636">
     <span class='ocr_line' id='line_1_55' title="bbox 1093 601 1519 636; baseline 0 -8"><span class='ocrx_word' id='word_1_433' title='bbox 1093 602 1285 629; x_wconf 77' lang='lat' dir='ltr'><strong>cxsultationis</strong></span> <span class='ocrx_word' id='word_1_434' title='bbox 1301 601 1361 636; x_wconf 85' lang='lat' dir='ltr'><strong>ejus</strong></span> <span class='ocrx_word' id='word_1_435' title='bbox 1373 606 1399 628; x_wconf 89' lang='lat' dir='ltr'><strong>et</strong></span> <span class='ocrx_word' id='word_1_436' title='bbox 1410 601 1519 628; x_wconf 69' lang='lat' dir='ltr'><strong>lmtitiaa.</strong></span> 
     </span>
    </p>
   </div>
   <div class='ocr_carea' id='block_1_56' title="bbox 1132 646 1874 682">
    <p class='ocr_par' dir='ltr' id='par_1_56' title="bbox 1132 646 1874 682">
     <span class='ocr_line' id='line_1_56' title="bbox 1132 646 1874 682; baseline 0.001 -9"><span class='ocrx_word' id='word_1_437' title='bbox 1132 646 1209 674; x_wconf 86' lang='lat' dir='ltr'><strong>Vers.</strong></span> <span class='ocrx_word' id='word_1_438' title='bbox 1223 647 1251 675; x_wconf 78' lang='grc'><strong>4.</strong></span> <span class='ocrx_word' id='word_1_439' title='bbox 1266 646 1411 682; x_wconf 84' lang='lat' dir='ltr'><strong>Diligeutus</strong></span> <span class='ocrx_word' id='word_1_440' title='bbox 1424 647 1504 673; x_wconf 87' lang='lat' dir='ltr'><strong>ubera</strong></span> <span class='ocrx_word' id='word_1_441' title='bbox 1515 651 1561 674; x_wconf 80' lang='lat' dir='ltr'><strong>tua</strong></span> <span class='ocrx_word' id='word_1_442' title='bbox 1574 655 1654 682; x_wconf 84' lang='lat' dir='ltr'><strong>super</strong></span> <span class='ocrx_word' id='word_1_443' title='bbox 1663 647 1765 675; x_wconf 78' lang='lat' dir='ltr'><strong>vinum.</strong></span> <span class='ocrx_word' id='word_1_444' title='bbox 1779 647 1874 682; x_wconf 77' lang='lat' dir='ltr'><strong>Sponsa</strong></span> 
     </span>
    </p>
   </div>
   <div class='ocr_carea' id='block_1_57' title="bbox 1093 693 1874 728">
    <p class='ocr_par' dir='ltr' id='par_1_57' title="bbox 1093 693 1874 728">
     <span class='ocr_line' id='line_1_57' title="bbox 1093 693 1874 728; baseline 0.003 -10"><span class='ocrx_word' id='word_1_445' title='bbox 1093 693 1213 727; x_wconf 89' lang='lat' dir='ltr'><strong>quidem,</strong></span> <span class='ocrx_word' id='word_1_446' title='bbox 1231 697 1373 727; x_wconf 88' lang='lat' dir='ltr'><strong>postquam</strong></span> <span class='ocrx_word' id='word_1_447' title='bbox 1387 693 1479 720; x_wconf 87' lang='lat' dir='ltr'><strong>oscula</strong></span> <span class='ocrx_word' id='word_1_448' title='bbox 1495 693 1595 721; x_wconf 87' lang='lat' dir='ltr'><strong>meruit</strong></span> <span class='ocrx_word' id='word_1_449' title='bbox 1610 693 1644 720; x_wconf 92' lang='lat' dir='ltr'><strong>ab</strong></span> <span class='ocrx_word' id='word_1_450' title='bbox 1660 694 1720 728; x_wconf 89' lang='lat' dir='ltr'><strong>ipso</strong></span> <span class='ocrx_word' id='word_1_451' title='bbox 1732 694 1825 728; x_wconf 87' lang='lat' dir='ltr'><strong>sponsi</strong></span> <span class='ocrx_word' id='word_1_452' title='bbox 1836 701 1874 720; x_wconf 83' lang='lat' dir='ltr'><strong>ore</strong></span> 
     </span>
    </p>
   </div>
   <div class='ocr_carea' id='block_1_58' title="bbox 1093 738 1873 774">
    <p class='ocr_par' dir='ltr' id='par_1_58' title="bbox 1093 738 1873 774">
     <span class='ocr_line' id='line_1_58' title="bbox 1093 738 1873 774; baseline 0.001 -9"><span class='ocrx_word' id='word_1_453' title='bbox 1093 739 1232 773; x_wconf 86' lang='lat' dir='ltr'><strong>suscipere</strong></span> <span class='ocrx_word' id='word_1_454' title='bbox 1263 743 1290 765; x_wconf 93' lang='lat' dir='ltr'><strong>et</strong></span> <span class='ocrx_word' id='word_1_455' title='bbox 1321 739 1451 766; x_wconf 90' lang='lat' dir='ltr'><strong>uberibus</strong></span> <span class='ocrx_word' id='word_1_456' title='bbox 1473 739 1533 774; x_wconf 86' lang='lat' dir='ltr'><strong>ejus</strong></span> <span class='ocrx_word' id='word_1_457' title='bbox 1551 738 1670 774; x_wconf 79' lang='lat' dir='ltr'><strong>perfrui,</strong></span> <span class='ocrx_word' id='word_1_458' title='bbox 1687 739 1725 766; x_wconf 87' lang='lat' dir='ltr'><strong>ait</strong></span> <span class='ocrx_word' id='word_1_459' title='bbox 1745 739 1781 766; x_wconf 89' lang='lat' dir='ltr'><strong>ad</strong></span> <span class='ocrx_word' id='word_1_460' title='bbox 1797 747 1873 766; x_wconf 87' lang='lat' dir='ltr'><strong>eum:</strong></span> 
     </span>
    </p>
   </div>
   <div class='ocr_carea' id='block_1_59' title="bbox 1093 783 1874 818">
    <p class='ocr_par' dir='ltr' id='par_1_59' title="bbox 1093 783 1874 818">
     <span class='ocr_line' id='line_1_59' title="bbox 1093 783 1874 818; baseline 0 -8"><span class='ocrx_word' id='word_1_461' title='bbox 1093 783 1168 810; x_wconf 87' lang='lat' dir='ltr'><strong>Bona</strong></span> <span class='ocrx_word' id='word_1_462' title='bbox 1191 787 1252 810; x_wconf 64' lang='lat' dir='ltr'><strong>sunt</strong></span> <span class='ocrx_word' id='word_1_463' title='bbox 1273 783 1353 810; x_wconf 85' lang='lat' dir='ltr'><strong>ubera</strong></span> <span class='ocrx_word' id='word_1_464' title='bbox 1375 789 1420 810; x_wconf 87' lang='lat' dir='ltr'><strong>tua</strong></span> <span class='ocrx_word' id='word_1_465' title='bbox 1445 792 1523 818; x_wconf 80' lang='lat' dir='ltr'><strong>super</strong></span> <span class='ocrx_word' id='word_1_466' title='bbox 1547 785 1645 811; x_wconf 76' lang='lat' dir='ltr'><strong>riuum.</strong></span> <span class='ocrx_word' id='word_1_467' title='bbox 1664 784 1874 811; x_wconf 74' lang='lat' dir='ltr'><strong>Adolescentula:</strong></span> 
     </span>
    </p>
   </div>
   <div class='ocr_carea' id='block_1_60' title="bbox 1094 829 1874 865">
    <p class='ocr_par' dir='ltr' id='par_1_60' title="bbox 1094 829 1874 865">
     <span class='ocr_line' id='line_1_60' title="bbox 1094 829 1874 865; baseline -0.001 -9"><span class='ocrx_word' id='word_1_468' title='bbox 1094 836 1158 856; x_wconf 83' lang='lat' dir='ltr'><strong>vero</strong></span> <span class='ocrx_word' id='word_1_469' title='bbox 1170 837 1230 863; x_wconf 65' lang='lat' dir='ltr'><strong>quae</strong></span> <span class='ocrx_word' id='word_1_470' title='bbox 1241 829 1360 856; x_wconf 87' lang='lat' dir='ltr'><strong>nondum</strong></span> <span class='ocrx_word' id='word_1_471' title='bbox 1367 830 1403 856; x_wconf 83' lang='lat' dir='ltr'><strong>ad</strong></span> <span class='ocrx_word' id='word_1_472' title='bbox 1417 829 1442 856; x_wconf 91' lang='lat' dir='ltr'><strong>id</strong></span> <span class='ocrx_word' id='word_1_473' title='bbox 1455 829 1631 858; x_wconf 84' lang='lat' dir='ltr'><strong>beatitudinis</strong></span> <span class='ocrx_word' id='word_1_474' title='bbox 1645 835 1778 861; x_wconf 86' lang='lat' dir='ltr'><strong>venerant</strong></span> <span class='ocrx_word' id='word_1_475' title='bbox 1798 839 1874 865; x_wconf 81' lang='lat' dir='ltr'><strong>neque</strong></span> 
     </span>
    </p>
   </div>
   <div class='ocr_carea' id='block_1_61' title="bbox 1093 873 1876 910">
    <p class='ocr_par' dir='ltr' id='par_1_61' title="bbox 1093 873 1876 910">
     <span class='ocr_line' id='line_1_61' title="bbox 1093 873 1876 910; baseline 0.003 -10"><span class='ocrx_word' id='word_1_476' title='bbox 1093 882 1228 901; x_wconf 86' lang='lat' dir='ltr'><strong>summam</strong></span> <span class='ocrx_word' id='word_1_477' title='bbox 1244 873 1417 908; x_wconf 76' lang='lat' dir='ltr'><strong>perfectionis</strong></span> <span class='ocrx_word' id='word_1_478' title='bbox 1430 879 1601 909; x_wconf 81' lang='lat' dir='ltr'><strong>acceperant,</strong></span> <span class='ocrx_word' id='word_1_479' title='bbox 1615 883 1704 910; x_wconf 89' lang='lat' dir='ltr'><strong>neque</strong></span> <span class='ocrx_word' id='word_1_480' title='bbox 1717 877 1770 903; x_wconf 76' lang='lat' dir='ltr'><strong>usi]</strong></span> <span class='ocrx_word' id='word_1_481' title='bbox 1786 881 1876 910; x_wconf 66' lang='lat' dir='ltr'><strong>etope-</strong></span> 
     </span>
    </p>
   </div>
   <div class='ocr_carea' id='block_1_62' title="bbox 1094 919 1875 956">
    <p class='ocr_par' dir='ltr' id='par_1_62' title="bbox 1094 919 1875 956">
     <span class='ocr_line' id='line_1_62' title="bbox 1094 919 1875 956; baseline 0.003 -10"><span class='ocrx_word' id='word_1_482' title='bbox 1094 920 1170 946; x_wconf 86' lang='lat' dir='ltr'><strong>rihus</strong></span> <span class='ocrx_word' id='word_1_483' title='bbox 1193 919 1298 947; x_wconf 78' lang='lat' dir='ltr'><strong>fructus</strong></span> <span class='ocrx_word' id='word_1_484' title='bbox 1324 919 1451 955; x_wconf 79' lang='lat' dir='ltr'><strong>perfecta:</strong></span> <span class='ocrx_word' id='word_1_485' title='bbox 1473 919 1614 948; x_wconf 87' lang='lat' dir='ltr'><strong>charitatis</strong></span> <span class='ocrx_word' id='word_1_486' title='bbox 1633 921 1833 956; x_wconf 81' lang='lat' dir='ltr'><strong>expleverant,</strong></span> <span class='ocrx_word' id='word_1_487' title='bbox 1854 928 1875 948; x_wconf 89' lang='lat' dir='ltr'><strong>ut</strong></span> 
     </span>
    </p>
   </div>
   <div class='ocr_carea' id='block_1_63' title="bbox 1094 966 1875 1002">
    <p class='ocr_par' dir='ltr' id='par_1_63' title="bbox 1094 966 1875 1002">
     <span class='ocr_line' id='line_1_63' title="bbox 1094 966 1875 1002; baseline 0.003 -10"><span class='ocrx_word' id='word_1_488' title='bbox 1094 966 1172 1000; x_wconf 86' lang='lat' dir='ltr'><strong>quasi</strong></span> <span class='ocrx_word' id='word_1_489' title='bbox 1188 970 1305 1000; x_wconf 59' lang='lat' dir='ltr'><strong>expertas</strong></span> <span class='ocrx_word' id='word_1_490' title='bbox 1332 966 1543 1000; x_wconf 87' lang='lat' dir='ltr'><strong>pronuntiarent</strong></span> <span class='ocrx_word' id='word_1_491' title='bbox 1566 967 1699 994; x_wconf 90' lang='lat' dir='ltr'><strong>uberibus</strong></span> <span class='ocrx_word' id='word_1_492' title='bbox 1713 968 1777 1002; x_wconf 88' lang='lat' dir='ltr'><strong>ejus</strong></span> <span class='ocrx_word' id='word_1_493' title='bbox 1789 988 1797 999; x_wconf 86' lang='lat'><strong>,</strong></span> <span class='ocrx_word' id='word_1_494' title='bbox 1819 969 1875 1002; x_wconf 66' lang='lat' dir='ltr'><strong>quis</strong></span> 
     </span>
    </p>
   </div>
   <div class='ocr_carea' id='block_1_64' title="bbox 1094 1011 1875 1046">
    <p class='ocr_par' dir='ltr' id='par_1_64' title="bbox 1094 1011 1875 1046">
     <span class='ocr_line' id='line_1_64' title="bbox 1094 1011 1875 1046; baseline 0.001 -7"><span class='ocrx_word' id='word_1_495' title='bbox 1094 1012 1164 1039; x_wconf 87' lang='lat' dir='ltr'><strong>bona</strong></span> <span class='ocrx_word' id='word_1_496' title='bbox 1178 1017 1251 1046; x_wconf 86' lang='lat' dir='ltr'><strong>sunt,</strong></span> <span class='ocrx_word' id='word_1_497' title='bbox 1267 1011 1389 1039; x_wconf 85' lang='lat' dir='ltr'><strong>videntes</strong></span> <span class='ocrx_word' id='word_1_498' title='bbox 1403 1016 1493 1038; x_wconf 79' lang='lat' dir='ltr'><strong>tamen</strong></span> <span class='ocrx_word' id='word_1_499' title='bbox 1509 1013 1787 1046; x_wconf 79' lang='lat' dir='ltr'><strong>sponsam&#39;delcctari</strong></span> <span class='ocrx_word' id='word_1_500' title='bbox 1804 1019 1828 1040; x_wconf 91' lang='lat' dir='ltr'><strong>ct</strong></span> <span class='ocrx_word' id='word_1_501' title='bbox 1842 1023 1875 1040; x_wconf 66' lang='grc' dir='ltr'><strong>τεν</strong></span> 
     </span>
    </p>
   </div>
   <div class='ocr_carea' id='block_1_65' title="bbox 1095 1059 1875 1095">
    <p class='ocr_par' dir='ltr' id='par_1_65' title="bbox 1095 1059 1875 1095">
     <span class='ocr_line' id='line_1_65' title="bbox 1095 1059 1875 1095; baseline 0 -8"><span class='ocrx_word' id='word_1_502' title='bbox 1095 1060 1137 1088; x_wconf 84' lang='lat' dir='ltr'><strong>ﬁci</strong></span> <span class='ocrx_word' id='word_1_503' title='bbox 1145 1068 1177 1087; x_wconf 79' lang='lat' dir='ltr'><strong>ex</strong></span> <span class='ocrx_word' id='word_1_504' title='bbox 1191 1059 1319 1087; x_wconf 90' lang='lat' dir='ltr'><strong>uberibus</strong></span> <span class='ocrx_word' id='word_1_505' title='bbox 1328 1059 1433 1094; x_wconf 89' lang='lat' dir='ltr'><strong>sponsi,</strong></span> <span class='ocrx_word' id='word_1_506' title='bbox 1443 1067 1476 1086; x_wconf 82' lang='lat' dir='ltr'><strong>ex</strong></span> <span class='ocrx_word' id='word_1_507' title='bbox 1487 1059 1608 1087; x_wconf 77' lang='lat' dir='ltr'><strong>fontibus</strong></span> <span class='ocrx_word' id='word_1_508' title='bbox 1627 1060 1732 1088; x_wconf 88' lang='lat' dir='ltr'><strong>scilicet</strong></span> <span class='ocrx_word' id='word_1_509' title='bbox 1743 1061 1875 1095; x_wconf 73' lang='lat' dir='ltr'><strong>sapientia</strong></span> 
     </span>
    </p>
   </div>
   <div class='ocr_carea' id='block_1_66' title="bbox 1093 1101 1873 1141">
    <p class='ocr_par' dir='ltr' id='par_1_66' title="bbox 1093 1101 1873 1141">
     <span class='ocr_line' id='line_1_66' title="bbox 1093 1101 1873 1141; baseline 0 -8"><span class='ocrx_word' id='word_1_510' title='bbox 1093 1110 1121 1133; x_wconf 84' lang='lat' dir='ltr'><strong>et</strong></span> <span class='ocrx_word' id='word_1_511' title='bbox 1132 1105 1251 1133; x_wconf 66' lang='lat' dir='ltr'><strong>scientiae</strong></span> <span class='ocrx_word' id='word_1_512' title='bbox 1259 1101 1320 1140; x_wconf 65' lang='lat' dir='ltr'><strong>qua!</strong></span> <span class='ocrx_word' id='word_1_513' title='bbox 1327 1105 1361 1132; x_wconf 93' lang='lat' dir='ltr'><strong>de</strong></span> <span class='ocrx_word' id='word_1_514' title='bbox 1372 1105 1502 1133; x_wconf 90' lang='lat' dir='ltr'><strong>uberibus</strong></span> <span class='ocrx_word' id='word_1_515' title='bbox 1510 1105 1570 1140; x_wconf 88' lang='lat' dir='ltr'><strong>ejus</strong></span> <span class='ocrx_word' id='word_1_516' title='bbox 1577 1105 1675 1138; x_wconf 90' lang='lat' dir='ltr'><strong>lluunt,</strong></span> <span class='ocrx_word' id='word_1_517' title='bbox 1685 1111 1713 1133; x_wconf 93' lang='lat' dir='ltr'><strong>et</strong></span> <span class='ocrx_word' id='word_1_518' title='bbox 1725 1107 1824 1141; x_wconf 88' lang='lat' dir='ltr'><strong>pocula</strong></span> <span class='ocrx_word' id='word_1_519' title='bbox 1833 1114 1873 1133; x_wconf 68' lang='grc' dir='ltr'><strong>(ιω</strong></span> 
     </span>
    </p>
   </div>
   <div class='ocr_carea' id='block_1_67' title="bbox 1094 1151 1875 1187">
    <p class='ocr_par' dir='ltr' id='par_1_67' title="bbox 1094 1151 1875 1187">
     <span class='ocr_line' id='line_1_67' title="bbox 1094 1151 1875 1187; baseline 0.003 -10"><span class='ocrx_word' id='word_1_520' title='bbox 1094 1151 1169 1178; x_wconf 88' lang='lat' dir='ltr'><strong>lestis</strong></span> <span class='ocrx_word' id='word_1_521' title='bbox 1184 1151 1313 1178; x_wconf 61' lang='lat' dir='ltr'><strong>doctrinae</strong></span> <span class='ocrx_word' id='word_1_522' title='bbox 1328 1156 1468 1178; x_wconf 86' lang='lat' dir='ltr'><strong>sumentes</strong></span> <span class='ocrx_word' id='word_1_523' title='bbox 1477 1151 1781 1186; x_wconf 83' lang='lat' dir='ltr'><strong>tanquamimitatrices</strong></span> <span class='ocrx_word' id='word_1_524' title='bbox 1797 1152 1875 1187; x_wconf 87' lang='lat' dir='ltr'><strong>perle-</strong></span> 
     </span>
    </p>
   </div>
   <div class='ocr_carea' id='block_1_68' title="bbox 1095 1195 1878 1232">
    <p class='ocr_par' dir='ltr' id='par_1_68' title="bbox 1095 1195 1878 1232">
     <span class='ocr_line' id='line_1_68' title="bbox 1095 1195 1878 1232; baseline -0.001 -9"><span class='ocrx_word' id='word_1_525' title='bbox 1095 1195 1193 1223; x_wconf 83' lang='lat' dir='ltr'><strong>ctionis</strong></span> <span class='ocrx_word' id='word_1_526' title='bbox 1202 1195 1260 1230; x_wconf 87' lang='lat' dir='ltr'><strong>ejus</strong></span> <span class='ocrx_word' id='word_1_527' title='bbox 1270 1199 1297 1222; x_wconf 88' lang='lat' dir='ltr'><strong>et</strong></span> <span class='ocrx_word' id='word_1_528' title='bbox 1311 1195 1497 1222; x_wconf 86' lang='lat' dir='ltr'><strong>desiderantes</strong></span> <span class='ocrx_word' id='word_1_529' title='bbox 1511 1196 1613 1223; x_wconf 89' lang='lat' dir='ltr'><strong>eisdem</strong></span> <span class='ocrx_word' id='word_1_530' title='bbox 1626 1197 1748 1232; x_wconf 79' lang='lat' dir='ltr'><strong>vestigiis</strong></span> <span class='ocrx_word' id='word_1_531' title='bbox 1761 1197 1878 1224; x_wconf 79' lang='lat' dir='ltr'><strong>incedere</strong></span> 
     </span>
    </p>
   </div>
   <div class='ocr_carea' id='block_1_69' title="bbox 1095 1241 1878 1277">
    <p class='ocr_par' dir='ltr' id='par_1_69' title="bbox 1095 1241 1878 1277">
     <span class='ocr_line' id='line_1_69' title="bbox 1095 1241 1878 1277; baseline 0 -9"><span class='ocrx_word' id='word_1_532' title='bbox 1095 1243 1268 1277; x_wconf 89' lang='lat' dir='ltr'><strong>promittunt,</strong></span> <span class='ocrx_word' id='word_1_533' title='bbox 1280 1241 1425 1269; x_wconf 87' lang='lat' dir='ltr'><strong>etdicunt:</strong></span> <span class='ocrx_word' id='word_1_534' title='bbox 1441 1241 1587 1276; x_wconf 70' lang='lat' dir='ltr'><strong>Diligemus</strong></span> <span class='ocrx_word' id='word_1_535' title='bbox 1595 1241 1735 1277; x_wconf 78' lang='lat' dir='ltr'><strong>(57)ubera</strong></span> <span class='ocrx_word' id='word_1_536' title='bbox 1748 1249 1797 1270; x_wconf 81' lang='lat' dir='ltr'><strong>tua</strong></span> <span class='ocrx_word' id='word_1_537' title='bbox 1809 1251 1878 1276; x_wconf 72' lang='lat' dir='ltr'><strong>super</strong></span> 
     </span>
    </p>
   </div>
   <div class='ocr_carea' id='block_1_70' title="bbox 1095 1287 1879 1324">
    <p class='ocr_par' dir='ltr' id='par_1_70' title="bbox 1095 1287 1879 1324">
     <span class='ocr_line' id='line_1_70' title="bbox 1095 1287 1879 1324; baseline 0.003 -10"><span class='ocrx_word' id='word_1_538' title='bbox 1095 1287 1150 1324; x_wconf 62' lang='lat'><strong>45</strong></span> <span class='ocrx_word' id='word_1_539' title='bbox 1167 1288 1266 1320; x_wconf 78' lang='lat' dir='ltr'><strong>riuum,</strong></span> <span class='ocrx_word' id='word_1_540' title='bbox 1283 1287 1308 1314; x_wconf 90' lang='lat' dir='ltr'><strong>id</strong></span> <span class='ocrx_word' id='word_1_541' title='bbox 1322 1291 1373 1319; x_wconf 89' lang='lat' dir='ltr'><strong>est,</strong></span> <span class='ocrx_word' id='word_1_542' title='bbox 1390 1294 1439 1314; x_wconf 90' lang='lat' dir='ltr'><strong>nos</strong></span> <span class='ocrx_word' id='word_1_543' title='bbox 1461 1287 1570 1322; x_wconf 88' lang='lat' dir='ltr'><strong>quidem</strong></span> <span class='ocrx_word' id='word_1_544' title='bbox 1591 1287 1712 1314; x_wconf 90' lang='lat' dir='ltr'><strong>nondum</strong></span> <span class='ocrx_word' id='word_1_545' title='bbox 1735 1289 1765 1315; x_wconf 91' lang='lat' dir='ltr'><strong>in</strong></span> <span class='ocrx_word' id='word_1_546' title='bbox 1786 1289 1811 1316; x_wconf 87' lang='lat' dir='ltr'><strong>id</strong></span> <span class='ocrx_word' id='word_1_547' title='bbox 1826 1297 1879 1324; x_wconf 89' lang='lat' dir='ltr'><strong>per-</strong></span> 
     </span>
    </p>
   </div>
   <div class='ocr_carea' id='block_1_71' title="bbox 1095 1333 1878 1369">
    <p class='ocr_par' dir='ltr' id='par_1_71' title="bbox 1095 1333 1878 1369">
     <span class='ocr_line' id='line_1_71' title="bbox 1095 1333 1878 1369; baseline 0.001 -9"><span class='ocrx_word' id='word_1_548' title='bbox 1095 1333 1219 1361; x_wconf 81' lang='lat' dir='ltr'><strong>fectionis</strong></span> <span class='ocrx_word' id='word_1_549' title='bbox 1240 1333 1425 1365; x_wconf 86' lang='lat' dir='ltr'><strong>ascendimus,</strong></span> <span class='ocrx_word' id='word_1_550' title='bbox 1441 1337 1471 1360; x_wconf 90' lang='lat' dir='ltr'><strong>ut</strong></span> <span class='ocrx_word' id='word_1_551' title='bbox 1487 1333 1544 1367; x_wconf 94' lang='lat' dir='ltr'><strong>jarn</strong></span> <span class='ocrx_word' id='word_1_552' title='bbox 1565 1333 1712 1369; x_wconf 82' lang='lat' dir='ltr'><strong>diligamus</strong></span> <span class='ocrx_word' id='word_1_553' title='bbox 1736 1334 1822 1361; x_wconf 78' lang='lat' dir='ltr'><strong>tubera</strong></span> <span class='ocrx_word' id='word_1_554' title='bbox 1838 1340 1878 1361; x_wconf 79' lang='lat' dir='ltr'><strong>tua</strong></span> 
     </span>
    </p>
   </div>
   <div class='ocr_carea' id='block_1_72' title="bbox 1095 1378 1879 1415">
    <p class='ocr_par' dir='ltr' id='par_1_72' title="bbox 1095 1378 1879 1415">
     <span class='ocr_line' id='line_1_72' title="bbox 1095 1378 1879 1415; baseline 0 -9"><span class='ocrx_word' id='word_1_555' title='bbox 1095 1379 1156 1415; x_wconf 88' lang='lat' dir='ltr'><strong>plus</strong></span> <span class='ocrx_word' id='word_1_556' title='bbox 1167 1387 1249 1414; x_wconf 87' lang='lat' dir='ltr'><strong>quam</strong></span> <span class='ocrx_word' id='word_1_557' title='bbox 1262 1380 1372 1410; x_wconf 80' lang='lat' dir='ltr'><strong>vinum,</strong></span> <span class='ocrx_word' id='word_1_558' title='bbox 1397 1378 1438 1406; x_wconf 80' lang='lat' dir='ltr'><strong>vel</strong></span> <span class='ocrx_word' id='word_1_559' title='bbox 1466 1383 1538 1406; x_wconf 87' lang='lat' dir='ltr'><strong>certe</strong></span> <span class='ocrx_word' id='word_1_560' title='bbox 1558 1379 1641 1406; x_wconf 85' lang='lat' dir='ltr'><strong>ubera</strong></span> <span class='ocrx_word' id='word_1_561' title='bbox 1664 1384 1710 1406; x_wconf 91' lang='lat' dir='ltr'><strong>tua</strong></span> <span class='ocrx_word' id='word_1_562' title='bbox 1738 1388 1803 1414; x_wconf 70' lang='lat' dir='ltr'><strong>qua:</strong></span> <span class='ocrx_word' id='word_1_563' title='bbox 1824 1385 1879 1407; x_wconf 90' lang='lat' dir='ltr'><strong>sunt</strong></span> 
     </span>
    </p>
   </div>
   <div class='ocr_carea' id='block_1_73' title="bbox 1096 1424 1880 1461">
    <p class='ocr_par' dir='ltr' id='par_1_73' title="bbox 1096 1424 1880 1461">
     <span class='ocr_line' id='line_1_73' title="bbox 1096 1424 1880 1461; baseline 0 -9"><span class='ocrx_word' id='word_1_564' title='bbox 1096 1433 1178 1461; x_wconf 88' lang='lat' dir='ltr'><strong>super</strong></span> <span class='ocrx_word' id='word_1_565' title='bbox 1192 1426 1284 1452; x_wconf 89' lang='lat' dir='ltr'><strong>vinum</strong></span> <span class='ocrx_word' id='word_1_566' title='bbox 1302 1424 1429 1460; x_wconf 87' lang='lat' dir='ltr'><strong>(utroque</strong></span> <span class='ocrx_word' id='word_1_567' title='bbox 1443 1424 1515 1452; x_wconf 86' lang='lat' dir='ltr'><strong>enim</strong></span> <span class='ocrx_word' id='word_1_568' title='bbox 1532 1425 1614 1452; x_wconf 89' lang='lat' dir='ltr'><strong>modo</strong></span> <span class='ocrx_word' id='word_1_569' title='bbox 1635 1433 1734 1452; x_wconf 88' lang='lat' dir='ltr'><strong>sensus</strong></span> <span class='ocrx_word' id='word_1_570' title='bbox 1758 1429 1833 1452; x_wconf 73' lang='lat' dir='ltr'><strong>state</strong></span> <span class='ocrx_word' id='word_1_571' title='bbox 1846 1426 1880 1451; x_wconf 80' lang='lat' dir='ltr'><strong>vi—</strong></span> 
     </span>
    </p>
   </div>
   <div class='ocr_carea' id='block_1_74' title="bbox 1096 1471 1880 1506">
    <p class='ocr_par' dir='ltr' id='par_1_74' title="bbox 1096 1471 1880 1506">
     <span class='ocr_line' id='line_1_74' title="bbox 1096 1471 1880 1506; baseline -0.003 -8"><span class='ocrx_word' id='word_1_572' title='bbox 1096 1471 1232 1504; x_wconf 82' lang='lat' dir='ltr'><strong>debitur);</strong></span> <span class='ocrx_word' id='word_1_573' title='bbox 1251 1471 1371 1506; x_wconf 76' lang='lat' dir='ltr'><strong>gerimus</strong></span> <span class='ocrx_word' id='word_1_574' title='bbox 1394 1475 1483 1497; x_wconf 87' lang='lat' dir='ltr'><strong>tamen</strong></span> <span class='ocrx_word' id='word_1_575' title='bbox 1509 1476 1595 1505; x_wconf 82' lang='lat' dir='ltr'><strong>spem,</strong></span> <span class='ocrx_word' id='word_1_576' title='bbox 1611 1475 1704 1505; x_wconf 80' lang='lat' dir='ltr'><strong>utpote</strong></span> <span class='ocrx_word' id='word_1_577' title='bbox 1726 1471 1880 1498; x_wconf 84' lang='lat' dir='ltr'><strong>adolescen-</strong></span> 
     </span>
    </p>
   </div>
   <div class='ocr_carea' id='block_1_75' title="bbox 1097 1515 1879 1551">
    <p class='ocr_par' dir='ltr' id='par_1_75' title="bbox 1097 1515 1879 1551">
     <span class='ocr_line' id='line_1_75' title="bbox 1097 1515 1879 1551; baseline 0 -7"><span class='ocrx_word' id='word_1_578' title='bbox 1097 1517 1170 1550; x_wconf 64' lang='lat' dir='ltr'><strong>tulat,</strong></span> <span class='ocrx_word' id='word_1_579' title='bbox 1188 1517 1213 1544; x_wconf 95' lang='lat' dir='ltr'><strong>in</strong></span> <span class='ocrx_word' id='word_1_580' title='bbox 1230 1515 1256 1544; x_wconf 83' lang='lat' dir='ltr'><strong>id</strong></span> <span class='ocrx_word' id='word_1_581' title='bbox 1269 1516 1356 1544; x_wconf 67' lang='lat' dir='ltr'><strong>aetatis</strong></span> <span class='ocrx_word' id='word_1_582' title='bbox 1375 1515 1517 1551; x_wconf 84' lang='lat' dir='ltr'><strong>prolicere,</strong></span> <span class='ocrx_word' id='word_1_583' title='bbox 1536 1523 1590 1550; x_wconf 89' lang='lat' dir='ltr'><strong>quo</strong></span> <span class='ocrx_word' id='word_1_584' title='bbox 1605 1516 1744 1550; x_wconf 88' lang='lat' dir='ltr'><strong>possitnus</strong></span> <span class='ocrx_word' id='word_1_585' title='bbox 1770 1525 1826 1544; x_wconf 93' lang='lat' dir='ltr'><strong>nou</strong></span> <span class='ocrx_word' id='word_1_586' title='bbox 1843 1525 1879 1544; x_wconf 59' lang='grc' dir='ltr'><strong>θος</strong></span> 
     </span>
    </p>
   </div>
   <div class='ocr_carea' id='block_1_76' title="bbox 1096 1559 1880 1597">
    <p class='ocr_par' dir='ltr' id='par_1_76' title="bbox 1096 1559 1880 1597">
     <span class='ocr_line' id='line_1_76' title="bbox 1096 1559 1880 1597; baseline -0.004 -8"><span class='ocrx_word' id='word_1_587' title='bbox 1096 1563 1152 1590; x_wconf 93' lang='lat' dir='ltr'><strong>lum</strong></span> <span class='ocrx_word' id='word_1_588' title='bbox 1166 1562 1241 1597; x_wconf 83' lang='lat' dir='ltr'><strong>pasci</strong></span> <span class='ocrx_word' id='word_1_589' title='bbox 1256 1565 1283 1589; x_wconf 90' lang='lat' dir='ltr'><strong>et</strong></span> <span class='ocrx_word' id='word_1_590' title='bbox 1296 1562 1331 1588; x_wconf 91' lang='lat' dir='ltr'><strong>ali</strong></span> <span class='ocrx_word' id='word_1_591' title='bbox 1343 1569 1375 1588; x_wconf 79' lang='lat' dir='ltr'><strong>es</strong></span> <span class='ocrx_word' id='word_1_592' title='bbox 1393 1561 1524 1588; x_wconf 87' lang='lat' dir='ltr'><strong>uberibus</strong></span> <span class='ocrx_word' id='word_1_593' title='bbox 1539 1559 1618 1588; x_wconf 72' lang='lat' dir='ltr'><strong>Verbi</strong></span> <span class='ocrx_word' id='word_1_594' title='bbox 1637 1560 1695 1594; x_wconf 87' lang='lat' dir='ltr'><strong>Dei,</strong></span> <span class='ocrx_word' id='word_1_595' title='bbox 1711 1561 1760 1588; x_wconf 83' lang='lat' dir='ltr'><strong>sed</strong></span> <span class='ocrx_word' id='word_1_596' title='bbox 1779 1567 1807 1589; x_wconf 89' lang='lat' dir='ltr'><strong>et</strong></span> <span class='ocrx_word' id='word_1_597' title='bbox 1827 1561 1880 1587; x_wconf 89' lang='lat' dir='ltr'><strong>dili-</strong></span> 
     </span>
    </p>
   </div>
   <div class='ocr_carea' id='block_1_77' title="bbox 1096 1605 1881 1643">
    <p class='ocr_par' dir='ltr' id='par_1_77' title="bbox 1096 1605 1881 1643">
     <span class='ocr_line' id='line_1_77' title="bbox 1096 1605 1881 1643; baseline -0.004 -9"><span class='ocrx_word' id='word_1_598' title='bbox 1096 1615 1159 1643; x_wconf 70' lang='lat' dir='ltr'><strong>gere</strong></span> <span class='ocrx_word' id='word_1_599' title='bbox 1183 1606 1312 1634; x_wconf 89' lang='lat' dir='ltr'><strong>alentem.</strong></span> <span class='ocrx_word' id='word_1_600' title='bbox 1334 1606 1394 1633; x_wconf 55' lang='lat' dir='ltr'><strong>Ista)</strong></span> <span class='ocrx_word' id='word_1_601' title='bbox 1416 1609 1480 1633; x_wconf 89' lang='lat' dir='ltr'><strong>sunt</strong></span> <span class='ocrx_word' id='word_1_602' title='bbox 1496 1610 1586 1632; x_wconf 89' lang='lat' dir='ltr'><strong>autem</strong></span> <span class='ocrx_word' id='word_1_603' title='bbox 1610 1605 1835 1638; x_wconf 69' lang='lat' dir='ltr'><strong>adolescentulaa,</strong></span> <span class='ocrx_word' id='word_1_604' title='bbox 1857 1610 1881 1631; x_wconf 90' lang='lat' dir='ltr'><strong>ut</strong></span> 
     </span>
    </p>
   </div>
   <div class='ocr_carea' id='block_1_78' title="bbox 1096 1651 1882 1688">
    <p class='ocr_par' dir='ltr' id='par_1_78' title="bbox 1096 1651 1882 1688">
     <span class='ocr_line' id='line_1_78' title="bbox 1096 1651 1882 1688; baseline -0.004 -8"><span class='ocrx_word' id='word_1_605' title='bbox 1096 1660 1167 1688; x_wconf 68' lang='lat' dir='ltr'><strong>saepe</strong></span> <span class='ocrx_word' id='word_1_606' title='bbox 1176 1653 1233 1687; x_wconf 88' lang='lat' dir='ltr'><strong>jam</strong></span> <span class='ocrx_word' id='word_1_607' title='bbox 1251 1652 1381 1684; x_wconf 78' lang='lat' dir='ltr'><strong>diximus,</strong></span> <span class='ocrx_word' id='word_1_608' title='bbox 1397 1651 1505 1683; x_wconf 68' lang='lat' dir='ltr'><strong>animae,</strong></span> <span class='ocrx_word' id='word_1_609' title='bbox 1521 1658 1582 1686; x_wconf 70' lang='lat' dir='ltr'><strong>qua:</strong></span> <span class='ocrx_word' id='word_1_610' title='bbox 1595 1651 1692 1686; x_wconf 86' lang='lat' dir='ltr'><strong>primis</strong></span> <span class='ocrx_word' id='word_1_611' title='bbox 1707 1655 1734 1678; x_wconf 85' lang='lat' dir='ltr'><strong>et</strong></span> <span class='ocrx_word' id='word_1_612' title='bbox 1750 1652 1834 1678; x_wconf 86' lang='lat' dir='ltr'><strong>initio</strong></span> <span class='ocrx_word' id='word_1_613' title='bbox 1847 1658 1882 1677; x_wconf 77' lang='lat' dir='ltr'><strong>vs-</strong></span> 
     </span>
    </p>
   </div>
   <div class='ocr_carea' id='block_1_79' title="bbox 1096 1697 1882 1729">
    <p class='ocr_par' dir='ltr' id='par_1_79' title="bbox 1096 1697 1882 1729">
     <span class='ocr_line' id='line_1_79' title="bbox 1096 1697 1882 1729; baseline -0.004 -3"><span class='ocrx_word' id='word_1_614' title='bbox 1096 1699 1216 1726; x_wconf 88' lang='lat' dir='ltr'><strong>lcntibus</strong></span> <span class='ocrx_word' id='word_1_615' title='bbox 1238 1698 1438 1725; x_wconf 87' lang='lat' dir='ltr'><strong>eruditionibus</strong></span> <span class='ocrx_word' id='word_1_616' title='bbox 1461 1697 1588 1724; x_wconf 87' lang='lat' dir='ltr'><strong>videntur</strong></span> <span class='ocrx_word' id='word_1_617' title='bbox 1611 1697 1741 1729; x_wconf 62' lang='lat' dir='ltr'><strong>imbutas,</strong></span> <span class='ocrx_word' id='word_1_618' title='bbox 1761 1703 1793 1725; x_wconf 86' lang='lat' dir='ltr'><strong>et</strong></span> <span class='ocrx_word' id='word_1_619' title='bbox 1817 1697 1882 1724; x_wconf 83' lang='lat' dir='ltr'><strong>velut</strong></span> 
     </span>
    </p>
   </div>
   <div class='ocr_carea' id='block_1_80' title="bbox 1096 1744 1882 1781">
    <p class='ocr_par' dir='ltr' id='par_1_80' title="bbox 1096 1744 1882 1781">
     <span class='ocr_line' id='line_1_80' title="bbox 1096 1744 1882 1781; baseline -0.003 -10"><span class='ocrx_word' id='word_1_620' title='bbox 1096 1747 1160 1774; x_wconf 77' lang='lat' dir='ltr'><strong>vino</strong></span> <span class='ocrx_word' id='word_1_621' title='bbox 1175 1745 1292 1781; x_wconf 88' lang='lat' dir='ltr'><strong>quodam</strong></span> <span class='ocrx_word' id='word_1_622' title='bbox 1313 1745 1463 1777; x_wconf 63' lang='lat' dir='ltr'><strong>lzetilicatae,</strong></span> <span class='ocrx_word' id='word_1_623' title='bbox 1485 1744 1657 1771; x_wconf 85' lang='lat' dir='ltr'><strong>institutione</strong></span> <span class='ocrx_word' id='word_1_624' title='bbox 1677 1749 1804 1772; x_wconf 88' lang='lat' dir='ltr'><strong>tutorum</strong></span> <span class='ocrx_word' id='word_1_625' title='bbox 1821 1745 1882 1771; x_wconf 88' lang='lat' dir='ltr'><strong>dun-</strong></span> 
     </span>
    </p>
   </div>
   <div class='ocr_carea' id='block_1_81' title="bbox 1097 1790 1881 1825">
    <p class='ocr_par' dir='ltr' id='par_1_81' title="bbox 1097 1790 1881 1825">
     <span class='ocr_line' id='line_1_81' title="bbox 1097 1790 1881 1825; baseline -0.004 -6"><span class='ocrx_word' id='word_1_626' title='bbox 1097 1797 1182 1825; x_wconf 81' lang='lat' dir='ltr'><strong>taxat,</strong></span> <span class='ocrx_word' id='word_1_627' title='bbox 1199 1797 1413 1825; x_wconf 87' lang='lat' dir='ltr'><strong>curalorumque</strong></span> <span class='ocrx_word' id='word_1_628' title='bbox 1433 1795 1459 1818; x_wconf 91' lang='lat' dir='ltr'><strong>ct</strong></span> <span class='ocrx_word' id='word_1_629' title='bbox 1473 1790 1624 1825; x_wconf 66' lang='lat' dir='ltr'><strong>paedagogi.</strong></span> <span class='ocrx_word' id='word_1_630' title='bbox 1643 1794 1738 1824; x_wconf 87' lang='lat' dir='ltr'><strong>utpote</strong></span> <span class='ocrx_word' id='word_1_631' title='bbox 1755 1790 1881 1824; x_wconf 53' lang='lat' dir='ltr'><strong>parvula.</strong></span> 
     </span>
    </p>
   </div>
   <div class='ocr_carea' id='block_1_82' title="bbox 1096 1835 1884 1873">
    <p class='ocr_par' dir='ltr' id='par_1_82' title="bbox 1096 1835 1884 1873">
     <span class='ocr_line' id='line_1_82' title="bbox 1096 1835 1884 1873; baseline -0.004 -8"><span class='ocrx_word' id='word_1_632' title='bbox 1096 1843 1123 1865; x_wconf 89' lang='lat' dir='ltr'><strong>et</strong></span> <span class='ocrx_word' id='word_1_633' title='bbox 1139 1846 1198 1873; x_wconf 70' lang='lat' dir='ltr'><strong>qua:</strong></span> <span class='ocrx_word' id='word_1_634' title='bbox 1216 1838 1346 1864; x_wconf 88' lang='lat' dir='ltr'><strong>haberent</strong></span> <span class='ocrx_word' id='word_1_635' title='bbox 1366 1836 1475 1871; x_wconf 84' lang='lat' dir='ltr'><strong>quidem</strong></span> <span class='ocrx_word' id='word_1_636' title='bbox 1496 1835 1523 1863; x_wconf 85' lang='lat' dir='ltr'><strong>in</strong></span> <span class='ocrx_word' id='word_1_637' title='bbox 1539 1836 1642 1863; x_wconf 85' lang='lat' dir='ltr'><strong>viribus</strong></span> <span class='ocrx_word' id='word_1_638' title='bbox 1666 1843 1761 1863; x_wconf 84' lang='lat' dir='ltr'><strong>amare</strong></span> <span class='ocrx_word' id='word_1_639' title='bbox 1781 1837 1884 1866; x_wconf 83' lang='lat' dir='ltr'><strong>vinum,</strong></span> 
     </span>
    </p>
   </div>
   <div class='ocr_carea' id='block_1_83' title="bbox 1096 1882 1883 1914">
    <p class='ocr_par' dir='ltr' id='par_1_83' title="bbox 1096 1882 1883 1914">
     <span class='ocr_line' id='line_1_83' title="bbox 1096 1882 1883 1914; baseline -0.005 -3"><span class='ocrx_word' id='word_1_640' title='bbox 1096 1892 1151 1911; x_wconf 92' lang='lat' dir='ltr'><strong>non</strong></span> <span class='ocrx_word' id='word_1_641' title='bbox 1174 1889 1263 1911; x_wconf 86' lang='lat' dir='ltr'><strong>tamen</strong></span> <span class='ocrx_word' id='word_1_642' title='bbox 1290 1883 1420 1910; x_wconf 76' lang='lat' dir='ltr'><strong>liabet-cut</strong></span> <span class='ocrx_word' id='word_1_643' title='bbox 1442 1883 1467 1909; x_wconf 92' lang='lat' dir='ltr'><strong>in</strong></span> <span class='ocrx_word' id='word_1_644' title='bbox 1487 1887 1577 1914; x_wconf 68' lang='lat' dir='ltr'><strong>aetate,</strong></span> <span class='ocrx_word' id='word_1_645' title='bbox 1603 1886 1632 1909; x_wconf 93' lang='lat' dir='ltr'><strong>ttt</strong></span> <span class='ocrx_word' id='word_1_646' title='bbox 1655 1889 1749 1909; x_wconf 84' lang='lat' dir='ltr'><strong>arnore</strong></span> <span class='ocrx_word' id='word_1_647' title='bbox 1775 1882 1883 1909; x_wconf 80' lang='lat' dir='ltr'><strong>uberum</strong></span> 
     </span>
    </p>
   </div>
   <div class='ocr_carea' id='block_1_84' title="bbox 1097 1926 1883 1964">
    <p class='ocr_par' dir='ltr' id='par_1_84' title="bbox 1097 1926 1883 1964">
     <span class='ocr_line' id='line_1_84' title="bbox 1097 1926 1883 1964; baseline -0.004 -8"><span class='ocrx_word' id='word_1_648' title='bbox 1097 1929 1190 1964; x_wconf 86' lang='lat' dir='ltr'><strong>sponsi</strong></span> <span class='ocrx_word' id='word_1_649' title='bbox 1206 1929 1308 1955; x_wconf 85' lang='lat' dir='ltr'><strong>moveri</strong></span> <span class='ocrx_word' id='word_1_650' title='bbox 1319 1933 1366 1955; x_wconf 90' lang='lat' dir='ltr'><strong>aut</strong></span> <span class='ocrx_word' id='word_1_651' title='bbox 1381 1927 1494 1955; x_wconf 80' lang='lat' dir='ltr'><strong>excitari</strong></span> <span class='ocrx_word' id='word_1_652' title='bbox 1508 1932 1630 1962; x_wconf 88' lang='lat' dir='ltr'><strong>possent.</strong></span> <span class='ocrx_word' id='word_1_653' title='bbox 1649 1926 1702 1954; x_wconf 88' lang='lat' dir='ltr'><strong>Sed</strong></span> <span class='ocrx_word' id='word_1_654' title='bbox 1716 1927 1761 1954; x_wconf 92' lang='lat' dir='ltr'><strong>ubi</strong></span> <span class='ocrx_word' id='word_1_655' title='bbox 1779 1927 1883 1954; x_wconf 75' lang='lat' dir='ltr'><strong>advenit</strong></span> 
     </span>
    </p>
   </div>
   <div class='ocr_carea' id='block_1_85' title="bbox 1097 1973 1885 2011">
    <p class='ocr_par' dir='ltr' id='par_1_85' title="bbox 1097 1973 1885 2011">
     <span class='ocr_line' id='line_1_85' title="bbox 1097 1973 1885 2011; baseline -0.005 -9"><span class='ocrx_word' id='word_1_656' title='bbox 1097 1975 1237 2011; x_wconf 84' lang='lat' dir='ltr'><strong>plenitudo</strong></span> <span class='ocrx_word' id='word_1_657' title='bbox 1260 1980 1431 2009; x_wconf 84' lang='lat' dir='ltr'><strong>temporum,</strong></span> <span class='ocrx_word' id='word_1_658' title='bbox 1453 1977 1481 2000; x_wconf 89' lang='lat' dir='ltr'><strong>ct</strong></span> <span class='ocrx_word' id='word_1_659' title='bbox 1502 1973 1629 2000; x_wconf 69' lang='lat' dir='ltr'><strong>Christus</strong></span> <span class='ocrx_word' id='word_1_660' title='bbox 1654 1973 1680 1999; x_wconf 95' lang='lat' dir='ltr'><strong>in</strong></span> <span class='ocrx_word' id='word_1_661' title='bbox 1705 1973 1746 2000; x_wconf 87' lang='lat' dir='ltr'><strong>eis</strong></span> <span class='ocrx_word' id='word_1_662' title='bbox 1775 1973 1885 2008; x_wconf 84' lang='lat' dir='ltr'><strong>profecit</strong></span> 
     </span>
    </p>
   </div>
   <div class='ocr_carea' id='block_1_86' title="bbox 1098 2019 1883 2057">
    <p class='ocr_par' dir='ltr' id='par_1_86' title="bbox 1098 2019 1883 2057">
     <span class='ocr_line' id='line_1_86' title="bbox 1098 2019 1883 2057; baseline -0.006 -8"><span class='ocrx_word' id='word_1_663' title='bbox 1098 2027 1175 2050; x_wconf 82' lang='lat' dir='ltr'><strong>atate</strong></span> <span class='ocrx_word' id='word_1_664' title='bbox 1195 2027 1222 2049; x_wconf 91' lang='lat' dir='ltr'><strong>et</strong></span> <span class='ocrx_word' id='word_1_665' title='bbox 1248 2021 1391 2057; x_wconf 75' lang='lat' dir='ltr'><strong>sapientia,</strong></span> <span class='ocrx_word' id='word_1_666' title='bbox 1408 2025 1435 2047; x_wconf 92' lang='lat' dir='ltr'><strong>et</strong></span> <span class='ocrx_word' id='word_1_667' title='bbox 1454 2020 1510 2054; x_wconf 87' lang='lat' dir='ltr'><strong>jam</strong></span> <span class='ocrx_word' id='word_1_668' title='bbox 1538 2020 1640 2047; x_wconf 90' lang='lat' dir='ltr'><strong>sentire</strong></span> <span class='ocrx_word' id='word_1_669' title='bbox 1663 2020 1805 2054; x_wconf 75' lang='lat' dir='ltr'><strong>cmperint</strong></span> <span class='ocrx_word' id='word_1_670' title='bbox 1827 2019 1883 2055; x_wconf 79' lang='lat' dir='ltr'><strong>quid</strong></span> 
     </span>
    </p>
   </div>
   <div class='ocr_carea' id='block_1_87' title="bbox 1097 2064 1883 2102">
    <p class='ocr_par' dir='ltr' id='par_1_87' title="bbox 1097 2064 1883 2102">
     <span class='ocr_line' id='line_1_87' title="bbox 1097 2064 1883 2102; baseline -0.006 -7"><span class='ocrx_word' id='word_1_671' title='bbox 1097 2069 1153 2095; x_wconf 89' lang='lat' dir='ltr'><strong>sint</strong></span> <span class='ocrx_word' id='word_1_672' title='bbox 1176 2069 1258 2095; x_wconf 83' lang='lat' dir='ltr'><strong>ubera</strong></span> <span class='ocrx_word' id='word_1_673' title='bbox 1282 2067 1386 2102; x_wconf 88' lang='lat' dir='ltr'><strong>sponsi,</strong></span> <span class='ocrx_word' id='word_1_674' title='bbox 1407 2073 1521 2100; x_wconf 68' lang='lat' dir='ltr'><strong>quaeque</strong></span> <span class='ocrx_word' id='word_1_675' title='bbox 1545 2065 1571 2092; x_wconf 92' lang='lat' dir='ltr'><strong>in</strong></span> <span class='ocrx_word' id='word_1_676' title='bbox 1593 2065 1636 2092; x_wconf 87' lang='lat' dir='ltr'><strong>his</strong></span> <span class='ocrx_word' id='word_1_677' title='bbox 1650 2064 1786 2100; x_wconf 77' lang='lat' dir='ltr'><strong>perfectio</strong></span> <span class='ocrx_word' id='word_1_678' title='bbox 1812 2065 1883 2092; x_wconf 80' lang='lat' dir='ltr'><strong>Verbi</strong></span> 
     </span>
    </p>
   </div>
   <div class='ocr_carea' id='block_1_88' title="bbox 1099 2110 1883 2146">
    <p class='ocr_par' dir='ltr' id='par_1_88' title="bbox 1099 2110 1883 2146">
     <span class='ocr_line' id='line_1_88' title="bbox 1099 2110 1883 2146; baseline -0.001 -6"><span class='ocrx_word' id='word_1_679' title='bbox 1099 2113 1158 2146; x_wconf 86' lang='lat' dir='ltr'><strong>Dei,</strong></span> <span class='ocrx_word' id='word_1_680' title='bbox 1180 2118 1208 2140; x_wconf 89' lang='lat' dir='ltr'><strong>et</strong></span> <span class='ocrx_word' id='word_1_681' title='bbox 1233 2113 1364 2140; x_wconf 80' lang='lat' dir='ltr'><strong>doctrime</strong></span> <span class='ocrx_word' id='word_1_682' title='bbox 1388 2110 1519 2146; x_wconf 86' lang='lat' dir='ltr'><strong>spiritalis</strong></span> <span class='ocrx_word' id='word_1_683' title='bbox 1544 2110 1686 2145; x_wconf 88' lang='lat' dir='ltr'><strong>plenitudo</strong></span> <span class='ocrx_word' id='word_1_684' title='bbox 1716 2110 1883 2146; x_wconf 81' lang='lat' dir='ltr'><strong>designetur.</strong></span> 
     </span>
    </p>
   </div>
   <div class='ocr_carea' id='block_1_89' title="bbox 1097 2154 1885 2193">
    <p class='ocr_par' dir='ltr' id='par_1_89' title="bbox 1097 2154 1885 2193">
     <span class='ocr_line' id='line_1_89' title="bbox 1097 2154 1885 2193; baseline -0.006 -8"><span class='ocrx_word' id='word_1_685' title='bbox 1097 2159 1178 2186; x_wconf 89' lang='lat' dir='ltr'><strong>etiam</strong></span> <span class='ocrx_word' id='word_1_686' title='bbox 1193 2157 1362 2193; x_wconf 90' lang='lat' dir='ltr'><strong>promittunt,</strong></span> <span class='ocrx_word' id='word_1_687' title='bbox 1377 2155 1440 2191; x_wconf 89' lang='lat' dir='ltr'><strong>quia</strong></span> <span class='ocrx_word' id='word_1_688' title='bbox 1454 2155 1514 2190; x_wconf 88' lang='lat' dir='ltr'><strong>plus</strong></span> <span class='ocrx_word' id='word_1_689' title='bbox 1524 2162 1606 2189; x_wconf 89' lang='lat' dir='ltr'><strong>quam</strong></span> <span class='ocrx_word' id='word_1_690' title='bbox 1624 2154 1718 2182; x_wconf 79' lang='lat' dir='ltr'><strong>vinum</strong></span> <span class='ocrx_word' id='word_1_691' title='bbox 1730 2156 1811 2190; x_wconf 71' lang='lat' dir='ltr'><strong>qum!</strong></span> <span class='ocrx_word' id='word_1_692' title='bbox 1822 2161 1885 2182; x_wconf 74' lang='lat' dir='ltr'><strong>nunc</strong></span> 
     </span>
    </p>
   </div>
   <div class='ocr_carea' id='block_1_90' title="bbox 259 2199 1885 2242">
    <p class='ocr_par' dir='ltr' id='par_1_90' title="bbox 259 2199 1885 2242">
     <span class='ocr_line' id='line_1_90' title="bbox 259 2199 1885 2242; baseline -0.002 -14"><span class='ocrx_word' id='word_1_693' title='bbox 259 2201 388 2236; x_wconf 84' lang='lat' dir='ltr'><strong>perspicit</strong></span> <span class='ocrx_word' id='word_1_694' title='bbox 402 2206 520 2236; x_wconf 86' lang='lat' dir='ltr'><strong>quantas</strong></span> <span class='ocrx_word' id='word_1_695' title='bbox 532 2209 608 2235; x_wconf 84' lang='lat' dir='ltr'><strong>opes,</strong></span> <span class='ocrx_word' id='word_1_696' title='bbox 620 2201 705 2228; x_wconf 88' lang='lat' dir='ltr'><strong>animi</strong></span> <span class='ocrx_word' id='word_1_697' title='bbox 717 2201 822 2229; x_wconf 89' lang='lat' dir='ltr'><strong>scilicet</strong></span> <span class='ocrx_word' id='word_1_698' title='bbox 836 2201 962 2233; x_wconf 88' lang='lat' dir='ltr'><strong>virtutes,</strong></span> <span class='ocrx_word' id='word_1_699' title='bbox 976 2202 1046 2229; x_wconf 85' lang='lat' dir='ltr'><strong>intra</strong></span> <span class='ocrx_word' id='word_1_700' title='bbox 1064 2215 1086 2242; x_wconf 75' lang='grc' dir='ltr'>υ</span> <span class='ocrx_word' id='word_1_701' title='bbox 1101 2208 1231 2238; x_wconf 88' lang='lat' dir='ltr'><strong>tanquam</strong></span> <span class='ocrx_word' id='word_1_702' title='bbox 1259 2201 1377 2237; x_wconf 62' lang='lat' dir='ltr'><strong>parvulae</strong></span> <span class='ocrx_word' id='word_1_703' title='bbox 1407 2201 1522 2233; x_wconf 86' lang='lat' dir='ltr'><strong>bibunt,</strong></span> <span class='ocrx_word' id='word_1_704' title='bbox 1554 2199 1695 2227; x_wconf 67' lang='lat' dir='ltr'><strong>dilecturaz</strong></span> <span class='ocrx_word' id='word_1_705' title='bbox 1721 2199 1780 2227; x_wconf 86' lang='lat' dir='ltr'><strong>sint</strong></span> <span class='ocrx_word' id='word_1_706' title='bbox 1810 2200 1885 2227; x_wconf 88' lang='lat' dir='ltr'><strong>ubera</strong></span> 
     </span>
    </p>
   </div>
   <div class='ocr_carea' id='block_1_91' title="bbox 256 2245 1049 2282">
    <p class='ocr_par' dir='ltr' id='par_1_91' title="bbox 256 2245 1049 2282">
     <span class='ocr_line' id='line_1_91' title="bbox 256 2245 1049 2282; baseline 0 -9"><span class='ocrx_word' id='word_1_707' title='bbox 256 2246 414 2274; x_wconf 71' lang='lat' dir='ltr'><strong>cubiculum</strong></span> <span class='ocrx_word' id='word_1_708' title='bbox 431 2253 512 2273; x_wconf 87' lang='lat' dir='ltr'><strong>suum</strong></span> <span class='ocrx_word' id='word_1_709' title='bbox 528 2253 628 2281; x_wconf 87' lang='lat' dir='ltr'><strong>sponsa</strong></span> <span class='ocrx_word' id='word_1_710' title='bbox 646 2245 809 2280; x_wconf 89' lang='lat' dir='ltr'><strong>condiderit,</strong></span> <span class='ocrx_word' id='word_1_711' title='bbox 834 2250 864 2273; x_wconf 96' lang='lat' dir='ltr'><strong>ut</strong></span> <span class='ocrx_word' id='word_1_712' title='bbox 877 2247 972 2274; x_wconf 87' lang='lat' dir='ltr'><strong>videns</strong></span> <span class='ocrx_word' id='word_1_713' title='bbox 988 2246 1049 2282; x_wconf 80' lang='lat' dir='ltr'><strong>ejus</strong></span> 
     </span>
    </p>
   </div>
   <div class='ocr_carea' id='block_1_92' title="bbox 257 2291 1049 2326">
    <p class='ocr_par' dir='ltr' id='par_1_92' title="bbox 257 2291 1049 2326">
     <span class='ocr_line' id='line_1_92' title="bbox 257 2291 1049 2326; baseline 0.001 -8"><span class='ocrx_word' id='word_1_714' title='bbox 257 2291 369 2318; x_wconf 80' lang='lat' dir='ltr'><strong>divitias</strong></span> <span class='ocrx_word' id='word_1_715' title='bbox 393 2291 439 2318; x_wconf 89' lang='lat' dir='ltr'><strong>det</strong></span> <span class='ocrx_word' id='word_1_716' title='bbox 453 2291 478 2318; x_wconf 90' lang='lat' dir='ltr'><strong>ei</strong></span> <span class='ocrx_word' id='word_1_717' title='bbox 495 2291 638 2326; x_wconf 86' lang='lat' dir='ltr'><strong>petitiones</strong></span> <span class='ocrx_word' id='word_1_718' title='bbox 661 2299 736 2319; x_wconf 86' lang='lat' dir='ltr'><strong>suas.</strong></span> <span class='ocrx_word' id='word_1_719' title='bbox 755 2292 835 2318; x_wconf 80' lang='lat' dir='ltr'><strong>()mui</strong></span> <span class='ocrx_word' id='word_1_720' title='bbox 856 2291 929 2319; x_wconf 87' lang='lat' dir='ltr'><strong>enim</strong></span> <span class='ocrx_word' id='word_1_721' title='bbox 943 2291 1049 2319; x_wconf 79' lang='lat' dir='ltr'><strong>babenti</strong></span> 
     </span>
    </p>
   </div>
   <div class='ocr_carea' id='block_1_93' title="bbox 256 2338 409 2365">
    <p class='ocr_par' dir='ltr' id='par_1_93' title="bbox 256 2338 409 2365">
     <span class='ocr_line' id='line_1_93' title="bbox 256 2338 409 2365; baseline -0.007 0"><span class='ocrx_word' id='word_1_722' title='bbox 256 2339 368 2365; x_wconf 66' lang='lat' dir='ltr'><strong>dabitur</strong></span> <span class='ocrx_word' id='word_1_723' title='bbox 376 2338 409 2364; x_wconf 88' lang='grc'><strong>³⁷.</strong></span> 
     </span>
    </p>
   </div>
   <div class='ocr_carea' id='block_1_94' title="bbox 293 2383 1047 2418">
    <p class='ocr_par' dir='ltr' id='par_1_94' title="bbox 293 2383 1047 2418">
     <span class='ocr_line' id='line_1_94' title="bbox 293 2383 1047 2418; baseline 0.001 -8"><span class='ocrx_word' id='word_1_724' title='bbox 293 2384 373 2416; x_wconf 84' lang='lat' dir='ltr'><strong>Quod</strong></span> <span class='ocrx_word' id='word_1_725' title='bbox 387 2387 478 2410; x_wconf 80' lang='lat' dir='ltr'><strong>autent</strong></span> <span class='ocrx_word' id='word_1_726' title='bbox 493 2383 531 2410; x_wconf 90' lang='lat' dir='ltr'><strong>ait</strong></span> <span class='ocrx_word' id='word_1_727' title='bbox 544 2392 551 2410; x_wconf 91' lang='lat'><strong>:</strong></span> <span class='ocrx_word' id='word_1_728' title='bbox 567 2383 736 2411; x_wconf 67' lang='lat' dir='ltr'><strong>Exsultemus</strong></span> <span class='ocrx_word' id='word_1_729' title='bbox 751 2384 961 2418; x_wconf 75' lang='lat' dir='ltr'><strong>etjucundemur</strong></span> <span class='ocrx_word' id='word_1_730' title='bbox 972 2385 998 2411; x_wconf 87' lang='lat' dir='ltr'><strong>in</strong></span> <span class='ocrx_word' id='word_1_731' title='bbox 1013 2389 1047 2415; x_wconf 83' lang='lat' dir='ltr'><strong>te.</strong></span> 
     </span>
    </p>
   </div>
   <div class='ocr_carea' id='block_1_95' title="bbox 260 2428 1049 2463">
    <p class='ocr_par' dir='ltr' id='par_1_95' title="bbox 260 2428 1049 2463">
     <span class='ocr_line' id='line_1_95' title="bbox 260 2428 1049 2463; baseline 0.003 -9"><span class='ocrx_word' id='word_1_732' title='bbox 260 2428 368 2455; x_wconf 62' lang='lat' dir='ltr'><strong>videtur</strong></span> <span class='ocrx_word' id='word_1_733' title='bbox 399 2436 433 2455; x_wconf 75' lang='lat' dir='ltr'><strong>ex</strong></span> <span class='ocrx_word' id='word_1_734' title='bbox 465 2435 581 2463; x_wconf 88' lang='lat' dir='ltr'><strong>persona</strong></span> <span class='ocrx_word' id='word_1_735' title='bbox 612 2428 877 2457; x_wconf 82' lang='lat' dir='ltr'><strong>adolescentularum</strong></span> <span class='ocrx_word' id='word_1_736' title='bbox 906 2429 976 2463; x_wconf 84' lang='lat' dir='ltr'><strong>dici,</strong></span> <span class='ocrx_word' id='word_1_737' title='bbox 1007 2429 1049 2457; x_wconf 90' lang='lat' dir='ltr'><strong>vel</strong></span> 
     </span>
    </p>
   </div>
   <div class='ocr_carea' id='block_1_96' title="bbox 296 2486 793 2520">
    <p class='ocr_par' dir='ltr' id='par_1_96' title="bbox 296 2486 793 2520">
     <span class='ocr_line' id='line_1_96' title="bbox 296 2486 793 2520; baseline 0.004 -7"><span class='ocrx_word' id='word_1_738' title='bbox 296 2486 319 2502; x_wconf 87' lang='grc'>³³</span> <span class='ocrx_word' id='word_1_739' title='bbox 330 2486 351 2513; x_wconf 92' lang='lat' dir='ltr'><strong>ll</strong></span> <span class='ocrx_word' id='word_1_740' title='bbox 364 2486 428 2514; x_wconf 87' lang='lat' dir='ltr'><strong>Cor.</strong></span> <span class='ocrx_word' id='word_1_741' title='bbox 446 2494 494 2518; x_wconf 80' lang='lat' dir='ltr'><strong>stt,</strong></span> <span class='ocrx_word' id='word_1_742' title='bbox 515 2487 542 2514; x_wconf 77' lang='grc' dir='ltr'>ι.</span> <span class='ocrx_word' id='word_1_743' title='bbox 580 2486 738 2520; x_wconf 67' lang='grc' dir='ltr'><strong>³⁸Ιεδι.χι.ι’,</strong></span> <span class='ocrx_word' id='word_1_744' title='bbox 766 2488 793 2515; x_wconf 77' lang='lat'><strong>3.</strong></span> 
     </span>
    </p>
   </div>
   <div class='ocr_carea' id='block_1_97' title="bbox 298 2543 1048 2579">
    <p class='ocr_par' dir='ltr' id='par_1_97' title="bbox 298 2543 1048 2579">
     <span class='ocr_line' id='line_1_97' title="bbox 298 2543 1048 2579; baseline 0.001 -10"><span class='ocrx_word' id='word_1_745' title='bbox 298 2544 354 2579; x_wconf 81' lang='lat'><strong>(57)</strong></span> <span class='ocrx_word' id='word_1_746' title='bbox 376 2543 531 2578; x_wconf 82' lang='lat' dir='ltr'><strong>Diligentus,</strong></span> <span class='ocrx_word' id='word_1_747' title='bbox 547 2549 600 2570; x_wconf 84' lang='lat' dir='ltr'><strong>etc.</strong></span> <span class='ocrx_word' id='word_1_748' title='bbox 619 2543 707 2571; x_wconf 84' lang='lat' dir='ltr'><strong>Verba</strong></span> <span class='ocrx_word' id='word_1_749' title='bbox 728 2544 822 2571; x_wconf 61' lang='lat' dir='ltr'><strong>Graeca</strong></span> <span class='ocrx_word' id='word_1_750' title='bbox 839 2544 879 2571; x_wconf 84' lang='lat' dir='ltr'><strong>sic</strong></span> <span class='ocrx_word' id='word_1_751' title='bbox 896 2551 1048 2577; x_wconf 72' lang='lat' dir='ltr'><strong>repraesen-</strong></span> 
     </span>
    </p>
   </div>
   <div class='ocr_carea' id='block_1_98' title="bbox 261 2578 1049 2613">
    <p class='ocr_par' dir='ltr' id='par_1_98' title="bbox 261 2578 1049 2613">
     <span class='ocr_line' id='line_1_98' title="bbox 261 2578 1049 2613; baseline -0.004 -6"><span class='ocrx_word' id='word_1_752' title='bbox 261 2584 301 2607; x_wconf 83' lang='lat' dir='ltr'><strong>tat</strong></span> <span class='ocrx_word' id='word_1_753' title='bbox 318 2579 467 2613; x_wconf 80' lang='lat' dir='ltr'><strong>Procopius</strong></span> <span class='ocrx_word' id='word_1_754' title='bbox 491 2589 497 2605; x_wconf 91' lang='lat'><strong>:</strong></span> <span class='ocrx_word' id='word_1_755' title='bbox 520 2579 726 2613; x_wconf 74' lang='grc' dir='ltr'><strong>Ἀγαπήσομεν</strong></span> <span class='ocrx_word' id='word_1_756' title='bbox 738 2579 876 2612; x_wconf 79' lang='grc' dir='ltr'><strong>μαστούς</strong></span> <span class='ocrx_word' id='word_1_757' title='bbox 891 2587 949 2605; x_wconf 74' lang='lat' dir='ltr'><strong>trav</strong></span> <span class='ocrx_word' id='word_1_758' title='bbox 973 2578 1049 2612; x_wconf 81' lang='grc' dir='ltr'><strong>ὑπὲρ</strong></span> 
     </span>
    </p>
   </div>
   <div class='ocr_carea' id='block_1_99' title="bbox 260 2613 1049 2649">
    <p class='ocr_par' dir='ltr' id='par_1_99' title="bbox 260 2613 1049 2649">
     <span class='ocr_line' id='line_1_99' title="bbox 260 2613 1049 2649; baseline -0.003 -8"><span class='ocrx_word' id='word_1_759' title='bbox 260 2614 358 2642; x_wconf 74' lang='grc' dir='ltr'><strong>οῖνον·</strong></span> <span class='ocrx_word' id='word_1_760' title='bbox 386 2614 480 2649; x_wconf 67' lang='grc' dir='ltr'><strong>ἤγουν,</strong></span> <span class='ocrx_word' id='word_1_761' title='bbox 499 2615 530 2649; x_wconf 55' lang='grc' dir='ltr'><strong>εξ</strong></span> <span class='ocrx_word' id='word_1_762' title='bbox 541 2614 587 2640; x_wconf 75' lang='grc' dir='ltr'><strong>καὶ</strong></span> <span class='ocrx_word' id='word_1_763' title='bbox 609 2614 656 2640; x_wconf 79' lang='grc' dir='ltr'><strong>νῦν</strong></span> <span class='ocrx_word' id='word_1_764' title='bbox 677 2614 710 2649; x_wconf 72' lang='grc' dir='ltr'><strong>δι’</strong></span> <span class='ocrx_word' id='word_1_765' title='bbox 725 2613 867 2649; x_wconf 64' lang='grc' dir='ltr'><strong>ἀςοένειαν</strong></span> <span class='ocrx_word' id='word_1_766' title='bbox 896 2613 966 2649; x_wconf 57' lang='lat' dir='ltr'><strong>pars?</strong></span> <span class='ocrx_word' id='word_1_767' title='bbox 986 2614 1049 2649; x_wconf 54' lang='grc' dir='ltr'>τοὺς</span> 
     </span>
    </p>
   </div>
   <div class='ocr_carea' id='block_1_100' title="bbox 263 2645 1048 2683">
    <p class='ocr_par' dir='ltr' id='par_1_100' title="bbox 263 2645 1048 2683">
     <span class='ocr_line' id='line_1_100' title="bbox 263 2645 1048 2683; baseline -0.004 -7"><span class='ocrx_word' id='word_1_768' title='bbox 263 2651 325 2681; x_wconf 67' lang='grc' dir='ltr'><strong>σοὺς</strong></span> <span class='ocrx_word' id='word_1_769' title='bbox 338 2645 501 2683; x_wconf 62' lang='grc' dir='ltr'><strong>ἀγαῖέῶμεν,</strong></span> <span class='ocrx_word' id='word_1_770' title='bbox 516 2645 656 2683; x_wconf 77' lang='grc' dir='ltr'><strong>ὦνυμφίε,</strong></span> <span class='ocrx_word' id='word_1_771' title='bbox 675 2648 721 2674; x_wconf 82' lang='grc' dir='ltr'>τὸν</span> <span class='ocrx_word' id='word_1_772' title='bbox 736 2645 807 2674; x_wconf 74' lang='grc' dir='ltr'>οῗνον</span> <span class='ocrx_word' id='word_1_773' title='bbox 821 2649 884 2683; x_wconf 57' lang='grc' dir='ltr'><strong>ὅταν</strong></span> <span class='ocrx_word' id='word_1_774' title='bbox 897 2645 1048 2683; x_wconf 64' lang='grc' dir='ltr'><strong>βελέιωθῷ-</strong></span> 
     </span>
    </p>
   </div>
   <div class='ocr_carea' id='block_1_101' title="bbox 264 2681 1047 2719">
    <p class='ocr_par' dir='ltr' id='par_1_101' title="bbox 264 2681 1047 2719">
     <span class='ocr_line' id='line_1_101' title="bbox 264 2681 1047 2719; baseline -0.003 -9"><span class='ocrx_word' id='word_1_775' title='bbox 264 2693 322 2719; x_wconf 72' lang='grc' dir='ltr'><strong>μεν.</strong></span> <span class='ocrx_word' id='word_1_776' title='bbox 339 2681 409 2719; x_wconf 60' lang='grc' dir='ltr'>ὐιτὲρ</span> <span class='ocrx_word' id='word_1_777' title='bbox 420 2681 512 2710; x_wconf 74' lang='grc' dir='ltr'><strong>τὸὗτον</strong></span> <span class='ocrx_word' id='word_1_778' title='bbox 526 2681 624 2719; x_wconf 52' lang='lat' dir='ltr'><strong>abacis;</strong></span> <span class='ocrx_word' id='word_1_779' title='bbox 640 2683 830 2719; x_wconf 57' lang='grc' dir='ltr'><strong>ἀγαπήσομεν.</strong></span> <span class='ocrx_word' id='word_1_780' title='bbox 847 2681 924 2719; x_wconf 61' lang='lat' dir='ltr'><strong>Divo;</strong></span> <span class='ocrx_word' id='word_1_781' title='bbox 937 2683 988 2717; x_wconf 79' lang='grc' dir='ltr'><strong>μὲν</strong></span> <span class='ocrx_word' id='word_1_782' title='bbox 1001 2681 1047 2719; x_wconf 54' lang='grc' dir='ltr'><strong>οὖν</strong></span> 
     </span>
    </p>
   </div>
   <div class='ocr_carea' id='block_1_102' title="bbox 262 2717 1046 2753">
    <p class='ocr_par' dir='ltr' id='par_1_102' title="bbox 262 2717 1046 2753">
     <span class='ocr_line' id='line_1_102' title="bbox 262 2717 1046 2753; baseline -0.001 -8"><span class='ocrx_word' id='word_1_783' title='bbox 262 2717 415 2753; x_wconf 72' lang='grc' dir='ltr'><strong>ὲὺφραίνών</strong></span> <span class='ocrx_word' id='word_1_784' title='bbox 437 2719 560 2753; x_wconf 62' lang='grc' dir='ltr'><strong>νεάνιδας</strong></span> <span class='ocrx_word' id='word_1_785' title='bbox 576 2718 611 2744; x_wconf 79' lang='grc' dir='ltr'><strong>τὰ</strong></span> <span class='ocrx_word' id='word_1_786' title='bbox 632 2718 744 2753; x_wconf 64' lang='grc' dir='ltr'><strong>νομικὰ·</strong></span> <span class='ocrx_word' id='word_1_787' title='bbox 763 2719 778 2752; x_wconf 87' lang='grc' dir='ltr'><strong>ἡ</strong></span> <span class='ocrx_word' id='word_1_788' title='bbox 798 2718 825 2744; x_wconf 76' lang='grc' dir='ltr'><strong>δὲ</strong></span> <span class='ocrx_word' id='word_1_789' title='bbox 844 2717 978 2752; x_wconf 79' lang='grc' dir='ltr'><strong>τελειότης</strong></span> <span class='ocrx_word' id='word_1_790' title='bbox 998 2718 1046 2746; x_wconf 72' lang='grc' dir='ltr'><strong>τοῦ</strong></span> 
     </span>
    </p>
   </div>
   <div class='ocr_carea' id='block_1_103' title="bbox 263 2752 1047 2788">
    <p class='ocr_par' dir='ltr' id='par_1_103' title="bbox 263 2752 1047 2788">
     <span class='ocr_line' id='line_1_103' title="bbox 263 2752 1047 2788; baseline 0 -9"><span class='ocrx_word' id='word_1_791' title='bbox 263 2752 377 2788; x_wconf 55' lang='grc' dir='ltr'><strong>νυμφίου</strong></span> <span class='ocrx_word' id='word_1_792' title='bbox 392 2754 498 2788; x_wconf 81' lang='grc' dir='ltr'><strong>μαστοί.</strong></span> <span class='ocrx_word' id='word_1_793' title='bbox 513 2752 578 2779; x_wconf 76' lang='grc' dir='ltr'><strong>Εἶτα</strong></span> <span class='ocrx_word' id='word_1_794' title='bbox 592 2754 631 2783; x_wconf 85' lang='grc' dir='ltr'><strong>εἰς</strong></span> <span class='ocrx_word' id='word_1_795' title='bbox 644 2752 791 2788; x_wconf 68' lang='grc' dir='ltr'>ἁπολργίαν</span> <span class='ocrx_word' id='word_1_796' title='bbox 805 2753 851 2779; x_wconf 75' lang='grc' dir='ltr'><strong>τοῦ</strong></span> <span class='ocrx_word' id='word_1_797' title='bbox 871 2753 907 2788; x_wconf 82' lang='grc' dir='ltr'><strong>μὴ</strong></span> <span class='ocrx_word' id='word_1_798' title='bbox 919 2753 968 2788; x_wconf 80' lang='grc' dir='ltr'><strong>ἢδη</strong></span> <span class='ocrx_word' id='word_1_799' title='bbox 979 2754 1047 2786; x_wconf 82' lang='grc' dir='ltr'>ἁγα-</span> 
     </span>
    </p>
   </div>
   <div class='ocr_carea' id='block_1_104' title="bbox 263 2787 1049 2823">
    <p class='ocr_par' dir='ltr' id='par_1_104' title="bbox 263 2787 1049 2823">
     <span class='ocr_line' id='line_1_104' title="bbox 263 2787 1049 2823; baseline 0 -9"><span class='ocrx_word' id='word_1_800' title='bbox 263 2790 318 2822; x_wconf 78' lang='grc' dir='ltr'>πᾷν</span> <span class='ocrx_word' id='word_1_801' title='bbox 332 2796 422 2823; x_wconf 83' lang='grc' dir='ltr'>φησιν·</span> <span class='ocrx_word' id='word_1_802' title='bbox 431 2789 567 2820; x_wconf 70' lang='grc' dir='ltr'><strong>Εὐϐώτης</strong></span> <span class='ocrx_word' id='word_1_803' title='bbox 582 2787 722 2822; x_wconf 72' lang='grc' dir='ltr'><strong>ἠγάπησέ</strong></span> <span class='ocrx_word' id='word_1_804' title='bbox 732 2795 769 2814; x_wconf 82' lang='grc' dir='ltr'><strong>σε</strong></span> <span class='ocrx_word' id='word_1_805' title='bbox 776 2796 783 2802; x_wconf 69' lang='grc' dir='ltr'><em>υ</em></span> <span class='ocrx_word' id='word_1_806' title='bbox 792 2789 871 2822; x_wconf 72' lang='grc' dir='ltr'>ἡμεῖς</span> <span class='ocrx_word' id='word_1_807' title='bbox 881 2787 908 2813; x_wconf 76' lang='grc' dir='ltr'><strong>δὲ</strong></span> <span class='ocrx_word' id='word_1_808' title='bbox 917 2787 993 2814; x_wconf 72' lang='grc' dir='ltr'><strong>οὔπω</strong></span> <span class='ocrx_word' id='word_1_809' title='bbox 1000 2789 1049 2819; x_wconf 66' lang='grc' dir='ltr'><strong>τὰς</strong></span> 
     </span>
    </p>
   </div>
   <div class='ocr_carea' id='block_1_105' title="bbox 264 2822 1050 2858">
    <p class='ocr_par' dir='ltr' id='par_1_105' title="bbox 264 2822 1050 2858">
     <span class='ocr_line' id='line_1_105' title="bbox 264 2822 1050 2858; baseline 0 -9"><span class='ocrx_word' id='word_1_810' title='bbox 264 2823 367 2849; x_wconf 56' lang='grc' dir='ltr'>ἑλκῶν</span> <span class='ocrx_word' id='word_1_811' title='bbox 387 2823 499 2858; x_wconf 65' lang='grc' dir='ltr'><strong>πθρεῐας</strong></span> <span class='ocrx_word' id='word_1_812' title='bbox 519 2823 627 2854; x_wconf 68' lang='grc' dir='ltr'>εὐθείας</span> <span class='ocrx_word' id='word_1_813' title='bbox 650 2823 845 2857; x_wconf 74' lang='grc' dir='ltr'><strong>ἐποιησάμεθα.</strong></span> <span class='ocrx_word' id='word_1_814' title='bbox 875 2833 883 2848; x_wconf 76' lang='grc' dir='ltr'><strong>ι</strong></span> <span class='ocrx_word' id='word_1_815' title='bbox 907 2822 1050 2857; x_wconf 81' lang='lat' dir='ltr'><strong>Diligemus</strong></span> 
     </span>
    </p>
   </div>
   <div class='ocr_carea' id='block_1_106' title="bbox 1101 2243 1886 2281">
    <p class='ocr_par' dir='ltr' id='par_1_106' title="bbox 1101 2243 1886 2281">
     <span class='ocr_line' id='line_1_106' title="bbox 1101 2243 1886 2281; baseline -0.004 -9"><span class='ocrx_word' id='word_1_816' title='bbox 1101 2245 1193 2281; x_wconf 84' lang='lat' dir='ltr'><strong>sponsi</strong></span> <span class='ocrx_word' id='word_1_817' title='bbox 1209 2256 1216 2273; x_wconf 89' lang='lat'><strong>.-</strong></span> <span class='ocrx_word' id='word_1_818' title='bbox 1229 2245 1254 2272; x_wconf 86' lang='lat' dir='ltr'><strong>id</strong></span> <span class='ocrx_word' id='word_1_819' title='bbox 1270 2249 1312 2272; x_wconf 84' lang='lat' dir='ltr'><strong>est</strong></span> <span class='ocrx_word' id='word_1_820' title='bbox 1326 2244 1516 2280; x_wconf 84' lang='lat' dir='ltr'><strong>propensiores</strong></span> <span class='ocrx_word' id='word_1_821' title='bbox 1529 2243 1628 2271; x_wconf 67' lang='lat' dir='ltr'><strong>futui-a3</strong></span> <span class='ocrx_word' id='word_1_822' title='bbox 1642 2251 1705 2279; x_wconf 78' lang='lat' dir='ltr'><strong>erga</strong></span> <span class='ocrx_word' id='word_1_823' title='bbox 1719 2243 1855 2279; x_wconf 80' lang='lat' dir='ltr'><strong>perfecta.</strong></span> <span class='ocrx_word' id='word_1_824' title='bbox 1866 2247 1886 2270; x_wconf 88' lang='lat' dir='ltr'><strong>ct</strong></span> 
     </span>
    </p>
   </div>
   <div class='ocr_carea' id='block_1_107' title="bbox 1100 2289 1886 2326">
    <p class='ocr_par' dir='ltr' id='par_1_107' title="bbox 1100 2289 1886 2326">
     <span class='ocr_line' id='line_1_107' title="bbox 1100 2289 1886 2326; baseline -0.001 -9"><span class='ocrx_word' id='word_1_825' title='bbox 1100 2291 1175 2318; x_wconf 82' lang='grc' dir='ltr'>οιιιιιί</span> <span class='ocrx_word' id='word_1_826' title='bbox 1197 2290 1364 2325; x_wconf 85' lang='lat' dir='ltr'><strong>plenitudine</strong></span> <span class='ocrx_word' id='word_1_827' title='bbox 1384 2290 1493 2317; x_wconf 84' lang='lat' dir='ltr'><strong>decreta</strong></span> <span class='ocrx_word' id='word_1_828' title='bbox 1515 2289 1642 2324; x_wconf 75' lang='lat' dir='ltr'><strong>dogmata</strong></span> <span class='ocrx_word' id='word_1_829' title='bbox 1666 2289 1787 2323; x_wconf 78' lang='lat' dir='ltr'><strong>Christi,</strong></span> <span class='ocrx_word' id='word_1_830' title='bbox 1812 2298 1886 2326; x_wconf 85' lang='lat' dir='ltr'><strong>quam</strong></span> 
     </span>
    </p>
   </div>
   <div class='ocr_carea' id='block_1_108' title="bbox 1097 2335 1888 2372">
    <p class='ocr_par' dir='ltr' id='par_1_108' title="bbox 1097 2335 1888 2372">
     <span class='ocr_line' id='line_1_108' title="bbox 1097 2335 1888 2372; baseline 0 -8"><span class='ocrx_word' id='word_1_831' title='bbox 1097 2337 1154 2372; x_wconf 87' lang='lat' dir='ltr'><strong>jam</strong></span> <span class='ocrx_word' id='word_1_832' title='bbox 1179 2341 1269 2369; x_wconf 86' lang='lat' dir='ltr'><strong>antea,</strong></span> <span class='ocrx_word' id='word_1_833' title='bbox 1283 2336 1340 2363; x_wconf 81' lang='lat' dir='ltr'><strong>sive</strong></span> <span class='ocrx_word' id='word_1_834' title='bbox 1355 2336 1382 2363; x_wconf 93' lang='lat' dir='ltr'><strong>in</strong></span> <span class='ocrx_word' id='word_1_835' title='bbox 1397 2335 1590 2364; x_wconf 84' lang='lat' dir='ltr'><strong>communibus</strong></span> <span class='ocrx_word' id='word_1_836' title='bbox 1614 2335 1724 2369; x_wconf 88' lang='lat' dir='ltr'><strong>studiis,</strong></span> <span class='ocrx_word' id='word_1_837' title='bbox 1739 2337 1801 2364; x_wconf 83' lang='lat' dir='ltr'><strong>sive</strong></span> <span class='ocrx_word' id='word_1_838' title='bbox 1817 2338 1843 2364; x_wconf 94' lang='lat' dir='ltr'><strong>in</strong></span> <span class='ocrx_word' id='word_1_839' title='bbox 1858 2337 1888 2363; x_wconf 73' lang='lat' dir='ltr'><strong>lc-</strong></span> 
     </span>
    </p>
   </div>
   <div class='ocr_carea' id='block_1_109' title="bbox 1101 2381 1887 2418">
    <p class='ocr_par' dir='ltr' id='par_1_109' title="bbox 1101 2381 1887 2418">
     <span class='ocr_line' id='line_1_109' title="bbox 1101 2381 1887 2418; baseline -0.001 -9"><span class='ocrx_word' id='word_1_840' title='bbox 1101 2383 1142 2418; x_wconf 81' lang='lat' dir='ltr'><strong>gis</strong></span> <span class='ocrx_word' id='word_1_841' title='bbox 1156 2388 1182 2409; x_wconf 87' lang='lat' dir='ltr'><strong>et</strong></span> <span class='ocrx_word' id='word_1_842' title='bbox 1197 2382 1393 2418; x_wconf 81' lang='lat' dir='ltr'><strong>prophetarum</strong></span> <span class='ocrx_word' id='word_1_843' title='bbox 1408 2382 1473 2409; x_wconf 71' lang='lat' dir='ltr'><strong>visae</strong></span> <span class='ocrx_word' id='word_1_844' title='bbox 1488 2385 1552 2409; x_wconf 89' lang='lat' dir='ltr'><strong>sunt</strong></span> <span class='ocrx_word' id='word_1_845' title='bbox 1567 2381 1792 2411; x_wconf 81' lang='lat' dir='ltr'><strong>institutionibus</strong></span> <span class='ocrx_word' id='word_1_846' title='bbox 1809 2383 1887 2411; x_wconf 78' lang='lat' dir='ltr'><strong>exsti-</strong></span> 
     </span>
    </p>
   </div>
   <div class='ocr_carea' id='block_1_110' title="bbox 1102 2429 1178 2456">
    <p class='ocr_par' dir='ltr' id='par_1_110' title="bbox 1102 2429 1178 2456">
     <span class='ocr_line' id='line_1_110' title="bbox 1102 2429 1178 2456; baseline -0.013 0"><span class='ocrx_word' id='word_1_847' title='bbox 1102 2429 1178 2456; x_wconf 79' lang='lat' dir='ltr'><strong>tisse.</strong></span> 
     </span>
    </p>
   </div>
   <div class='ocr_carea' id='block_1_111' title="bbox 839 2484 1620 2520">
    <p class='ocr_par' dir='ltr' id='par_1_111' title="bbox 839 2484 1620 2520">
     <span class='ocr_line' id='line_1_111' title="bbox 839 2484 1620 2520; baseline 0.004 -8"><span class='ocrx_word' id='word_1_848' title='bbox 839 2488 860 2504; x_wconf 79' lang='grc'><strong>³⁸</strong></span> <span class='ocrx_word' id='word_1_849' title='bbox 876 2485 948 2513; x_wconf 82' lang='lat' dir='ltr'><strong>Psal.</strong></span> <span class='ocrx_word' id='word_1_850' title='bbox 972 2485 1094 2519; x_wconf 48' lang='lat' dir='ltr'><strong>suum.</strong></span> <span class='ocrx_word' id='word_1_851' title='bbox 1123 2484 1229 2519; x_wconf 83' lang='lat' dir='ltr'><strong>&quot;ibid.,</strong></span> <span class='ocrx_word' id='word_1_852' title='bbox 1245 2486 1286 2520; x_wconf 77' lang='lat' dir='ltr'><strong>l5,</strong></span> <span class='ocrx_word' id='word_1_853' title='bbox 1300 2486 1341 2514; x_wconf 85' lang='lat' dir='ltr'><strong>l6.</strong></span> <span class='ocrx_word' id='word_1_854' title='bbox 1377 2486 1399 2502; x_wconf 88' lang='grc'>³⁷</span> <span class='ocrx_word' id='word_1_855' title='bbox 1415 2485 1483 2514; x_wconf 87' lang='lat' dir='ltr'><strong>an.</strong></span> <span class='ocrx_word' id='word_1_856' title='bbox 1494 2495 1550 2520; x_wconf 79' lang='lat' dir='ltr'><strong>nx,</strong></span> <span class='ocrx_word' id='word_1_857' title='bbox 1574 2487 1620 2515; x_wconf 80' lang='grc'><strong>26.</strong></span> 
     </span>
    </p>
   </div>
   <div class='ocr_carea' id='block_1_112' title="bbox 1101 2543 1888 2579">
    <p class='ocr_par' dir='ltr' id='par_1_112' title="bbox 1101 2543 1888 2579">
     <span class='ocr_line' id='line_1_112' title="bbox 1101 2543 1888 2579; baseline 0.006 -10"><span class='ocrx_word' id='word_1_858' title='bbox 1101 2543 1181 2570; x_wconf 85' lang='lat' dir='ltr'><strong>ubera</strong></span> <span class='ocrx_word' id='word_1_859' title='bbox 1199 2549 1246 2570; x_wconf 86' lang='lat' dir='ltr'><strong>tua</strong></span> <span class='ocrx_word' id='word_1_860' title='bbox 1269 2552 1347 2578; x_wconf 87' lang='lat' dir='ltr'><strong>super</strong></span> <span class='ocrx_word' id='word_1_861' title='bbox 1368 2545 1467 2571; x_wconf 86' lang='lat' dir='ltr'><strong>vinum.</strong></span> <span class='ocrx_word' id='word_1_862' title='bbox 1485 2554 1494 2571; x_wconf 75' lang='grc' dir='ltr'><strong>ι</strong></span> <span class='ocrx_word' id='word_1_863' title='bbox 1528 2545 1583 2572; x_wconf 76' lang='lat' dir='ltr'><strong>Hoc</strong></span> <span class='ocrx_word' id='word_1_864' title='bbox 1605 2550 1655 2579; x_wconf 71' lang='lat' dir='ltr'><strong>est,</strong></span> <span class='ocrx_word' id='word_1_865' title='bbox 1677 2548 1790 2574; x_wconf 79' lang='lat' dir='ltr'><strong>tametsi</strong></span> <span class='ocrx_word' id='word_1_866' title='bbox 1812 2556 1888 2578; x_wconf 64' lang='lat' dir='ltr'><strong>nunc.</strong></span> 
     </span>
    </p>
   </div>
   <div class='ocr_carea' id='block_1_113' title="bbox 1100 2580 1888 2638">
    <p class='ocr_par' dir='ltr' id='par_1_113' title="bbox 1100 2580 1888 2638">
     <span class='ocr_line' id='line_1_113' title="bbox 1100 2580 1888 2638; baseline 0.005 -34"><span class='ocrx_word' id='word_1_867' title='bbox 1100 2587 1157 2638; x_wconf 58' lang='lat' dir='ltr'><strong>2m:</strong></span> <span class='ocrx_word' id='word_1_868' title='bbox 1179 2584 1269 2605; x_wconf 74' lang='lat' dir='ltr'><strong>nostra</strong></span> <span class='ocrx_word' id='word_1_869' title='bbox 1280 2580 1423 2612; x_wconf 71' lang='lat' dir='ltr'><strong>infirmitas</strong></span> <span class='ocrx_word' id='word_1_870' title='bbox 1442 2586 1492 2610; x_wconf 77' lang='lat' dir='ltr'><strong>est,</strong></span> <span class='ocrx_word' id='word_1_871' title='bbox 1511 2589 1525 2606; x_wconf 91' lang='grc' dir='ltr'>ο</span> <span class='ocrx_word' id='word_1_872' title='bbox 1542 2589 1645 2614; x_wconf 76' lang='lat' dir='ltr'><strong>sponse,</strong></span> <span class='ocrx_word' id='word_1_873' title='bbox 1663 2589 1719 2616; x_wconf 77' lang='lat' dir='ltr'><strong>pro:</strong></span> <span class='ocrx_word' id='word_1_874' title='bbox 1737 2583 1794 2610; x_wconf 80' lang='lat' dir='ltr'><strong>tuis</strong></span> <span class='ocrx_word' id='word_1_875' title='bbox 1811 2591 1888 2616; x_wconf 79' lang='lat' dir='ltr'><strong>opm-</strong></span> 
     </span>
     <span class='ocr_line' id='line_1_114' title="bbox 1119 2614 1888 2638; baseline 0 0"><span class='ocrx_word' id='word_1_876' title='bbox 1119 2623 1148 2638; x_wconf 80' lang='lat' dir='ltr'><strong>us</strong></span> <span class='ocrx_word' id='word_1_877' title='bbox 1166 2614 1250 2638; x_wconf 78' lang='lat' dir='ltr'><strong>mauis</strong></span> <span class='ocrx_word' id='word_1_878' title='bbox 1264 2614 1407 2638; x_wconf 81' lang='lat' dir='ltr'><strong>di/iaamus</strong></span> <span class='ocrx_word' id='word_1_879' title='bbox 1420 2615 1523 2638; x_wconf 76' lang='lat' dir='ltr'><strong>vinum:</strong></span> <span class='ocrx_word' id='word_1_880' title='bbox 1540 2623 1599 2638; x_wconf 77' lang='lat' dir='ltr'><strong>cum</strong></span> <span class='ocrx_word' id='word_1_881' title='bbox 1621 2617 1725 2638; x_wconf 72' lang='lat' dir='ltr'><strong>meliori</strong></span> <span class='ocrx_word' id='word_1_882' title='bbox 1745 2617 1824 2638; x_wconf 74' lang='lat' dir='ltr'><strong>frmu</strong></span> <span class='ocrx_word' id='word_1_883' title='bbox 1846 2626 1888 2638; x_wconf 77' lang='lat' dir='ltr'><strong>mu.</strong></span> 
     </span>
    </p>
   </div>
   <div class='ocr_carea' id='block_1_114' title="bbox 1119 2614 1888 2653">
    <p class='ocr_par' dir='ltr' id='par_1_114' title="bbox 1119 2614 1888 2653">
     <span class='ocr_line' id='line_1_115' title="bbox 1119 2614 1888 2653; baseline 0.003 -13"><span class='ocrx_word' id='word_1_884' title='bbox 1119 2623 1151 2653; x_wconf 67' lang='lat' dir='ltr'><strong>us</strong></span> <span class='ocrx_word' id='word_1_885' title='bbox 1166 2614 1250 2653; x_wconf 64' lang='lat' dir='ltr'><strong>magis</strong></span> <span class='ocrx_word' id='word_1_886' title='bbox 1264 2614 1407 2653; x_wconf 68' lang='lat' dir='ltr'><strong>diligamus</strong></span> <span class='ocrx_word' id='word_1_887' title='bbox 1420 2615 1599 2653; x_wconf 34' lang='lat' dir='ltr'><strong>nutamine-um</strong></span> <span class='ocrx_word' id='word_1_888' title='bbox 1621 2614 1725 2653; x_wconf 66' lang='lat' dir='ltr'><strong>meliori</strong></span> <span class='ocrx_word' id='word_1_889' title='bbox 1743 2614 1833 2653; x_wconf 64' lang='lat' dir='ltr'><strong>fruge</strong></span> <span class='ocrx_word' id='word_1_890' title='bbox 1845 2626 1888 2643; x_wconf 47' lang='lat' dir='ltr'><strong>mu:</strong></span> 
     </span>
    </p>
   </div>
   <div class='ocr_carea' id='block_1_115' title="bbox 1101 2649 1888 2688">
    <p class='ocr_par' dir='ltr' id='par_1_115' title="bbox 1101 2649 1888 2688">
     <span class='ocr_line' id='line_1_116' title="bbox 1101 2649 1888 2688; baseline 0.004 -14"><span class='ocrx_word' id='word_1_891' title='bbox 1101 2650 1151 2688; x_wconf 76' lang='lat' dir='ltr'><strong>tuti</strong></span> <span class='ocrx_word' id='word_1_892' title='bbox 1162 2649 1303 2688; x_wconf 50' lang='lat' dir='ltr'><strong>[aet-imus,</strong></span> <span class='ocrx_word' id='word_1_893' title='bbox 1316 2656 1371 2688; x_wconf 67' lang='lat' dir='ltr'><strong>pro:</strong></span> <span class='ocrx_word' id='word_1_894' title='bbox 1379 2649 1493 2688; x_wconf 71' lang='lat' dir='ltr'><strong>oinoilla</strong></span> <span class='ocrx_word' id='word_1_895' title='bbox 1506 2651 1657 2688; x_wconf 41' lang='lat' dir='ltr'><strong>diligemus,</strong></span> <span class='ocrx_word' id='word_1_896' title='bbox 1676 2649 1775 2688; x_wconf 64' lang='lat' dir='ltr'><strong>Vinum</strong></span> <span class='ocrx_word' id='word_1_897' title='bbox 1790 2649 1888 2688; x_wconf 57' lang='lat' dir='ltr'><strong>{pridem</strong></span> 
     </span>
    </p>
   </div>
   <div class='ocr_carea' id='block_1_116' title="bbox 1099 2683 1888 2721">
    <p class='ocr_par' dir='ltr' id='par_1_116' title="bbox 1099 2683 1888 2721">
     <span class='ocr_line' id='line_1_117' title="bbox 1099 2683 1888 2721; baseline 0.005 -12"><span class='ocrx_word' id='word_1_898' title='bbox 1099 2684 1240 2721; x_wconf 61' lang='lat' dir='ltr'><strong>latr/itum</strong></span> <span class='ocrx_word' id='word_1_899' title='bbox 1263 2683 1484 2721; x_wconf 69' lang='lat' dir='ltr'><strong>adulescentulas,</strong></span> <span class='ocrx_word' id='word_1_900' title='bbox 1505 2683 1633 2721; x_wconf 68' lang='lat' dir='ltr'><strong>mandatu</strong></span> <span class='ocrx_word' id='word_1_901' title='bbox 1649 2686 1750 2721; x_wconf 65' lang='lat' dir='ltr'><strong>legatio</strong></span> <span class='ocrx_word' id='word_1_902' title='bbox 1771 2683 1806 2714; x_wconf 62' lang='lat' dir='ltr'><strong>ac</strong></span> <span class='ocrx_word' id='word_1_903' title='bbox 1822 2696 1888 2715; x_wconf 67' lang='lat' dir='ltr'><strong>wre-</strong></span> 
     </span>
    </p>
   </div>
   <div class='ocr_carea' id='block_1_117' title="bbox 1101 2719 1888 2753">
    <p class='ocr_par' dir='ltr' id='par_1_117' title="bbox 1101 2719 1888 2753">
     <span class='ocr_line' id='line_1_118' title="bbox 1101 2719 1888 2753; baseline 0.005 -9"><span class='ocrx_word' id='word_1_904' title='bbox 1101 2719 1195 2744; x_wconf 83' lang='lat' dir='ltr'><strong>monia:</strong></span> <span class='ocrx_word' id='word_1_905' title='bbox 1212 2724 1290 2748; x_wconf 85' lang='lat' dir='ltr'><strong>sunt;</strong></span> <span class='ocrx_word' id='word_1_906' title='bbox 1310 2719 1433 2753; x_wconf 65' lang='lat' dir='ltr'><strong>perfectio</strong></span> <span class='ocrx_word' id='word_1_907' title='bbox 1452 2725 1538 2746; x_wconf 80' lang='lat' dir='ltr'><strong>autent</strong></span> <span class='ocrx_word' id='word_1_908' title='bbox 1559 2720 1660 2747; x_wconf 78' lang='lat' dir='ltr'><strong>Christi</strong></span> <span class='ocrx_word' id='word_1_909' title='bbox 1676 2719 1773 2749; x_wconf 65' lang='lat' dir='ltr'><strong>ubera.</strong></span> <span class='ocrx_word' id='word_1_910' title='bbox 1797 2723 1888 2750; x_wconf 77' lang='lat' dir='ltr'><strong>Deindt</strong></span> 
     </span>
    </p>
   </div>
   <div class='ocr_carea' id='block_1_118' title="bbox 1102 2754 1888 2790">
    <p class='ocr_par' dir='ltr' id='par_1_118' title="bbox 1102 2754 1888 2790">
     <span class='ocr_line' id='line_1_119' title="bbox 1102 2754 1888 2790; baseline 0.008 -11"><span class='ocrx_word' id='word_1_911' title='bbox 1102 2754 1174 2790; x_wconf 61' lang='lat' dir='ltr'><strong>uelut</strong></span> <span class='ocrx_word' id='word_1_912' title='bbox 1182 2754 1372 2790; x_wconf 73' lang='lat' dir='ltr'><strong>satisfaciendo</strong></span> <span class='ocrx_word' id='word_1_913' title='bbox 1382 2755 1450 2789; x_wconf 82' lang='lat' dir='ltr'><strong>quod</strong></span> <span class='ocrx_word' id='word_1_914' title='bbox 1465 2763 1515 2780; x_wconf 82' lang='lat' dir='ltr'><strong>non</strong></span> <span class='ocrx_word' id='word_1_915' title='bbox 1527 2763 1583 2780; x_wconf 76' lang='lat' dir='ltr'><strong>eam</strong></span> <span class='ocrx_word' id='word_1_916' title='bbox 1598 2756 1706 2790; x_wconf 81' lang='lat' dir='ltr'><strong>diligat,</strong></span> <span class='ocrx_word' id='word_1_917' title='bbox 1717 2766 1726 2783; x_wconf 79' lang='grc' dir='ltr'><strong>ι</strong></span> <span class='ocrx_word' id='word_1_918' title='bbox 1739 2757 1888 2789; x_wconf 77' lang='lat' dir='ltr'><strong>Rectitudo,</strong></span> 
     </span>
    </p>
   </div>
   <div class='ocr_carea' id='block_1_119' title="bbox 1104 2789 1888 2828">
    <p class='ocr_par' dir='ltr' id='par_1_119' title="bbox 1104 2789 1888 2828">
     <span class='ocr_line' id='line_1_120' title="bbox 1104 2789 1888 2828; baseline 0.009 -14"><span class='ocrx_word' id='word_1_919' title='bbox 1104 2789 1306 2827; x_wconf 32' lang='lat' dir='ltr'><strong>inquit,.dilea;it</strong></span> <span class='ocrx_word' id='word_1_920' title='bbox 1320 2794 1360 2820; x_wconf 85' lang='lat' dir='ltr'><strong>te;</strong></span> <span class='ocrx_word' id='word_1_921' title='bbox 1381 2799 1390 2814; x_wconf 70' lang='grc' dir='ltr'><strong>ι</strong></span> <span class='ocrx_word' id='word_1_922' title='bbox 1407 2797 1452 2816; x_wconf 78' lang='lat' dir='ltr'><strong>nos</strong></span> <span class='ocrx_word' id='word_1_923' title='bbox 1470 2796 1557 2816; x_wconf 82' lang='lat' dir='ltr'><strong>autent</strong></span> <span class='ocrx_word' id='word_1_924' title='bbox 1584 2789 1696 2818; x_wconf 77' lang='lat' dir='ltr'><strong>necdum</strong></span> <span class='ocrx_word' id='word_1_925' title='bbox 1722 2798 1813 2820; x_wconf 81' lang='lat' dir='ltr'><strong>rectas</strong></span> <span class='ocrx_word' id='word_1_926' title='bbox 1833 2794 1888 2828; x_wconf 74' lang='lat' dir='ltr'><strong>[cci-</strong></span> 
     </span>
    </p>
   </div>
   <div class='ocr_carea' id='block_1_120' title="bbox 1106 2828 1366 2852">
    <p class='ocr_par' dir='ltr' id='par_1_120' title="bbox 1106 2828 1366 2852">
     <span class='ocr_line' id='line_1_121' title="bbox 1106 2828 1366 2852; baseline 0.008 -2"><span class='ocrx_word' id='word_1_927' title='bbox 1106 2832 1163 2850; x_wconf 73' lang='lat' dir='ltr'><strong>lllll-S</strong></span> <span class='ocrx_word' id='word_1_928' title='bbox 1180 2831 1235 2851; x_wconf 76' lang='grc' dir='ltr'><strong>υιαδ</strong></span> <span class='ocrx_word' id='word_1_929' title='bbox 1252 2828 1366 2852; x_wconf 78' lang='lat' dir='ltr'><strong>nostras.</strong></span> 
     </span>
    </p>
   </div>
  </div>
