1892 3050
60 112 101 138 1)]

712 111 811 140 LIBER
832 113 1024 144 SECUNDUS.

1633 120 1684 148 103

91 168 164 196 Vt'rs.
180 168 209 196 4.
227 168 355 203 Equites
366 170 460 197 dilexit
477 175 511 197 te.
530 170 616 198 Etiam
639 172 690 199 hoc
713 173 778 199 mihi
803 173 842 200 vi-
857 177 879 205 Α
895 175 973 210 longe
987 175 1074 202 simus
1089 182 1104 201 a
1119 174 1263 202 dilectione
1276 174 1388 208 Christi,
1406 181 1434 203 et
1451 181 1554 204 tantum
1570 182 1683 207 manda-

56 215 149 241 dentur
164 214 379 242 adulescentula:
395 215 530 250 proloqui,
549 216 623 243 velut
641 217 843 245 satisfacientes

57 269 102 296 pro
115 269 147 288 eo
160 261 234 295 quod
251 261 399 288 dilecturas
415 269 497 296 super
509 262 601 289 vinmn
619 270 649 291 sc
660 263 844 298 promiserunt

59 308 134 334 ubera
155 307 264 342 sponsi,
283 312 309 334 et
326 315 380 335 non
391 308 447 342 jam
466 308 493 334 in
509 309 635 342 praesenti
653 309 776 344 diligant,
795 319 843 338 ne-

56 362 106 387 que
127 354 261 387 integram
287 354 341 380 vim
365 354 504 382 charitalis
525 355 682 382 ostendant.
705 355 752 383 Est
777 364 842 391 ergo

58 407 104 426 vox
117 400 166 426 ista
184 400 263 426 velut
279 399 462 428 incusantium
482 401 644 436 semetipsas
661 411 668 428 :
688 402 767 436 quasi
779 410 841 437 quae

59 446 169 474 nondum
182 446 292 481 abiecta
304 447 378 474 omni
389 447 530 482 iniquitate
536 448 708 483 pervenerint
718 449 751 476 ad
759 449 843 484 aequi-

57 498 142 525 tatem,
158 497 189 520 ut
214 492 323 527 possint
342 492 398 528 jam
417 493 528 528 diligere
545 501 628 528 super
648 494 741 521 vinum
757 494 840 522 ubera

57 538 153 573 sponsi,
165 538 287 566 scientes
303 538 497 566 inconveniens
511 547 582 572 esse,
599 544 629 566 ut
639 540 739 575 aliquid
752 540 841 568 adhuc

58 584 164 610 rrsideat
182 585 340 619 iniquitatis
358 585 384 611 in
404 593 436 612 eo
450 585 497 620 qui
515 586 548 612 ad
567 585 763 620 perfectionem
785 586 841 621 spi-

57 631 297 667 ritalisetmystica:
337 630 468 658 doctrina:
494 631 656 665 pervenerit.
683 631 753 664 Quia
774 639 839 666 ergo

56 683 154 702 summa
174 675 355 710 perfectionis
369 677 395 703 in
411 677 545 704 charitate
561 677 698 710 consistit,
717 677 838 706 cltaritas

55 727 138 749 autem
161 722 228 749 nihil
258 722 412 757 iniquitatis
436 723 565 755 admittit,
586 723 631 750 ubi
655 731 745 751 autem
770 723 837 751 nihil

56 768 197 802 iniquitatis
220 773 274 801 est,
295 768 332 795 ibi
354 768 413 796 sine
434 769 517 796 dubio
539 773 580 796 est
600 769 722 804 aequitas,
740 769 836 796 merito

55 820 112 847 ergo
123 814 236 848 aequitas
257 821 321 841 esse
336 814 444 847 dicitur,
464 823 525 849 quae
541 815 626 849 diligit
641 822 784 849 sponsum.
803 813 836 840 Et

57 857 108 885 ride
123 859 144 885 si
159 866 212 886 non
227 859 265 886 ob
279 860 332 886 hoc
348 860 428 886 etiam
445 860 553 886 videtur
568 860 633 886 illud
647 860 674 886 in
691 859 836 894 Evangelio

54 903 215 932 aSalv-atorc
235 905 342 934 dictum
363 914 369 932 :
387 905 416 932 Si
431 905 544 941 diligitis
561 914 610 938 me,
632 905 759 932 mandata
777 913 835 931 mea

56 956 145 976 temne
157 950 189 977 ³⁸.
203 950 233 977 Si
247 958 316 986 ergo
327 950 372 986 qui
386 951 472 986 diligit
484 951 623 979 Christum
637 951 762 978 mandata
776 950 836 985 ejus

55 996 171 1029 custodit,
183 997 257 1023 nulla
272 1001 315 1024 est
330 998 356 1024 in
370 1005 403 1024 eo
418 997 615 1032 iniquitas,sed
630 997 745 1032 aequitas
765 997 791 1023 in
802 1003 836 1024 eo

55 1048 197 1075 permanet;
215 1043 334 1077 aequitas
348 1050 413 1078 ergo
429 1049 481 1075 est,
497 1050 558 1078 quae
570 1043 696 1070 mandata
715 1043 775 1078 ejus
787 1050 835 1070 cu-

56 1088 128 1114 studit
149 1092 175 1114 et
197 1089 288 1123 diligit
309 1088 459 1116 Christum.
484 1088 516 1116 Et
533 1097 642 1116 rursum
661 1098 668 1117 :
689 1089 717 1116 Si
741 1089 765 1117 is
788 1089 835 1124 qui

57 1134 170 1161 mandata
186 1135 319 1167 custodit,
344 1136 401 1171 ipse
420 1136 509 1171 diligit
530 1135 680 1168 Christum,
705 1136 834 1163 mandata

56 1185 135 1207 autem
155 1181 181 1208 in
204 1183 336 1217 aequitate
359 1187 512 1215 servantur,
528 1187 555 1209 et
575 1183 697 1217 aequitas
707 1188 748 1210 est
772 1190 834 1217 quae

55 1226 132 1262 diligit
144 1227 285 1255 Christum
299 1237 307 1262 ;
323 1228 370 1263 qui
387 1228 511 1263 iniquum
526 1227 629 1263 aliquid
648 1228 728 1262 gerit,
745 1236 833 1263 neque

56 1275 170 1302 mandata
198 1276 341 1308 custodit,
369 1284 457 1312 neque
482 1277 569 1312 diligit
596 1276 747 1304 Christum.
775 1277 833 1304 Erit

54 1326 112 1353 ergo
132 1325 159 1346 ut
180 1326 316 1355 quantum
338 1321 488 1357 iniquitatis
512 1322 538 1349 in
554 1321 634 1350 nobis
654 1327 707 1355 est,
727 1326 832 1349 tantum

895 225 982 247 torum
996 220 1054 255 ejus
1067 220 1253 255 praevaricatio
1267 220 1397 248 habeatur
1413 222 1439 248 in
1458 222 1547 249 nobis.
1568 223 1600 250 Et
1621 225 1682 253 ideo

894 265 1014 300 regulam
1031 265 1176 299 quamdam
1191 265 1321 291 diri-ctam
1337 272 1472 299 ponamus
1489 274 1551 293 esse
1567 269 1680 302 :cquita-

894 316 959 343 tem,
973 315 1003 337 ut
1016 310 1038 337 si
1058 310 1122 345 quid
1138 311 1164 337 in
1181 310 1259 337 nobis
1276 310 1428 345 iniquitatis
1443 316 1495 344 est,
1513 311 1585 338 hanc
1604 312 1682 339 adhi-

893 355 987 382 bentes
1004 359 1030 382 et
1053 355 1267 389 super-ducentes
1291 355 1464 383 directoriam
1490 357 1681 383 mandatorum

893 399 952 432 Dei,
966 399 988 426 si
1002 399 1066 434 quid
1079 400 1106 426 in
1120 399 1197 426 nobis
1209 407 1332 433 curvum,
1346 400 1368 426 si
1383 400 1446 434 quid
1463 405 1615 427 tortuosum
1627 407 1678 433 est,

893 447 927 473 ab
941 446 1022 480 hujus
1041 446 1140 481 regula:
1154 446 1223 473 linea
1237 451 1383 477 resecetur,
1401 450 1430 473 ut
1443 446 1529 481 possit
1547 451 1575 474 ct
1585 447 1618 474 dc
1632 455 1681 473 no-

873 504 875 506 -
892 491 934 519 bis
947 491 1014 518 dici:
1027 491 1153 526 quuitas
1169 490 1263 517 dilexit
1279 495 1312 517 te.
1328 490 1478 518 Possumus
1491 496 1579 518 autem
1597 491 1678 518 etiam

892 538 932 565 sic
950 538 1071 572 accipere
1095 541 1124 563 ut
1142 536 1264 563 videatur
1288 536 1376 564 simile
1402 544 1464 563 esse
1484 537 1555 571 quod
1578 537 1645 563 dixit
1670 545 1678 563 :

891 583 1017 618 Ᾱῖτμιὶιαδ
1032 583 1124 609 dilexit
1141 587 1183 614 te;
1198 589 1229 609 ac
1245 582 1268 609 si
1290 582 1403 610 dixisset
1428 591 1435 609 :
1455 581 1565 608 Justitia
1586 582 1679 609 dilexit

891 635 927 660 te,
946 634 975 656 et
989 629 1101 660 ueritas,
1118 632 1142 655 ct
1158 628 1301 662 sapientia,
1318 633 1345 655 et
1360 628 1501 663 pudicitia,
1520 634 1546 656 et
1565 628 1678 662 singula:

891 682 1005 710 qumque
1023 675 1146 701 virtutes.
1162 673 1216 701 Nec
1234 674 1340 701 mireris
1357 681 1432 706 sane,
1447 674 1469 700 si
1487 674 1603 700 dicimus
1624 674 1679 700 vir-

893 725 964 747 tutes
976 727 1036 747 esse
1051 726 1111 753 qum
1122 718 1238 754 diligunt
1249 719 1400 749 Christum.
1414 727 1475 746 eum
1489 719 1515 745 in
1531 719 1593 746 aliis
1608 719 1678 754 ipsa-

892 773 953 792 rum
970 765 1100 792 virtutum
1119 764 1300 791 substantiam
1319 764 1458 791 Christum
1476 765 1613 792 soleamus
1629 772 1676 791 ae—

893 811 993 846 cipere.
1011 810 1090 843 Quod
1113 815 1141 837 et
1166 810 1322 844 frequenter
1339 810 1459 837 invenies
1478 810 1514 837 in,
1528 810 1675 844 Scr'ptnris

852 849 873 878 Β
887 855 987 882 divinis
1003 863 1053 890 pro
1074 855 1140 882 locis
1161 861 1189 882 et
1206 855 1454 889 opportunitatibus
1478 855 1576 890 aptari.
1598 854 1675 882 Inve-

887 902 979 928 nimus
996 909 1113 936 namque
1135 901 1223 936 ipsum
1241 907 1269 929 et
1286 901 1420 935 justitiam
1442 901 1505 932 dici,
1520 906 1548 928 et
1567 909 1675 935 pacem,

885 952 913 974 et
928 947 1081 974 veritatem.
1100 946 1132 973 Et
1150 955 1259 974 rursum
1277 948 1408 982 scriptum
1430 951 1472 974 est
1492 946 1517 973 in
1533 946 1650 974 Psalmis
1667 955 1674 974 :

885 992 997 1019 Iustitia
1012 997 1036 1019 et
1052 1000 1104 1027 pax
1121 993 1247 1019 osculata
1264 996 1342 1024 sunt;
1357 997 1384 1019 et
1399 1001 1405 1018 :
1430 990 1530 1019 Veritas
1553 992 1585 1018 de
1600 997 1672 1018 terra

885 1043 944 1065 orta
961 1043 1015 1070 est,
1036 1043 1060 1065 et
1072 1039 1179 1073 justitia
1191 1039 1222 1065 de
1236 1037 1300 1065 cwlo
1314 1038 1448 1072 prospexit
1465 1037 1565 1070 ’ἤρικε
1582 1038 1676 1072 utique

886 1084 979 1111 omnia
992 1084 1049 1119 ipse
1063 1092 1133 1117 esse,
1149 1089 1175 1111 et
1190 1091 1298 1111 rursum
1316 1084 1403 1118 ipsum
1422 1084 1552 1111 dicuntur
1567 1084 1673 1119 ample-

886 1130 936 1158 cti.
949 1129 1002 1156 Sed
1014 1136 1041 1156 et
1054 1137 1172 1164 sponsus
1184 1129 1254 1156 idem
1268 1128 1378 1162 dicitur,
1392 1129 1462 1156 idem
1479 1129 1559 1156 etiam
1572 1136 1672 1162 sponsa

886 1175 1056 1205 nominatur.
1079 1179 1107 1201 ut
1132 1174 1158 1202 in
1181 1175 1321 1210 prophetia
1347 1174 1477 1209 scriptum
1502 1178 1544 1201 est
1566 1183 1573 1201 :
1597 1173 1674 1200 Sirur

885 1227 980 1253 sponso
1005 1219 1128 1253 imposuit
1149 1219 1214 1245 mihi
1229 1219 1349 1252 mitram,
1363 1224 1386 1246 et
1403 1219 1469 1245 situt
1486 1226 1608 1254 sponsam
1629 1226 1674 1245 0r-

886 1265 955 1291 mwit
971 1272 1010 1292 me
1026 1269 1180 1291 ornamento
1190 1264 1224 1292 “.

62 1430 1649 1443 ._——____.____.______—_._____._____.__

588 1510 768 1556 LIBER
803 1509 1135 1558 SECUNDUS.

85 1680 155 1709 Vers.
168 1681 195 1709 5.
222 1681 312 1709 Fusa
336 1691 394 1710 sum
416 1686 440 1709 et
461 1682 590 1718 formosa,
615 1683 678 1718 [iliis
702 1683 830 1710 llieruaa-
845 1686 865 1715 C
883 1683 1023 1715 dicuntur,
1042 1682 1159 1711 inimicae
1171 1687 1262 1711 autem
1275 1689 1386 1720 propter
1403 1685 1589 1721 Evangelium.
1607 1686 1674 1715 Istae

56 1724 108 1759 lem,
123 1731 149 1753 ut
168 1728 341 1755 tabernacula
360 1727 456 1760 Cedar,
473 1733 501 1754 ut
525 1729 605 1763 pelles
625 1728 786 1756 Salomonis.
801 1729 829 1756 In

57 1772 108 1799 aliis
123 1775 323 1809 exemplaribus
341 1774 473 1809 legimus:
489 1773 576 1809 Nigra
591 1783 649 1801 sum
662 1779 687 1802 et
700 1777 828 1810 formosa.

58 1816 150 1846 Rursus
163 1819 189 1846 in
207 1819 260 1847 hoc
276 1827 392 1855 persona
406 1827 512 1854 sponsa:
529 1819 664 1854 loquentis
682 1821 832 1848 introduci-

58 1868 115 1890 tur:
131 1863 264 1900 loquentis
280 1870 370 1892 autcm
386 1873 440 1892 non
461 1866 495 1892 ad
519 1865 578 1893 illas
604 1866 829 1900 adolescentulas,

58 1916 109 1942 quae
121 1917 178 1936 cum
194 1911 252 1946 ipsa
270 1917 383 1937 currere
397 1911 494 1944 solent,
509 1910 557 1938 sed
570 1911 604 1938 ad
622 1911 691 1938 ﬁlias
704 1910 831 1939 Hierusa-

58 1953 111 1988 lem,
121 1956 216 1990 quibus
231 1962 365 1991 tanquam
378 1956 420 1983 his
432 1963 494 1991 qua:
508 1956 698 1991 derogavenint
715 1956 830 1985 fmditati

57 1999 116 2032 eius,
133 2002 298 2036 respondere
316 2002 432 2033 videtur,
446 2005 474 2029 et
483 2002 574 2029 dicere
592 2011 599 2029 :
619 2002 705 2030 Fusca
719 2003 831 2038 quidem

59 2052 118 2078 sum,
139 2047 177 2075 vel
192 2048 272 2083 nigra
287 2052 420 2083 quantum
444 2047 476 2074 ad
494 2048 613 2075 colorem
640 2053 753 2083 spectat,
769 2049 832 2076 tilia:

59 2091 229 2127 Hierusalem;
251 2094 373 2122 formosa
400 2102 474 2126 vero,
491 2095 514 2122 si
537 2094 600 2129 quis
618 2095 723 2121 interna
745 2098 832 2122 mem-

59 2137 155 2165 brorum
166 2138 331 2166 lineamenta
344 2139 500 2174 perspiciat.
516 2137 583 2165 Nam
600 2142 626 2165 et
640 2136 829 2172 tabernacula,

59 2181 142 2216 inquit,
156 2183 252 2216 Ccdar,
277 2191 337 2217 qua
350 2187 392 2210 est
408 2190 474 2217 gens
493 2190 602 2218 magna,
617 2183 694 2217 nigra
713 2187 786 2215 sunt,
803 2188 831 2210 et

60 2226 106 2261 ipsa
127 2228 178 2265 ιθ
195 2237 261 2264 gens
285 2228 373 2256 Cedar
394 2229 503 2264 nigredo
521 2229 561 2256 vel
581 2229 731 2256 obscuritas
747 2227 842 2256 inter-'

60 2278 173 2306 pretatur.
188 2275 241 2303 Sed
260 2281 289 2302 et
311 2275 393 2310 pelles
414 2274 569 2303 Salomonis
586 2275 671 2310 nigra:
693 2279 767 2308 sunt,
781 2281 832 2302 nec

60 2322 135 2346 tamen
151 2321 184 2348 ob
199 2321 250 2348 hoc
263 2325 341 2348 tanto
357 2321 412 2356 regi
427 2321 453 2348 in
466 2321 541 2348 omni
557 2320 642 2356 gloria
656 2329 705 2349 sua
719 2321 830 2356 pellium

882 1733 946 1756 sunt
963 1729 1023 1756 tilia:
1041 1728 1210 1756 Hierusalem
1225 1730 1346 1759 civitatis
1364 1735 1486 1763 terrenae,
1501 1736 1562 1768 quat
1578 1733 1670 1760 viden-

881 1777 922 1801 tes
936 1773 1085 1801 Ecclcsiam
1103 1782 1135 1801 ex
1152 1776 1290 1810 gentibus,
1304 1777 1429 1811 quamvis
1449 1785 1499 1812 pro
1514 1785 1548 1805 eo
1562 1778 1673 1814 ignobi-

881 1818 944 1852 lem,
963 1819 1035 1853 quod
1052 1821 1264 1854 generositatem
1279 1821 1330 1849 sibi
1343 1822 1492 1856 Abraham,
1504 1827 1531 1849 et
1546 1822 1633 1856 Isaac,
1643 1828 1676 1850 ett

880 1863 964 1892 Jacob
989 1872 1043 1892 non
1067 1866 1154 1900 possit
1174 1867 1323 1900 ascribere,
1347 1867 1551 1895 obl.viscentcm
1577 1873 1673 1895 tamer

881 1911 1012 1945 populum
1024 1919 1103 1939 suum
1118 1916 1145 1939 et
1155 1912 1266 1940 domum
1280 1913 1367 1948 patris
1383 1913 1437 1946 sui,
1447 1921 1532 1949 usque
1543 1914 1576 1941 ad
1589 1914 1673 1941 Citri—

881 1959 954 1983 stum
973 1956 1136 1988 venientem.
1154 1962 1287 1992 spernunt
1298 1966 1369 1991 eam,
1385 1963 1412 1985 et
1426 1966 1475 1993 pro
1497 1958 1672 1993 ignobilitate

881 2003 989 2037 generis
1003 2002 1147 2031 ot‘l'uscant.
1161 2003 1239 2037 Quod
1250 2012 1350 2039 sponsa
1376 2005 1495 2032 sentiens
1512 2005 1582 2032 tilias
1596 2005 1672 2040 prio-

881 2047 920 2074 ris
944 2048 1033 2083 populi
1059 2048 1193 2084 imputare
1210 2050 1274 2083 sibi,
1288 2055 1315 2078 et
1335 2058 1384 2085 pro
1398 2050 1450 2078 hoc
1464 2051 1545 2077 etiam
1564 2051 1674 2086 nigram.

882 2100 911 2120 se
935 2093 1076 2128 appellari,
1099 2094 1178 2128 quasi
1203 2102 1265 2129 quae
1287 2099 1406 2130 paternae
1429 2094 1590 2122 eruditionis
1613 2102 1675 2121 non.

881 2139 980 2168 habeat
994 2140 1156 2172 claritatem,
1174 2141 1345 2175 respondens
1356 2140 1391 2168 ad
1405 2140 1472 2173 haec,
1489 2139 1574 2167 dicit:
1588 2139 1675 2175 Nigra:

881 2193 942 2213 sum
960 2186 1083 2221 quidem,
1102 2193 1120 2214 ο
1138 2187 1199 2214 tiliae
1215 2185 1396 2219 Hierusalem,
1414 2194 1463 2222 pro
1477 2194 1510 2214 eo
1525 2187 1597 2221 quod
1615 2194 1676 2213 non.

882 2231 1017 2258 descendo
1033 2231 1067 2258 de
1080 2232 1164 2266 stirpe
1186 2232 1322 2259 clarorum
1344 2231 1479 2264 virorum,
1500 2238 1588 2266 neque
1606 2231 1673 2257 illu-

883 2276 1060 2303 minationem
1081 2275 1168 2311 Moysi
1187 2276 1254 2312 legis
1275 2276 1379 2312 accepi,
1395 2276 1482 2303 habeo
1497 2280 1588 2303 tamen
1608 2275 1678 2310 pul--

883 2321 1067 2348 chritudinem
1092 2329 1180 2349 meam
1201 2329 1318 2349 mecum.
1337 2320 1405 2348 Nam
1427 2325 1455 2348 et
1480 2321 1507 2348 in
1535 2328 1580 2348 me
1603 2320 1670 2347 illud

60 2363 108 2391 visa
122 2371 159 2393 est
182 2366 310 2394 indecora
327 2367 450 2401 nigredo.
469 2366 527 2394 Non
544 2374 609 2402 ergo
633 2366 710 2400 milli,
728 2373 747 2394 0
768 2367 830 2394 ﬁliae
846 2362 868 2390 Ῑ)
883 2367 1001 2402 primum
1018 2371 1069 2400 est,
1086 2367 1158 2402 quod
1174 2367 1207 2394 ad
1222 2367 1367 2402 imaginem
1380 2366 1429 2393 Dei
1449 2366 1477 2392 in
1500 2373 1543 2393 me
1567 2364 1678 2393 factumr

62 2408 221 2444 Hierusalem,
236 2413 406 2448 exprobretis
429 2412 536 2447 culpam
563 2413 675 2444 coloris,
690 2419 752 2440 cum
773 2413 832 2440 sire

61 2458 185 2491 naturalis,
196 2459 252 2486 sive
262 2459 393 2486 exercitio
405 2459 519 2494 quaesita
534 2458 644 2493 corpori
655 2458 830 2493 pulchritudo

63 2508 106 2528 non
121 2503 194 2531 desit.
210 2504 272 2532 Ilaec
289 2506 410 2532 continuet
421 2505 581 2532 historicum
602 2505 706 2537 drama,
723 2508 750 2531 et
766 2511 830 2539 pro-

62 2549 142 2581 posita:
164 2550 259 2578 fabula!
274 2552 389 2586 species.
405 2551 460 2578 Sed
480 2551 624 2578 redeamus
648 2551 681 2578 ad
704 2550 828 2578 ordinem

63 2595 199 2628 mysticum.
216 2596 277 2623 Haec
291 2605 390 2631 sponsa
405 2605 466 2632 qua:
484 2597 614 2632 loquitur,
632 2596 760 2624 Ecclesia:
773 2604 831 2631 per-

63 2646 143 2666 sonam
162 2645 233 2669 tenet
255 2650 288 2669 ex
311 2643 437 2677 gentibus
460 2646 638 2678 congregatae.
664 2641 740 2670 Filia:
765 2649 830 2669 vero

64 2682 223 2719 llerusalem,
239 2688 273 2715 ad
289 2695 359 2722 quas
374 2688 398 2714 ci
414 2695 506 2715 sermo
523 2691 573 2719 est,
589 2687 642 2714 illa;
654 2691 718 2714 sunt
732 2686 830 2713 anima:

65 2739 113 2764 qua
126 2738 228 2767 propter
243 2734 401 2761 electionem
414 2738 522 2768 patrum
536 2733 705 2761 charissima:
718 2733 828 2768 quidem

93 2818 111 2834 "
124 2819 196 2847 .Ionu.
214 2830 268 2853 xw,
288 2821 328 2849 I35.
366 2823 387 2839 ³³
403 2821 474 2850 Psal.
490 2830 550 2855 vni,
568 2821 609 2855 lt),
628 2822 667 2848 il.

882 2416 925 2440 est
937 2421 947 2445 ;
961 2419 1034 2439 nunc
1045 2412 1177 2440 accedens
1190 2413 1223 2440 ad
1237 2412 1354 2441 Verbum
1369 2412 1428 2446 Dei,
1445 2412 1533 2447 recepi
1551 2413 1678 2447 speciem»

882 2465 982 2485 meam.
996 2457 1125 2491 Quamvis
1143 2458 1216 2485 enim
1232 2466 1282 2493 pro
1296 2458 1394 2486 coloris
1408 2458 1577 2486 obscuritate
1589 2465 1666 2485 com-

882 2503 984 2538 paretis
999 2511 1042 2531 me
1061 2503 1246 2531 tabernaculis
1264 2503 1351 2531 Cedar
1368 2509 1394 2531 et
1410 2504 1526 2538 pellibus
1545 2503 1671 2530 Salomo-

882 2549 936 2582 nis,
952 2553 1042 2576 tamen
1057 2553 1084 2576 et
1095 2549 1182 2577 Cedar
1195 2556 1228 2576 ex
1254 2549 1366 2576 lsmaele
1378 2549 1528 2576 descendit.
1544 2547 1678 2575 Secundo-

884 2602 1001 2629 namque
1018 2594 1077 2622 loco
1091 2603 1125 2622 ex
1140 2595 1253 2623 lsmaelc
1264 2599 1346 2622 natus
1361 2600 1412 2627 est,
1426 2595 1473 2629 qui
1493 2593 1592 2621 lsmael
1614 2601 1674 2620 non.

884 2641 934 2668 fuit
951 2648 1050 2675 expers
1075 2641 1174 2668 divinae
1196 2641 1404 2669 benedictionis.
1430 2640 1482 2668 Sed
1505 2644 1533 2667 et
1554 2639 1677 2674 pellibus.

885 2686 1039 2714 Salomonis
1051 2687 1215 2722 comparatis
1231 2694 1285 2718 me,
1299 2694 1359 2719 qua:
1373 2694 1425 2713 non
1438 2686 1496 2712 alia:
1511 2690 1575 2713 sunt
1586 2692 1676 2720 quam:-

883 2733 966 2768 pttiiCS
984 2733 1151 2761 tabernaculi
1169 2732 1227 2766 Dei,
1243 2737 1270 2760 et
1294 2737 1384 2759 tamen
1402 2732 1487 2759 miror
1501 2739 1562 2765 vos,
1575 2739 1592 2759 o
1608 2732 1675 2759 lilia:

708 2821 729 2837 ⁵⁸³
742 2821 792 2848 lsa.
810 2829 864 2854 LXI,
888 2821 929 2848 ll).
