1892 3050
201 125 250 151 103

738 121 898 149 ORIGENIS
918 120 951 148 IN
968 119 1144 148 CANTICIJM
1163 117 1300 147 CANTIC.

1771 119 1818 146 1οι

200 179 379 212 Hierusalem,
397 179 462 206 mibi
479 179 579 207 coloris
601 179 668 207 velle
682 181 847 214 exprobrare
865 179 983 214 nigrctli-
999 181 1022 209 Α
1038 177 1180 208 Nunquam
1202 177 1268 203 talia
1287 179 1409 204 venerant
1429 175 1611 207 odoramuta.
1635 183 1680 202 nec
1701 176 1729 202 in
1751 181 1820 203 tanta

201 233 272 252 nem.
287 225 430 258 Quomodo
447 233 500 252 non
519 225 684 252 meministis
701 226 773 260 quod
794 225 820 252 in
838 226 895 260 lege
915 225 985 252 scri-

201 278 276 306 ptum
303 276 354 304 est,
382 272 447 307 qttid
474 280 554 306 passa
584 272 619 299 sit
644 271 737 303 Maria,
762 279 822 306 qua:
847 272 987 306 derogavit
1016 295 1025 301 .

202 317 287 352 Moysi
313 325 374 345 cum
402 317 597 352 Etitiopissam
624 317 729 352 nigram
754 317 987 352 aecrpissetuxo—

204 371 260 389 rem
286 363 318 390 “.
335 363 477 396 Quomodo
503 363 632 398 ignoratis
660 363 730 390 illius
748 363 874 398 imaginis
890 365 986 391 adum-

202 409 352 436 hrationem
370 409 396 436 in
417 417 459 436 me
477 417 548 436 nunc
565 409 674 436 veritate
689 409 817 443 contpleri
829 410 840 436 ?
852 409 908 445 Ego
924 418 985 438 sum

203 455 246 481 illa
263 453 441 489 Ethiopissa,
454 461 503 489 ego
519 461 578 481 sum
599 454 674 489 nigra
692 454 800 488 quidem
814 462 863 489 pro
879 455 985 490 ignobi-

203 500 277 526 litate
292 501 409 535 generis,
429 499 547 526 formosa
564 507 626 526 vero
640 505 749 534 propter
760 500 947 535 paenitentiam
960 504 987 528 et

205 547 296 574 tidem.
314 547 425 582 Sttseepi
443 546 513 574 enim
529 546 554 572 in
571 553 614 572 me
632 545 730 572 Filium
744 545 802 579 Dei,
821 547 908 581 recepi
920 546 987 574 Ver-

203 593 265 619 bum
280 601 387 620 carnem
405 592 515 619 factum.
528 592 636 618 Accessi
653 591 686 618 ad
701 599 762 618 eum
779 591 825 626 qui
839 596 882 619 est
897 592 986 628 imago

204 638 260 669 Dei,
274 638 467 673 primogenitus
481 637 571 663 omnis
582 642 723 668 creaturae,
739 642 766 664 et
782 638 826 672 qtti
841 642 881 665 est
894 638 986 673 splen-

202 684 252 710 tlnr
266 683 357 717 gloriae
377 687 403 709 et
421 682 509 717 fulgor
530 682 688 709 substantia:
708 682 778 717 ejus,
796 686 823 709 et
839 681 908 709 facta
925 690 985 710 sum

203 729 331 755 formosa.
349 728 389 755 Tu
416 736 480 763 ergo
506 729 570 763 quid
588 728 755 764 improperas
770 730 936 757 eonvcrtrnti
957 737 986 756 se

200 782 215 800 a
233 779 354 808 peccato,
370 774 441 808 quod
459 775 553 808 utique
567 774 608 801 lex
624 774 681 801 [leri
695 775 785 802 velat?
801 774 834 802 Et
848 775 985 810 quomodo

201 824 228 845 tu
247 820 371 854 gloriaris
385 820 411 846 in
425 820 482 854 lege
497 821 678 855 pratraricans
694 821 795 856 legem?
806 820 906 848 Verum
921 828 986 856 quo-

1037 223 1207 251 multitudine
1220 231 1279 258 quae
1293 222 1364 248 dedit
1379 222 1468 256 regina
1482 220 1552 248 Saba
1571 222 1624 256 regi
1642 221 1821 249 Salomoni".

1071 269 1147 296 Hanc
1163 272 1254 296 autem
1279 267 1421 295 historiam
1440 267 1520 302 paulo
1542 267 1623 294 latius
1638 271 1763 302 repetere
1778 275 1822 294 vo-

1037 315 1148 347 luimus,
1160 319 1187 341 et
1203 315 1322 341 inserere
1335 313 1398 340 huic
1408 312 1573 347 expositioni
1585 317 1696 344 nostrae,
1709 312 1823 339 scientes

1037 360 1063 386 in
1089 364 1194 387 tantum
1221 358 1366 386 convenire
1389 358 1447 385 inec
1474 357 1508 384 ad
1533 364 1675 392 personam
1699 356 1824 384 Ecclesia:

1036 414 1098 441 qua;
1112 413 1145 432 ex
1167 405 1291 440 gentibus
1305 404 1379 432 venit
1392 404 1425 430 ad
1443 403 1595 436 Christum,
1613 407 1643 430 ut
1657 403 1714 437 ipse
1735 402 1824 429 Domi-

1040 459 1092 479 nus
1121 451 1148 478 in
1177 450 1332 485 Erangeliis
1362 449 1462 484 reginae
1477 449 1558 483 hujus
1583 448 1685 475 faceret
1709 448 1823 475 mentio-

1037 505 1109 530 nem,
1124 497 1217 524 dicens
1236 503 1295 523 eam
1314 496 1421 523 venisse
1439 502 1453 521 a
1479 494 1577 521 ﬁnibus
1593 498 1681 525 terrae,
1698 498 1730 520 ut
1745 493 1822 520 audi-

1038 547 1078 570 ret
1092 542 1252 577 sapientiam
1269 541 1424 568 Salomonis
1436 540 1470 567 ’”⁵.
1487 540 1579 567 Austri
1597 544 1687 566 autem
1704 540 1825 574 reginam

1036 588 1102 616 dicit
1117 595 1186 619 eam,
1202 595 1250 621 pro
1261 595 1293 614 eo
1310 585 1384 621 quod
1399 585 1538 620 Ethiopia
1556 587 1581 612 in
1592 585 1685 613 Austri
1697 585 1822 620 partibus

1034 633 1132 668 jaceat,
1142 637 1168 660 et
1180 641 1194 659 a
1207 633 1305 659 ﬁnibus
1318 637 1396 659 terra:
1407 632 1485 667 quasi
1498 632 1524 658 in
1535 632 1629 658 ultimo
1637 631 1737 666 posita.
1747 632 1820 658 In“)

1037 678 1127 705 nimus
1139 683 1229 704 autem
1243 677 1324 711 hujus
1336 676 1424 711 ipsius
1437 676 1536 711 reginae
1543 677 1624 704 etiam
1637 676 1789 711 Josephum
1798 677 1823 703 in

1038 722 1157 749 Historia
1168 730 1217 749 sua
1227 722 1317 749 facere
1330 721 1656 754 mentionem,addcntem
1669 723 1752 748 etiam
1764 722 1824 755 hoc,

1037 768 1108 802 quod
1128 772 1303 802 posteaquam
1317 775 1439 801 regressa
1455 771 1507 799 est,
1524 766 1622 802 inquit,
1634 775 1649 794 a
1667 767 1824 800 Salomone,

1036 812 1183 847 Cambyses
1198 820 1243 839 rex
1266 812 1381 839 miratus
1394 811 1453 846 ejus
1478 812 1650 846 sapientiam,
1664 820 1748 846 quam
1766 813 1824 839 sine

201 864 273 891 niam
291 865 316 891 in
334 865 376 891 his
391 865 458 891 locis
476 873 572 893 sumus
589 866 634 893 ubi
657 866 776 894 Ecclesia
792 874 853 901 quas
868 874 899 893 ex
919 874 984 901 gen-

1042 856 1089 892 47
1104 857 1186 884 dttbio
1202 865 1234 884 ex
1258 856 1412 884 Salomonis
1433 856 1565 891 sapientia
1590 862 1759 891 susceperat,
1779 865 1824 884 co-

202 910 274 937 tibus
299 910 381 942 venit,
407 910 510 945 nigrant
540 918 568 937 se
594 919 653 938 esse
679 911 744 938 dicit
773 915 800 938 et
828 911 985 942 formosam,

201 955 327 989 quamvis
347 955 456 989 longum
476 956 598 983 videatur
613 964 673 984 esse
695 962 722 984 et
739 964 893 991 operosutn,
911 957 987 983 colli-

202 1008 264 1033 gere
286 1008 316 1027 ex
343 999 490 1035 Scriptnris
506 1002 617 1034 divinis,
634 1002 660 1028 in
685 1002 785 1036 quibus
806 1002 848 1029 vel
871 1003 987 1037 qualiter

203 1047 366 1073 sat-ramenli
384 1047 466 1081 hujus
493 1047 580 1086 forma
601 1048 769 1082 praecesserit
787 1056 794 1075 :
819 1053 908 1075 tamen
932 1055 985 1075 non

203 1092 268 1118 mihi
283 1093 388 1126 penitus
403 1094 584 1121 omittendum
600 1093 716 1125 videtur,
733 1093 778 1120 sed
795 1102 876 1128 quam
891 1099 988 1129 potue-

203 1138 238 1164 rit
253 1138 370 1165 breviter
389 1139 605 1166 memorandum.
623 1139 715 1167 Primo
730 1147 795 1174 ergo
807 1140 832 1167 in
852 1139 985 1168 Numero-

203 1191 263 1210 rum
281 1184 349 1210 libro
365 1184 397 1211 de
415 1183 583 1220 {Ethiopissa
599 1185 635 1213 ita
657 1186 788 1221 scriptum
807 1195 813 1213 :
838 1185 872 1212 Et
895 1185 985 1213 locuta

201 1234 241 1255 cst
263 1229 349 1256 Maria
363 1229 397 1255 ad
413 1230 512 1262 Aaron,
527 1236 550 1258 et
570 1231 758 1266 durogaverunt
777 1231 862 1267 Moysi
882 1237 987 1266 propter

201 1274 335 1302 mulierem
363 1275 557 1310 zEt/tiopissam
583 1285 661 1311 quant
689 1278 787 1312 accepit
812 1285 931 1309 uxorem,
962 1281 987 1304 et

200 1319 324 1347 dixerunt
341 1328 349 1347 :
372 1320 499 1355 Nunquid
519 1321 605 1356 Moysi
616 1322 665 1348 soli
676 1322 779 1348 loculus
795 1328 832 1348 est
847 1322 988 1349 Dominus?

204 1363 297 1391 Nonne
317 1369 342 1391 et
365 1365 437 1391 nobis
453 1365 556 1391 [orntus
568 1371 606 1392 est
631 1366 675 1393 “?
691 1365 721 1392 Et
738 1366 833 1392 iterum
858 1366 883 1392 in
909 1366 987 1394 tertio

202 1408 356 1444 Regnorum
373 1413 441 1437 IlbI‘O
454 1411 584 1445 scriptum
606 1416 647 1438 est
662 1413 696 1439 de
714 1412 805 1447 regina
826 1411 908 1443 Saba,
922 1413 986 1447 quia

201 1460 276 1482 venit.
290 1462 305 1481 a
326 1454 424 1488 ﬁnibus
442 1460 519 1482 terra!
538 1457 632 1483 audire
654 1457 813 1492 sapientiam
833 1457 988 1485 Salomonis

203 1501 255 1528 hoc
271 1501 353 1528 modo
371 1511 378 1528 :
399 1501 496 1536 Regina
516 1501 585 1528 Saba
603 1503 701 1529 audivit
717 1511 809 1530 natnen
827 1502 986 1536 Salomonis,

203 1551 227 1573 et
239 1555 330 1574 nomen
345 1547 459 1577 Domini,
469 1553 494 1574 et
508 1549 573 1574 venit
591 1554 690 1575 tentare
705 1558 762 1575 eum
773 1549 798 1575 in
809 1549 986 1583 parabolis,et

201 1594 268 1620 venit
290 1594 317 1620 in
342 1594 507 1621 Hierusalem
528 1596 554 1621 in
572 1595 665 1622 virtute
683 1603 778 1629 magna
793 1596 866 1622 valde
880 1603 888 1622 :
903 1602 926 1622 et
941 1604 987 1622 ca-

203 1639 263 1665 meli
279 1645 412 1673 portantes
424 1641 606 1673 odoramcnta,
622 1645 646 1667 et
662 1649 756 1667 (turum
771 1641 883 1667 multum
901 1641 986 1673 valde,

201 1689 226 1712 et
239 1685 353 1719 lapidem
365 1685 518 1719 pretiosum,
531 1691 553 1712 et
577 1686 692 1720 ingressa
704 1690 741 1712 est
757 1686 791 1711 ad
808 1685 986 1718 Salomonem,

201 1735 225 1756 et
238 1731 324 1757 locuta
346 1735 383 1757 est
398 1731 421 1756 ei
435 1731 523 1757 omnia
542 1731 617 1758 verba
632 1739 690 1766 qua:
704 1737 777 1758 erant
793 1732 819 1757 in
834 1732 912 1758 corde
925 1739 986 1765 suo,

200 1780 225 1802 et
237 1777 381 1802 (nuntiavit
396 1776 419 1802 ei
432 1775 555 1803 Salomon
569 1777 658 1803 omnia
672 1777 747 1804 verba
758 1777 825 1810 ejus,
836 1782 859 1804 et
871 1785 921 1804 non
935 1778 986 1812 fuit

201 1822 304 1848 vctlutm
318 1821 386 1856 quod
401 1823 517 1849 omiserit
534 1830 591 1854 rex,
603 1828 627 1848 el
643 1831 693 1849 non
705 1823 879 1850 enuntiaverit
892 1823 915 1849 ei
930 1831 985 1850 rex.

203 1866 235 1892 l'It
261 1867 324 1892 vidit
354 1868 443 1902 regina
467 1867 537 1894 Saba
560 1876 662 1894 omnem
684 1869 850 1903 prudentiam
866 1867 988 1895 Salamo-

201 1915 251 1944 nis,
264 1918 287 1940 et
299 1913 405 1940 domum
419 1923 494 1949 quant
510 1914 661 1948 wdi/icarit,
673 1919 696 1941 et
711 1915 780 1941 (illos
795 1914 986 1947 Salomonis,et

200 1959 285 1985 sedem
301 1967 438 1993 puerorum
448 1959 545 1993 ejus,et
555 1959 669 1986 ordinent
688 1959 868 1986 ministrorum
883 1959 986 1993 ejus,et

200 2010 278 2031 restes
292 2005 358 2039 ejus,
369 2011 392 2032 et
407 2006 458 2031 vini
471 2006 572 2039 fusam
586 2005 653 2039 ejus,
663 2005 847 2032 etltolocuusta
862 2005 920 2038 ejus
928 2012 987 2039 quw

200 2050 322 2084 oﬂ'rreltat
340 2052 365 2076 in
385 2051 461 2076 donto
480 2050 595 2082 Domini,
613 2055 636 2076 et
658 2051 802 2084 obstupuit,
818 2055 842 2076 et
865 2050 935 2076 dixit
950 2050 985 2076 ad

200 2103 284 2129 regem
301 2095 465 2122 Salomonem
484 2103 493 2122 ε
517 2095 596 2122 Verus
616 2101 653 2121 est
676 2104 760 2122 sermo
778 2103 854 2129 quem
871 2103 917 2129 ego
938 2104 988 2121 a-u-

199 2141 253 2167 diri
270 2142 295 2166 in
311 2146 381 2167 terra
397 2149 453 2167 utea
468 2142 500 2167 dc
517 2141 592 2167 verba
610 2146 666 2173 tuo,
682 2146 705 2167 et
719 2141 860 2174 prudentia
884 2145 942 2172 tua,
961 2145 987 2167 et

201 2195 251 2213 non
269 2186 368 2212 credidi
388 2187 420 2213 iis
436 2188 479 2221 qni
502 2187 676 2221 loquebantur
690 2187 754 2213 milii
768 2195 900 2221 usquequo
916 2187 987 2213 veni—
1003 2192 1024 2220 ι)

201 2241 265 2263 rem,
287 2237 311 2258 et
335 2233 454 2259 viderunt
475 2233 544 2258 oculi
567 2233 627 2263 mei,
645 2238 669 2259 et
685 2241 741 2259 θοι-ε
760 2241 805 2259 nec
825 2233 909 2259 media
922 2240 984 2267 pars

199 2281 237 2304 9s!
249 2285 307 2312 guto
320 2267 512 2303 nuntiabantur
532 2277 607 2303 mihi.
622 2277 758 2303 Addidisti
770 2278 838 2304 enim
855 2279 921 2304 bona
941 2285 985 2304 su-

198 2330 354 2356 perontnem
372 2319 531 2349 auditiohem
556 2331 632 2357 quant
652 2323 742 2349 audivi
763 2324 790 2349 in
816 2330 886 2350 terra
913 2331 981 2351 mea.

199 2366 289 2393 Beato:
306 2366 425 2393 mulieres
443 2373 504 2398 mar,
525 2367 592 2393 beati
608 2367 682 2401 pueri
697 2368 741 2394 isti
757 2368 801 2402 qui
817 2369 943 2394 assistunt
957 2368 985 2394 in

198 2419 337 2446 conspectu
353 2416 396 2438 tuo
413 2420 522 2446 semper,
535 2417 560 2438 et
573 2412 683 2439 audiunt
701 2421 801 2439 onmem
815 2413 984 2448 prudentiam

198 2463 282 2485 tuam.
296 2457 337 2485 Sit
350 2458 476 2484 Dominus
493 2458 634 2491 DeusJuus
649 2458 807 2491 benedictus,
823 2459 867 2492 qui
882 2459 928 2485 tibi
941 2459 985 2485 de-

197 2504 238 2531 dit
252 2505 337 2530 sedem
357 2504 449 2531 Israel.
469 2504 600 2536 Quoniam
617 2504 711 2530 dilexit
737 2504 863 2530 Dominus
884 2503 981 2537 Israel,

197 2555 222 2577 et
239 2550 319 2577 voluit
335 2558 392 2576 eum
406 2557 555 2584 permanere
570 2550 595 2576 in
609 2554 746 2581 a'ternum,
757 2550 846 2583 posuit
860 2555 882 2575 te
897 2557 982 2583 regem

197 2604 274 2629 super
288 2604 342 2628 eos,
355 2600 382 2622 ut
398 2595 482 2630 facias
492 2595 624 2629 judicium
639 2603 696 2622 cunt
711 2595 830 2628 justitia,
845 2594 982 2628 etjudices

196 2650 250 2668 eos.
266 2641 299 2668 Et
318 2642 390 2669 dedit
411 2640 548 2668 Salomoni
570 2645 674 2667 centum
688 2640 779 2674 t‘iginli
797 2639 895 2666 talenta
912 2639 982 2671 auri,

195 2692 221 2713 et
241 2688 410 2714 odoramentu
430 2687 513 2714 multa
539 2687 624 2718 valde,
642 2690 667 2712 et
689 2685 804 2715 lapidem
827 2685 982 2719 pretiosum.

233 2782 253 2797 ⁸¹
273 2781 353 2809 Num.
379 2792 425 2810 xu.

491 2785 513 2800 "
531 2783 610 2811 Num.
628 2791 678 2816 xu,
694 2785 718 2817 l,
732 2784 758 2811 ρ.

199 2816 221 2832 ⁵⁸
236 2816 306 2844 Psal.

341 2827 426 2852 vau,
442 2819 485 2851 30,
500 2819 543 2846 51.
582 2819 604 2834 ⁵⁸
619 2819 700 2853 Soph.
723 2828 751 2852 ιι,
768 2819 794 2852 8,
807 2820 946 2854 9.10,“.

821 2785 843 2800 ιι
865 2784 897 2812 ιιι
918 2784 983 2820 neg.
1010 2784 1078 2816 x,i,
1093 2783 1121 2815 ιλ,
1137 2783 1164 2814 3,
1188 2781 1432 2820 t.;5,_6,»7,_s,‘9,
1453 2784 1495 2812 to.

985 2820 1005 2834 ’⁷
1023 2819 1078 2846 Jer.
1097 2826 1210 2849 xxxx'ttt,
1224 2818 1251 2844 6.
1265 2817 1289 2849 7,
1302 2818 1328 2847 8,
1345 2818 1371 2848 9,
1387 2818 1428 2845 l0.

1036 903 1213 937 gnominavit,
1224 902 1323 937 inquit,
1333 910 1429 930 nomen
1441 903 1500 937 ejus
1509 902 1627 930 Meroen.
1635 902 1823 931 Rcfertautent

1037 948 1109 982 quod
1124 956 1178 974 non
1201 948 1289 974 solum
1315 947 1472 982 Ethiopiaz,
1490 948 1535 975 sed
1548 952 1575 974 et
1588 947 1697 983 Egypti
1711 956 1823 983 regnum

1037 994 1164 1021 tennerit.
1182 993 1322 1021 Addemus
1336 998 1426 1020 autem
1437 994 1526 1021 adhuc
1535 998 1562 1021 et
1577 1001 1607 1020 ea
1628 1001 1688 1028 qua;
1704 994 1730 1020 in
1748 1002 1832 1028 sexa-j

1036 1039 1140 1075 gesimo
1162 1040 1278 1073 Septimo
1291 1039 1399 1074 psalmo
1414 1039 1448 1066 de
1462 1039 1513 1067 hac
1527 1039 1620 1066 eadem
1634 1039 1719 1067 forma
1735 1040 1824 1066 conti-

1037 1089 1147 1112 nentur.
1165 1084 1210 1112 Ait
1230 1092 1293 1119 ergo
1311 1085 1347 1111 ibi
1362 1094 1368 1111 :
1385 1085 1509 1119 Disperge
1523 1089 1609 1119 gentes
1625 1093 1682 1120 qua;
1697 1085 1766 1111 bella
1783 1094 1825 1112 va-

1037 1131 1105 1162 lunt,
1126 1135 1150 1157 et
1170 1131 1273 1157 veniant
1289 1130 1370 1164 legati
1387 1138 1420 1157 ea:
1433 1130 1558 1165 ngypw,
1573 1130 1712 1164 Etltiopia
1726 1139 1824 1166 prame-

1037 1177 1090 1203 niet
1113 1184 1205 1202 manus
1230 1176 1286 1210 ejus
1316 1176 1377 1203 Deo.
1403 1175 1492 1211 Regna
1516 1181 1603 1208 term,
1629 1181 1733 1203 cantate
1764 1177 1824 1208 Deo.

1037 1222 1143 1258 psallite
1159 1222 1271 1249 Domino
1284 1221 1318 1249 ".
1333 1221 1380 1249 Est
1395 1222 1484 1249 adhuc
1504 1226 1601 1256 quarto
1628 1224 1653 1249 in
1674 1223 1733 1250 loro
1755 1225 1823 1258 apud

1039 1268 1206 1303 Sophoniam
1231 1267 1390 1303 prophetam
1414 1267 1448 1294 de
1471 1267 1522 1294 hac
1543 1267 1636 1295 eadem
1662 1269 1748 1304 ligura
1776 1269 1824 1295 hoc

1039 1315 1120 1342 molo
1136 1315 1266 1349 scriptum
1283 1322 1289 1340 :
1305 1313 1448 1347 Propterea
1459 1314 1561 1340 sustine
1584 1322 1634 1345 me,
1656 1314 1720 1340 dicit
1734 1314 1812 1341 Domi

1039 1369 1098 1392 rtus,
1114 1361 1141 1386 in
1155 1360 1198 1387 die
1213 1359 1412 1386 resurrectionis
1428 1366 1502 1390 mea.
1515 1359 1542 1385 in
1556 1359 1694 1394 martyrio,
1706 1360 1760 1386 hoc
1774 1364 1823 1391 cst.

1038 1406 1065 1432 in
1089 1406 1248 1438 testimonio,
1271 1407 1396 1440 quoniam
1409 1403 1541 1439 judicium
1562 1412 1646 1431 meum
1662 1409 1701 1431 est
1714 1406 1748 1430 ad
1764 1413 1824 1431 con-

1037 1452 1199 1486 gregationes
1210 1451 1337 1485 gentium,
1353 1455 1382 1477 ut
1395 1451 1536 1486 suscipiam
1552 1459 1633 1485 reges,
1649 1456 1673 1477 et
1688 1450 1823 1484 effundam

1039 1505 1116 1531 super
1131 1504 1173 1523 eos
1190 1504 1288 1523 omnem
1315 1497 1383 1522 iram
1412 1497 1602 1531 indignationis
1626 1504 1698 1523 mew.
1724 1495 1756 1522 In
1769 1497 1825 1531 igne

1040 1542 1090 1569 zeli
1105 1543 1155 1568 mei
1168 1547 1334 1568 consumetur
1347 1541 1431 1568 omnis
1446 1545 1527 1569 terra.
1544 1541 1674 1573 Quoniam
1690 1546 1753 1568 tum:
1768 1550 1824 1568 con-

1039 1593 1138 1615 vertam
1160 1588 1186 1614 in
1207 1587 1311 1622 populis
1330 1588 1448 1623 linguam
1463 1589 1489 1615 in
1505 1587 1698 1623 generationem
1711 1588 1780 1621 ejus,
1797 1592 1823 1613 ut

1038 1634 1156 1660 invocent
1174 1642 1261 1660 omnes
1278 1642 1372 1661 nomen
1401 1634 1517 1667 Domini,
1544 1640 1567 1661 et
1594 1634 1708 1660 serviant
1732 1634 1756 1660 ei
1778 1633 1823 1660 sub

1033 1677 1099 1712 jugo
1118 1685 1181 1705 uno.
1201 1677 1237 1704 De
1253 1677 1324 1704 ultra
1336 1679 1450 1712 [Iuntina
1464 1678 1609 1713 IEtltiopiw
1621 1679 1766 1713 suscipiam
1783 1686 1824 1705 eos

1038 1724 1083 1757 qui
1099 1722 1210 1757 dispersi
1224 1727 1296 1755 sunt,
1309 1729 1332 1750 et
1344 1724 1454 1758 a/I'ermt
1465 1724 1625 1758 sacri/icium
1642 1724 1716 1751 milii.
1736 1724 1768 1750 In
1785 1726 1824 1750 dic

1038 1766 1086 1792 illa
1102 1775 1153 1793 non
1168 1767 1335 1801 confunderis
1356 1767 1427 1795 Saba
1443 1769 1476 1795 ab
1492 1769 1612 1795 euntibus
1631 1769 1820 1795 adiacentium-

1039 1812 1085 1838 θυι
1105 1813 1168 1844 tuis,
1187 1813 1213 1839 in
1229 1813 1323 1847 quibus
1345 1814 1424 1848 impie
1449 1815 1524 1848 egisti
1542 1814 1568 1840 in
1589 1814 1668 1841 me“.
1686 1813 1739 1841 Sed
1754 1819 1782 1842 et
1799 1816 1824 1842 in

1037 1856 1152 1885 Jercmia
1178 1860 1308 1893 scriptum
1332 1864 1384 1892 est,
1404 1861 1475 1894 quod
1493 1860 1628 1895 principes
1646 1861 1759 1895 quidam
1776 1870 1824 1896 po-

1038 1904 1094 1938 puli
1110 1903 1191 1931 lsrael
1208 1905 1328 1931 ntiserinl
1343 1905 1488 1932 Jeremiam
1502 1906 1529 1932 in
1539 1905 1626 1932 lacum
1644 1905 1765 1934 Melo/tite
1776 1907 1825 1942 filii

1037 1951 1117 1986 regis,
1134 1951 1178 1985 qui
1195 1956 1252 1977 erat
1270 1951 1296 1978 in
1316 1952 1392 1978 domo
1408 1953 1531 1986 carceris,
1544 1958 1567 1979 et
1580 1953 1755 1987 deposuerunt
1767 1962 1824 1980 cuin

1037 2005 1096 2023 cum
1117 1997 1235 2031 funibus,
1253 2003 1278 2023 et
1292 1998 1319 2024 in
1336 1997 1395 2024 lacu
1415 2006 1466 2024 non
1482 2003 1537 2025 erat
1554 2007 1632 2034 aqua,
1649 1999 1694 2025 sed
1711 2008 1824 2027 annum.

1037 2048 1060 2069 et
1075 2047 1131 2069 erat
1143 2043 1169 2068 in
1183 2050 1264 2069 aeno.
1278 2044 1393 2069 Audiens
1407 2048 1494 2070 autem
1504 2044 1680 2076 Abdimulech,
1699 2045 1826 2079 [Ethiops

1037 2088 1078 2114 uir
1089 2088 1234 2120 eunuchus,
1251 2088 1295 2122 qui
1313 2093 1369 2115 erat
1388 2089 1414 2115 in
1433 2089 1510 2115 danto
1530 2091 1606 2124 regis,
1618 2091 1680 2125 quia
1696 2092 1825 2118 miserunt

1037 2133 1180 2161 Jeremiam
1200 2135 1226 2160 in
1241 2133 1340 2166 lacum,
1363 2134 1478 2173 locutus.
1489 2139 1527 2161 est
1543 2136 1605 2170 regi,
1620 2141 1644 2162 et
1664 2136 1734 2163 dixit
1750 2147 1758 2164 :
1775 2139 1826 2166 Da-

1038 2180 1108 2207 mine
1122 2187 1178 2212 rex,
1193 2180 1260 2206 male
1280 2179 1396 2214 fecerunt
1410 2181 1459 2207 uiri
1473 2181 1518 2207 isti
1534 2182 1620 2208 omnia
1633 2191 1692 2216 gnte
1705 2183 1826 2217 fecerunt

1039 2226 1065 2252 in
1075 2225 1220 2252 Jeremiam
1232 2225 1395 2259 prophetam,
1406 2226 1468 2261 quia
1480 2227 1604 2253 miserunt
1615 2235 1673 2254 cum
1686 2228 1713 2254 in
1723 2228 1825 2262 lacum,

1038 2276 1062 2298 et
1078 2271 1205 2298 morietur
1221 2270 1258 2297 ibi
1273 2279 1289 2297 a
1305 2271 1373 2305 {acie
1388 2271 1478 2305 famis,
1490 2273 1615 2306 quoniam
1628 2281 1679 2299 non
1694 2280 1757 2306 sunt
1767 2275 1826 2308 jam

1037 2325 1117 2352 panes
1135 2318 1162 2344 in
1178 2317 1293 2343 civitate.
1315 2316 1349 2343 Et
1374 2318 1495 2352 praecepit
1517 2326 1562 2344 rea:
1582 2319 1633 2352 ipsi
1655 2319 1826 2347 Abdimelccit

1038 2362 1158 2396 ﬂthiopi
1173 2362 1259 2389 dicens
1273 2370 1282 2389 :
1297 2362 1368 2389 Tolle
1384 2363 1445 2389 hinc
1458 2364 1568 2398 triginta
1584 2364 1710 2398 homines,
1723 2370 1748 2392 ιιι
1762 2367 1828 2392 oduc

1039 2417 1098 2436 eum
1112 2409 1144 2435 de
1155 2408 1226 2440 lacu,
1247 2412 1275 2434 ut
1292 2417 1343 2435 non
1359 2408 1395 2435 ibi
1409 2409 1540 2436 moriatur
1551 2410 1584 2436 ⁸⁷.
1602 2409 1635 2436 Et
1647 2410 1713 2444 quid
1727 2412 1828 2445 plura?

1039 2454 1213 2482 Abdimelech
1231 2453 1360 2490 Ethiops
1374 2454 1425 2481 fuit
1439 2455 1486 2488 qui
1510 2455 1656 2483 Jeremiam
1680 2457 1779 2485 eduxit
1795 2458 1827 2485 de

1039 2501 1109 2528 lacu.
1128 2501 1160 2527 Et
1177 2501 1257 2536 paulo
1273 2505 1334 2536 post
1358 2511 1364 2528 :
1390 2502 1490 2528 Factus
1506 2508 1544 2529 est
1560 2510 1644 2528 sermo
1665 2503 1775 2530 Domini
1792 2504 1826 2530 ad

1035 2546 1177 2574 Jeremiam
1191 2547 1279 2574 dicens
1295 2555 1304 2574 :
1323 2547 1404 2580 Vade,
1415 2552 1439 2574 et
1450 2548 1493 2574 dic
1504 2547 1670 2575 Abdimelech
1689 2548 1825 2585 (Ethiopi,

1036 2593 1124 2619 dicens
1137 2600 1146 2618 .'
1163 2592 1208 2618 Sic
1227 2592 1293 2619 dicit
1318 2592 1445 2620 Dominus
1469 2593 1539 2620 Deus
1565 2592 1675 2620 Israel:
1695 2593 1764 2622 Ecce
1777 2604 1825 2630 ego

1037 2638 1139 2664 adduco
1156 2637 1231 2664 verba
1245 2646 1301 2665 mou
1321 2647 1399 2673 super
1420 2639 1553 2666 civitatem
1567 2639 1646 2665 istam
1663 2639 1692 2666 in
1703 2640 1789 2673 mala,
1801 2646 1825 2667 et

1037 2692 1087 2710 non
1103 2684 1130 2710 in
1147 2684 1224 2716 bona,
1238 2689 1263 2710 et
1278 2683 1385 2710 salvaba
1403 2689 1426 2710 te
1444 2685 1472 2710 in
1486 2685 1529 2710 die
1541 2684 1599 2716 illa,
1613 2689 1638 2711 et
1652 2692 1704 2710 non
1718 2686 1789 2712 dabo
1802 2691 1826 2712 te

1556 2784 1578 2800 “
1594 2782 1690 2811 Matth.
1708 2791 1745 2811 xu
1756 2804 1764 2818 ,
1779 2783 1822 2812 42.
