1892 3050
88 139 140 166 I05

748 137 850 166 LIBER
865 136 1059 166 SECUNDUS.

1668 139 1719 166 106

90 201 117 226 in
138 206 233 225 manus
251 197 390 225 hominum
407 206 472 233 quos
495 202 522 225 tu
545 198 633 225 times.
658 199 681 225 Α
703 197 771 232 facie
793 205 884 224 eorum
898 199 922 227 Α
936 197 963 223 in
991 195 1189 232 Evangeliis",
1205 195 1278 231 quod
1306 195 1333 223 in
1358 195 1402 224 die
1417 195 1512 231 iudicii
1541 195 1632 224 veniat
1657 203 1720 224 cum

90 245 195 272 solvatis
211 244 322 271 salvabo
346 249 379 277 te,
399 249 422 271 et
437 245 464 271 in
480 244 569 280 gladio
587 252 639 271 non
657 244 746 276 cades,
764 243 809 270 sed
829 243 880 270 erit

92 291 182 317 animus
198 294 245 316 tua
270 290 298 316 in
319 290 443 322 salutent,
468 290 591 324 quoniam
616 290 730 324 conﬁsus
745 296 770 316 es
787 289 814 315 in
829 296 880 321 me,

91 336 156 363 dicit
173 335 302 362 Dominus
317 335 349 361 ι’.
376 335 438 362 Haec
454 336 560 362 interim
575 336 609 362 ad
623 342 742 370 praesens
759 335 792 362 de
809 334 882 361 Scri-

93 380 180 416 pturis
205 381 310 408 sanctis
336 387 480 407 occurrere
505 383 663 414 potuerunt,
691 379 789 413 quibus
815 377 880 404 mihi

92 427 198 453 videtur
211 426 345 461 propositi
361 426 394 453 de
415 425 536 453 Canticis
561 425 729 453 canticorum
754 423 882 452 versiculi

92 473 252 508 mysterium
280 471 463 506 comprobari,
487 472 513 498 in
536 479 591 506 quo
615 471 701 498 dicit:
721 470 810 498 Fusco
823 478 882 497 sum

92 519 156 554 (sive
165 518 254 552 nigra)
266 523 290 544 et
302 518 430 553 formosa.
444 517 508 552 filia:
520 517 698 550 Hierusalem,
709 517 777 544 sicut
793 518 883 543 taber-

92 564 220 592 naculum
235 564 333 596 Cedar,
347 569 370 590 et
383 565 451 591 sicut
473 563 553 598 pelles
567 562 728 590 Salomonis.
744 562 883 589 Invenitur

90 618 157 644 ergo
182 609 292 645 Moyses
318 609 346 636 in
377 608 504 636 Numeris
531 609 654 643 accipere
684 607 882 642 (Ethiopissam

92 664 208 683 uxorem
233 655 351 688 fuscam,
383 655 426 682 vel
455 655 573 690 nigram,
601 662 652 688 pro
677 661 731 688 qua
753 653 837 680 Maria
856 656 884 679 et

93 703 184 730 Aaron
200 704 330 737 derogant
343 702 380 734 ei,
401 706 427 729 et
439 701 611 736 indignantes
622 700 716 726 dicunt
730 708 737 726 ε
754 698 883 732 Nunquid

94 748 181 783 Moysi
191 749 242 775 soli
255 748 382 775 Dominus
401 747 504 774 loeutus
524 747 584 774 est?
601 745 697 772 Nonne
713 749 738 771 et
753 744 827 771 nobis
841 744 883 770 lo-

91 800 168 822 cutus
184 800 222 822 est
234 795 278 821 ιη
301 794 328 821 In
353 802 406 829 quo
429 795 451 821 si
475 794 618 828 diligenter
638 791 812 824 consideres,
835 798 884 818 nec

91 840 320 875 consequentiam
337 847 427 868 sermo
448 839 585 867 invenitur
608 839 707 866 habere
724 837 880 865 historicus.

91 884 163 918 Quid
182 885 254 912 enim
278 885 424 912 convenire
449 884 482 911 ad
506 891 563 911 rem
585 883 732 916 videbitur,
759 887 789 909 ut
811 881 881 909 indi-

90 935 208 964 gnantes
219 937 268 965 pro
281 929 450 964 Ethiopissa
463 929 556 956 dicant
573 938 579 956 :
596 928 721 963 Nunquid
731 927 780 954 soli
795 926 882 961 Moysi

89 977 195 1003 locutus
216 980 254 1002 est
278 975 425 1002 Dominus?
442 974 536 1002 Nonne
560 979 584 1002 et
606 975 679 1002 nobis
698 974 801 1001 locutus
822 974 882 1000 est?

91 1019 240 1056 Oportebat
253 1021 337 1054 enim,
357 1021 379 1048 si
404 1021 455 1048 hoc
477 1024 535 1048 erat
552 1021 578 1047 in
594 1028 688 1053 causa,
706 1020 759 1048 dici
777 1019 812 1047 ab
827 1020 880 1052 eis,

91 1075 146 1094 non
161 1067 282 1102 oportuit
299 1071 335 1100 te,
346 1075 363 1094 ο
375 1067 494 1103 Moyses,
511 1075 623 1095 uxorem
641 1067 764 1103 accipere
780 1066 882 1094 Aithio—

91 1114 207 1148 pissam,
224 1117 250 1140 et
264 1113 298 1141 de
313 1114 416 1141 semine
430 1112 527 1146 Cham,
545 1114 592 1141 sed
613 1113 646 1141 de
668 1121 765 1149 genere
781 1118 838 1146 tuo,
855 1118 882 1140 et

90 1161 124 1188 de
134 1161 218 1188 domo
228 1160 303 1188 Levi.
317 1160 419 1188 Horum
436 1161 505 1188 nihil
516 1162 618 1194 dicunt,
633 1162 679 1189 sed
695 1162 772 1188 aiunt
788 1171 794 1188 :
809 1161 883 1188 Nun-

90 1206 155 1241 quid
178 1205 266 1241 Moysi
288 1206 339 1233 soli
361 1205 462 1234 [acutus
478 1212 515 1234 est
535 1206 625 1234 Deus?
647 1206 741 1234 Nonne
762 1211 787 1234 et
807 1207 881 1233 nobis

89 1254 198 1282 Iratus
215 1254 273 1280 est?
287 1254 317 1281 In
333 1261 388 1289 quo
404 1259 431 1282 et
445 1254 511 1281 mihi
531 1253 638 1280 videtur
658 1253 807 1280 secundum
822 1261 882 1289 my-

92 1299 206 1327 sterium
223 1299 311 1333 magis
335 1299 500 1327 intellexisse
520 1299 592 1334 quod
611 1304 715 1334 gestum
730 1303 781 1332 est,
797 1303 824 1327 et
838 1299 883 1326 vi-

93 1345 167 1372 disse
193 1345 268 1379 quod
288 1346 345 1379 jam
366 1345 483 1381 Moyses,
505 1346 531 1372 id
555 1351 596 1374 est
619 1345 748 1381 spiritalis
768 1345 830 1380 lex,
855 1345 883 1373 in

93 1390 203 1425 nuptias
216 1396 246 1418 et
260 1391 418 1427 conjugium
435 1397 605 1428 congregata:
630 1400 663 1420 ex
683 1392 808 1427 gentibus
831 1391 884 1419 mi-

91 1441 183 1471 graret
197 1436 327 1464 Ecclesia:
341 1446 348 1464 :
360 1441 387 1465 et
397 1436 508 1465 Mariam
519 1445 579 1472 qua:
588 1437 737 1473 Synagoga:
748 1437 884 1465 derelicta:

93 1481 223 1515 formam,
248 1486 276 1510 et
296 1483 388 1510 Aaron
412 1483 459 1518 qui
483 1483 627 1510 sacerdotii
644 1483 763 1518 carnalis
776 1482 883 1510 tenebat

931 242 998 269 viris
1022 241 1204 277 generationis
1231 241 1386 275 incredulae,
1414 246 1442 268 et
1468 241 1632 269 condemnet
1659 248 1720 274 eos.

932 288 996 322 quia
1013 288 1086 315 venit
1101 295 1118 315 a
1135 287 1235 316 ﬁnibus
1257 292 1336 315 terrae
1351 288 1445 316 audire
1459 287 1622 323 sapientiam
1642 287 1720 315 Sato-

932 333 1033 365 monis,
1049 337 1076 360 et
1091 333 1176 367 addit,
1198 334 1263 368 quia
1277 334 1337 368 plus
1358 333 1500 361 Salomone
1515 334 1557 361 hic
1569 333 1603 367 ⁵³,
1619 333 1721 361 docens

932 387 980 414 per
996 379 1048 407 hoc
1061 380 1122 414 plus
1142 387 1203 407 esse
1221 380 1362 407 veritatem
1377 387 1458 415 quam
1470 379 1593 407 veritatis
1607 379 1720 414 ﬁguras.

933 424 1091 460 Venitergo
1107 429 1133 453 et
1145 425 1212 459 haec,
1227 425 1282 453 imo
1297 426 1446 454 secundum
1464 425 1579 462 ﬁguram
1595 425 1655 460 ejus
1666 424 1720 452 Ec-

933 471 1016 498 clesia
1032 472 1107 498 venit
1123 479 1155 498 ex
1171 471 1296 506 gentibus
1308 472 1403 499 audire
1419 472 1581 508 sapientiam
1596 470 1718 499 Salomt»

933 517 976 544 nis
988 517 1055 549 veri,
1066 522 1094 544 et
1109 518 1166 544 veri
1182 518 1287 552 paciﬁci
1303 517 1411 545 Domini
1422 519 1508 546 nostri
1524 518 1588 546 Jesu
1605 516 1719 545 Christi.

934 562 1014 589 Venit
1037 567 1063 590 ct
1086 563 1142 590 haec
1164 563 1252 598 primo
1268 564 1377 598 quidem
1394 569 1502 592 teutans
1518 571 1579 591 eum
1594 571 1642 599 per
1651 562 1720 590 teni-

934 613 1023 643 gmata
1036 612 1061 635 ct
1079 609 1253 643 quaestiones,
1265 617 1325 645 quae
1335 609 1359 637 ei
1376 610 1451 644 prius
1466 610 1625 638 insolubiles
1639 611 1720 639 vide-

934 653 1034 680 bantur
1051 662 1056 680 :
1072 658 1153 688 atque
1164 654 1198 681 ab
1211 655 1270 689 ipso
1282 655 1315 682 de
1328 656 1465 690 agnitione
1478 655 1558 684 Verbi
1573 655 1633 690 Dei,
1643 663 1671 684 et
1684 657 1719 685 de

934 699 1067 726 creaturis
1083 700 1188 732 mundi,
1205 700 1261 736 48
1279 701 1320 728 vel
1338 701 1372 728 de
1386 701 1590 729 immortalitate
1608 703 1717 734 animae,

933 748 961 771 et
975 744 1078 779 judicio
1092 744 1194 777 futuro,
1207 745 1280 780 quod
1303 746 1373 780 apud
1386 754 1445 773 eam
1461 751 1490 774 et
1504 747 1576 782 apud
1592 748 1719 775 doctores

921 790 993 825 ,ejus
1007 791 1119 825 gentiles
1131 790 1264 819 duntaxat
1274 792 1449 827 philosophos
1466 793 1598 820 incertum
1613 801 1720 828 semper

935 840 982 862 aut
995 835 1108 863 dubium
1121 836 1257 869 manebat,
1269 836 1428 864 absolvitur.
1447 836 1525 864 Venit
1539 845 1604 873 ergo
1620 838 1719 866 Ilioru-

933 881 1029 913 salem,
1045 882 1079 909 ad
1089 881 1221 909 visionem
1248 883 1351 910 scilicet
1367 883 1452 918 pacis,
1470 891 1531 910 cum
1548 883 1720 910 multitudine

931 931 958 954 et
971 927 1070 955 virtute
1086 927 1182 961 multa,
1199 935 1252 955 non
1273 929 1346 955 enim
1362 936 1424 956 cum
1445 936 1498 956 una
1514 929 1571 956 sola
1583 933 1672 964 gente,
1688 935 1719 957 ut

931 973 1008 1008 prius
1020 973 1161 1008 Synagoga
1176 974 1248 1001 solos
1265 974 1362 1001 habuit
1379 973 1518 1006 Ilebrazos,
1537 975 1584 1002 sed
1597 982 1660 1002 cum
1675 980 1718 1002 too

933 1019 988 1047 tius
1009 1019 1102 1046 mundi
1120 1020 1244 1054 gentibus
1265 1020 1348 1051 venit,
1363 1019 1488 1048 deferens
1502 1021 1584 1048 etiam
1603 1028 1718 1048 munera

932 1065 1013 1099 digna
1025 1065 1147 1098 Christo,
1161 1065 1399 1093 odoramentorum
1412 1066 1547 1101 siquidem
1559 1067 1719 1100 suavitates,

933 1118 1014 1146 Opera
1029 1112 1134 1139 scilicet
1150 1112 1232 1143 bona,
1247 1120 1307 1147 qua:
1323 1113 1356 1139 ad
1371 1112 1453 1140 Deum
1472 1121 1519 1147 per
1533 1113 1642 1141 odorem
1655 1122 1720 1142 sua-

933 1157 1025 1184 vitatis
1040 1158 1199 1185 ascendunt.
1214 1157 1266 1185 Sed
1281 1162 1307 1185 et
1323 1166 1391 1185 auro
1408 1159 1480 1186 venit
1497 1160 1610 1195 repleta,
1628 1161 1718 1188 sensi-

933 1202 984 1230 bus
1009 1203 1069 1230 sine
1086 1203 1169 1231 duhio
1187 1208 1214 1231 et
1227 1203 1436 1232 rationabilihus
1459 1205 1621 1240 disciplinis,
1649 1214 1719 1240 quas

933 1254 996 1277 ante
1011 1249 1089 1277 ﬁdem
1102 1250 1191 1277 adhuc
1203 1257 1236 1278 ex
1248 1251 1385 1278 communi
1397 1255 1424 1278 et
1436 1251 1554 1279 scholari
1564 1252 1719 1280 eruditione

933 1298 1087 1334 collegerat.
1111 1298 1212 1325 Detulit
1228 1299 1309 1326 etiam
1331 1298 1446 1333 lapidem
1462 1300 1623 1334 pretiosum,
1637 1308 1717 1335 quem

932 1349 1093 1373 ornamenta
1108 1352 1216 1372 morum
1231 1352 1379 1380 possumus
1403 1344 1564 1381 intelligere.
1582 1346 1649 1373 Cum
1667 1346 1719 1374 hoc

933 1399 998 1428 ergo
1011 1395 1143 1427 apparatu
1156 1391 1238 1419 intrat
1251 1391 1284 1419 ad
1297 1391 1441 1426 paciﬁcum
1459 1399 1550 1427 regem
1568 1391 1718 1426 Christum,

933 1443 960 1466 et
971 1438 1022 1473 ipsi
1036 1438 1122 1473 aperit
1138 1445 1187 1466 cor
1203 1446 1295 1471 suum,
1315 1438 1341 1465 in
1357 1437 1529 1465 confessione
1544 1442 1571 1465 et
1584 1439 1718 1473 poeniten-

934 1485 971 1512 tia
992 1484 1096 1512 scilicet
1117 1484 1326 1519 prazctulentinm
1343 1484 1516 1517 delictorum,
1536 1488 1562 1511 ct
1578 1484 1667 1512 locuta
1679 1491 1720 1512 est.

93 1528 252 1563 imaginem,
270 1529 392 1557 videntes
406 1529 526 1556 ablatum
546 1536 607 1557 esse
627 1537 641 1556 a
662 1529 816 1564 semetipsis
837 1536 881 1556 re-
895 1532 917 1562 (ι
933 1529 958 1556 ei
974 1529 1066 1556 omnia
1089 1537 1150 1564 qua:
1169 1533 1245 1556 erant
1259 1529 1286 1556 in
1303 1529 1384 1556 corde
1403 1537 1465 1560 suo,
1487 1534 1596 1564 propter
1608 1530 1679 1564 quod
1693 1535 1721 1557 ct

92 1582 189 1609 gnum,
203 1578 232 1601 et
245 1574 341 1602 datum
357 1582 418 1602 esse
434 1575 507 1610 genti
522 1574 632 1603 facienti
647 1575 752 1604 fructus
768 1577 828 1611 ejus
842 1577 878 1604 di-

91 1627 154 1647 cere
168 1629 174 1647 :
192 1619 323 1655 Nunquid
336 1619 423 1655 Moysi
441 1621 491 1648 soli
507 1621 609 1648 locutus
622 1625 661 1648 est
679 1621 748 1649 Deus
761 1622 774 1648 1’
788 1621 882 1650 Nonne

89 1671 116 1692 et
129 1666 207 1692 nobis
225 1665 330 1692 locutus
344 1665 404 1692 est?
427 1665 550 1701 Denique
571 1671 599 1693 et
613 1665 719 1701 Moyses
743 1667 800 1702 ipse
819 1675 881 1696 cum

93 1716 170 1738 tanta
185 1715 212 1738 ct
225 1715 281 1738 tam
302 1711 445 1746 magniﬁca
459 1711 519 1746 ejus
532 1719 614 1747 opera
627 1712 689 1740 ﬁdei
703 1720 735 1740 ac
745 1714 882 1748 patientiae

92 1757 258 1790 referantur,
281 1765 421 1792 nunquam
435 1757 518 1786 tantis
533 1765 548 1784 a
563 1757 618 1786 Deo
635 1759 723 1786 elatus
735 1763 777 1787 est
790 1760 881 1787 laudi-

92 1804 154 1838 bus,
171 1809 202 1832 ut
212 1812 286 1832 nunc
297 1811 359 1832 cum
372 1803 567 1839 Ethiopissam
581 1804 658 1833 duxit
668 1813 792 1834 uxorem.
805 1805 882 1834 Nunc

92 1849 125 1878 de
137 1857 171 1877 eo
191 1850 303 1883 dicitur,
329 1850 392 1885 quia
412 1850 514 1886 Moyses
538 1852 614 1878 homo
632 1855 783 1878 mansuetus
805 1847 881 1880 valde

90 1904 170 1930 super
183 1904 272 1923 omnes
288 1896 406 1923 homines
421 1897 466 1931 qui
479 1901 539 1923 sunt
556 1905 635 1931 super
649 1901 748 1924 terram
756 1897 789 1924 ⁸ο.
805 1896 882 1925 Nunc

92 1947 119 1969 ct
132 1942 198 1969 illud
214 1941 249 1968 de
264 1947 297 1969 eo
313 1942 379 1969 dicit
394 1940 537 1975 Dominus,
555 1942 619 1977 quia
634 1943 657 1969 si
671 1943 753 1977 fuerit
768 1943 795 1970 in
809 1945 880 1971 vobis

91 1987 229 2021 propheta,
245 1987 271 2013 in
285 1987 428 2013 visionibus
441 1987 534 2022 loquar
545 1988 580 2020 ei,
595 1992 642 2015 aut
653 1989 682 2015 in
695 1989 815 2023 somniis,
830 1997 881 2016 non

90 2035 130 2061 ita
147 2039 176 2060 ut
201 2033 304 2068 fumum
329 2041 385 2060 meo
409 2033 505 2069 Moysi,
526 2035 570 2069 qui
588 2035 614 2061 in
632 2035 703 2062 omni
722 2035 798 2062 domo
823 2044 881 2063 mea

91 2080 177 2114 ﬁdelis
189 2084 241 2107 est.
258 2080 295 2107 0s
307 2080 342 2106 ad
357 2088 385 2107 os
404 2080 498 2115 loquar
514 2080 548 2114 qd
560 2089 628 2114 eum,
643 2082 669 2108 in
684 2082 777 2116 specie,
791 2087 815 2110 et
829 2091 881 2109 non

90 2126 117 2152 in
139 2126 293 2160 enigmate,
312 2125 424 2159 gloriam
443 2125 550 2152 Domini
562 2126 636 2153 vidit.
659 2125 694 2152 Et
713 2135 760 2154 cur
778 2135 829 2154 non
847 2128 881 2154 ti-

91 2172 196 2198 muistis
215 2171 354 2198 detrahere
372 2171 471 2205 famulo
489 2180 544 2199 meo
561 2172 676 2207 Moysi“
688 2173 699 2199 ?
713 2173 776 2201 Haec
789 2175 879 2201 omnia

91 2223 141 2251 pro
156 2216 286 2251 conjugio
310 2216 485 2251 Ethiopissae
505 2217 610 2253 Moyses
636 2218 731 2246 audire
753 2219 851 2246 meruit
865 2227 880 2247 a

91 2261 218 2289 Domino.
235 2261 337 2289 Verum
353 2262 385 2290 de
402 2262 444 2290 his
457 2263 563 2298 plenius
574 2263 600 2290 in
614 2263 685 2291 libro
699 2263 880 2292 Numerorum

91 2307 230 2342 prosecuti
251 2315 366 2335 sumus:
387 2315 447 2342 qua:
464 2309 487 2336 si
502 2308 564 2344 quis
583 2309 695 2344 dignum
705 2309 811 2344 iudicat
827 2318 878 2337 no-

91 2359 178 2387 scere,
204 2353 250 2380 illa
274 2353 425 2388 perquirat.
444 2353 521 2382 Nunc
544 2359 634 2382 autem
652 2354 767 2382 sufﬁciat
783 2363 881 2390 appro-

92 2397 158 2425 bare
174 2406 207 2426 εκ
234 2399 278 2425 his
300 2399 372 2433 quod
394 2399 452 2434 ipsa
472 2405 513 2427 est
536 2400 623 2435 nigra,
648 2404 674 2427 et
700 2399 830 2434 formosa,
854 2405 880 2428 et

93 2443 273 2479 (Ethiopissa,
299 2451 381 2479 quam
402 2444 523 2479 Moyses,
546 2445 572 2472 id
597 2449 648 2476 cst,
672 2446 714 2473 lex
737 2446 879 2480 spiritalis,

93 2497 154 2524 qua!
165 2491 224 2517 sine
238 2491 322 2518 dubio
331 2489 450 2518 Verbum
463 2491 510 2518 Dei
518 2495 544 2518 et
553 2490 679 2519 Christus
688 2496 739 2525 est,
752 2492 778 2519 in
788 2492 881 2527 conju-

92 2538 168 2572 gium
186 2544 267 2564 suum
276 2537 398 2570 asciscit,
411 2537 473 2564 licet
488 2537 638 2565 obtrectent
649 2538 810 2573 ctderogcnt
820 2539 880 2566 lilia:

92 2582 271 2616 Hierusalem,
279 2583 356 2618 plebs
367 2582 469 2610 scilicet
484 2583 534 2610 ista
545 2591 607 2610 cum
617 2583 802 2611 sacerdotibus
811 2584 878 2611 suis.

126 2628 274 2657 Videamus
289 2633 381 2656 autem
399 2633 426 2656 et
447 2636 477 2656 ca
501 2636 561 2664 qute
577 2636 608 2656 ex
628 2630 707 2656 tertio
723 2628 879 2664 Regnorum

90 2675 160 2702 libro
173 2675 339 2709 protulimus
353 2674 387 2702 dc
407 2674 500 2708 regina
527 2674 608 2708 Saba,
626 2679 652 2702 et
665 2675 723 2710 ipsa
741 2674 879 2702 nihilomi-

90 2729 142 2749 nus
169 2721 352 2756 Aithiopissa,
378 2721 421 2748 cui
457 2721 642 2748 testimonium
672 2720 717 2748 dat
748 2721 879 2749 Dominus

127 2815 147 2830 "‘
179 2815 281 2843 Jerem.
301 2824 395 2847 xxxiv,
415 2817 456 2850 IS,
474 2818 516 2851 ιϐ,
536 2818 579 2848 17.
598 2818 640 2845 18.

91 2849 114 2866 "
129 2851 194 2881 ibid.
234 2851 258 2867 “‘
268 2850 350 2878 .loan.
368 2859 413 2881 xv.
432 2853 475 2881 Μ,
495 2853 539 2879 15.
577 2853 599 2868 ⁵⁵
614 2854 640 2879 Ill

251 2897 387 2926 ΡΑτιιυι.
413 2898 471 2928 Gn.
491 2898 576 2929 XIII.

699 2819 719 2834 δί’
735 2817 815 2846 Num.
833 2827 881 2850 xn,
896 2819 923 2846 Ξ.

234 2851 258 2867 ⁵⁸
268 2850 350 2878 Joan.
368 2859 413 2884 xv,
432 2853 475 2883 it,
495 2853 539 2879 15.
577 2853 599 2868 ⁵⁵
614 2853 646 2879 Itl
665 2852 730 2888 Reg.
747 2861 772 2880 χ.
811 2854 834 2869 ¹¹⁸
853 2854 879 2880 lt

933 2875 939 2882 .
955 2862 1015 2888 xm,
1034 2853 1076 2881 I2.
1110 2867 1111 2871 η

933 1574 1071 1606 Christus,
1088 1575 1135 1610 qui
1155 1579 1197 1602 est
1218 1583 1268 1610 pax
1286 1580 1387 1608 nostra,
1409 1574 1560 1602 enuntiavit
1582 1575 1606 1602 ei
1628 1576 1719 1603 omnia

933 1620 1015 1648 verba
1033 1620 1103 1656 ejus,
1116 1626 1142 1648 et
1160 1629 1213 1648 non
1229 1626 1271 1648 est
1285 1621 1397 1648 verbum
1414 1621 1487 1656 quod
1496 1621 1619 1649 omiserit
1634 1630 1679 1649 rex
1693 1629 1720 1649 et

932 1674 987 1694 non
1000 1667 1182 1694 enuntiaverit
1194 1667 1229 1694 ei.
1245 1667 1367 1702 Denique
1380 1676 1441 1695 cum
1460 1668 1516 1703 jam
1534 1672 1639 1703 tempus
1657 1676 1717 1703 pas-

932 1713 1018 1740 sionis
1036 1713 1275 1748 appropinquaret,
1292 1714 1331 1742 sic
1351 1715 1472 1749 loquitur
1491 1715 1524 1742 ad
1540 1722 1610 1747 eam,
1624 1715 1649 1742 id
1665 1721 1720 1749 est,

932 1759 966 1786 ad
982 1759 1083 1787 electos
1100 1760 1249 1796 discipulos
1264 1768 1328 1788 suos
1343 1769 1349 1787 :
1364 1760 1425 1787 lam
1440 1768 1489 1787 non
1504 1761 1592 1788 dicam
1604 1769 1647 1788 vos
1660 1769 1717 1788 ser~

931 1813 987 1838 vos,
1007 1806 1052 1833 sed
1070 1807 1179 1839 amicos,
1199 1808 1262 1842 quia
1283 1815 1371 1834 servus
1392 1809 1473 1835 nescit
1490 1808 1553 1843 quid
1573 1808 1656 1843 faciat
1671 1807 1719 1834 d0-

932 1850 1020 1877 minus
1032 1851 1100 1886 ejus.
1126 1850 1180 1886 Ego
1202 1857 1291 1879 autent
1308 1857 1370 1880 nota
1390 1853 1439 1887 feci
1457 1853 1529 1880 vobis
1543 1855 1632 1881 omnia
1647 1860 1719 1888 qutt-

932 1904 1033 1933 cunque
1043 1898 1132 1925 audivi
1143 1906 1158 1924 a
1171 1897 1249 1925 Patre
1263 1907 1318 1926 meo
1327 1898 1358 1926 ⁵⁸.
1373 1898 1419 1926 Sic
1429 1906 1493 1934 ergo
1507 1899 1633 1934 impletur
1645 1899 1717 1934 quod

932 1945 1010 1977 dixit,
1024 1946 1087 1980 quia
1099 1953 1152 1971 non
1165 1944 1247 1972 fuerit
1262 1945 1373 1972 verbum
1386 1945 1458 1979 quod
1473 1953 1525 1972 non
1537 1945 1719 1972 enuntiaverit

931 1989 1062 2025 paciﬁcus
1076 1989 1209 2018 Dominus
1227 1989 1326 2025 reginae
1344 1989 1421 2017 Sabm
1432 1989 1465 2022 ⁵³,
1482 1989 1509 2016 id
1524 1993 1575 2023 est,
1592 1989 1719 2017 Ecclesia:

933 2043 964 2063 ex
978 2034 1103 2071 gentibus
1118 2039 1296 2070 congregatae.
1311 2033 1389 2068 Quod
1403 2035 1425 2062 si
1445 2033 1575 2062 intuearis
1589 2033 1718 2062 Ecclesiae

932 2086 1044 2113 statum.
1062 2085 1089 2108 ct
1104 2081 1320 2112 dispensationes
1335 2080 1394 2115 ejus
1406 2080 1646 2115 ordinationesque
1659 2079 1718 2115 ejus

933 2127 1101 2158 consideres,
1127 2130 1191 2153 tunc
1206 2125 1330 2153 advortes
1347 2126 1483 2160 quomodo
1505 2125 1596 2161 regina
1620 2125 1716 2152 mirata

933 2172 968 2200 sit
979 2180 1087 2200 omnem
1101 2171 1268 2206 prudentiam
1281 2171 1445 2198 Salomonis.
1461 2170 1547 2198 Simul
1559 2175 1582 2198 et
1598 2171 1716 2206 require,

933 2226 981 2245 cur
1005 2225 1060 2245 non
1085 2217 1184 2244 dixerit
1206 2225 1314 2244 omnem
1340 2217 1511 2252 sapientiam,
1537 2217 1583 2244 sed
1608 2223 1717 2244 omnem

932 2264 1103 2299 prudentiam
1128 2263 1298 2297 Salomonis;
1326 2263 1455 2298 quoniam
1485 2263 1594 2298 quidem
1618 2262 1717 2290 eruditi

933 2310 983 2336 viri
1003 2311 1174 2345 prudentiam
1201 2310 1235 2337 de
1258 2310 1385 2337 humanis
1407 2309 1532 2344 negotiis,
1554 2308 1715 2343 sapientiam

934 2356 967 2383 de
977 2357 1077 2383 divinis
1089 2356 1200 2391 intelligi
1215 2356 1318 2382 volunt.
1332 2355 1435 2383 Idcirco
1448 2355 1572 2383 fortassis
1584 2360 1611 2382 et
1625 2355 1717 2383 Eccle-

934 2402 975 2428 sia
988 2409 1061 2428 nunc
1079 2401 1188 2428 interim
1203 2401 1304 2428 Christi
1325 2401 1496 2435 prudentiam
1512 2401 1636 2434 miratur,
1651 2401 1716 2428 dum

935 2448 962 2475 in
976 2448 1056 2475 terris
1069 2451 1112 2475 est
1126 2451 1152 2474 et
1164 2447 1233 2474 inter
1246 2446 1370 2474 homines
1389 2451 1573 2474 conversatur.
1588 2445 1656 2473 Cum
1669 2453 1718 2473 au-

933 2498 988 2520 tem
1001 2492 1106 2520 venerit
1120 2493 1190 2527 quod
1207 2491 1357 2526 perfectum
1372 2496 1424 2525 est,
1442 2496 1468 2519 et
1483 2492 1516 2519 de
1532 2492 1612 2519 terris
1628 2496 1718 2518 trans-

932 2539 985 2566 lata
1001 2538 1082 2566 fuerit
1106 2538 1138 2565 ad
1155 2538 1263 2571 cadum,
1283 2543 1346 2565 tunc
1362 2537 1464 2565 videbit
1480 2544 1588 2564 omnem
1610 2537 1718 2572 sapien-

933 2586 998 2612 tiam
1013 2584 1082 2619 ejus,
1098 2591 1159 2611 cum
1172 2583 1227 2618 jam
1246 2591 1299 2610 non
1315 2591 1362 2618 per
1376 2583 1503 2618 speciem,
1527 2590 1581 2610 non
1593 2590 1641 2617 per
1652 2582 1718 2609 teni-

933 2635 1034 2665 gmata,
1055 2630 1101 2657 sed
1125 2629 1194 2656 facie
1219 2629 1252 2656 ad
1273 2628 1370 2656 faciem
1384 2629 1417 2656 de
1432 2628 1545 2663 singulis
1565 2628 1718 2664 quibusque

935 2676 1079 2711 perspiciet
1092 2677 1124 2703 ⁵⁵.
1139 2676 1213 2703 Vidit
1229 2680 1317 2703 autem
1337 2680 1364 2703 et
1382 2675 1491 2702 domum
1504 2682 1585 2709 quam
1597 2674 1718 2710 gzdiﬁca—

934 2722 982 2754 vit,
1001 2722 1060 2748 sine
1075 2721 1158 2748 dubio
1176 2719 1370 2748 incarnationis
1382 2715 1442 2754 ejus
1457 2719 1592 2754 mysteria.
1606 2717 1664 2754 Ipsa
1678 2724 1718 2746 est
1751 2759 1755 2765 ‘

972 2819 994 2834 '°
1011 2819 1075 2845 ibid.
1092 2819 1119 2846 5.

1169 2818 1189 2833 ¹¹
1207 2817 1272 2845 ibid.
1285 2817 1312 2850 6,
1334 2817 1360 2850 7,
1377 2816 1404 2844 8.
1456 2817 1479 2832 ¹¹
1495 2816 1588 2844 Matth.
1608 2824 1655 2848 xu,
1673 2815 1714 2842 η.

1542 2899 1561 2924 ιι
