1892 3050
178 139 229 168 107

709 135 870 165 ORIGENIS
887 134 922 163 IN
938 133 1117 163 CANTICUM
1134 132 1270 162 CANTIC.

1750 133 1803 160 I08

172 198 248 225 enim
262 196 360 226 domus
370 203 452 232 quam
467 195 609 225 aedificavit
625 195 676 224 sibi
691 197 833 232 sapientia.
847 195 921 223 Vidit
933 200 960 223 et
976 197 997 225 Α
1012 195 1066 222 suit
1078 199 1104 221 ιο
1120 202 1210 230 regem
1225 201 1307 228 super
1320 199 1393 221 eum.
1406 192 1512 226 Quem?
1524 192 1672 221 Paciﬂcum
1685 193 1746 221 sine
1755 193 1807 221 du-

175 243 254 271 cibos
276 242 442 270 Salomonis.
469 243 531 270 Illos
555 246 621 277 puto
649 242 683 270 de
708 242 807 277 quibus
829 241 958 269 dicebat:

177 287 253 315 Meus
270 287 343 315 cibus
355 292 404 320 est,
418 293 446 315 ut
459 288 558 323 faciant
573 288 734 315 voluntatem
755 287 811 321 ejus
829 287 874 322 qui
888 288 962 314 misit

176 340 228 365 me,
245 337 274 359 ut
288 333 423 367 perficiant
437 340 500 368 opus
514 332 570 366 ejus
580 332 613 359 ".
635 331 707 360 Vidit
717 335 745 359 et
759 332 850 358 sedem
863 338 962 366 puero-

176 385 238 405 rum
251 377 321 412 ejus.
336 377 556 406 Eeclesiasticum
568 382 633 413 puto
650 377 772 404 ordinem
786 376 863 409 dicit,
875 377 922 412 qui
933 377 961 404 in

176 423 349 459 episcopatus
363 424 405 451 vel
418 424 576 460 presbyterii
588 423 698 451 sedibus
711 423 836 451 habetur.
851 422 924 451 Vidit
935 427 964 451 et

177 469 373 501 ordinationes,
389 469 446 497 sive
461 469 591 497 stationes
605 469 793 497 ministrorum
809 469 882 504 ejus.
899 469 963 497 Dia-

177 523 319 549 conorum,
335 520 365 543 ut
376 515 443 543 mihi
453 515 569 549 videtur,
587 514 710 543 ordinem
726 520 861 544 memorat
873 520 963 543 astan-

177 562 245 589 tium
269 561 363 590 divino
384 561 544 589 ministerio.
569 560 622 588 Sed
644 567 671 589 et
693 565 783 589 vestes
806 561 865 597 ejus
885 561 961 590 vidit.

177 607 239 635 Illas
254 607 335 635 credo
350 607 449 642 quibus
472 606 562 633 induit
582 613 639 640 eos,
660 606 694 634 de
717 606 817 641 quibus
837 606 937 634 dicitur
954 615 960 634 :

177 654 330 688 Quicunque
341 657 428 679 autem
440 653 467 680 in
478 652 585 680 Christo
600 651 730 687 baptizati
743 652 816 684 estis,
828 650 963 678 Christum

175 699 300 726 induisti:
313 698 347 726 ³⁸.
366 697 419 726 Sed
434 702 462 725 et
479 698 534 725 vini
552 697 660 725 fusores
675 697 747 732 ejus,
766 696 885 724 arbitror
909 696 963 724 dici

176 744 311 775 doctores,
327 743 373 778 qui
389 742 509 770 Verbum
524 742 570 770 Dei
582 747 608 769 et
619 742 770 770 doctrinam
782 741 860 777 quasi
869 742 963 769 vinum

175 789 283 824 populis
309 789 436 820 miscent,
460 788 533 824 quod
555 788 711 816 auditorum
732 788 814 816 corda
836 787 962 816 laetillcet.

177 835 248 862 Vidit
264 839 292 862 et
306 835 465 863 holocausta
477 835 547 869 ejus,
563 834 719 861 orationum
731 833 790 861 sine
801 833 884 861 dubio
896 840 963 868 sup-

174 880 408 916 plicationumque
424 880 562 916 mysteria.
575 879 639 907 Haec
651 887 716 915 ergo
732 879 824 907 omnia
839 879 883 907 ubi
897 879 964 906 vidit

175 926 204 953 in
221 925 304 954 domo
324 926 396 960 regis
410 925 528 961 paciﬁci,
552 925 608 953 imo
630 925 744 957 Christi,
770 925 846 960 nigra
860 924 919 952 haec
934 928 962 952 et

176 971 299 999 formosa
312 971 463 1006 obstupuit,
480 974 506 998 et
517 970 555 998 ait
570 970 604 998 ad
619 977 681 998 eum
696 979 703 997 :
726 969 807 997 Verus
822 974 860 998 est
876 977 962 996 sermo

175 1025 252 1053 quem
266 1017 357 1045 audiui
370 1017 397 1044 in
413 1021 484 1044 terra
503 1024 560 1044 mea
576 1017 607 1043 de
623 1015 698 1044 uerbo
714 1019 758 1043 tua
767 1021 792 1043 et
802 1015 835 1043 de
847 1016 963 1051 pruden-

177 1063 216 1090 tia
231 1067 277 1090 tua
285 1063 319 1089 ".
333 1061 447 1097 Propter
462 1061 537 1090 enim
552 1062 664 1089 verbum
680 1066 757 1089 tuum
773 1061 845 1097 quod
863 1061 962 1097 agnovi

177 1115 269 1136 verum
286 1115 346 1135 esse
357 1107 549 1141 verbum,veni
561 1107 596 1135 ad
611 1111 645 1134 te.
658 1106 755 1134 Omnia
768 1106 867 1134 etenim
879 1106 962 1134 verba

176 1161 237 1189 quae
252 1153 319 1180 mihi
329 1153 498 1185 dicebantur,
513 1157 540 1180 et
557 1160 618 1188 qua:
631 1152 785 1185 audiebam,
801 1159 863 1179 cum
872 1158 962 1179 essem

176 1199 204 1226 in
221 1203 292 1227 terra
311 1206 382 1232 mea,
397 1206 412 1226 a
427 1199 585 1227 doctoribus
602 1198 705 1226 scilicet
723 1197 815 1225 saeculi
831 1201 859 1225 et
873 1197 962 1233 philo-

175 1243 279 1278 sophis,
296 1250 350 1270 non
369 1247 447 1271 erant
459 1250 534 1271 vera.
548 1243 623 1270 Istud
636 1247 678 1270 est
692 1242 782 1270 solum
793 1249 886 1269 verum
903 1248 963 1269 ver—

176 1290 238 1318 bum
254 1288 327 1324 quod
345 1292 388 1316 est
408 1288 436 1315 in
453 1293 488 1316 te.
506 1288 559 1315 Sed
574 1287 699 1315 fortassis
728 1287 906 1322 quaerendum
922 1287 962 1314 vi-

173 1333 292 1368 debitur,
312 1334 451 1369 quomodo
470 1334 545 1361 dicat
563 1333 620 1369 regi
637 1333 732 1368 regina
745 1333 814 1365 haec,
827 1332 891 1368 quia
905 1340 961 1359 non

173 1379 275 1408 credidi
291 1379 334 1407 his
351 1386 413 1413 quae
428 1379 588 1406 dicebantur
600 1379 668 1406 mihi
684 1379 718 1406 de
737 1383 773 1412 te,
791 1385 853 1406 cum
867 1378 961 1414 utique

175 1431 229 1452 non
245 1424 364 1451 vertisset
378 1424 412 1451 ad
427 1423 580 1458 Christum,
590 1423 643 1451 nisi
653 1422 823 1451 credidisset.
837 1422 890 1451 Sed
900 1423 962 1451 vide

174 1470 197 1499 si
210 1476 356 1504 possumus
374 1469 426 1497 hoc
444 1469 523 1497 modo
545 1469 650 1497 solvere
671 1469 745 1504 quod
760 1469 881 1504 ponitur.
897 1468 960 1496 Non

978 861 1001 890 B

173 1516 218 1548 iis,
231 1515 327 1551 inquit,
343 1515 498 1551 credidiqui
510 1515 685 1551 loquebantur
697 1515 801 1542 mihi“.
814 1514 874 1542 Non
885 1515 958 1542 enim
973 1528 994 1559 ο

174 1562 254 1589 tidem
266 1569 355 1590 meam
375 1562 402 1589 in
421 1562 483 1590 illos
499 1562 545 1597 qui
561 1561 644 1589 locuti
658 1565 722 1589 sunt
737 1561 771 1588 de
785 1565 821 1593 te,
833 1561 881 1589 sed
895 1561 922 1589 in
935 1564 961 1589 te

174 1607 272 1640 direxi,
288 1607 315 1635 id
330 1611 373 1635 est
387 1615 441 1635 non
457 1607 625 1639 hominibus,
649 1606 697 1634 sed
712 1606 760 1634 tibi
779 1606 880 1634 credidi
893 1606 960 1635 Deo.

175 1651 207 1679 Et
225 1659 272 1688 per
284 1652 346 1680 illos
359 1651 469 1687 quidem
480 1651 582 1684 audivi,
598 1651 631 1679 ad
645 1655 671 1679 te
682 1654 773 1679 autem
783 1652 857 1685 veni,
872 1656 899 1680 et
912 1652 961 1680 tibi

174 1697 287 1730 credidi,
302 1697 374 1733 apud
388 1704 468 1732 quem
482 1696 568 1724 multo
580 1697 658 1732 plura
670 1696 797 1724 viderunt
809 1697 882 1724 oculi
895 1697 960 1730 mei,

175 1750 257 1778 quam
273 1742 506 1770 annuntiabantur
517 1742 595 1769 mihi.
613 1742 717 1770 Revera
735 1743 808 1771 enim
821 1750 882 1770 cum
899 1750 962 1777 per-

174 1789 279 1817 venerit
297 1789 375 1824 nigra
395 1788 453 1816 haec
468 1793 495 1816 et
509 1788 628 1816 formosa
642 1788 670 1816 in
685 1787 855 1816 Hierusalem
878 1789 962 1817 coele-

174 1838 255 1866 stem,
267 1838 294 1861 et
307 1833 429 1868 ingressa
443 1832 526 1860 fuerit
537 1831 669 1859 visionem
681 1832 767 1867 pacis,
782 1832 869 1859 multo
883 1832 962 1867 plura

174 1883 202 1906 et
222 1876 456 1912 magniﬁcentiora
479 1883 560 1911 quam
577 1883 650 1903 nunc
666 1876 691 1903 ei
708 1879 772 1903 sunt
788 1876 961 1909 annuntiata,

173 1922 329 1958 perSpiciet.
344 1920 422 1949 Nunc
436 1922 509 1949 enim
529 1925 659 1956 tanquam
676 1921 704 1948 in
719 1921 831 1956 speculo
848 1925 874 1948 et
891 1920 961 1948 teni-

173 1972 273 2003 gmate,
290 1972 356 1994 tunc
370 1971 459 1994 autem
477 1965 579 1993 videbit
597 1965 666 1994 facie
684 1965 718 1993 ad
739 1965 835 1994 faciem
847 1966 881 1999 ",
898 1973 962 1993 cum

173 2020 356 2049 consequetur
368 2020 399 2041 ea
415 2021 476 2048 quae
488 2012 583 2041 oculus
595 2020 650 2041 non
663 2012 741 2046 vidit,
761 2019 811 2040 nec
826 2012 900 2040 auris
910 2019 962 2039 au-

173 2059 251 2092 divit,
267 2066 317 2086 nec
331 2059 358 2086 in
377 2065 425 2086 cor
440 2058 559 2085 hominis
577 2057 769 2085 ascenderunt.
787 2056 818 2083 Et
836 2062 902 2084 tunc
922 2057 963 2084 vi-

176 2104 260 2137 debit,
278 2104 341 2138 quia
353 2110 404 2131 nec
418 2102 550 2130 medietas
565 2109 661 2130 eorum
672 2106 724 2134 est,
736 2109 797 2136 quae
813 2101 917 2129 audivit
934 2102 962 2129 in

174 2151 224 2177 hac
237 2156 287 2178 sua
302 2153 374 2177 terra
389 2149 486 2185 posita.
506 2148 595 2175 Beatae
611 2154 676 2183 ergo
690 2152 754 2174 sunt
764 2147 894 2175 mulieres
913 2147 962 2175 Sa-

1014 240 1070 267 bio.
1084 240 1211 268 Christus
1223 240 1297 267 enim
1309 243 1352 268 est
1364 246 1416 274 pax
1431 243 1537 271 nostra,
1550 239 1597 274 qui
1613 239 1678 266 fecit
1690 244 1808 275 utraque

1015 293 1112 318 unum,
1124 290 1151 313 et
1165 286 1284 314 medium
1295 286 1426 321 parietem
1439 285 1512 321 scpis
1525 286 1617 314 solvit.
1630 284 1661 312 Et
1672 290 1735 320 post
1749 285 1807 313 lucc

1012 331 1115 364 omnia,
1125 331 1209 365 dedit,
1223 331 1321 367 inquit,
1336 335 1440 358 centum
1452 331 1545 366 uiginti
1559 330 1659 358 talenta
1674 331 1736 358 auri
1751 332 1808 366 regi

1013 376 1153 404 Salomoni
1165 377 1189 393 “
1205 377 1301 412 regina
1319 376 1402 404 Saba.
1419 375 1555 404 Numerus
1574 376 1619 404 hic
1637 384 1690 404 cx—x
1709 384 1809 404 consc-

1012 428 1106 451 cratus
1120 427 1162 451 est
1175 423 1238 451 vitae
1254 422 1396 451 hominum
1409 429 1506 450 eorum
1518 422 1565 458 qui
1579 422 1690 451 fuerunt
1704 422 1732 450 in
1746 423 1807 451 die-

1011 469 1064 497 bus
1079 468 1248 505 “Noe”,
1273 469 1373 504 quibus
1395 469 1467 498 istud
1496 468 1654 497 conceditur
1684 468 1807 504 spatium

1013 515 1075 543 vitae
1093 536 1100 549 ,
1126 522 1182 550 quo
1211 515 1362 543 invitantur
1385 514 1418 542 ad
1443 515 1643 550 paenitentiam.
1667 514 1730 550 Ipse
1756 523 1810 542 au—

1013 564 1067 588 tem
1093 568 1226 588 numerus
1246 567 1380 588 annorum
1403 565 1431 588 et
1443 560 1530 596 Moysi
1547 560 1610 588 vita:
1633 559 1694 588 fuit.
1720 559 1809 588 Oll‘ert

1013 614 1079 642 ergo
1108 606 1219 634 Christo
1247 605 1367 633 Ecclesia
1391 605 1419 633 in
1442 605 1501 633 auri
1525 605 1614 641 specie
1637 610 1664 633 et
1684 605 1810 641 ponch

1013 660 1069 680 non
1094 652 1181 680 solum
1204 651 1404 679 multitudinem
1424 658 1555 679 sensuum
1574 658 1686 679 suorum
1705 655 1733 679 et
1758 651 1806 678 in-

1013 697 1180 730 tellectuum,
1197 697 1245 724 sed
1265 697 1316 732 legi
1329 695 1375 724 Dei
1393 700 1568 724 consecratos
1584 696 1687 724 indicat
1704 704 1808 724 sensus

1014 750 1080 770 suos
1094 749 1142 777 per
1156 742 1228 770 hunc
1248 742 1295 777 qui
1312 741 1396 777 Moysi
1422 749 1510 769 annos
1524 741 1587 769 vitae
1610 742 1732 770 continet
1751 749 1809 770 nu-

1014 796 1131 816 merum.
1161 787 1246 816 Oll‘crt
1270 787 1352 816 etiam
1377 788 1526 816 suavitates
1548 788 1808 821 odoramentorum,

1016 834 1111 869 quales
1124 839 1152 862 et
1165 838 1274 870 quantm
1288 841 1428 869 nunquam
1443 838 1584 863 venerant.
1599 833 1648 862 Vel
1665 834 1808 861 orationes

1013 880 1042 908 in
1056 880 1119 914 hoc,
1134 880 1177 908 vel
1194 887 1275 916 opera
1290 880 1485 908 misericordiae
1508 879 1637 914 intellige.
1655 878 1804 915 Nunquam

1013 926 1085 954 enim
1102 926 1144 954 vel
1160 930 1214 954 tam
1229 930 1302 954 recte
1317 930 1453 959 oraverat,
1472 929 1502 953 ut
1516 932 1590 953 nunc
1604 932 1666 952 cum
1685 925 1807 953 accessit

1013 972 1047 999 ad
1065 971 1215 1005 Christum,
1236 971 1278 999 vel
1295 975 1351 999 tam
1373 971 1417 1006 pie
1433 975 1543 1006 operata
1568 970 1666 1004 fuerat,
1691 976 1722 999 ut
1740 979 1805 999 cum

1014 1016 1143 1052 cognovit
1154 1016 1289 1052 justitiam
1301 1023 1380 1045 suam
1394 1023 1449 1043 non
1464 1015 1554 1044 facere
1573 1023 1665 1044 coram
1681 1017 1807 1045 homini-

1014 1061 1078 1094 bus,
1100 1061 1148 1088 sed
1167 1067 1260 1088 coram
1279 1060 1359 1089 Patre
1374 1060 1421 1095 qui
1440 1060 1514 1088 videt
1533 1061 1561 1088 in
1580 1061 1756 1094 abscondito,
1779 1067 1808 1090 et

1013 1107 1108 1134 reddet
1123 1106 1212 1141 palam
1227 1106 1260 1133 °‘.
1284 1106 1338 1134 Sed
1358 1107 1474 1134 multum
1498 1111 1540 1135 est
1560 1107 1656 1136 alienis
1681 1108 1708 1135 in
1735 1108 1807 1137 locis

1012 1152 1094 1180 simul
1107 1152 1234 1179 universa
1249 1152 1374 1187 persequi
1391 1153 1458 1184 haec,
1470 1159 1531 1188 quae
1547 1153 1696 1181 testimonii
1712 1154 1802 1189 gratia

1011 1197 1138 1225 videntur
1156 1202 1307 1232 assumpta.
1336 1196 1475 1226 Suiliciant
1498 1198 1550 1226 ista
1572 1198 1607 1226 de
1630 1199 1711 1227 tertio
1733 1199 1805 1227 libro

1013 1243 1181 1278 Regnorum.

1049 1287 1198 1316 Videamus
1223 1288 1316 1323 aliqua
1338 1296 1373 1315 ex
1398 1288 1440 1316 his
1454 1297 1514 1324 quae
1537 1289 1571 1317 de
1594 1297 1668 1317 uvu
1695 1290 1805 1325 psalmo

1010 1334 1185 1369 protulimus,
1196 1333 1242 1361 ubi
1264 1334 1317 1361 ait:
1329 1333 1470 1369 xEtItiopia
1483 1335 1622 1369 prteveniet
1635 1343 1731 1363 manus
1747 1336 1805 1370 ejus

1014 1379 1068 1407 Deo
1087 1380 1120 1408 ⁸⁷.
1154 1379 1184 1407 Si
1214 1380 1287 1407 enim
1321 1379 1454 1408 intuearis
1478 1381 1617 1416 quomodo
1644 1388 1677 1409 ex
1703 1381 1805 1410 delicto

1010 1422 1092 1452 Israel
1114 1424 1150 1453 sit
1174 1425 1249 1452 salus
1272 1424 1410 1460 gentibus,
1431 1429 1458 1452 et
1478 1426 1550 1461 quod
1576 1425 1685 1453 illorum
1709 1426 1805 1462 lapsus

1010 1470 1167 1499 introeundi
1194 1469 1267 1498 viam
1296 1470 1454 1498 nationibus
1476 1471 1566 1504 dedit,
1584 1472 1709 1500 advertas
1731 1480 1803 1508 quo-

1010 1517 1092 1544 modo
1116 1516 1246 1551 praevenit
1261 1520 1288 1544 et
1310 1516 1439 1551 praecedit
1451 1515 1598 1551 (Ethiopim
1616 1524 1734 1551 manus,
1754 1518 1805 1546 hoc

1011 1568 1053 1591 est
1065 1563 1186 1598 gentium
1206 1562 1335 1598 populus,
1351 1562 1413 1590 illos
1431 1562 1464 1589 ad
1479 1561 1576 1596 Deum,
1591 1562 1691 1598 quibus
1704 1563 1803 1598 primis

1010 1609 1074 1637 data
1089 1612 1154 1637 sunt
1170 1608 1278 1643 eloquia
1294 1608 1353 1640 Dei,
1373 1612 1400 1636 et
1422 1607 1449 1635 in
1462 1607 1515 1636 hoc
1528 1608 1658 1643 compleri
1671 1608 1803 1636 εΑΞεΙιίοο

1010 1655 1055 1690 pia
1069 1654 1208 1689 prmeniet
1225 1662 1320 1681 manu:
1332 1654 1388 1688 ejus
1403 1653 1476 1686 Dea;
1499 1658 1526 1681 ct
1541 1654 1570 1681 Iit
1582 1654 1658 1690 nigra
1675 1655 1726 1682 ista
1744 1655 1805 1683 for-

1012 1706 1100 1731 mosa,
1120 1698 1228 1726 etiamsi
1252 1699 1369 1732 nolunt,
1392 1699 1501 1727 etiamsi
1525 1700 1645 1728 invident
1662 1704 1690 1728 et
1712 1701 1808 1729 obtre-

1012 1748 1087 1771 ctant
1108 1743 1170 1771 ﬁliae
1184 1743 1364 1772 Hierusalem.
1390 1744 1442 1772 Sed
1469 1749 1496 1773 et
1511 1746 1650 1780 prophetat
1674 1747 1798 1775 testimo-

1011 1789 1088 1817 nium
1103 1790 1175 1825 quod
1196 1791 1357 1825 posuimus,
1375 1790 1422 1817 ubi
1438 1792 1558 1826 suscepit
1572 1791 1705 1820 Dominus
1719 1793 1803 1821 etiam

1011 1843 1059 1864 eos
1072 1835 1119 1870 qui
1141 1836 1255 1864 veniunt
1275 1836 1309 1864 de
1333 1836 1402 1864 locis
1416 1845 1477 1872 qure
1501 1842 1565 1865 sunt
1592 1837 1662 1865 ultra
1688 1838 1805 1867 flumina

1012 1880 1176 1917 Ethiopum
1189 1881 1222 1914 °‘,
1237 1886 1265 1910 et
1283 1881 1400 1910 aﬂ‘erunt
1417 1882 1522 1910 hostias
1535 1881 1602 1916 Deo,
1620 1882 1702 1911 simili
1719 1891 1803 1912 sensu

1013 1927 1209 1955 advertendum
1224 1931 1300 1962 puta.
1319 1926 1433 1954 Videtur
1447 1926 1520 1954 enim
1538 1926 1605 1954 mihi
1616 1947 1623 1960 ,
1640 1927 1714 1962 quod
1730 1928 1803 1955 ultra

1012 1972 1123 2000 ﬂumina
1140 1972 1286 2007 [Ethiopian
1301 1979 1363 2001 esse
1387 1972 1489 2000 dicitur
1512 1972 1575 2004 ille,
1595 1973 1642 2007 qui
1668 1972 1763 2001 nimiis
1776 1979 1805 2001 et

1012 2017 1298 2053 superabundantibus
1321 2017 1441 2053 peccatis
1462 2017 1617 2046 infuscatus
1637 2022 1688 2051 est,
1702 2024 1729 2047 et
1742 2025 1804 2048 atro

1013 2063 1124 2091 malitia:
1140 2062 1205 2091 fuco
1218 2062 1334 2091 infectus
1348 2063 1425 2102 niger
1438 2067 1465 2090 et
1478 2063 1665 2091 tenebricosus
1677 2069 1721 2091 est
1739 2066 1804 2092 red-

1013 2108 1104 2142 ditus;
1124 2111 1152 2135 et
1175 2112 1265 2135 tamen
1287 2115 1323 2135 ne
1335 2107 1385 2135 hos
1402 2107 1512 2142 quidem
1537 2108 1642 2142 repellit
1657 2107 1802 2141 Dominus,

1014 2152 1061 2181 sed
1083 2160 1179 2181 omnes
1197 2153 1244 2187 qui
1271 2151 1403 2180 sacriﬁcia
1436 2152 1610 2180 contribulati
1637 2153 1749 2188 spiritus
1775 2158 1804 2180 et

172 2194 300 2227 lOmOﬂiS.
318 2196 417 2223 animi“
433 2194 493 2221 Sine
508 2194 592 2221 dubio
608 2200 669 2227 quie
687 2191 766 2220 verbi
780 2192 828 2220 Dei
843 2197 871 2220 ει
883 2194 960 2229 pacis
975 2200 999 2227 D
1012 2197 1148 2226 humiliati
1166 2197 1258 2226 cordis
1278 2197 1396 2225 oll'erunt
1409 2196 1475 2231 Deo,
1492 2197 1674 2228 confessionis
1695 2199 1801 2226 scilicet

171 2240 233 2274 ejus
251 2240 397 2275 participes
412 2239 491 2266 liunt.
510 2238 586 2265 Beati
600 2237 678 2273 pueri
691 2238 751 2273 ejus
766 2239 812 2273 qui
827 2239 961 2268 assistunt

171 2285 199 2313 in
212 2290 358 2321 conspectu
375 2284 434 2319 ejus
445 2291 563 2318 semper.
577 2282 635 2310 Non
647 2283 685 2310 illi
697 2283 743 2318 qui
756 2284 903 2319 aliquando
915 2293 961 2313 as-

171 2329 282 2362 sistunt,
304 2334 331 2356 et
345 2328 494 2363 aliquando
510 2335 563 2355 non
585 2327 729 2360 assistunt,
753 2328 800 2356 sed
821 2329 867 2364 qni
888 2337 961 2357 sem-

170 2382 230 2410 per,
247 2378 274 2402 et
289 2374 348 2401 sine
362 2373 565 2401 intermissione
581 2373 714 2400 assistunt
725 2372 814 2401 Verbo
828 2373 885 2407 Dei,
897 2382 961 2403 vere

170 2422 241 2450 beati
254 2425 328 2449 sunt.
340 2419 414 2447 Talis
428 2423 486 2446 erat
496 2424 522 2447 et
533 2419 577 2447 illa
588 2418 674 2447 Maria
687 2428 747 2455 quae
758 2421 870 2449 sedebat
881 2429 960 2450 secus

172 2467 253 2503 pedes
268 2465 344 2494 Jesu.
367 2470 395 2493 et
416 2464 546 2492 audiebat
563 2473 636 2498 eum,
656 2466 700 2494 cui
720 2471 747 2494 et
773 2467 961 2495 testimonium

171 2512 287 2541 reddidit
304 2511 362 2546 ipse
374 2510 519 2542 Dominus,
539 2510 632 2541 dicens
648 2511 680 2538 ad
701 2511 834 2540 Martliam
850 2521 857 2540 :
871 2512 960 2540 Maria

155 2549 296 2603 :optimam
312 2563 414 2592 partem
430 2556 517 2591 elegit,
531 2564 589 2591 qum
606 2565 660 2584 non
677 2558 815 2592 auferetur
836 2558 869 2585 ub
882 2566 913 2585 ea
925 2558 957 2586 “.

169 2605 265 2632 Adhuc
276 2603 353 2638 nigra
367 2602 425 2629 haec
437 2606 463 2628 et
472 2601 590 2629 formosa
598 2602 665 2630 dicit
674 2611 680 2629 :
689 2601 848 2630 Benedictus
855 2603 900 2637 qui
910 2611 957 2630 vo-

171 2651 220 2677 luit
228 2650 291 2677 dare
299 2654 323 2676 te
330 2655 408 2683 super
417 2648 503 2675 sedem
515 2646 603 2674 Israel
615 2648 647 2675 ⁸³.
661 2647 730 2676 Vere
739 2649 812 2676 enim
820 2649 884 2684 quia
892 2648 959 2676 dile-

171 2696 207 2724 xit
217 2695 347 2723 Dominus
353 2694 448 2727 Israel,
458 2698 486 2721 et
496 2693 581 2720 voluit
590 2697 711 2721 utstaret
719 2694 747 2721 in
756 2698 902 2729 azternum,
911 2701 958 2729 po-

208 2771 317 2800 ".loan.
335 2779 372 2805 tv,
391 2769 435 2799 54.
474 2771 498 2787 ³³
515 2769 574 2798 Gal.
589 2778 631 2804 III,
645 2770 692 2798 27.
730 2770 752 2787 ⁸⁸
769 2769 801 2798 III
818 2770 885 2807 Reg.
904 2779 932 2802 ι,
947 2771 959 2798 6

208 2809 238 2835 IIl
254 2809 318 2835 lien.
335 2815 363 2835 ι.
381 2807 408 2834 9.
462 2806 485 2824 “
503 2806 566 2834 ibid.
586 2806 629 2833 10.
688 2805 711 2822 ⁸⁸
722 2805 790 2834 Gen.
803 2813 841 2835 Vt.
897 2807 918 2823 "
929 2805 959 2834 M:

1040 2771 1051 2786 °
1066 2771 1132 2799 ibid.

1050 2814 1087 2835 Vl.
1102 2806 1140 2834 18

886 2842 892 2844 <
929 2826 1035 2844 ...ι-..μη
1054 2826 1087 2841 τι,
1111 2826 1151 2834 η.

171 2809 193 2824 σι
207 2809 238 2835 Ill
254 2809 318 2843 lleg.
335 2815 363 2840 ι,
380 2807 408 2843 9.
462 2806 485 2824 οι
503 2806 566 2834 ibid.
586 2806 629 2833 ιο.

688 2805 711 2822 ⁸⁸
722 2805 790 2834 Gen.
803 2813 841 2835 vr.

172 2845 193 2859 "
203 2843 281 2871 Joan.
293 2837 336 2875 "vz,
357 2837 404 2870 Ἥ.
677 2837 687 2843 “

1010 2250 1043 2271 ac
1057 2243 1222 2278 poenitentiae
1242 2242 1321 2270 titulo
1341 2242 1375 2269 ad
1392 2250 1454 2270 eum
1469 2242 1611 2275 conversi,
1634 2250 1688 2270 non
1713 2244 1801 2279 repel-

1010 2289 1103 2317 luntur
1119 2288 1154 2316 ab
1167 2296 1211 2316 eo.
1230 2288 1274 2315 Sic
1291 2288 1363 2316 enim
1381 2288 1510 2323 paciﬁcus
1525 2288 1590 2316 dicit
1601 2287 1734 2317 Dominus
1749 2296 1803 2317 no-

1009 2339 1066 2363 ster
1080 2343 1087 2362 :
1103 2334 1157 2369 Ego
1181 2334 1326 2361 venientem
1348 2333 1384 2360 ad
1406 2341 1447 2360 me
1469 2341 1521 2360 non
1541 2333 1637 2368 repello
1650 2333 1682 2360 ε’.
1706 2333 1801 2362 Potest

1009 2385 1101 2407 autem
1117 2383 1144 2407 et
1158 2379 1192 2406 de
1207 2379 1261 2406 illis
1274 2379 1377 2406 dictum
1390 2377 1487 2410 videri.
1503 2379 1576 2413 quod
1597 2378 1667 2406 ultra
1683 2378 1798 2408 flumina

1010 2423 1170 2459 Ethiopum
1190 2424 1271 2459 positi
1295 2423 1404 2452 venient
1421 2424 1506 2451 etiam
1528 2424 1580 2459 ipsi
1598 2423 1632 2451 ad
1646 2424 1731 2452 Deum
1747 2426 1799 2452 ho-

1009 2469 1078 2497 stias
1098 2467 1263 2503 deterentes,
1285 2468 1332 2503 qui
1346 2473 1524 2504 posteaquam
1547 2469 1690 2497 intraverit
1709 2471 1800 2498 omnis

1008 2514 1147 2550 plenitudo
1159 2515 1290 2550 gentium,
1303 2521 1363 2550 quae
1376 2514 1535 2542 fluminibus
1546 2513 1705 2549 Ethiopum
1723 2523 1800 2543 com«

1009 2563 1133 2593 paratur,
1153 2559 1262 2586 venient
1285 2558 1366 2586 etiam
1390 2558 1451 2593 ipsi,
1475 2563 1502 2586 et
1523 2563 1588 2586 tunc
1610 2559 1702 2587 omnis
1718 2559 1801 2587 Israi-l

1011 2603 1176 2635 salvabitur;
1199 2609 1226 2632 et
1246 2612 1297 2639 pro
1312 2611 1346 2632 eo
1365 2603 1435 2632 ultra
1454 2604 1566 2632 ﬂumina
1576 2603 1737 2640 Ethiopum
1756 2606 1800 2633 di-

1010 2652 1118 2683 cantur,
1135 2649 1214 2684 quasi
1235 2649 1283 2684 qui
1301 2648 1445 2677 ulteriores
1461 2653 1488 2676 et
1500 2650 1664 2684 posteriores
1685 2650 1742 2677 sint
1756 2650 1802 2678 his

1010 2694 1117 2730 spatiis,
1133 2695 1161 2722 in
1177 2694 1277 2730 quibus
1293 2694 1380 2723 currit
1401 2698 1428 2722 et
1443 2693 1592 2722 inundatur
1610 2695 1733 2730 gentium
1752 2703 1802 2723 sa-

1028 2771 1051 2787 “
1066 2771 1132 2799 ibid.
1147 2772 1174 2799 7.
1191 2772 1217 2788 ⁴¹
1234 2770 1322 2806 17Cor.
1338 2779 1400 2804 xm,
1416 2771 1465 2805 ης
1480 2779 1512 2804 It,
1528 2770 1555 2799 9.
1591 2771 1615 2806 ε’
1630 2770 1698 2798 Luc.
1714 2773 1803 2806 ubi.

1207 2807 1229 2823 "
1243 2805 1423 2843 Psal._uvn,
1444 2806 1496 2848 βι.
1552 2806 1574 2823 ⁸⁸
1587 2805 1672 2842 Soph.
1689 2814 1734 2842 ut,
1755 2808 1802 2839 i0.
