1892 3050
84 137 129 165 I09

84 195 130 222 las.
148 194 179 222 Et
199 194 235 222 ita
257 193 327 222 forte
344 193 472 229 coniplcri
490 193 596 222 videtur
613 194 666 223 hoc
685 195 760 231 quod
780 195 856 228 dicit,
871 197 896 226 Α

83 242 141 277 quia
163 241 187 267 in
207 241 250 268 die
273 241 322 268 illa
342 249 393 267 non
409 241 579 275 confunderis
605 241 695 269 omnis
722 241 802 270 Israel
826 249 859 270 ea:

83 287 194 315 omnibus
210 287 438 314 adinoemiouibus
458 288 523 320 tuis,
536 287 630 322 quibus
643 288 725 322 impia
739 288 817 324 egisti
831 289 859 316 in

86 336 161 359 me".

115 377 238 412 Superest
253 383 284 406 ut
304 378 370 406 illud
390 378 591 410 testimonium.
605 378 679 414 quod
695 379 729 407 de
740 379 859 408 Ieremia

85 425 287 458 assumpsimus,
311 424 474 459 explicetur,
503 425 550 452 ubi
565 424 861 453 Abdimclcch'uihilo-

85 469 166 496 minus
177 468 304 504 Ethiops
329 470 371 497 vir
387 469 543 503 eunuchus.
563 478 626 498 cum
651 471 773 499 audisset
795 472 859 507 quia

85 514 205 542 leremias
218 515 246 542 in
260 515 349 543 lacum
366 516 467 544 missus
480 521 523 544 est
541 524 557 544 a
574 516 741 552 principibus
756 519 859 553 populi,

83 560 164 589 educit
185 568 246 589 eum
273 561 336 589 inde
347 561 381 589 ".
399 561 432 589 Et
447 566 514 597 puto
531 563 725 591 inconveniens
743 570 798 591 non
817 564 859 591 vi-

83 606 135 634 deri
153 606 176 633 si
192 606 327 639 dicamus,
349 615 429 642 quem
443 606 581 642 principes
598 607 681 637 Israel
695 608 861 637 condemna-

85 656 180 684 rerunt,
189 656 216 680 et
229 652 257 680 in
270 652 361 680 lacum
373 653 470 681 mortis
486 653 628 686 miserunt,
642 653 694 681 iste
709 653 860 690 alienigena

83 703 108 726 et
120 699 238 727 obscura
251 699 341 735 gentis
353 699 436 726 homo
451 703 479 727 et
492 700 645 735 degeneris.
663 700 690 728 id
711 704 753 728 est
774 708 860 736 popa.

84 743 123 772 ius
141 744 275 779 gentium,
298 744 391 773 educit
413 751 475 772 eum
491 745 525 773 de
538 745 599 773 lacu
613 745 721 778 mortis,
737 753 860 773 resurre-

83 790 190 817 ctionem
205 790 310 818 scilicet
324 791 384 826 ejus
400 798 416 818 a
431 791 548 819 mortuis
560 790 685 824 credens,
699 795 727 818 et
745 791 797 819 [ide
811 798 861 819 sua

85 835 150 863 hunc
163 843 241 870 quem
260 836 300 864 illi
317 836 345 864 in
363 841 477 865 mortem
505 837 687 871 tradiderant,
702 836 753 865 iste
766 837 800 865 de
819 837 861 864 in-

83 880 158 908 fernis
171 869 295 909 irevocat
325 889 359 910 ac
383 882 500 912 reducit.
531 881 584 910 Sed
609 887 637 910 et
657 869 798 910 eunuchus
815 883 859 910 hic
875 869 896 897 Β

83 926 200 962 Λίιὴὶορε
220 935 284 955 esse
302 927 412 961 dicitur,
435 927 519 956 credo
544 928 617 963 quod
632 928 794 957 castraverit
816 936 859 957 se-

84 972 217 1008 metipsum
242 977 356 1008 propter
379 980 492 1009 regnum
519 973 583 1007 Dei,
615 974 658 1002 vel
682 974 766 1002 etiam
787 974 859 1010 quod

83 1025 165 1045 semen
191 1018 306 1047 malitiae
325 1018 353 1046 iu
370 1019 518 1055 semetipso
544 1027 600 1047 non
623 1019 731 1047 habeat.
759 1019 860 1048 Servus

83 1071 182 1098 quoque
192 1069 235 1092 est
249 1065 335 1100 regis,
351 1065 414 1100 quia
426 1072 522 1094 servus
535 1065 644 1101 sapiens
658 1065 775 1101 imperat
791 1065 860 1093 stul-

84 1109 114 1136 tis
128 1109 251 1138 dominis.
272 1110 467 1146 Interpretatur
480 1115 571 1139 autem
581 1111 756 1139 Abdimelech
771 1118 860 1139 servus

85 1163 172 1191 regunt.
188 1156 222 1184 Et
236 1156 300 1185 ideo
310 1156 442 1185 Dominus
461 1157 618 1193 relinquens
632 1157 761 1193 populum
778 1157 860 1186 Israel

84 1207 127 1234 pro
147 1202 263 1236 peccatis
287 1201 358 1235 suis,
385 1202 420 1230 ad
430 1201 587 1238 Ethiopem
612 1202 692 1230 verba
716 1202 818 1239 dirigit,
834 1208 862 1231 et

85 1246 114 1274 ad
129 1246 213 1281 ipsum
238 1247 325 1275 mittit
340 1248 497 1283 prophetam
514 1252 539 1276 et
559 1248 612 1283 ipsi
629 1248 714 1276 dicit:
734 1248 801 1276 Ecce
814 1257 861 1285 ego

84 1291 176 1319 adduco
198 1292 277 1320 verba
299 1301 357 1320 mea
381 1301 460 1329 super
479 1294 614 1321 civitatem
639 1295 719 1322 istam
743 1296 770 1323 in
787 1296 862 1324 mala

82 1341 105 1363 et
120 1345 167 1364 non
182 1338 209 1365 in
227 1337 319 1370 bona;
335 1342 361 1365 et
373 1338 480 1366 calcabo
500 1343 526 1366 te
543 1339 570 1366 in
586 1340 629 1366 die
646 1339 706 1373 illa,
723 1345 749 1367 et
764 1348 817 1368 non
837 1345 861 1369 te

83 1381 144 1409 dabo
157 1383 182 1410 in
197 1391 293 1410 manus
309 1383 460 1418 hominum,
476 1385 522 1412 sed
541 1384 648 1412 saltans
666 1385 774 1413 saltabo
791 1391 816 1414 te
826 1388 859 1413 ".

83 1426 177 1456 Salutis
200 1433 293 1457 autem
312 1437 396 1458 causa
409 1430 468 1458 btet:
483 1434 526 1459 est
547 1431 582 1465 ei,
597 1431 661 1466 quia
679 1432 775 1460 eduxit
798 1440 861 1468 pro-

82 1473 180 1507 phetam
193 1475 226 1502 de
239 1475 315 1508 lacu,
331 1475 357 1502 id
367 1480 421 1508 est,
437 1475 510 1511 quod
524 1475 577 1504 ﬁde
590 1484 640 1504 sua
656 1485 709 1512 qua
720 1477 861 1506 Christum

80 1521 256 1549 resurrexisse
268 1521 387 1549 credita
399 1523 525 1555 mortuis,
538 1523 665 1551 eduxisse
677 1530 740 1551 enm
754 1531 786 1551 ex
798 1523 858 1552 lacu
872 1533 894 1563 α

82 1565 189 1593 videtur.
208 1565 300 1594 Habet
315 1573 380 1602 ergo
393 1567 509 1602 plurima
523 1568 679 1596 testimonia
693 1568 771 1596 fusca
791 1568 858 1602 haec,

81 1610 118 1638 vel
125 1611 209 1646 nigra,
225 1616 252 1640 et
265 1612 401 1644 formosa,
416 1613 443 1640 in
453 1613 555 1648 quibus
569 1614 654 1642 libere
666 1619 741 1650 agat,
755 1620 783 1642 et
797 1622 861 1643 cum

82 1656 172 1685 ﬁducia
186 1657 260 1686 dicat
278 1658 314 1686 ad
330 1657 399 1685 tilias
418 1656 601 1692 Hierusalem,
617 1659 682 1694 quia
703 1658 780 1687 fusca
800 1666 862 1688 sum

81 1703 193 1738 quidem,
208 1704 250 1732 vel
264 1705 344 1740 nigra
357 1704 428 1732 sicut
439 1704 614 1732 tabernacula
627 1704 726 1737 Cedar,
740 1704 861 1733 formosa

81 1752 162 1776 autem
176 1749 340 1784 sicutpelles
348 1749 514 1777 Salomonis.
529 1749 568 1777 De
581 1749 697 1785 pellibus
706 1750 862 1778 Salomonis

82 1793 202 1830 scriptum
219 1795 326 1830 aliquid
343 1795 451 1831 proprie
464 1801 519 1823 non
531 1795 654 1823 memini.
677 1794 746 1823 Puto
770 1800 861 1823 autem

83 1839 168 1868 referri
177 1849 257 1876 posse
271 1841 307 1870 ad
320 1841 432 1877 gloriam
446 1841 515 1876 eius,
528 1840 562 1870 de
575 1849 629 1877 qua
638 1841 704 1870 dicit
719 1842 862 1870 Salvator:

83 1885 146 1918 Quia
170 1895 216 1914 nec
233 1886 362 1916 Salomon
389 1888 416 1914 in
437 1888 508 1914 oraui
531 1887 617 1923 gloria
633 1896 682 1915 sua
702 1893 808 1922 opertus
822 1893 861 1915 est

81 1932 142 1959 sicut
160 1940 241 1960 unum
255 1933 353 1960 [norunt
365 1933 399 1960 ⁷³.
412 1932 516 1961 Nomen
534 1937 625 1961 tamen
647 1932 735 1968 ipsum
751 1933 862 1969 pellium

82 1976 106 2003 in
123 1978 297 2006 tabernaculo
312 1978 461 2006 testimonii
479 1978 633 2006 invenimus
648 1978 804 2014 frequenter
819 1986 862 2006 re-

82 2021 150 2055 ferri,
165 2024 238 2052 sicut
252 2031 320 2052 cum
332 2024 399 2052 dicit
411 2033 418 2051 :
432 2023 466 2051 Et
479 2024 561 2059 [acies
578 2023 658 2058 pelles
673 2031 705 2050 ex
720 2032 862 2059 caprorum

81 2069 136 2102 pilis
163 2071 359 2105 operimentum
381 2078 460 2105 super
482 2070 682 2097 tabernaculum
705 2070 861 2103 testimonii,

81 2116 194 2143 undecim
205 2117 289 2151 pelles
303 2117 396 2152 facies,
415 2115 551 2151 longitudo
561 2116 638 2151 pellis
652 2117 732 2143 unius
751 2117 863 2152 triginta

81 2160 241 2194 cubitorum,
274 2160 391 2188 latitudo
428 2165 543 2196 quatuor
567 2160 727 2188 cubitorum.
761 2160 863 2188 Eadem

730 135 830 164 LIBER
852 135 1045 165 SECUNDUS.

1648 141 1698 169 IIO

909 195 1036 223 lateribus
1057 195 1119 222 hinc
1143 199 1169 223 et
1193 197 1253 224 inde
1265 195 1298 224 ⁷⁵.
1322 196 1392 226 Puto
1417 203 1483 234 ergo
1499 199 1573 234 quod
1596 199 1694 229 harant

910 241 1021 277 pellium
1051 242 1154 270 mentio
1176 242 1223 270 tiat
1238 242 1266 270 in
1277 242 1392 271 Cantica
1406 244 1587 279 canticorum,
1600 251 1628 274 et
1639 247 1698 274 ista

910 287 1037 315 dicantur
1047 294 1108 316 esse
1121 287 1287 322 Salomonis,
1303 289 1350 324 qui
1366 289 1500 324 accipitur
1513 290 1540 318 in
1554 291 1697 325 paciﬁcum

911 331 965 368 50
978 332 1128 361 Christum.
1152 333 1242 369 Ipsius
1255 338 1321 369 ergo
1333 338 1378 362 est
1391 334 1608 370 tabernaculum,
1624 340 1652 364 et
1664 343 1697 364 ea

911 385 972 413 qua:
995 378 1028 406 ad
1051 378 1257 407 tabernaculum
1282 380 1440 415 pertinent;
1462 385 1493 409 et
1514 381 1650 417 ιιι-αἰρυο
1671 382 1696 409 si

912 423 978 450 illud
997 424 1203 452 tabernaculum
1218 424 1435 460 consideremus,
1449 426 1523 461 quod
1539 426 1640 454 dicitur
1657 431 1699 455 ta-

911 468 1090 496 bernaculum
1109 477 1217 502 verum,
1233 470 1307 505 quod
1321 470 1381 499 lixit
1394 471 1468 500 Deus
1481 475 1510 499 et
1527 479 1582 500 non
1602 472 1696 504 homo.

909 519 937 543 et
950 514 1023 550 quod
1035 515 1089 542 ait:
1118 513 1181 542 Non
1193 515 1263 542 enim
1273 516 1300 543 in
1312 517 1467 552 manufaota
1479 522 1573 544 saneta
1586 518 1697 545 intrauit

910 559 987 588 Iesus
1005 560 1168 595 exemplaria
1185 569 1305 589 verorum
1317 562 1351 591 "'.
1381 561 1411 590 Si
1431 570 1496 598 ergo
1516 563 1698 598 pulchritudi-

910 613 972 633 nem
996 613 1076 633 snam
1100 612 1200 641 sponsa
1225 607 1343 642 pellibus
1366 613 1506 644 comparat
1529 608 1696 642 Salomonis.

910 651 1017 679 illarum
1039 651 1098 680 sine
1112 651 1195 679 dubio
1218 652 1329 687 pellium
1349 653 1462 689 gloriam
1478 659 1505 682 et
1518 654 1698 690 pulchritudi-

910 703 972 725 nem
988 697 1069 730 dicit,
1085 704 1146 731 quae
1161 697 1288 731 operiunt
1311 698 1377 726 illud
1401 699 1607 727 tabernaculum
1622 699 1696 735 quod

910 742 968 770 ﬁxit
982 741 1054 770 Deus
1068 747 1096 770 et
1109 749 1163 770 non
1178 744 1272 771 homo.
1302 743 1332 771 Si
1347 751 1412 772 vero
1431 745 1599 780 ulgt‘edinem
1613 752 1693 773 suam

910 796 971 823 quae
991 788 1149 823 exprobrari
1177 796 1193 816 a
1216 789 1323 816 ﬁliabus
1347 788 1518 818 Hierusalem
1539 790 1695 823 videbatur,

911 833 1026 868 pellibus
1042 834 1158 861 contulit
1171 833 1337 867 Salomonis,
1349 834 1432 870 hujus
1441 835 1610 863 tabernaculi
1622 837 1695 870 quod

909 879 1048 914 exemplar
1062 879 1119 907 veri
1134 879 1301 908 tabernaculi
1316 884 1440 914 vocatur,
1457 881 1621 916 accipienda
1632 886 1697 909 sunt

910 923 1010 958 pelles;
1030 924 1108 958 quasi
1123 924 1197 959 quod
1213 928 1240 952 et
1262 924 1327 959 ipsa
1345 924 1429 960 nigrm
1448 925 1640 960 sint'quidcm,
1653 930 1699 953 ut-

910 974 973 1005 pote
991 978 1135 1005 caprarum
1159 971 1222 1006 pilis
1249 974 1340 1004 textas,
1356 976 1384 999 et
1405 975 1496 999 tamen
1517 978 1599 999 usum
1615 979 1698 999 orna-

911 1020 1023 1051 tumque
1035 1016 1182 1044 exhibeant
1195 1016 1287 1044 divino
1307 1016 1493 1045 tabernaculo.
1509 1016 1589 1050 Quod
1604 1022 1696 1045 autem

911 1061 1017 1089 videtur
1030 1069 1091 1089 esse
1106 1069 1222 1096 persona
1237 1070 1290 1089 una
1305 1069 1366 1097 quae
1385 1062 1517 1098 loquitur,
1531 1067 1559 1090 et
1571 1063 1698 1098 pluribus

911 1115 942 1135 se
961 1107 1004 1135 vel
1029 1107 1213 1136 tabernaculis
1225 1107 1313 1135 Cedar
1334 1107 1362 1135 in
1378 1107 1534 1143 nigredine,
1557 1108 1598 1136 vel
1619 1108 1698 1136 Salo-

911 1153 1003 1180 monis
1024 1153 1140 1188 pellibus
1162 1152 1347 1187 comparavit,
1372 1151 1410 1179 ita
1432 1152 1619 1188 accipiendum
1642 1157 1697 1186 ast,

911 1199 975 1234 quia
992 1206 1045 1226 una
1067 1199 1175 1234 quidem
1196 1205 1312 1234 persona
1330 1198 1449 1230 videtur,
1463 1197 1591 1226 Ecclesia;
1615 1198 1698 1226 innu-

911 1252 994 1273 mera
1019 1249 1110 1273 tamen
1135 1249 1199 1272 sunt
1220 1252 1282 1280 quat
1302 1250 1350 1279 per
1374 1244 1469 1272 orbem
1493 1248 1572 1272 terra
1591 1244 1698 1272 diil‘usz

911 1296 985 1325 sunt,
1000 1295 1082 1326 atque
1103 1290 1245 1318 immensae
1265 1290 1489 1326 congregationes
1501 1297 1533 1318 ac
1545 1290 1697 1318 multitudi-

912 1345 961 1366 nes
983 1336 1164 1372 populorum;
1189 1336 1262 1364 sicut
1275 1339 1303 1363 et
1325 1343 1439 1371 regnum
1461 1336 1592 1363 caelorum
1612 1343 1697 1364 unum

911 1383 1021 1419 quidem
1036 1383 1147 1415 dicitur,
1157 1381 1210 1409 sed
1225 1381 1318 1408 multa:
1336 1385 1427 1408 tamen
1451 1381 1478 1408 in
1493 1388 1526 1409 eo
1541 1381 1700 1409 mansiones

912 1432 1101 1456 memorantur
1114 1435 1174 1456 esse
1192 1427 1262 1462 apud
1277 1426 1385 1454 Patrem
1396 1427 1430 1453 ⁷⁸.
1457 1426 1551 1455 Potest
1563 1431 1654 1454 autem
1671 1431 1700 1454 et

910 1474 946 1502 de
969 1480 1134 1509 unaquaque
1165 1473 1256 1500 anima
1279 1479 1339 1506 quae
1361 1477 1423 1507 post
1447 1475 1557 1508 peccata
1581 1471 1698 1507 plurima

912 1519 1083 1547 convertitur
1105 1519 1140 1546 ad
1162 1518 1363 1554 paenitentiam,
1387 1517 1453 1551 diei,
1475 1517 1550 1552 quod
1565 1517 1642 1553 nigra
1663 1518 1701 1546 sit

911 1565 1021 1602 quidem
1035 1571 1085 1600 pro
1097 1563 1226 1599 peccatis,
1250 1562 1369 1590 formosa
1387 1567 1497 1598 propter
1512 1563 1698 1598 paenitentiam

911 1616 939 1640 ct
951 1612 1056 1639 {ructus
1067 1610 1243 1646 poenitentiae.
1257 1609 1378 1644 Denique
1393 1613 1421 1637 et
1441 1609 1475 1637 de
1491 1609 1543 1637 hac
1561 1609 1620 1645 ipsa
1639 1617 1701 1645 qua:

911 1666 986 1686 nunc
1009 1657 1076 1685 dicit
1093 1666 1100 1684 τ
1120 1656 1207 1691 Nigra
1226 1663 1285 1683 sum
1300 1659 1325 1682 et
1343 1655 1478 1690 formosa,
1503 1655 1568 1690 quia
1592 1662 1647 1682 non
1671 1655 1700 1682 in

911 1704 992 1732 linem
1011 1703 1039 1731 in
1056 1701 1197 1738 nigredine
1211 1701 1263 1729 ista
1278 1701 1437 1737 permansit,
1454 1705 1516 1736 post
1531 1701 1590 1728 haec
1603 1700 1702 1728 dicunt

912 1750 945 1778 de
954 1756 987 1777 ea
998 1749 1056 1784 ipsa
1071 1747 1133 1775 ﬁliae
1144 1746 1310 1774 Hierusalem
1322 1756 1328 1773 :
1343 1747 1408 1779 Qua
1417 1751 1456 1774 est
1470 1746 1523 1773 ista
1534 1753 1593 1781 quia
1606 1753 1700 1773 ascen-

910 1795 950 1823 dit
967 1794 1092 1822 dealbata
1110 1792 1260 1821 incumbens
1277 1799 1356 1827 super
1370 1793 1518 1827 fraternum
1531 1799 1609 1819 suum
1620 1790 1702 1818 "-"2

946 1841 1024 1869 Vers.
1045 1840 1072 1868 6.
1094 1840 1135 1868 Na
1150 1839 1259 1867 videatis
1281 1847 1332 1872 me.
1349 1839 1474 1874 quoniam
1490 1838 1625 1873 infucata
1640 1845 1701 1865 sunt

909 1895 968 1922 ego,
981 1887 1045 1922 quia
1056 1886 1176 1921 despexit
1189 1893 1230 1912 me
1240 1884 1291 1911 sol.
1314 1884 1451 1912 Infuscata
1471 1885 1529 1913 sive
1547 1884 1700 1920 denigrata,

912 1932 934 1960 si
949 1936 1135 1967 competenter
1149 1932 1228 1959 nobis
1240 1931 1345 1958 videtur
1358 1934 1450 1966 aptata
1462 1929 1598 1965 expositio
1615 1937 1699 1965 quam

912 1979 940 2006 in
957 1978 1145 2014 superioribus
1171 1979 1213 2006 vel
1240 1978 1274 2007 de
1290 1978 1460 2013 Ethiopissa
1487 1985 1549 2013 quae
1577 1977 1701 2014 aMoyse

913 2029 1038 2059 suscepta
1062 2028 1104 2052 est
1128 2024 1156 2051 in
1183 2023 1360 2060 coniugium,
1386 2023 1427 2051 vel
1449 2023 1484 2051 de
1508 2022 1602 2058 regina
1628 2022 1701 2051 Saba

913 2070 1072 2106 Ethiopum
1085 2076 1147 2106 quae
1162 2070 1322 2105 sapientiam
1337 2069 1494 2097 Salomonis
1507 2069 1580 2097 vcnlt
1594 2069 1700 2103 audire,

913 2115 1069 2143 texuimus:
1085 2115 1182 2143 merito
1203 2122 1277 2143 nunc
1301 2115 1359 2143 haec
1381 2121 1443 2150 quae
1462 2114 1539 2142 fusca
1564 2114 1607 2142 vel
1623 2114 1700 2149 nigra

913 2164 957 2188 est
973 2165 1000 2188 et
1018 2160 1139 2188 formosa
1150 2180 1158 2193 ,
1185 2160 1343 2188 satisfacere
1365 2160 1473 2188 videtur
1495 2166 1545 2195 pro
1562 2159 1702 2195 nigredine

82 2213 196 2233 mensura
213 2207 267 2233 erit
284 2205 404 2233 undecim
417 2205 541 2239 pellibus,
552 2209 577 2232 et
593 2205 735 2240 conjunges
748 2206 862 2241 quinque
878 2203 900 2231 D
914 2206 957 2234 vel
971 2205 1125 2234 [uacatione
1139 2213 1199 2240 sua,
1212 2213 1366 2241 causasque
1386 2206 1498 2234 reddere
1509 2205 1701 2240 exprobranti—

81 2251 152 2285 pelles
167 2251 259 2283 simul,
275 2256 301 2278 et
315 2251 384 2278 alias
401 2259 446 2278 se:
465 2250 555 2284 simul,
569 2255 593 2277 et
607 2250 747 2285 replicabis
760 2255 862 2277 sextam

81 2297 166 2329 pellem
184 2306 200 2324 a
215 2297 305 2332 fronte
320 2296 483 2323 tabernaculi
498 2304 508 2323 :
526 2300 550 2323 et
573 2295 653 2330 facies
668 2295 863 2330 quinquaginta

81 2342 182 2369 assulas
201 2351 249 2377 per
267 2350 343 2369 oram
357 2341 434 2376 pellis
453 2341 546 2374 unius,
569 2341 798 2376 etquinquaginta
815 2349 863 2367 an-

80 2387 147 2414 sulas
159 2396 203 2422 per
216 2395 294 2415 oram
312 2386 388 2422 pellis
400 2386 521 2419 alterius,
535 2394 580 2421 per
590 2393 657 2421 quas
669 2385 863 2421 conjungantur

82 2439 129 2460 ulta
140 2434 173 2460 ad
188 2434 322 2466 alterum;
338 2438 363 2461 et
377 2433 459 2468 {acia
477 2432 590 2459 circulos
605 2439 686 2459 aereos
699 2431 862 2466 quinquage-

82 2486 133 2511 nos,
146 2484 169 2505 et
182 2480 327 2514 conjunges
340 2486 372 2505 ea;
384 2479 449 2513 ipsis
463 2477 555 2511 pelles,
567 2482 592 2504 et
607 2476 656 2504 erit
671 2485 751 2504 unum
766 2482 863 2510 totum;

81 2528 102 2549 et
119 2525 254 2559 replicabis
271 2524 341 2560 quod
360 2529 476 2559 superest
499 2531 532 2550 es;
547 2522 658 2558 pellibus
669 2542 676 2555 ,
696 2522 864 2550 medietatem

81 2570 150 2603 pellis
160 2572 240 2599 unius
254 2579 272 2598 a
285 2571 372 2606 [route
387 2569 562 2603 tabernaculi,
573 2574 598 2596 et
613 2576 646 2596 ea:
658 2568 713 2595 alia
726 2568 865 2595 medietate

81 2616 144 2651 quod
155 2621 284 2652 superest,
299 2616 399 2644 celabis
413 2616 559 2650 posteriora
573 2613 735 2642 tabernaculi
745 2614 865 2641 cubitum

82 2663 146 2696 hinc,
160 2668 184 2690 et
196 2664 316 2690 cubitum
330 2663 402 2695 inde,
410 2669 443 2689 ex
454 2669 483 2688 eo
495 2661 564 2696 quod
577 2660 694 2687 abundat
708 2660 734 2686 in
746 2659 864 2695 longitu-

81 2706 136 2734 dine
156 2709 286 2741 pellium,
307 2713 332 2736 et
357 2708 407 2734 erit
429 2707 587 2741 adapertum
609 2705 810 2733 tabernaculum
829 2712 862 2732 es

915 2252 985 2285 bus,
999 2252 1077 2287 quasi
1091 2259 1153 2287 quae
1174 2258 1228 2279 non
1244 2257 1340 2280 natura
1358 2251 1433 2283 talis,
1448 2258 1499 2279 nec
1514 2251 1552 2278 ita
1571 2255 1587 2278 ι
1600 2250 1699 2277 Condi-

916 2302 976 2326 tore
991 2303 1084 2325 creata
1103 2298 1150 2330 sit,
1172 2297 1218 2326 sed
1237 2305 1271 2325 ex
1289 2298 1476 2325 accidentibus
1489 2298 1541 2325 hoc
1558 2303 1639 2332 passa
1654 2297 1701 2324 sit.

915 2344 954 2372 Ex
972 2351 1015 2377 eo,
1030 2344 1127 2379 inquit,
1143 2344 1208 2379 quia
1221 2343 1263 2371 sol
1275 2343 1399 2378 despexit
1413 2350 1466 2371 me.
1489 2340 1519 2370 In
1533 2349 1588 2377 quo
1604 2346 1700 2370 osten—

915 2388 955 2417 dit
965 2396 1019 2416 non
1034 2389 1068 2416 de
1082 2388 1221 2424 nigredine
1234 2388 1358 2423 corporis
1371 2388 1429 2416 tleri
1448 2391 1614 2421 sermonem,
1629 2387 1701 2422 quod

916 2435 1010 2470 utique
1023 2434 1064 2462 sol
1079 2434 1228 2461 obscurare
1241 2438 1269 2460 et
1283 2433 1426 2468 denigrare
1444 2433 1523 2466 solet,
1538 2440 1601 2460 eum
1616 2432 1702 2467 respi-

915 2479 954 2507 cit
968 2479 1055 2513 magis
1072 2485 1153 2513 quam
1171 2486 1233 2506 cum
1250 2478 1374 2513 despicit.
1399 2477 1438 2505 Ita
1453 2478 1571 2512 denique
1584 2481 1611 2505 et
1628 2478 1699 2512 apud

917 2525 990 2552 illam
999 2531 1107 2552 omnem
1117 2527 1222 2559 gentem
1231 2523 1390 2559 Ewiopum
1400 2523 1500 2555 terunt,
1513 2523 1557 2551 cui
1569 2523 1703 2550 naturalis

918 2569 1042 2605 quoidam
1061 2569 1132 2596 inest
1146 2575 1180 2596 ex
1193 2567 1308 2596 seminis
1327 2568 1445 2596 carnalis
1460 2567 1634 2595 successione
1657 2567 1701 2593 ni~

915 2615 1010 2651 gredo,
1025 2614 1097 2650 quod
1118 2615 1144 2642 ln
1164 2614 1220 2642 illis
1241 2614 1309 2642 locis
1323 2614 1364 2642 soi
1379 2613 1463 2642 radiis
1479 2613 1633 2641 acrioribus
1647 2611 1700 2640 lcr-

915 2665 987 2694 veat,
999 2665 1026 2688 et
1036 2660 1132 2688 adusta
1149 2660 1204 2696 iam
1235 2660 1318 2688 semel
1338 2664 1420 2695 atque
1439 2659 1572 2687 infuscata
1586 2665 1700 2693 corpora

916 2705 1025 2743 genuini
1051 2706 1110 2733 vitii
1135 2706 1311 2734 successione
1341 2709 1529 2741 permaneant.
1561 2704 1700 2733 Contrarii

113 2809 135 2825 "‘
149 2808 272 2845 Sophon.
285 2818 331 2844 In,
347 2810 403 2845 ll:
428 2810 450 2825 '”
461 2808 516 2836 ιω».
528 2788 650 2845 xxxviii.
699 2809 722 2824 ⁷³
732 2807 830 2845 .Ierem.
840 2808 997 2845 ’κυμιᾼᾶ
1015 2807 1058 2835 l7.
1093 2807 1222 2845 ")lattlt.
1237 2815 1274 2842 vt,
1287 2808 1332 2836 29.
1370 2808 1394 2825 ⁷⁵
1407 2807 1493 2836 Exod.
1506 2816 1580 2841 xx",
1594 2808 1619 2840 7,
1633 2808 1660 2841 8,
1673 2810 1700 2843 9,

83 2843 124 2879 to,
136 2843 290 2880 πωλεῖ.

346 2845 369 2860 ⁷·
382 2844 462 2872 Hebr.
476 2852 514 2876 lx,
525 2843 571 2871 ‘24.
591 2843 614 2860 "
627 2844 707 2872 Joan.
725 2851 780 2876 xlv,
795 2843 822 2870 2.
861 2844 921 2866 ⁷⁷-⁷⁸
933 2844 1012 2871 Cant.
1031 2851 1090 2876 νηί,
1109 2843 1136 2870 5.
