1892 3050
188 115 219 143 9i
720 114 880 143 ORICENIS
899 113 932 141 IN
952 113 1130 142 CANTICUM
1148 113 1284 141 CANTIC.
1307 109 1309 112 ⁴
1776 112 1809 140 9'!

187 175 229 209 gis
247 178 273 201 et
297 171 502 209 propheta'rum,
518 174 620 209 quibus
638 178 702 201 ante
721 174 864 201 adventum
881 171 973 207 sponsi
988 172 1010 200 Α
1025 175 1078 199 tam
1101 172 1212 205 dicitur,
1235 177 1345 207 propter
1368 156 1518 200 Eceiesiam
1537 179 1596 200 sme
1613 169 1709 204 dubio.
1729 179 1809 206 quam

188 219 361 246 mediocriter
377 220 449 251 licet.
466 220 563 247 instrui
577 225 666 247 tamen
683 220 833 252 videbatur,
850 224 877 246 et
894 226 973 246 exer-

187 265 243 291 ceri
263 264 297 290 ad
316 265 417 292 cultum
438 264 504 296 Dei,
528 269 621 299 utpote
645 265 755 299 parvula
777 264 865 291 adhuc
881 268 908 291 et
922 263 973 291 suh

188 309 361 336 curatoribus
376 314 404 336 et
424 310 563 337 actoribus
579 318 661 345 agens
678 315 704 337 ct
724 309 875 345 paedagogis
887 309 973 343 ",lea:

188 354 260 380 cuitu
283 354 441 389 pedagogos
468 360 555 381 noster
577 355 626 389 fuit
645 354 679 380 ad
705 354 839 381 Christum
856 354 888 380 ¹¹⁸.
912 352 973 381 Haec

187 404 278 426 autem
295 400 387 427 omnia
413 404 535 427 aromata
560 399 681 431 fuerant,
704 398 730 426 in
753 399 852 434 quibus
875 398 972 426 nutriri

187 445 244 472 visa
254 449 295 472 est
304 450 331 472 et
341 453 443 480 sponso
450 453 500 472 suo
509 445 663 480 praeparari.
673 443 725 471 Sed
742 443 788 471 ubi
802 443 874 471 venit
887 443 973 478 pleni-

187 491 252 517 tudo
270 494 421 526 temporum
437 495 464 518 et
478 490 594 517 adolevit
608 494 690 524 atque
704 488 877 524 Unigenitum
891 497 972 516 suum

186 535 264 563 Pater
280 537 382 571 Spiritu
405 540 500 564 sancto
518 540 628 563 unctum
647 534 722 562 misit
748 535 775 561 in
802 534 875 562 hunc
892 542 972 562 mun-

185 581 262 610 dum.
277 581 388 608 odorata
410 587 509 615 sponsa
532 579 616 607 divini
635 579 766 615 unguenti
784 578 971 614 fragrantiam,

184 627 359 662 scntiensque
374 627 446 661 quod
462 625 507 653 illa
524 626 618 653 omnia
641 630 764 653 aromata
780 625 880 660 quibus
896 626 972 661 prius

185 681 234 700 usa
249 673 391 700 videbatur
407 673 488 707 longe
508 672 639 700 inferiora
655 672 711 700 sint
733 672 767 699 ad
790 672 972 707 comparatio-

182 725 244 744 nem
261 717 405 745 suavitatis
418 717 482 745 novi
499 717 581 752 hujus
592 720 619 744 et
629 717 748 744 caelestis
761 716 902 751 unguenti,
915 716 969 743 ait:

183 762 257 789 Odor
273 768 466 797 unguentorum
482 768 586 789 tuorum
601 769 678 797 super
693 762 781 788 omnia
794 766 925 789 aromata.
938 761 971 788 Et

182 808 314 842 quoniam
328 808 456 835 Christus
471 808 541 834 idem
557 814 686 843 sponsus,
702 811 783 842 atque
796 807 864 834 idem
881 807 970 842 ponti—

185 855 228 882 fex
245 856 366 883 dicitur:
385 854 506 888 pontifex
525 854 634 889 quidem
651 854 802 882 secundum
825 854 877 882 hoc
897 854 969 889 quod

184 900 319 928 mediator
333 905 375 928 est
394 899 442 926 Dei
460 904 487 927 et
511 899 651 926 hominum
665 899 808 934 omnisque
828 904 969 932 creatum,

181 951 231 978 pro
246 951 300 978 qua
319 947 348 970 et
368 942 525 978 propitiatio
550 942 637 970 factus
654 948 696 971 est
714 944 888 979 semetipsum
905 943 970 971 offe-

181 997 246 1016 rens
263 988 379 1016 hostiam
397 995 447 1023 pro
464 993 576 1023 peccato
592 988 700 1019 mundi:
719 996 835 1024 sponsus
848 997 913 1017 vero
927 996 970 1016 se-

181 1034 301 1060 cundum
326 1035 377 1062 hoc
397 1033 469 1068 quod
493 1033 621 1062 Ecclesia;
637 1034 761 1069 jungitur
781 1042 835 1062 non
860 1035 968 1062 habenti

181 1079 330 1110 maculam,
341 1083 388 1106 aut
404 1087 510 1114 rugam,
528 1084 575 1106 aut
587 1079 686 1114 aliquid
700 1080 813 1113 horum;
828 1080 969 1108 considera

181 1133 216 1152 ne
233 1125 303 1152 forte
315 1130 481 1160 unguentum
499 1125 564 1152 illud
581 1125 734 1160 pontiﬁcale
748 1126 819 1160 quod
835 1126 861 1152 in
876 1126 969 1154 Exodo

180 1171 306 1206 componi
320 1171 431 1205 iubetur
439 1175 499 1199 arte
517 1171 686 1207 pigmentarii
700 1171 732 1205 “‘,
746 1172 825 1200 istius
838 1172 968 1206 unguenti

179 1217 253 1252 quod
276 1225 350 1245 nunc
374 1218 486 1245 odorata
509 1225 607 1252 sponsa
625 1218 750 1250 miratur,
774 1223 865 1246 teneat
887 1219 969 1245 ratio-

180 1271 252 1296 nem,
268 1267 295 1290 et
308 1263 404 1292 videns
425 1264 500 1298 quod
521 1263 567 1290 illa
591 1263 699 1297 quidem
724 1268 846 1291 aromata
869 1264 969 1298 quibus

178 1308 358 1343 compositum
375 1312 543 1343 unguentum
563 1309 718 1341 videbatur,
736 1316 790 1344 quo
806 1308 896 1336 Aaron
918 1317 970 1337 un-

178 1358 240 1380 ctus
254 1358 306 1386 est,
322 1354 453 1388 quoniam
468 1357 546 1381 erant
564 1357 673 1381 terrena
693 1358 720 1381 et
740 1354 860 1382 materiae
871 1362 969 1390 corpo-

182 1399 260 1432 ralis,
279 1399 331 1427 hoc
346 1403 436 1426 autem
452 1404 632 1434 unguentum,
643 1407 699 1435 quo
719 1408 792 1428 nunc
805 1406 916 1428 unctum
928 1401 970 1428 vi-

179 1445 220 1472 dit
232 1451 374 1479 sponsum.
388 1445 529 1480 spirituale
549 1450 591 1473 est
613 1450 642 1474 et
664 1446 789 1479 caeleste,
812 1446 914 1474 idcirco
928 1447 970 1475 di-

1024 215 1193 250 puriiicatam
1211 216 1320 243 lavacro
1333 223 1411 251 aquae
1426 216 1629 244 immaculatam
1655 216 1729 249 fecit,
1756 224 1808 243 non

1024 261 1168 289 habentem
1184 261 1329 294 maculam,
1343 267 1391 290 aut
1410 269 1517 297 rugam,
1533 267 1581 290 aut
1594 261 1697 296 aliquid
1715 261 1810 296 hujus-

1023 309 1107 336 modi.
1134 308 1187 336 Sed
1202 313 1230 337 et
1245 309 1368 338 calamus
1388 310 1547 342 assumitur,
1563 309 1628 345 quia
1644 310 1736 343 lingua
1751 309 1811 343 ejus

1022 355 1103 382 etiam
1125 360 1168 383 est
1182 357 1304 384 calamus
1327 356 1425 384 scriba
1445 356 1574 384 velociter
1591 355 1748 387 scribentis,
1762 356 1803 382 do

1022 400 1117 428 ctrina:
1145 401 1260 436 gratiam
1295 401 1442 437 pigmentis
1472 401 1620 436 designans
1654 401 1809 430 suavitatis.

1024 446 1119 482 Ἰρεως
1139 454 1249 482 quoque
1269 447 1373 482 species
1389 447 1445 483 (32)
1465 446 1609 474 adhibetur
1629 446 1810 478 calidissima,

1022 495 1053 518 ut
1066 490 1162 523 fertur,
1172 496 1199 519 et
1207 492 1399 520 ardentissima
1413 501 1420 520 :
1433 492 1460 520 in
1472 499 1527 527 qua
1537 492 1579 520 vel
1592 491 1709 527 Spiritus
1720 492 1810 518 sancti

1022 536 1122 569 fervor,
1136 537 1179 564 vel
1192 537 1276 565 futuri
1290 545 1339 573 per
1352 538 1441 573 ignem
1456 537 1554 573 judieii
1572 537 1727 565 ostenditur
1751 537 1811 564 for-

1022 590 1077 609 ma.
1091 581 1227 611 Numerus
1243 590 1307 610 vero
1319 583 1541 619 quingentorum,
1563 584 1606 611 vel
1627 584 1810 611 ducentorum

1021 627 1218 662 quinquaginta
1243 628 1383 662 siclorum,
1405 628 1448 655 vel
1460 628 1582 664 quinque
1598 636 1728 656 sensuum
1750 628 1808 662 (53)

1021 673 1049 700 in
1064 681 1097 701 eo
1120 673 1280 708 mysterium
1304 677 1377 701 tenet
1401 673 1588 708 eentupliciter
1612 673 1809 708 perfectorum.

1022 718 1063 745 vel
1079 718 1265 746 remissionem
1280 722 1453 753 peccatorum
1468 726 1517 753 per
1530 726 1593 746 eum
1608 718 1699 746 datam
1720 719 1808 753 signi-

1021 763 1085 791 ﬁcat
1098 763 1348 799 quinquagenarius
1371 763 1486 792 venialis
1504 764 1710 799 quintupliciter
1731 764 1811 798 p0si-

1023 814 1076 836 tus.
1093 809 1145 836 Sed
1158 810 1215 837 haec
1229 810 1321 837 omnia
1332 810 1392 837 oleo
1406 817 1475 845 puro
1488 810 1662 845 colliguntur,
1675 818 1722 845 per
1732 810 1810 845 quod

1020 854 1183 886 ostenditur,
1200 854 1241 881 vel
1259 854 1454 882 misericordia
1465 855 1552 883 solius
1569 855 1625 891 (54)
1638 863 1721 882 causa
1738 854 1813 882 fuis-

1019 906 1059 932 se,
1074 899 1145 934 quod
1162 899 1186 927 is
1201 899 1247 934 qui
1272 904 1331 927 erat
1356 899 1384 927 in
1412 899 1501 928 forma
1524 899 1572 928 Dei
1599 899 1714 928 formam
1734 901 1807 928 servi

1019 946 1178 980 susceperit,
1204 945 1245 973 vel
1266 953 1298 973 ea
1322 953 1383 980 quae
1401 952 1436 973 ex
1454 945 1588 973 materiali
1610 945 1762 973 substantia
1780 946 1809 972 in

1018 992 1127 1018 Christo
1153 991 1260 1018 fuerant
1281 995 1438 1026 assumpta,
1459 998 1506 1026 per
1525 990 1655 1026 Spiritum
1680 995 1807 1018 sanctqu

1019 1037 1128 1064 redacta
1151 1035 1180 1062 in
1204 1043 1288 1063 unum
1310 1034 1406 1066 fuisse.
1427 1039 1508 1070 atque
1532 1035 1560 1062 in
1582 1043 1664 1062 unam
1687 1035 1808 1069 speciem

1018 1090 1079 1117 quae
1089 1086 1131 1109 est
1145 1089 1260 1117 persona
1270 1081 1429 1109 mediatoris
1440 1081 1544 1109 eﬂ'ecta.
1558 1079 1626 1108 Illud
1637 1088 1701 1116 ergo
1715 1081 1808 1108 oleun.

1018 1126 1160 1154 materiale
1176 1125 1250 1153 nullo
1264 1132 1363 1160 genere
1378 1126 1467 1152 oleum
1487 1125 1588 1152 laetitiae
1608 1125 1738 1160 appellari
1757 1133 1808 1159 po—

1019 1169 1079 1197 tuit.
1093 1169 1166 1197 Istud
1180 1173 1271 1196 autem
1282 1168 1382 1200 oleum,
1404 1169 1430 1196 id
1453 1173 1497 1196 est
1512 1168 1631 1203 Spiritus
1650 1169 1738 1196 sancti
1750 1177 1807 1196 un-

1019 1219 1161 1251 guentum,
1180 1221 1235 1249 quo
1247 1218 1346 1242 unctus
1371 1218 1414 1242 est
1427 1213 1565 1247 Christus,
1586 1218 1614 1242 et
1639 1214 1719 1248 cujus
1732 1222 1808 1242 nunc

1018 1262 1132 1289 odorem
1150 1261 1302 1296 percipiens
1326 1269 1426 1296 sponsa
1443 1261 1575 1288 admirata
1589 1266 1641 1294 est,
1654 1261 1744 1289 oleum
1758 1261 1808 1288 kc.

1019 1307 1097 1338 tiliae,
1119 1308 1182 1342 quia
1210 1306 1315 1335 fruetus
1331 1306 1444 1342 spiritus
1458 1305 1510 1342 41
1524 1307 1655 1342 gaudium
1677 1311 1729 1339 est,
1747 1315 1806 1335 me-

1021 1353 1075 1381 rito
1091 1353 1263 1388 appellatur:
1292 1360 1347 1388 quo
1362 1352 1434 1380 Deus
1457 1353 1535 1381 unxit
1547 1361 1621 1386 eum,
1651 1354 1696 1389 qui
1710 1353 1806 1381 dilexit

1016 1398 1153 1434 justitiam
1180 1403 1208 1426 et
1231 1399 1294 1426 odio
1322 1398 1416 1426 habuit
1447 1399 1629 1433 iniquitatem.
1656 1399 1803 1434 Propterea

1017 1445 1093 1472 enim
1107 1445 1229 1472 dicitur:
1252 1444 1333 1472 Unxit
1351 1452 1412 1473 cum
1433 1444 1561 1472 Dominus
1575 1445 1644 1472 Deus
1657 1454 1724 1473 suus
1749 1446 1807 1473 oleo

177 1495 223 1517 cat
242 1499 249 1517 :
270 1489 340 1522 Qui:
364 1491 430 1518 outer
449 1495 641 1527 unguentorum
661 1497 765 1519 tuorum
779 1500 857 1527 super
879 1493 968 1520 omnia
981 1503 1003 1532 ο
1019 1490 1122 1518 ltetitite
1132 1498 1188 1526 pra:
1207 1491 1379 1526 participibus
1399 1492 1456 1519 suis
1485 1492 1517 1519 ".
1540 1491 1572 1518 Et
1598 1491 1658 1519 ideo
1671 1491 1739 1518 odor
1752 1499 1807 1518 un-

180 1541 313 1563 aromata.
328 1534 474 1566 Videamus
487 1546 552 1573 ergo
569 1539 708 1574 quomodo
728 1539 908 1574 compositum
931 1540 968 1568 sit

178 1582 243 1609 illud
263 1587 451 1617 unguentum:
468 1583 503 1610 Et
521 1584 624 1611 locutus
644 1589 683 1612 est
705 1584 842 1618 Dominus,
864 1585 965 1620 inquit,

178 1628 213 1654 ad
224 1626 341 1662 Hosyent
355 1628 443 1655 dicens
456 1635 467 1656 :
481 1628 576 1664 Accipe
590 1629 636 1656 tibi
650 1630 743 1664 ﬂorem
753 1630 867 1665 ηψπ-για
879 1630 967 1658 electa

181 1672 332 1710 quingentos
354 1673 451 1705 ciclos,
474 1679 500 1701 et
516 1675 710 1703 cinnamomum
741 1684 820 1704 suave
842 1679 966 1704 ducentos

177 1717 371 1753 quinquaginta
395 1719 485 1752 uictos,
508 1724 534 1747 et
555 1719 688 1747 celantem
712 1728 818 1748 suavem
842 1722 966 1749 ducentos

177 1763 371 1799 quinquaginta
385 1763 475 1796 lictor,
488 1769 513 1792 et
527 1766 608 1793 carice
620 1766 773 1802 quingentos
786 1767 864 1795 δίεισι
875 1776 967 1795 secum

178 1809 243 1834 dum
259 1808 354 1836 siclum
369 1815 503 1842 sanctum,
518 1814 544 1837 et
561 1810 646 1837 oleum
658 1819 691 1838 cz
705 1811 780 1839 olivis
799 1812 864 1843 "in,
879 1818 905 1840 et
921 1813 962 1848 [a-

177 1854 228 1881 cia
243 1855 312 1882 illud
332 1856 418 1883 oleum
438 1856 591 1883 chrismatis
614 1857 701 1883 sancti
725 1864 884 1893 unguentum
908 1863 966 1886 arte

176 1901 346 1935 pigmentarii
361 1902 393 1930 “.
416 1902 480 1930 Haec
503 1907 593 1929 autem
616 1902 643 1929 in
666 1902 724 1937 lege
739 1903 847 1938 quidem
871 1904 966 1931 referri

176 1947 298 1975 audierat
313 1955 425 1983 sponsa,
444 1949 491 1976 sed
508 1949 642 1976 rationem
656 1956 752 1976 eorum
770 1951 967 1985 veritatemque

176 2000 249 2020 nunc
264 1993 400 2028 perspicit.
419 1993 485 2021 Vide
500 2002 565 2029 ergo
577 1995 649 2029 quod
663 1995 720 2022 ista:
732 1999 848 2030 quatuor
860 1996 965 2030 species

176 2039 306 2074 unguenti
340 2040 436 2072 istius,
467 2040 582 2067 formam
611 2040 738 2068 tenebant
770 2041 966 2070 incarnationis

177 2083 257 2112 Verbi
275 2084 333 2117 Dei,
350 2087 422 2121 quod
442 2094 475 2113 ex
495 2091 612 2121 quatuor
631 2086 772 2113 clementis
791 2087 967 2122 compagina-

167 2134 232 2156 'tum
248 2138 348 2165 corpus
361 2132 527 2166 assumpsit,
551 2132 577 2158 in
592 2139 648 2166 quo
662 2138 776 2165 corpore
793 2132 903 2167 myrrha
920 2132 965 2160 illa

1019 1541 1180 1572 guentorum
1198 1538 1258 1571 ejus
1271 1541 1313 1564 est
1327 1544 1408 1571 super
1433 1537 1525 1565 omnia
1554 1542 1686 1564 aromata.
1715 1536 1804 1564 Simili

1017 1587 1108 1610 autem
1124 1582 1296 1618 expositione
1316 1583 1430 1616 utimur,
1455 1583 1561 1611 etiamsi
1575 1583 1609 1610 ad
1622 1590 1807 1618 unamquam-

1016 1635 1070 1663 que
1084 1627 1203 1655 animam
1229 1627 1257 1654 in
1272 1634 1365 1655 amore
1377 1632 1404 1654 et
1424 1627 1559 1655 desiderio
1576 1626 1655 1655 Verbi
1670 1627 1718 1654 Dei
1731 1628 1807 1662 posi-

1016 1677 1071 1701 tam
1086 1673 1265 1701 transferatur
1281 1673 1325 1701 hic
1347 1680 1448 1705 sermo,
1469 1673 1513 1700 cui
1533 1672 1632 1700 fuerint
1646 1681 1742 1701 omnes
1756 1673 1806 1701 do-

1016 1720 1112 1747 ctrina:
1126 1727 1174 1754 per
1183 1719 1304 1746 ordinem
1316 1718 1446 1750 decursa,
1459 1718 1486 1745 in
1500 1718 1600 1753 quibus
1614 1723 1677 1745 ante
1687 1719 1806 1754 agnitio-

1016 1772 1077 1792 nem
1096 1763 1176 1792 Verhi
1205 1763 1253 1791 Dei
1276 1764 1425 1792 exercitata
1443 1763 1549 1791 videtur
1563 1767 1590 1791 et
1611 1764 1729 1796 erudita,
1747 1764 1806 1791 sive

1014 1817 1050 1837 ex
1078 1809 1227 1837 morali-has
1253 1809 1465 1841 descendentes,
1493 1808 1549 1836 sive
1573 1816 1607 1836 ex
1633 1809 1805 1836 naturalibus

1016 1854 1129 1883 scholis.
1141 1853 1225 1881 Erant
1238 1854 1310 1881 enim
1327 1854 1352 1881 ei
1365 1854 1458 1881 omnia
1475 1854 1527 1881 ista
1544 1859 1667 1881 aromata
1678 1854 1803 1888 quaedam

1017 1907 1066 1935 pro
1082 1907 1115 1928 eo
1129 1900 1202 1935 quod
1219 1900 1246 1927 in
1265 1899 1307 1927 his
1321 1899 1455 1927 institutio
1476 1899 1633 1934 probabilis,
1648 1904 1675 1927 et
1695 1908 1803 1928 morum

1016 1946 1188 1981 conquiritur
1200 1944 1364 1978 emendatio,
1385 1945 1457 1979 quod
1482 1944 1692 1980 deprehenditur
1707 1945 1734 1972 in
1762 1946 1804 1973 his

1016 1993 1125 2019 vanitas
1142 1991 1245 2024 saeculi,
1272 1995 1300 2018 et
1323 1990 1488 2018 caducarum
1518 1999 1609 2018 rerum
1637 1997 1804 2026 respuuntur

1017 2038 1086 2065 falsa
1099 2037 1242 2064 miracula.
1256 2036 1340 2063 Erant
1352 2043 1417 2071 ergo
1435 2036 1461 2064 ei
1478 2036 1535 2064 haec
1547 2037 1638 2064 omnia
1655 2037 1729 2064 velut
1742 2046 1805 2065 aro-

1017 2089 1090 2111 mata
1101 2087 1129 2111 et
1143 2084 1318 2110 odoramenta
1328 2083 1450 2117 quaedam
1474 2082 1572 2109 animae
1588 2083 1736 2117 pigmenta.
1751 2083 1806 2111 Sed

1017 2129 1063 2157 ubi
1089 2129 1122 2156 ad
1157 2129 1324 2164 agnitionem
1358 2128 1549 2163 mysteriorum
1585 2132 1612 2155 et
1648 2128 1806 2156 divinorum

176 2175 272 2204 mortis
289 2176 358 2210 ejus,
374 2184 456 2210 quam
470 2177 526 2204 sive
541 2182 570 2204 nt
585 2177 705 2211 pontifex
721 2183 771 2212 pro
786 2177 897 2212 populo,
910 2177 967 2205 sive
981 2176 1005 2206 D
1019 2175 1176 2210 dogmatum
1192 2174 1332 2202 scientiam
1350 2179 1457 2202 ventum
1470 2177 1521 2207 est,
1536 2173 1582 2200 ubi
1596 2173 1630 2201 ad
1644 2173 1744 2208 januas
1758 2181 1804 2202 sa-

175 2226 205 2247 ut
228 2229 345 2256 sponsus
371 2229 420 2256 pro
447 2230 548 2256 sponsa
575 2223 705 2257 suscepit,
734 2227 825 2251 servat
852 2222 962 2251 indicia.

174 2266 252 2300 Quod
269 2275 333 2294 vero
353 2275 408 2294 non
427 2267 588 2302 simpliciter
603 2269 728 2303 myrrha,
754 2269 800 2296 sed
825 2268 876 2297 ﬂos
899 2269 964 2296 mir-

174 2313 240 2345 rhaz,
251 2318 278 2340 et
288 2313 406 2348 myrrha:
417 2313 508 2340 electa:
520 2314 650 2348 scriptum
661 2319 710 2346 est,
721 2322 775 2341 non
787 2315 873 2342 solum
889 2323 963 2342 mor-

174 2363 227 2387 tem
252 2359 327 2393 ejus,
348 2359 395 2385 scd
418 2363 446 2386 et
470 2359 679 2394 primogenitum
702 2368 764 2387 eum
789 2360 910 2387 futurum
930 2369 963 2388 ex

173 2405 291 2432 mortuis
309 2404 457 2437 indicabat,
479 2409 562 2439 atque
576 2412 623 2432 eos
636 2405 683 2439 qui
701 2405 877 2440 complantati
895 2405 962 2433 fuis-

171 2454 233 2476 sent
251 2449 429 2477 similitudine
446 2450 543 2476 tnortis
556 2449 626 2483 ejus,
655 2457 708 2477 non
732 2451 819 2477 solum
841 2455 962 2482 vocatos,

171 2495 219 2523 scd
245 2495 347 2523 electos
371 2495 486 2523 futuros.
504 2495 696 2524 Ginamomum
714 2504 778 2524 vero
801 2497 963 2524 immacula-

207 2576 228 2592 "
245 2575 304 2603 Gal.
318 2584 356 2608 μ’,
369 2575 396 2602 2.
435 2576 457 2592 "
469 2576 528 2604 Gal.
559 2584 599 2608 ιιι,
614 2577 659 2604 24.
698 2577 720 2594 ¹⁸
740 2577 824 2605 Exod.
849 2587 912 2606 xxx.

208 2668 263 2702 (5‘2)
285 2669 330 2708 Sic
343 2670 445 2708 habent
459 2679 540 2708 mss._;
555 2672 617 2708 libri
632 2679 697 2699 vero
713 2672 777 2700 editi
787 2682 793 2699 :
803 2672 836 2699 In
850 2674 886 2699 eis
899 2682 961 2708 qna-

171 2711 221 2741 que
244 2705 339 2741 species
363 2705 469 2732 adhibet
489 2706 678 2737 calidissimas.
703 2713 731 2733 ut
755 2705 909 2741 referantur
926 2709 960 2735 ad

172 2737 358 2775 ardentissima
370 2748 379 2766 :
391 2741 419 2766 in
432 2749 483 2775 qua
500 2749 527 2767 re
545 2741 583 2767 υρι
596 2741 712 2774 Spiritus
728 2737 824 2774 sancti,
842 2749 893 2769 etc.

208 2772 264 2804 (55)
291 2773 334 2799 Vel
349 2772 461 2808 quinque
479 2772 621 2802 sensuum:
638 2776 683 2802 Sic
711 2772 916 2805 halicut'mssu
935 2778 961 2805 in

174 2807 314 2842 impressis
328 2815 391 2835 vero
409 2809 472 2837 illud
487 2811 619 2838 omissum
633 2817 684 2841 est.
701 2816 727 2839 ct
747 2814 826 2843 paulu
846 2819 905 2842 trust
924 2813 960 2839 ic-

952 2580 973 2595 ⁸⁵
992 2578 1077 2606 Exod.
1094 2586 1158 2609 xxx.
1172 2577 1217 2607 9.2.
1233 2577 1279 2608 2'5,
1292 2576 1337 2609 ‘24,
1355 2576 1401 2603 25.

1016 2221 1124 2256 pientiae
1139 2221 1234 2256 ipsius,
1249 2224 1276 2248 et
1299 2220 1440 2254 sapientia
1454 2228 1508 2248 non
1534 2219 1616 2255 hujus
1633 2219 1740 2251 mundi,
1754 2228 1803 2246 ne-

1016 2275 1069 2303 que
1080 2267 1231 2303 principum
1246 2266 1328 2301 hujus
1339 2267 1431 2294 mundi
1445 2267 1491 2302 qui
1513 2267 1693 2294 destruantur
1709 2273 1803 2293 acces-

1016 2321 1076 2341 sum
1091 2316 1143 2345 est,
1158 2312 1205 2340 sed
1219 2313 1252 2339 ad
1265 2312 1351 2347 ipsam
1379 2311 1426 2340 Dei
1453 2312 1624 2348 sapientiam,
1649 2319 1710 2346 quae
1734 2311 1804 2339 inter

1016 2359 1150 2394 perfectos
1164 2358 1320 2390 disseritur.
1332 2362 1359 2385 et
1370 2358 1417 2385 ubi
1433 2358 1593 2393 mysterium
1609 2357 1682 2392 quod
1705 2357 1804 2392 priori-

1016 2407 1068 2433 bus
1083 2405 1302 2441 generationibus
1319 2412 1372 2432 non
1393 2404 1444 2431 fuit
1464 2410 1570 2437 notum,
1586 2404 1648 2431 [iliis
1660 2403 1802 2431 hominum

1015 2453 1163 2480 revelatum
1176 2457 1233 2483 est;
1247 2451 1305 2484 ubi,
1316 2451 1437 2486 inquam.
1454 2452 1544 2478 anima
1559 2451 1592 2478 ad
1603 2450 1670 2477 tanti
1687 2450 1803 2485 agnitio-

1017 2505 1079 2526 nem
1097 2497 1219 2525 ascendit
1232 2497 1336 2529 areani,
1365 2497 1462 2524 merito
1475 2497 1559 2524 dicit:
1576 2495 1803 2530 Odornnguenta-

1440 2577 1460 2592 ¹⁷
1471 2575 1544 2604 Psal.
1559 2584 1620 2608 va,
1639 2575 1663 2602 7.

1013 2674 1096 2708 gitur.
1120 2678 1147 2699 nt
1172 2672 1351 2698 mnissionem
1377 2678 1542 2708 peccatorum
1565 2679 1612 2708 per
1632 2678 1691 2708 eunt
1711 2671 1802 2708 datam

1013 2705 1153 2742 gigni/iret.
1171 2708 1418 2742 Quinquagenarins
1442 2708 1511 2732 enim
1527 2705 1652 2740 jubilattts
1665 2705 1690 2731 in
1706 2705 1747 2731 his
1764 2708 1801 2732 cst

1013 2743 1214 2778 quinum/tritor
1227 2743 1337 2778 positus.

1052 2779 1107 2809 (δί)
1128 2777 1204 2809 Mss,
1218 2777 1310 2808 solius,
1327 2777 1388 2803 libri
1402 2776 1478 2808 editi,
1491 2775 1529 2802 νει
1544 2775 1649 2802 salutis.
