1892 3050
46 127 69 156 l5
710 129 807 157 LIBER

853 127 965 155 RIMUS.
1618 126 1651 154 Μ

45 191 86 212 rm
101 189 211 217 tuorum,
230 185 363 220 spiritalis
389 186 493 214 scilicet
517 187 695 224 intelligentia
710 193 736 216 et
752 197 811 224 my-
826 190 847 218 Α
863 187 906 214 nis
917 187 977 221 ejus
988 191 1014 214 et
1026 186 1118 214 odoris
1133 185 1268 213 senserint
1280 185 1454 218 suavitatem,
1466 184 1511 212 ubi
1529 193 1651 220 unguen-

44 231 107 261 nica.
120 237 195 264 super
221 231 313 258 omnia
340 237 462 258 aromata
490 233 602 261 moralis
629 233 813 268 natttralisque

45 276 212 312 philosophiae.
243 275 304 303 Non
333 280 423 303 autem
440 277 523 304 lateat
537 285 588 306 nos
604 279 676 313 quod
705 279 730 306 in
750 279 813 313 qui-

45 321 140 349 busdam
155 320 358 354 exemplaribus
373 328 423 355 pro
445 328 478 347 eo
492 321 564 356 quod
591 322 706 357 legimus
721 331 727 348 :
744 321 813 354 Quia

44 368 97 395 bona
109 370 166 393 sunt
190 366 273 393 ubera
300 372 346 393 tua
360 375 440 401 super
454 368 553 400 vinum,
578 368 732 395 invenimus
746 367 814 395 scri—

45 419 103 447 ptum
120 421 126 439 :
141 411 210 444 Quia
233 412 309 438 bomz
339 417 401 439 sunt
415 413 525 448 loquele:
541 417 594 440 tua
615 421 692 444 super
703 413 813 445 vinum;

44 459 102 494 quod
116 458 240 493 quamvis
251 458 395 486 videantur
416 459 586 493 signiﬁcasse
608 459 761 487 evidentius
781 466 813 486 ea

45 504 89 538 ipsa
109 510 166 538 qua:
195 503 276 530 nobis
307 504 422 538 spiritali
447 503 671 538 interpretatione
696 504 814 531 disserta

46 554 107 582 sunt,
120 553 206 577 tamen
229 557 282 576 nos
307 549 484 585 Septuaginta
509 549 688 584 lnterpretum
713 549 813 584 scripta

44 603 81 629 per
89 594 174 622 omnia
189 594 372 627 custodimus,
385 595 452 623 certi
466 595 539 630 quod
565 594 683 630 Spiritus
703 599 814 622 sanctus

44 640 216 676 mysteriorum
234 640 339 668 formas
355 641 478 668 obtectas
493 640 583 668 inesse
596 640 684 667 voluit
694 639 721 667 in
737 639 813 668 Scri-

43 687 115 721 pturis
127 686 235 719 divinis,
250 690 278 714 et
291 694 346 714 non
367 686 457 722 palam
472 691 554 722 atque
569 686 596 714 in
610 686 755 722 propatulo
766 686 815 714 ha-

45 732 99 760 beri.

71 777 136 806 Vers.
148 779 174 812 Ι,
188 779 215 811 3,
227 779 255 806 4.
265 777 432 814 Unguentum
441 778 607 806 exirmnitum
620 786 712 806 nomen
728 783 813 805 tuum.

43 823 167 858 Propterea
180 817 386 853 adoleuentulw
412 824 559 851 dilexerunt
576 828 609 856 te,
633 832 665 850 ac
677 828 814 851 traxerunt

864 237 954 260 torum
968 232 1028 267 ejus
1041 232 1217 267 fragrantiam
1242 231 1373 266 ceperint,
1397 231 1502 258 ratione
1519 231 1652 258 duntaxat

865 276 1000 303 adventus
1011 276 1082 310 ejus,
1099 281 1126 303 et
1140 276 1335 310 redemptionis
1348 284 1380 303 ac
1394 276 1530 310 passionis
1541 284 1650 308 causas,

863 321 1080 355 cbaritatemque
1092 322 1262 356 agnoverint,
1292 329 1345 356 qua
1362 329 1411 356 pro
1431 321 1518 348 salute
1528 322 1650 348 omnium

865 374 952 401 usque
965 366 999 393 ad
1018 370 1132 393 mortem
1148 366 1239 393 crucis
1253 366 1416 394 immortalis
1430 366 1555 398 accessit.
1571 371 1598 393 et
1609 366 1652 393 his

864 412 993 439 omnibus
1013 412 1087 439 velut
1114 412 1201 439 divini
1217 411 1359 447 cujusdam
1386 417 1413 439 et
1441 412 1586 440 inetiabilis
1600 420 1652 438 un-

845 463 850 467 '
865 458 958 493 guenti
969 458 1230 486 odoribusinvitatze
1242 457 1458 491 adolescentulte,
1467 458 1492 485 id
1502 463 1543 485 est
1554 458 1652 486 anima:

864 503 950 538 plenae
966 503 1068 539 vigoris
1086 508 1168 538 atque
1181 503 1329 530 alacritatis
1340 503 1452 536 eﬂ‘ectaz,
1465 508 1579 532 currunt
1591 507 1652 538 post

865 548 965 584 ipsum,
984 553 1066 584 atque
1079 548 1112 576 ad
1132 549 1243 577 odorem
1258 549 1402 576 suavitatis
1428 549 1487 583 ejus
1501 556 1555 576 non
1577 549 1651 576 lento

865 593 962 628 gradu,
976 602 1027 622 nec
1050 594 1135 622 tardis
1151 593 1289 629 passibus,
1316 594 1487 629 sed~rapido
1513 602 1594 622 cursu
1624 598 1652 620 i-t

865 643 921 667 tota
938 640 1130 675 properatione
1147 640 1288 673 festinant,
1304 640 1534 676 quemadmodum
1558 645 1585 668 et
1606 641 1651 667 ille

864 684 912 719 qui
925 684 1033 712 dicebat
1056 686 1086 711 "z
1098 683 1144 711 Sic
1156 688 1272 712 currout
1293 685 1533 720 comprehendam.
1548 683 1649 712 Verum

863 729 936 765 quod
966 729 1025 757 ait:
1057 729 1225 765 Unguentum
1249 730 1416 757 exinanitum
1441 738 1535 757 nomen
1563 734 1649 762 tuum,

864 779 1001 810 propterea
1029 775 1232 802 adolescentulo:
1250 775 1399 802 dilexerunt
1415 779 1450 808 te,
1469 780 1493 802 et
1514 780 1650 802 traxerunt

866 828 890 850 te
904 827 963 858 post
989 830 1034 855 se;
1061 823 1089 850 in
1109 822 1216 850 odorem
1240 827 1431 858 unguentorum
1446 827 1551 849 tuorum
1567 830 1652 849 curre-

43 855 120 902 tepim
141 876 177 896 te.
195 867 228 895 In
246 868 354 895 odorem
385 873 577 903 unguentorum
603 855 708 893 tuorum
723 874 812 893 curre-
829 855 851 884 Β
866 855 1069 896 ntus.Trahunt
1089 869 1122 896 ad
1149 875 1180 896 se
1201 855 1345 897 Christum
1374 867 1592 899 adolescentulm,
1614 867 1651 894 si-

43 921 97 940 ntus.
110 912 241 941 liistorica
256 914 367 949 quidem
384 913 519 948 expositio
532 913 626 940 eadem
644 920 704 947 qum
722 912 749 939 in
766 920 813 939 su-

43 959 185 992 perioribus,
214 959 351 994 percurrit
373 960 455 987 etiam
469 960 495 986 in
508 958 634 994 pratscnti
652 958 712 985 loco
725 958 812 985 donec

43 1005 79 1031 ﬁat
89 1005 170 1040 aliqua
200 1005 319 1033 mutatio
346 1013 536 1041 personarum,
558 1005 594 1032 ita
620 1004 722 1039 quippe
745 1004 812 1032 ordo

41 1050 153 1078 dramatis
166 1051 244 1086 quia
272 1051 353 1079 nobis
368 1051 396 1078 in
422 1051 473 1078 hac
494 1050 665 1086 expositione
686 1054 811 1085 receptus

41 1101 83 1129 est,
98 1096 187 1131 poscit.
200 1096 295 1124 Potest
307 1104 372 1124 sane
387 1097 414 1123 in
436 1096 479 1123 bis
500 1096 641 1131 prophetia
668 1095 724 1129 (55)
737 1102 812 1129 quaa-

42 1141 179 1169 damvideri
196 1149 227 1169 ex
242 1149 362 1177 persona
379 1148 487 1176 spensm
515 1141 622 1176 prolata
641 1141 674 1168 de
689 1140 809 1173 Christo,

41 1187 100 1221 quod
108 1186 224 1214 futurum
239 1190 314 1215 esset
328 1187 355 1214 in
384 1187 503 1214 adventu
519 1186 626 1215 Domini
639 1190 666 1213 et
686 1185 812 1213 Salvato'

42 1233 71 1259 ris
81 1232 169 1265 nostri.
184 1237 215 1260 ut
230 1240 333 1260 nomen
350 1231 409 1267 ejus
420 1232 456 1259 ita
469 1239 517 1266 per
526 1231 619 1259 urbem
631 1235 709 1258 terra;
722 1235 749 1258 et
762 1239 811 1266 per

40 1277 177 1306 universum
203 1278 339 1305 mundum
366 1277 572 1309 ditl'underetur,
593 1282 622 1305 ut
642 1277 719 1305 ﬁeret
741 1277 810 1305 odor

40 1322 162 1351 suavitatis
176 1323 201 1350 in
228 1323 306 1350 omni
332 1323 404 1357 loco,
419 1323 492 1352 sicut
514 1327 542 1350 et
554 1323 703 1359 Apostolus
718 1323 785 1351 dixit
800 1332 808 1352 :

40 1368 97 1400 Quia
113 1368 208 1396 Christi
224 1369 310 1397 bonus
322 1370 389 1397 odor
403 1377 494 1397 sumus
506 1369 535 1396 in
559 1369 632 1396 omni
649 1368 727 1400 loco;
746 1369 808 1398 alii:

22 1443 23 1448 η
38 1415 125 1448 quidem
140 1415 204 1442 odor
219 1423 255 1442 ex
265 1419 352 1442 morte
362 1416 398 1442 in~
409 1420 529 1449 mortem,
556 1415 618 1442 aliis
640 1419 728 1442 autem
743 1415 809 1442 odor

39 1459 64 1486 de
75 1461 121 1487 rita
139 1461 164 1487 in
178 1462 259 1488 vitam
278 1461 312 1488 "‘.
340 1461 367 1488 Si
390 1461 464 1489 enim
481 1461 610 1489 omnibus
625 1460 723 1489 fuisset
740 1461 808 1489 odor

863 914 973 949 quidem
994 913 1028 940 de
1042 913 1173 942 Ecclesiis
1200 913 1376 949 intelligatur,
1391 921 1451 948 qua:
1472 921 1524 940 una
1541 913 1649 948 quidem

862 964 903 988 est
918 967 981 987 cum
1005 959 1125 995 perfecta
1149 964 1200 987 est.
1226 958 1316 986 Multae
1334 967 1398 986 \ero
1417 963 1481 986 sunt
1493 959 1651 986 adolescen-

862 1004 936 1037 tulae,
960 1012 1023 1032 cum
1049 1005 1139 1032 adhuc
1167 1005 1342 1033 instruuntur
1365 1010 1392 1033 et
1420 1005 1576 1040 proﬁciunt.
1592 1005 1652 1033 Ista».

861 1057 927 1086 ergo
940 1051 1053 1078 trahunt
1066 1051 1100 1078 ad
1116 1058 1146 1079 se
1162 1050 1302 1078 Christum
1318 1059 1366 1086 per
1386 1051 1477 1085 tidem,
1493 1052 1556 1087 quia
1574 1052 1651 1079 Chri-

861 1099 931 1126 stus.
948 1094 995 1122 ubi
1010 1095 1108 1122 viderit
1129 1100 1308 1131 congregatos
1323 1095 1393 1124 duos
1410 1095 1450 1123 vel
1468 1100 1524 1123 tres
1544 1095 1572 1123 in
1600 1096 1651 1122 ΙίιΙο

862 1139 982 1167 nominis
995 1140 1049 1173 sui,
1062 1140 1138 1167 vadit
1153 1140 1228 1172 illuc,
1240 1145 1267 1167 et
1283 1145 1325 1168 est
1337 1140 1363 1168 in
1375 1141 1465 1168 medio
1478 1149 1585 1173 eorum,
1599 1141 1652 1168 [ide

860 1193 957 1214 eorum
972 1189 1076 1213 tractus
1095 1190 1122 1213 et
1149 1185 1330 1214 unanimitate
1348 1191 1523 1221 provocatus.
1541 1186 1569 1214 Si
1584 1195 1649 1213 vero

860 1232 941 1259 tertia
965 1230 1020 1267 52
1042 1231 1213 1266 expositione
1226 1231 1260 1259 de
1282 1231 1373 1258 anima
1390 1231 1510 1259 Verbum
1534 1232 1582 1260 Dei
1606 1241 1650 1261 se-

860 1281 960 1312 quente
976 1277 1090 1311 intelligi
1104 1277 1163 1304 haec
1173 1280 1288 1312 oportet,
1304 1285 1473 1312 quaecunque
1488 1277 1580 1304 anima
1593 1278 1651 1305 lue-

861 1322 1015 1350 riterudita
1031 1322 1122 1358 primo
1137 1322 1164 1349 in
1189 1321 1350 1354 moralibus,
1374 1322 1494 1350 secundo
1511 1322 1593 1350 etiam
1621 1323 1649 1350 in

859 1369 1032 1397 naturalibus
1050 1368 1210 1402 exercitata,
1232 1377 1280 1404 per
1304 1369 1349 1397 illa
1367 1370 1458 1397 omnia
1472 1378 1533 1405 qua:
1550 1370 1577 1397 in
1605 1371 1648 1398 bis

858 1415 1009 1451 disciplinis
1026 1415 1134 1444 edoceri
1148 1423 1230 1450 supra
1255 1415 1437 1448 ostendimus,
1452 1415 1512 1451 ipsa
1539 1423 1646 1443 morum

858 1460 1023 1494 emendatio,
1034 1464 1062 1488 et
1074 1459 1192 1487 eruditio
1205 1467 1309 1489 rerum.
1323 1467 1355 1486 ac
1367 1459 1488 1494 probitas
1499 1459 1650 1494 disciplina:

37 1504 63 1550 de
74 1506 158 1534 vitain
174 1507 267 1540 vitam,
285 1507 397 1539 dixisset
412 1507 505 1541 utique
519 1511 546 1534 et
569 1507 630 1534 hic:
647 1505 749 1534 Omnes
765 1506 807 1534 di-
820 1520 841 1550 ο
866 1505 952 1533 trahit
965 1505 998 1533 ad
1014 1512 1043 1533 se
1059 1503 1176 1532 Verbum
1192 1503 1250 1537 Dei,
1264 1508 1291 1531 et
1301 1503 1388 1530 libens
1405 1503 1537 1536 trahitur;
1550 1503 1649 1550 aratis-

39 1547 142 1580 lelerunt
154 1557 179 1580 te
197 1559 224 1581 et
238 1557 383 1581 traxerunt
409 1557 446 1581 te.
461 1552 515 1581 Sed
533 1561 607 1581 nunc
624 1552 673 1584 ait,
689 1553 735 1581 ubi
754 1561 805 1581 no-

38 1602 86 1623 men
103 1603 175 1628 tuum
187 1603 228 1627 est
242 1599 346 1626 factum
363 1603 530 1635 unguentum
544 1598 725 1631 exinanitum,
739 1598 807 1626 dile-

39 1649 118 1672 xerunt
133 1649 166 1676 te,
180 1639 234 1672 non
246 1645 301 1672 illa:
317 1644 421 1677 vetulze,
438 1651 470 1672 ac
483 1649 601 1672 veterem
614 1644 751 1672 hominem
766 1645 807 1671 in-

38 1689 96 1717 duce
107 1691 209 1722 animae.
235 1698 327 1726 neque
341 1698 423 1725 rugas
449 1690 591 1722 habentes,
608 1698 697 1725 neque
714 1698 807 1717 macu-

38 1735 130 1767 las,sed
146 1737 359 1765 adolescentulm
385 1737 412 1765 in
441 1742 589 1772 augmento
602 1737 705 1765 scilicet
719 1736 807 1764 aetatis

38 1786 59 1808 et
73 1782 276 1816 pulchritudinis
292 1783 389 1818 posita:
403 1783 510 1816 animae,
530 1791 591 1818 qua:
603 1791 709 1818 semper
726 1782 806 1810 inno-

38 1832 129 1860 rantur,
142 1832 168 1855 et
192 1829 225 1856 de
237 1829 285 1856 die
301 1827 329 1855 in
350 1828 422 1856 diem
447 1833 625 1862 renovantur,
649 1836 749 1856 novum
776 1835 806 1856 se

38 1871 155 1900 hominem
175 1873 321 1901 induentes
336 1873 382 1909 qui
406 1875 554 1902 secundum
585 1874 669 1902 Deum
698 1878 806 1902 creatus

37 1922 79 1944 est.
97 1918 202 1954 Propter
225 1920 297 1948 istas
321 1928 387 1955 ergo
408 1921 624 1949 adulescentulas
653 1925 679 1947 et
705 1920 732 1947 in
758 1928 807 1948 au-

37 1963 136 1995 gmenlis
150 1964 210 1991 vitm
233 1964 405 2000 profectibus
422 1966 535 2000 positas,
551 1965 703 1992 exinanivit
721 1973 749 1992 se
761 1965 806 1994 ille

37 2008 73 2040 qui
86 2014 138 2036 erat
151 2009 175 2036 in
194 2009 284 2037 fcrma
302 2009 359 2042 Dei.
375 2014 404 2037 ut
428 2011 502 2037 Iieret
521 2014 688 2045 unguentum
717 2010 808 2037 exina-

37 2052 107 2080 nitum
123 2062 216 2082 nomen
231 2055 310 2090 ejus;
325 2059 354 2082 ut
380 2063 433 2082 non
447 2055 502 2091 jam
521 2055 689 2082 inaccessam
717 2055 805 2083 lucem

36 2102 204 2128 tantummodo
217 2101 356 2129 habitaret
373 2106 397 2129 et
411 2102 438 2128 in
462 2102 548 2130 forma
563 2102 609 2128 Dei
625 2107 804 2137 permaneret,

36 2146 72 2172 sed
82 2145 192 2174 Verbum
207 2155 273 2174 caro
291 2147 376 2179 ﬁeret,
389 2155 442 2182 quo
457 2151 569 2182 possent
584 2147 643 2174 istac
651 2147 806 2175 adolescen-

859 1551 930 1579 sime
945 1551 1018 1579 enim
1031 1551 1065 1578 ad
1081 1550 1205 1579 eruditas
1231 1549 1337 1577 animas
1351 1548 1436 1581 venit,
1449 1553 1473 1575 et
1489 1548 1559 1575 trahi
1573 1555 1601 1575 se
1614 1547 1649 1574 ab

858 1599 902 1626 his
925 1597 1095 1634 indulgenter
1125 1595 1233 1631 accipit,
1249 1595 1419 1631 benigneque
1442 1594 1576 1622 concedit.
1594 1593 1648 1620 Re-

858 1642 937 1678 quiro
948 1649 1026 1675 sane.
1039 1641 1063 1670 si
1080 1641 1169 1670 solum
1184 1648 1281 1669 nomen
1305 1640 1376 1675 ejus,
1397 1639 1462 1675 quia
1478 1643 1646 1675 unguentum

858 1687 961 1716 factum
986 1691 1028 1715 est
1039 1686 1221 1720 exinanitum,
1237 1690 1342 1713 tantum
1356 1685 1446 1722 operis
1459 1685 1556 1721 egerit,
1569 1689 1597 1712 et
1611 1685 1648 1712 ita

857 1733 998 1761 suscitarit
1020 1733 1249 1764 adulescentulas.
1274 1737 1303 1760 ut
1319 1732 1410 1768 primo
1430 1732 1570 1759 traherent
1583 1738 1647 1758 enin

857 1780 890 1807 ad
906 1788 946 1812 se,
959 1785 987 1808 et
998 1779 1130 1807 habentes
1152 1787 1215 1808 eum
1233 1780 1306 1815 apud
1329 1786 1370 1811 se,
1385 1782 1514 1813 caperent
1528 1785 1649 1813 unguen-

857 1831 947 1854 torum
965 1826 1026 1861 ejus
1039 1826 1161 1860 odorem,
1178 1832 1206 1855 et
1222 1826 1317 1854 statim
1336 1828 1478 1853 currerent
1493 1828 1553 1859 post
1563 1831 1645 1857 eum;

857 1872 880 1900 si
898 1872 966 1905 haec,
982 1872 1106 1908 inquam,
1132 1872 1224 1900 omnia
1250 1871 1310 1899 solo
1337 1871 1445 1898 nomine
1468 1870 1528 1905 ejus
1551 1869 1646 1897 eiicela

857 1921 932 1950 sunt,
949 1918 1014 1953 quid
1027 1923 1108 1952 putas
1124 1917 1204 1946 faciet
1218 1919 1277 1953 ipsa
1304 1917 1364 1952 ejus
1381 1916 1552 1944 substantia?
1573 1915 1646 1948 Quid

857 1970 889 1990 ex
906 1963 952 1990 illa
968 1963 1178 1991 adulescentula:
1199 1964 1259 1991 istm
1272 1963 1391 1994 virtutis,
1408 1962 1473 1997 quid
1489 1962 1590 1997 vigoris
1604 1970 1646 1989 ac-

857 2010 969 2045 cipient,
982 2009 1004 2038 5i
1017 2017 1072 2044 quo
1084 2014 1162 2044 pacto
1184 2009 1323 2045 potuerint
1339 2008 1487 2043 aliquando
1501 2008 1534 2034 ad
1557 2008 1645 2042 ipsam

857 2055 917 2091 ejus
932 2055 1234 2091 incomprehensibilem
1247 2061 1328 2089 atque
1342 2053 1504 2081 inen‘abilem
1522 2053 1646 2080 substan-

856 2102 921 2130 tiam
937 2101 1163 2138 perveniretEgo
1179 2105 1245 2138 puto
1260 2101 1332 2137 quod
1348 2101 1370 2128 si
1387 2100 1420 2127 ad
1436 2100 1487 2128 hoc
1499 2099 1645 2135 aliquando

857 2149 1038 2183 pervenerint,
1048 2148 1104 2183 jam
1118 2156 1172 2176 non
1187 2148 1328 2175 ambulent
1350 2155 1439 2182 neque
1459 2150 1582 2177 currant,
1596 2145 1643 2172 sed

36 2192 96 2223 tulze,
112 2192 172 2219 etin
202 2193 359 2228 augmentis
383 2192 553 2227 profecturum
583 2193 679 2228 posita;
695 2194 803 2225 animae,
821 2189 844 2218 Β
858 2195 973 2222 vinculis
989 2195 1153 2230 quibusdam
1181 2194 1325 2222 ebaritatis
1341 2194 1401 2228 ejus
1417 2193 1538 2220 astricta:
1557 2192 1645 2219 adlue-

36 2243 80 2262 non
93 2237 173 2264 solum
189 2238 315 2274 diligere,
329 2238 375 2266 sed
387 2243 414 2266 et
426 2239 533 2266 trahere
546 2247 607 2266 eum
623 2239 656 2267 ad
674 2247 713 2266 se.
735 2239 803 2267 Tra-

36 2280 67 2307 hit
80 2283 145 2310 enim
161 2291 332 2318 unaqumqne
358 2284 448 2311 anima
474 2289 501 2311 et
517 2284 632 2312 assumit
647 2285 680 2311 ad
696 2292 726 2312 se
740 2284 804 2312 Ver-

35 2324 88 2352 bum
102 2326 143 2354 Dei
157 2335 205 2362 pro
219 2328 378 2364 capacitatis
392 2334 419 2355 et
430 2329 489 2356 lidei
507 2337 563 2356 suae
575 2338 714 2358 mensura.
732 2330 800 2357 Cum

34 2376 110 2398 autem
123 2374 250 2400 traxerint
261 2373 295 2400 ad
314 2381 343 2400 se
355 2373 453 2401 anima:
471 2373 589 2401 Verbum
606 2374 664 2407 Dei,
678 2379 704 2402 ct
719 2376 803 2402 sensi-

35 2414 76 2442 bus
85 2417 136 2443 suis
152 2422 231 2453 atque
244 2418 428 2446 intellectibus
441 2419 623 2452 ,inseruerint,
640 2425 666 2447 et
682 2421 802 2448 dulcedi-

856 2244 934 2267 reant
949 2240 985 2273 ei,
998 2248 1032 2268 ne
1057 2241 1129 2268 ultra
1154 2240 1314 2268 mobilitatis
1339 2238 1456 2272 alicujus
1478 2239 1550 2266 ullus
1563 2239 1589 2265 in
1603 2238 1644 2264 eis

854 2285 972 2313 resideat
983 2286 1072 2318 locus,
1097 2285 1144 2313 sed
1170 2286 1225 2312 sint
1254 2293 1316 2313 cum
1341 2293 1374 2313 eo
1396 2293 1467 2312 unus
1481 2285 1644 2319 spiritus.rt

854 2331 1024 2366 compleatur
1039 2332 1066 2358 in
1089 2331 1129 2359 eis
1144 2331 1210 2358 illud
1233 2331 1305 2366 quod
1330 2331 1460 2366 scripturn
1489 2335 1548 2358 est:
1567 2330 1642 2358 Sicut

855 2382 884 2404 tu
901 2377 982 2404 Pater
993 2378 1021 2404 in
1032 2386 1082 2411 me,
1095 2383 1120 2405 et
1141 2387 1187 2413 ego
1208 2379 1235 2404 in
1250 2383 1273 2404 te
1289 2386 1370 2404 unum
1383 2387 1485 2410 sumus,
1508 2379 1546 2404 ita
1560 2383 1583 2405 et
1597 2379 1643 2405 1'in

855 2423 882 2450 in
898 2423 972 2450 nobis
987 2431 1069 2450 unum
1095 2424 1148 2451 rint
1161 2424 1195 2452 ὀ.
1216 2423 1269 2452 Sed
1290 2431 1364 2452 nunc
1386 2424 1505 2458 interim,
1523 2429 1552 2451 ut
1571 2425 1643 2452 vide-

64 2476 81 2491 "
92 2476 109 2502 ll
123 2477 184 2505 Cor.
197 2467 287 2512 1515,
302 2477 346 2506 16.
385 2478 424 2506 ¹⁹Ι
438 2478 502 2507 Cor.
520 2487 558 2512 rx,
572 2480 617 2508 ΞΛ.
656 2480 678 2496 ¹⁰
688 2479 767 2508 Joan.
781 2490 848 2515 χιιι,
865 2482 909 2510 21.

62 2533 110 2567 (53)
129 2535 190 2563 Mss.
205 2540 289 2570 potest
301 2543 366 2562 sane
381 2535 409 2562 in
422 2536 462 2562 his
477 2537 622 2571 prophetia.
637 2536 713 2564 Libb.
726 2538 802 2571 edit.,

33 2575 124 2607 ponunt
144 2579 213 2607 sane
223 2571 250 2607 in
269 2571 528 2607 ρόρΙιειίιιιῦι-ιιεςιι
547 2572 618 2605 apud
640 2571 802 2607 Procopium

35 2602 84 2642 h.rc_
96 2610 154 2642 sunt
171 2615 179 2642 :_
194 2602 273 2642 Τάχα
288 2602 454 2642 τροφῃτεύει
470 2606 516 2632 τοῦ
532 2602 662 2642 ᾂνῦματος
673 2607 721 2633 τοῦ
729 2602 756 2633 ’Χ
763 2616 802 2642 ρι-

34 2637 144 2678 σῖῡῦίτὴν
159 2640 202 2666 τὸν
220 2637 325 2678 ηδσμοξ
342 2637 523 2678 ὴκηρώσςαςαν
538 2637 802 2678 δὺὖᾳμιγνκῗᾳτᾲῇέὴν

33 2675 111 2714 uitaui
124 2675 284 2714 nupoueiav,
308 2675 383 2714 {pars
396 2675 520 2714 γενέᾳθαι
532 2677 609 2714 ,κατὰ
621 2676 666 2703 τὸν
678 2675 800 2714 ﬂebitur“

34 2708 133 2746 ρίςμὲνς
146 2708 246 2746 όὶζμῂν
257 2710 292 2736 ἐκ
309 2708 438 2746 θανάτὸυ
448 2710 641 2746 agatis-ator,
658 2709 703 2746 οἷς
717 2711 751 2738 δὲ
766 2712 801 2738 ἐκ

33 2740 94 2781 ζωῆς
110 2744 150 2776 εἰς
165 2740 250 2781 (Mor.
323 2745 377 2780 γὰρ
390 2747 472 2772 πᾶσιν
481 2740 519 2781 ⁷ἦν
532 2747 571 2777 εἰς
582 2740 665 2781 ζωήν,
680 2740 756 2773 εἶπεν
768 2747 800 2773 ἂν

33 2776 159 2816 ἡινύμφηγ·
178 2779 228 2816 Διᾲ
251 2776 334 2807 τοῦτό
344 2776 442 2812 πᾶντες
460 2776 606 2816 ὴγᾶπηὰἇν
626 2776 670 2807 ἀε·
700 2781 757 2808 ἀλλ’
770 2781 800 2808 οὑ

35 2811 101 2843 μόνον
123 2811 151 2840 ιιι
172 2814 308 2847 νεάνιδες
333 2816 360 2841 αὶ
379 2811 513 2856 ambibat
532 2811 725 2843 dim/amittam:
756 2817 802 2843 καὶ

856 2540 894 2576 μὴ
909 2539 1017 2581 ἐχρυσαι
1030 2541 1122 2577 ῥυτιδσ,
1134 2542 1150 2577 ἢ
1162 2541 1265 2581 σπζλονῖ
1278 2541 1356 2581 Forte
1372 2542 1533 2581 vaticinatur
1543 2541 1641 2568 Clariin

854 2576 975 2612 nominis
986 2576 1120 2609 uirtutem,
1135 2585 1186 2612 qua
1198 2578 1224 2604 in
1239 2578 1294 2612 ejus
1310 2577 1424 2612 adventu
1440 2577 1545 2612 repleuit
1564 2584 1641 2602 mun-

853 2609 927 2642 dum,
942 2611 1006 2638 adeo
1022 2616 1049 2637 ut
1065 2617 1127 2639 teste
1140 2609 1225 2639 Paulo
1237 2609 1329 2646 ﬁeret:
1347 2621 1356 2637 ι
1373 2611 1440 2638 Aliis
1457 2611 1560 2646 quidem
1575 2611 1640 2637 odor

852 2652 884 2671 ea:
909 2651 992 2672 morte
1018 2647 1046 2672 in
1069 2652 1188 2676 mortem.
1215 2647 1276 2674 alii:
1303 2655 1362 2673 vero
1378 2654 1410 2673 ea:
1435 2647 1488 2673 vim
1509 2646 1535 2671 in
1559 2647 1639 2672 vitam

853 2678 884 2716 (il
898 2679 962 2716 Cor.
984 2689 1014 2712 ιι,
1034 2681 1117 2716 15).)
1137 2681 1166 2708 Si
1188 2683 1257 2708 enim
1280 2683 1381 2709 cunctis
1406 2683 1433 2708 in
1458 2682 1537 2708 vitam
1559 2687 1636 2713 esset,

851 2714 961 2742 dixisset
977 2714 1083 2750 sponsa,
1094 2715 1236 2750 Propterea
1251 2725 1339 2743 munes
1353 2717 1501 2744 dilexerunt
1527 2720 1568 2748 te;
1585 2724 1636 2743 non

850 2757 908 2775 vero
929 2750 1015 2777 solum
1039 2761 1050 2776 ι
1063 2751 1279 2783 ιιιιοίωισριιιιιιιι’;
1298 2762 1305 2775 ι
1324 2760 1382 2785 qum
1401 2752 1500 2778 scilicet
1521 2751 1637 2786 quotidie

851 2790 1017 2819 renovantur,
1032 2791 1056 2813 et
1071 2795 1121 2814 non
1137 2786 1229 2813 habent
1246 2787 1376 2813 maculam
1389 2792 1435 2814 aut
1451 2795 1551 2822 rugam.
