1892 3050
397 98 431 106 ,ια

251 133 286 160 95
757 108 937 160 ΛΟΒΙΟΕΧΙΞ
954 130 987 157 l.\'
1007 130 1027 157 (2

1082 128 1186 156 'l'ltIUM
1205 128 1342 157 CANTIC.
1840 128 1869 155 96

251 196 307 224 tur,
322 199 421 226 sponsa
443 193 607 221 con-sociatis
623 193 673 220 sibi
702 192 910 219 adolescentulis
933 191 1034 220 multis.
1055 193 1071 219 Α
1092 188 1179 216 Verbo
1196 189 1241 216 Dei
1259 189 1282 216 is
1293 189 1339 223 qui
1362 188 1395 214 ad
1417 194 1551 214 summam
1568 184 1748 220 perfectionis
1765 192 1796 211 ac
1815 185 1869 212 bea-

252 243 385 272 quantum
405 238 800 274 inposterioribusnullusesse
821 245 951 264 numerus
970 237 1038 263 dici-

253 288 307 314 tur.
323 284 357 310 ab
376 292 429 310 uno
441 284 499 311 solo
514 292 606 316 sensu,
626 285 651 312 id
664 289 705 312 est
719 285 831 311 odoratu
850 282 1037 309 tantummodo

253 334 331 362 capta
356 337 467 356 currere
491 337 520 356 se
544 329 571 356 in
593 330 701 356 odorem
723 333 921 363 unguentorum
945 327 1035 362 sponsi

251 379 462 407 commemorat;
480 375 536 402 sive
552 374 622 408 quod
639 374 696 408 ipsa
718 382 799 401 cursu
815 373 933 408 indigeat
948 373 1037 399 adhuc

250 424 278 445 ct
302 419 442 453 profectu,
467 420 524 447 sive
548 419 619 455 quod
645 420 702 454 ipsa
718 420 825 454 quidem
841 419 960 455 perfecta
983 419 1034 452 sit,

251 471 299 498 pro
318 465 359 492 his
380 469 470 492 autem
494 465 701 493 adolescentulis
715 473 777 500 qua:
801 465 890 492 adhuc
910 473 991 492 cursu
1010 471 1035 492 et

251 509 419 543 profecubus
432 511 563 545 indigent,
581 511 663 538 etiam
680 511 739 545 ipsa
756 519 784 538 se
798 519 908 538 currere
924 511 1034 544 fatetur;

251 556 322 582 sicut
335 561 360 583 et
378 557 421 583 ille
433 557 477 591 qui
496 565 557 583 cum
575 556 632 591 ipse
650 557 701 584 sub
716 558 773 592 lege
788 565 840 584 non
855 561 937 590 esset,
951 557 980 584 fit
994 562 1035 583 ta-

250 608 311 628 men
328 601 379 628 sub
392 601 457 636 lege,
476 606 505 628 ut
520 610 566 629 eos
581 603 626 637 qui
645 602 696 630 sub
714 603 771 638 lege
786 607 850 629 sunt
867 602 1033 638 lucrifaciat;

249 651 275 672 ct
292 646 388 673 iterum
405 655 466 674 eum
497 648 522 674 in
548 648 606 682 lege
624 648 658 675 sit
674 648 792 681 Christi,
818 648 860 676 his
876 653 964 675 tamen
989 649 1034 683 qui

247 693 306 720 sine
323 694 379 728 lege
395 699 459 721 sunt
481 695 510 721 lit
528 699 554 721 et
568 695 625 730 ipse
641 695 699 722 sine
717 695 790 730 lege,
812 701 841 722 ut
854 703 901 723 eos
917 695 961 730 qui
978 695 1036 722 sine

246 738 303 772 lege
322 743 386 766 sunt
401 739 498 766 salvet.
520 739 550 767 Et
565 742 616 767 hoc
633 742 671 771 fit,
687 745 717 768 ut
730 741 860 772 diximus,
875 741 933 767 solo
947 740 1035 768 adhuc

247 783 363 810 odoratu
383 783 442 818 ejus
456 788 580 819 accepto.
594 785 663 817 Quid
680 789 758 818 putas
776 789 855 820 agent
869 793 930 812 cum
945 790 971 812 et
985 793 1034 812 au-

246 828 332 854 ditum
348 837 442 855 earum
460 834 488 856 et
501 831 588 856 visum
606 836 630 857 ct
654 835 765 863 tactum,
778 836 940 866 gustumque
953 839 1035 858 occu-

248 875 352 909 paverit
371 874 489 902 Verbum
504 875 562 908 Dei,
575 881 601 903 et
613 876 727 912 singulis
738 878 890 912 quibusque
907 877 1033 904 sensibus

246 921 361 947 νὲιιιιιιεε
379 929 409 948 CX
428 929 455 948 se
469 927 653 956 competentes
672 927 775 950 natura:
790 931 882 949 earum
899 923 1033 957 capacita-

249 966 323 999 tique
345 966 510 1000 praebuerit?
527 967 563 993 ita
582 973 610 993 ut
634 968 730 994 oculus
753 968 773 994 si
800 968 889 994 videre
914 968 1033 1001 potuerit

247 1012 360 1046 gloriam
385 1012 444 1047 ejus
459 1032 466 1045 ,
484 1012 597 1048 gloriam
615 1018 743 1048 tanquam
762 1013 897 1048 linigeuiti
913 1021 928 1040 a
943 1013 1031 1046 Patre,

246 1058 318 1084 aliud
341 1058 409 1084 ultra
426 1058 481 1092 jam
498 1057 589 1085 vi-lere
611 1059 692 1092 nolit,
720 1067 806 1093 neque
832 1059 941 1086 auditus
959 1058 1032 1085 aliud

245 1111 328 1137 quant
349 1102 465 1130 Verbum
483 1103 544 1131 vitae
566 1109 593 1130 et
615 1105 711 1132 salutis
726 1105 829 1131 audire.
845 1104 895 1132 Sed
911 1109 937 1131 ct
954 1105 1032 1139 cujus

246 1157 344 1175 nntuus
363 1149 511 1182 palpavcrit
524 1149 556 1176 de
571 1149 661 1177 Verbo
677 1151 738 1177 vita:
749 1170 755 1182 ,
774 1151 840 1177 nihil
859 1151 927 1178 ultra
946 1156 1032 1178 mate-

246 1194 321 1226 riale,
337 1194 402 1220 nihil
417 1194 512 1229 fragile
527 1195 716 1231 caducumque
729 1197 859 1231 palpabit,
875 1205 924 1223 nec
936 1202 1032 1231 gustus

245 1248 306 1265 cum
334 1241 485 1274 gustaverit
509 1241 611 1268 bonum
634 1241 754 1268 Verbum
780 1241 843 1273 Dei,
867 1250 1032 1277 carnemque

242 1286 301 1318 eius
328 1290 353 1312 et
371 1294 467 1320 panem
485 1287 530 1320 qui
550 1287 583 1313 de
602 1287 672 1313 coelo
697 1287 851 1319 descendit,
878 1288 950 1314 aliud
967 1287 1032 1322 quid

244 1340 260 1365 ν
272 1336 305 1358 ist
322 1331 379 1358 lucc
393 1337 502 1366 gustare
527 1332 654 1366 patietur.
677 1331 736 1359 Prw
754 1332 896 1360 dulcedine
915 1341 1032 1368 namque

244 1376 331 1410 ipsius
343 1396 349 1407 ,
367 1381 393 1403 et
408 1377 541 1403 suavitate
562 1377 651 1405 omnis
668 1378 790 1413 reliquus
812 1379 836 1406 ei
855 1387 936 1414 sapor
953 1387 1032 1414 asper

244 1421 379 1448 videbitur
402 1427 429 1449 et
456 1431 584 1455 amarus,
609 1428 636 1450 et
662 1424 721 1451 ideo
746 1424 797 1451 hoc
818 1425 876 1451 solo
896 1430 1029 1452 vescctnr.

244 1467 357 1494 Omnem
383 1476 500 1502 namque
530 1469 691 1496 suavitatem
708 1477 899 1505 quamcunque
917 1471 1032 1506 cupierit

1091 234 1214 261 litmlinis
1228 234 1343 261 venerit.
1361 232 1438 260 Unde
1450 237 1476 259 et
1492 232 1518 258 in
1537 232 1578 258 his
1592 230 1673 265 positi
1686 230 1768 262 locis,
1785 230 1871 264 depres

1088 288 1184 307 camur
1205 280 1342 306 auditores
1371 279 1488 310 borum,
1513 282 1541 304 ut
1567 277 1731 303 mor'tilicent
1755 276 1870 303 carnales

1088 334 1196 358 sensus,
1211 333 1244 352 ne
1257 326 1321 360 quid
1337 333 1369 352 ex
1384 325 1418 352 iis
1432 331 1492 358 quae
1503 323 1630 350 dicuntur
1645 321 1800 350 secundum
1813 330 1870 348 cor-

1088 371 1162 406 poris
1175 375 1266 398 motus
1280 370 1425 405 excipiant.
1437 370 1485 397 sed
1499 369 1561 396 illos
1577 368 1726 395 diviniores
1737 367 1869 395 interioris

1088 417 1207 444 hominis
1224 417 1256 444 ad
1281 417 1339 444 haec
1354 416 1485 451 capienda
1503 421 1600 442 sensus
1617 413 1784 445 exhibeant;
1806 413 1868 439 sicut

1088 464 1217 491 Salomon
1235 464 1330 491 edocet
1353 471 1418 496 nos,
1434 463 1548 490 dicens:
1567 461 1677 488 Sensum
1701 466 1793 488 autem
1808 461 1867 487 divi-

1088 516 1149 535 num
1169 509 1321 535 inuenies“.
1339 507 1370 535 Et
1391 513 1420 534 ut
1443 507 1542 534 Paulus
1565 514 1673 542 quoque
1695 506 1730 533 ad
1749 505 1868 532 Hebraeos

1086 554 1181 582 scribit
1193 555 1214 570 ’³
1228 554 1261 582 de
1277 553 1419 588 perfectis,
1435 557 1464 580 ut
1482 561 1563 588 supra
1580 551 1811 581 memoravimus,
1829 551 1867 584 qui

1086 601 1248 629 exercitatos
1264 600 1365 627 habent
1381 607 1477 627 sensus
1493 600 1525 627 ad
1545 598 1740 626 discretionem
1760 596 1824 623 boui
1835 597 1867 622 Vt'I

1086 649 1168 681 mali;
1187 647 1334 675 ostendens
1356 654 1417 673 esse
1430 646 1457 672 in
1476 645 1586 672 homine
1601 649 1698 679 praucr
1713 643 1766 669 hos
1781 649 1868 675 corpo-

1087 701 1147 721 rcos
1162 701 1269 725 sensus,
1298 692 1418 726 quinque
1431 691 1499 718 alios
1513 689 1690 717 nihilominus
1706 688 1756 722 qui
1771 687 1867 714 excrci-

1085 738 1123 766 tio
1148 742 1319 772 qurrruutur,
1335 742 1362 764 et
1374 736 1514 763 exercitati
1530 735 1667 767 dicuntur,
1685 741 1749 761 cum
1771 733 1866 760 scilicet

1085 783 1289 818 intelligentiam
1311 790 1403 809 rerum
1428 781 1555 809 acumine
1579 782 1685 807 acriore
1709 779 1864 806 discutiunt.

1085 828 1144 856 Non
1166 829 1239 856 enim
1267 828 1451 863 perfunctorie
1467 831 1493 854 et
1515 831 1544 853 ut
1568 827 1633 853 libet
1650 825 1817 852 audiendum
1833 830 1865 850 est

1085 875 1157 908 quod
1178 874 1323 908 Apostolus
1339 874 1371 900 de
1388 872 1514 908 perfectis
1529 872 1612 903 dicit,
1631 872 1693 906 quia
1708 870 1865 897 exercitatos

1085 919 1185 947 habent
1199 927 1295 947 sensus
1309 920 1342 946 ad
1357 919 1548 946 discretionem
1565 918 1628 944 boni
1644 917 1685 943 vel
1699 917 1777 944 mali.

1119 965 1197 998 Quod
1214 971 1243 992 ut
1258 965 1359 992 clarius
1374 965 1528 995 eluccscat,
1545 971 1696 994 sumamus,
1715 962 1739 990 si
1756 961 1864 993 videtur,

1083 1011 1236 1045 exemplum
1250 1010 1284 1037 ab
1299 1010 1340 1038 his
1358 1010 1547 1044 corporalibus
1559 1009 1699 1040 sensibus,
1715 1012 1744 1034 et
1768 1008 1804 1034 ita
1823 1008 1863 1033 de-

1083 1065 1158 1083 mum
1179 1056 1271 1084 statim
1298 1056 1331 1083 ad
1350 1056 1410 1083 illos
1423 1055 1530 1082 divinos
1543 1062 1612 1089 quos
1628 1053 1771 1088 Scriptura
1786 1054 1863 1080 uomi-

1083 1105 1130 1127 uat
1157 1108 1254 1127 sensus
1277 1100 1416 1127 interioris
1431 1099 1551 1126 hominis
1566 1099 1717 1126 veniemus.
1748 1098 1776 1125 Si
1800 1099 1861 1124 enim

1083 1152 1231 1179 corporeus
1243 1144 1338 1171 oculos
1350 1144 1508 1171 exercitium
1520 1144 1594 1170 visus
1607 1144 1720 1175 habeat,
1730 1143 1806 1170 nullo
1819 1144 1858 1168 im-

1082 1192 1206 1226 pediente
1214 1192 1477 1226 obstaculo,integrc
1487 1196 1513 1218 et
1521 1191 1624 1225 absque
1633 1191 1686 1217 ulla
1698 1190 1860 1221 falsitate,rcl

1083 1238 1188 1265 colores
1195 1238 1400 1273 corporum,vel
1411 1237 1609 1272 magnitudines
1621 1237 1819 1270 qualitatesquc
1825 1236 1860 1262 de-

1083 1283 1241 1318 prehendet.
1252 1282 1318 1310 Nam
1331 1283 1353 1310 si
1365 1288 1412 1310 aut
1423 1283 1600 1318 caligine,aut
1611 1282 1661 1309 alia
1669 1282 1861 1316 qualibetintir-

1084 1330 1178 1356 mitate
1197 1329 1361 1364 impediatur
1373 1333 1511 1364 aspectus,
1524 1333 1550 1355 et
1564 1329 1676 1356 rubrum
1694 1336 1743 1363 pro
1759 1328 1827 1359 alho,
1839 1331 1859 1352 rt

1082 1376 1135 1412 43
1160 1376 1246 1403 viride
1269 1384 1318 1411 pro
1342 1376 1432 1411 nigro,
1449 1379 1496 1403 aut
1514 1379 1616 1403 rectum
1635 1380 1712 1410 putat
1736 1382 1797 1402 esse
1815 1374 1858 1400 ali-

1082 1422 1158 1457 quid,
1177 1430 1238 1449 cum
1255 1430 1368 1449 curvum
1393 1421 1421 1449 fit
1436 1426 1462 1449 et
1481 1426 1645 1453 tortuosum,
1660 1420 1875 1453 conturbabiturl

1083 1468 1142 1495 sine
1158 1468 1240 1495 dubio
1254 1467 1387 1503 judicium
1403 1467 1513 1500 mentis,
1534 1472 1560 1494 et
1580 1467 1652 1494 aliud
1670 1474 1718 1501 pro
1732 1467 1787 1493 alio
1801 1473 1856 1500 agr:-

245 1514 271 1540 in
289 1513 338 1540 hoc
352 1513 479 1546 inveniet,
494 1514 526 1541 a.l
544 1515 634 1541 omnia
652 1523 769 1550 namque
793 1520 885 1550 aptum
902 1524 931 1544 sc
945 1517 1031 1544 reddit
1044 1524 1065 1552 ο
1083 1519 1137 1541 tur.
1155 1513 1193 1541 Ita
1205 1522 1269 1549 ergo
1283 1518 1310 1541 et
1323 1513 1436 1541 interior
1451 1514 1537 1546 visus,
1552 1513 1602 1540 nisi
1619 1512 1774 1541 eruditione
1786 1516 1810 1539 et
1823 1512 1856 1536 in-

242 1564 269 1586 et
293 1559 420 1586 habilem.
448 1559 569 1594 Denique
594 1560 637 1587 his
652 1560 698 1595 qui
716 1569 749 1587 cx
766 1560 962 1596 incorruptibili
987 1570 1030 1589 se-

243 1606 316 1632 mine
333 1610 530 1640 regencrantur
541 1627 548 1639 ,
571 1606 733 1634 rationabile
747 1611 774 1634 et
793 1607 851 1635 sine
866 1607 928 1634 dolo
946 1608 1029 1635 elﬁci-

243 1657 287 1678 tur
312 1651 369 1683 lac;
398 1651 440 1678 his
464 1659 526 1678 vero
544 1652 589 1686 qui
608 1651 781 1679 iufirmautur
798 1653 825 1679 in
839 1653 939 1689 aliquo,
956 1653 1029 1681 olera

242 1705 272 1723 se
294 1697 395 1731 prmbet
421 1696 454 1723 ad
478 1697 670 1731 hospitalitatis
690 1697 837 1725 amicitiam
854 1703 881 1725 et
903 1699 1028 1733 gratiam.

243 1741 291 1769 llis
310 1750 372 1768 vero
389 1742 435 1776 qui
459 1749 508 1776 pro
533 1742 710 1776 possibilitate
726 1742 851 1770 sumendi
867 1744 1029 1772 exercitatos

244 1789 344 1815 habent
360 1796 457 1816 sensus
470 1789 503 1816 ad
521 1789 713 1817 discretionem
733 1789 797 1816 boni
810 1795 837 1817 et
853 1790 926 1823 mali,
938 1791 1028 1818 cibum

242 1842 272 1861 se
289 1835 404 1861 solidum
423 1835 565 1869 prmbet“.
583 1834 611 1862 Si
623 1835 669 1870 qui
684 1843 749 1863 vero
764 1839 828 1864 sunt
846 1836 892 1871 qui
914 1837 1030 1864 exierint

245 1881 279 1907 de
302 1881 419 1916 [Egypto
431 1902 437 1913 ,
453 1886 480 1908 et
492 1881 576 1908 secuti
595 1880 749 1908 columnam
767 1881 838 1916 ignis
858 1886 885 1909 et
908 1882 987 1909 nubis
1002 1881 1028 1908 in

240 1934 362 1954 rremum
377 1926 513 1959 venerint,
531 1927 564 1953 de
580 1926 649 1953 curio
663 1926 695 1953 ad
718 1926 779 1953 illos
800 1926 954 1959 descendit,
980 1927 1030 1953 Ini-

240 1976 335 1999 nutum
350 1976 376 1998 et
392 1971 518 1998 subtilem
540 1972 580 1999 eis
600 1972 723 2006 praebens
744 1972 833 1999 cibum
853 1973 975 2007 angelico
990 1973 1029 2000 si-

240 2019 340 2050 utilem,
359 2019 394 2045 ita
413 2022 442 2045 ut
463 2026 560 2053 panem
581 2019 739 2053 angelorum
767 2018 914 2046 manducet
932 2019 1025 2045 homo.

240 2063 326 2091 liabet
341 2069 367 2091 et
381 2064 448 2091 alias
463 2065 561 2091 multas
576 2063 601 2091 in
618 2064 765 2098 semetipso
778 2069 859 2099 atquc
871 2064 1028 2091 innumeras

238 2111 362 2138 ciborum
390 2109 557 2136 differentias
571 2129 578 2141 ,
605 2117 674 2144 quas
694 2109 804 2136 interim
829 2109 897 2143 pelle
919 2109 980 2144 quis
1000 2113 1027 2136 et

238 2162 321 2181 carne
342 2154 505 2188 ossibusque
529 2154 640 2181 indutus
654 2160 679 2181 et
693 2154 782 2181 nervis
798 2161 896 2189 capere
914 2162 966 2181 non
983 2162 1028 2189 po-

1080 1560 1185 1588 dustria
1200 1560 1281 1587 fuerit
1297 1559 1473 1591 exercitatus,
1488 1567 1542 1594 quo
1556 1567 1603 1594 per
1615 1559 1729 1586 multam
1741 1558 1855 1594 peritiam

1080 1606 1273 1634 discretionem
1287 1605 1351 1632 boni
1365 1605 1464 1632 habeat
1477 1613 1509 1632 ac
1522 1605 1596 1637 mali,
1611 1605 1657 1631 sed
1675 1604 1824 1639 ignorantia
1835 1607 1856 1629 ct

1081 1652 1218 1686 imperitia
1235 1656 1364 1686 tanquam
1378 1651 1465 1686 caligo
1479 1651 1565 1678 oculis
1578 1651 1714 1684 inciderit,
1727 1652 1855 1677 autetiam

1079 1699 1190 1726 malitiae
1207 1698 1323 1733 alicujus
1343 1698 1458 1732 languor
1475 1701 1604 1732 tauquam
1620 1697 1700 1732 lippis
1717 1697 1804 1724 oculis
1819 1704 1855 1722 ae-

1080 1746 1202 1778 cesserit,
1219 1745 1366 1772 discrimen
1380 1744 1443 1771 boni
1457 1749 1504 1770 aut
1519 1743 1581 1770 mali
1597 1743 1695 1770 intueri
1712 1744 1854 1770 nullatenus

1080 1793 1164 1826 possit
1179 1801 1185 1818 :
1200 1796 1226 1818 et
1246 1791 1307 1818 inde
1323 1791 1367 1819 fiet
1387 1795 1416 1817 ut
1434 1790 1505 1817 mala
1529 1797 1577 1825 pro
1600 1789 1679 1816 bonis
1695 1794 1770 1825 agat,
1793 1790 1852 1816 bona

1079 1845 1144 1865 vero
1159 1845 1208 1872 pro
1223 1837 1302 1864 malis
1316 1841 1434 1872 spernat.
1458 1835 1613 1863 Secundum
1636 1835 1706 1862 hanc
1723 1843 1788 1862 vero
1807 1833 1853 1860 for-

1081 1891 1152 1910 mam
1163 1891 1245 1918 quam
1261 1883 1294 1910 de
1306 1883 1364 1910 visu
1378 1883 1502 1917 corporis
1513 1882 1664 1916 animaeque
1677 1881 1852 1910 tractavimus,

1079 1932 1278 1962 consequenter
1289 1928 1371 1955 etiam
1388 1927 1421 1954 dc
1434 1926 1539 1958 auditu,
1552 1931 1579 1953 et
1594 1931 1685 1960 gustu,
1700 1931 1727 1953 ct
1738 1927 1851 1955 odoratu.

1079 1978 1207 2008 tactuque
1224 1981 1271 2008 per
1286 1973 1406 2008 singulas
1421 1981 1543 2007 quasque
1559 1973 1601 1999 sui
1625 1973 1733 2006 generis
1750 1973 1851 2000 virtutes

1079 2027 1210 2046 sensuum
1230 2019 1412 2053 corporalium
1441 2018 1562 2045 referens
1579 2018 1611 2045 ad
1631 2018 1729 2045 anima:
1747 2023 1851 2045 sensus,

1079 2073 1140 2100 quae
1156 2065 1182 2092 in
1195 2065 1310 2100 singulis
1327 2064 1449 2091 adhiberi
1465 2065 1580 2091 debeant
1594 2064 1733 2094 exercitia.
1750 2069 1852 2098 qumque

1079 2111 1176 2138 debeat
1187 2112 1342 2138 emendatio
1357 2111 1458 2146 parari,
1471 2111 1590 2139 dilucide
1605 2118 1785 2145 recognosues
1796 2107 1850 2143 (561.

1081 2156 1144 2184 llazc
1172 2161 1262 2184 autem
1291 2157 1372 2191 paulo
1399 2157 1488 2184 latiori
1519 2165 1633 2184 excessu
1662 2156 1796 2190 prosecuti
1815 2160 1852 2181 su-

239 2205 301 2227 tcst.
328 2200 378 2233 Qui
402 2205 491 2227 autem
516 2201 615 2235 dignus
634 2199 715 2227 fuerit
738 2199 826 2227 redire
840 2205 867 2227 et.
886 2208 946 2227 esse
962 2209 1023 2228 cum
1040 2200 1062 2228 D
1077 2211 1155 2235 mus,
1186 2202 1331 2230 ostendere
1365 2203 1486 2230 volentes
1523 2203 1666 2230 odoratum
1699 2209 1805 2236 sponsa:
1831 2202 1851 2225 cl

237 2245 358 2278 Christo,
372 2245 473 2280 quique
491 2245 516 2271 in
534 2253 616 2279 parvo
630 2245 716 2272 ﬁdelis
734 2245 859 2272 inventus
877 2245 1027 2273 constitue-

239 2297 283 2318 tur
295 2299 375 2327 super
396 2291 481 2318 multa
494 2311 502 2323 ,
525 2291 569 2318 ille
584 2291 703 2326 gustabit
715 2296 742 2318 et
757 2293 845 2327 capiet
860 2293 1024 2327 voluptatem

239 2337 364 2368 Domini.
391 2337 540 2371 perductus
558 2337 591 2363 ad
620 2337 709 2364 locum
735 2337 882 2373 quemdam
905 2338 952 2373 qui
976 2347 1025 2373 pro

239 2382 394 2415 hnjusmodi
411 2382 535 2409 ciborum
553 2382 639 2416 copiis
652 2386 679 2409 et
692 2383 868 2411 varietatibus
880 2405 887 2417 ,
914 2384 1025 2411 delicia-

239 2434 300 2453 rum
317 2427 473 2454 nominatur
490 2427 575 2454 locus.
594 2426 706 2462 Propter
718 2428 790 2462 quod
803 2432 829 2455 et
847 2428 873 2455 in
889 2427 961 2455 Edeu
980 2436 1026 2462 po-

237 2472 308 2499 situs
325 2472 440 2504 dicitur,
453 2474 526 2507 quod
542 2473 654 2501 delicias
681 2474 792 2501 indicat.
810 2473 848 2501 lbi
863 2475 937 2501 enim
952 2474 1025 2501 dice-

237 2523 282 2546 tur
298 2519 331 2546 ad
351 2527 432 2547 eum:
448 2519 581 2547 Delicium
597 2521 624 2546 in
641 2520 763 2548 Domino.
786 2520 962 2548 Deliciabitur
975 2528 1024 2546 an-

237 2570 291 2592 tem
311 2572 365 2592 non
382 2565 408 2591 in
428 2573 482 2592 uno
497 2566 554 2593 solo
567 2566 664 2593 edendi
679 2567 860 2601 gustandiquc
873 2573 966 2595 sensu.
977 2565 1023 2593 sed

235 2618 262 2638 et
281 2611 373 2638 auditu
388 2611 560 2638 deliciabitur
583 2616 610 2639 et
627 2612 687 2639 visu
705 2616 731 2638 et
755 2616 827 2638 tactu
855 2611 1024 2645 odoratuque

236 2657 417 2684 deliciabitur.
433 2656 461 2683 in
478 2658 589 2685 odorem
607 2665 724 2692 namque
736 2657 866 2691 unguenti
884 2657 943 2690 ejus
959 2665 1023 2684 cur-
1045 2665 1047 2667 ‘

236 2705 285 2726 ret.
309 2700 340 2727 lit
365 2701 401 2727 ita
428 2702 556 2728 omnibus
572 2702 698 2728 sensibus
724 2702 781 2729 suis
795 2701 969 2729 deliciabitur
995 2702 1021 2729 iu

273 2757 293 2771 "
308 2756 374 2784 lleb.
388 2765 413 2790 v,
430 2757 472 2784 Η.
512 2759 534 2773 ²¹
546 2757 626 2784 Prov.
648 2766 680 2791 ιι,
695 2758 720 2785 5.
760 2759 781 2773 ³³
798 2757 864 2785 lleh.
879 2767 911 2792 v,
926 2759 967 2786 Η.

1078 2248 1351 2279 adolescentularum,
1367 2255 1421 2282 quo
1446 2249 1565 2275 odoratae
1589 2253 1653 2275 sunt
1675 2248 1787 2274 οδω-ειη
1809 2253 1850 2271 un-

1077 2299 1239 2329 guentorum
1266 2294 1376 2328 sponsi,
1397 2302 1450 2321 non
1473 2294 1595 2328 corporis
1619 2301 1728 2324 sensus,
1755 2292 1800 2320 sed
1819 2291 1850 2317 div

1078 2339 1132 2365 vini
1151 2339 1243 2366 odoris
1260 2339 1332 2366 illius
1345 2343 1372 2366 et
1387 2339 1523 2366 interioris
1546 2340 1590 2373 qui
1610 2339 1761 2373 appellatur
1777 2335 1847 2365 homi-

1078 2386 1131 2417 nis,
1147 2385 1212 2413 dici.
1230 2385 1280 2412 llic
1293 2393 1356 2420 ergo
1370 2386 1538 2413 odorationis
1555 2394 1651 2413 sensus
1667 2386 1693 2413 in
1710 2394 1766 2421 quo
1779 2390 1848 2412 sanus

1076 2436 1118 2459 est
1130 2437 1157 2459 et
1174 2432 1288 2467 integer,
1307 2432 1390 2459 odore
1408 2432 1508 2460 Christi
1525 2438 1636 2468 accepto
1658 2440 1691 2459 ex
1707 2433 1761 2459 \ita
1779 2430 1848 2458 addu-

1075 2477 1112 2503 cit
1136 2477 1168 2503 ad
1195 2477 1288 2504 vitam.
1317 2476 1345 2504 Si
1370 2485 1434 2504 vero
1456 2486 1508 2505 non
1532 2479 1567 2504 sit
1591 2486 1684 2510 sanus,
1710 2478 1763 2504 hoc
1781 2477 1848 2504 odore

1075 2528 1202 2557 suscepto
1222 2523 1255 2550 de
1270 2528 1357 2551 morte
1375 2524 1401 2550 in
1421 2530 1534 2551 mortem
1550 2524 1652 2558 dejicil,
1664 2525 1811 2551 secundum
1825 2521 1849 2548 il-

1077 2567 1133 2594 lum
1154 2568 1200 2602 qui
1220 2568 1347 2595 dicebat:
1368 2569 1500 2600 Quoniam
1517 2568 1616 2595 Christi
1633 2569 1714 2596 bomu
1737 2570 1801 2596 odor
1814 2576 1848 2593 su-

1078 2621 1147 2646 mus,
1165 2613 1227 2640 aliis
1243 2614 1345 2648 quidem
1360 2614 1391 2640 de
1406 2614 1459 2640 vita
1474 2614 1499 2640 in
1513 2615 1603 2644 vitam.
1618 2613 1679 2640 aliis
1693 2619 1782 2641 autem
1797 2613 1848 2639 (κίων

1076 2659 1107 2685 de
1137 2664 1218 2686 morte
1245 2660 1273 2686 in
1299 2665 1407 2686 mortem
1431 2660 1464 2686 “.
1499 2659 1622 2695 Denique
1650 2666 1677 2687 et
1703 2661 1731 2687 hi
1765 2660 1847 2695 quibus

1076 2705 1229 2733 intellectus
1264 2706 1408 2733 herbarum
1435 2710 1477 2733 est
1503 2705 1761 2741 pigmentorumqne
1791 2704 1847 2740 peri-

1007 2760 1029 2775 “
1045 2760 1066 2787 ll
1081 2760 1142 2787 Cor.
1170 2770 1198 2792 Il,
1216 2761 1257 2793 15,
1280 2762 1318 2788 16.

271 2801 327 2835 (36)
347 2801 467 2836 fle/erepta
482 2804 515 2830 ad
530 2804 670 2833 ιιηίηιιι’....
687 2812 860 2841 recognosces.
877 2805 919 2833 Sit
945 2814 1026 2838 uiss.;
1052 2807 1112 2834 libri
1134 2816 1196 2835 vero
1215 2808 1289 2841 editi,
1318 2808 1456 2843 referemus
1475 2808 1510 2836 ad
1530 2809 1671 2836 (mirum...
1697 2813 1843 2844 recognosce“

238 2844 303 2862 νηηδ.
