1892 3050
17 123 41 150 97
681 120 779 147 LIBER
802 119 940 148 [ιιιιλιιῖδ.
1585 126 1618 152 98

18 184 52 213 tia,
71 181 159 209 ierunt
179 180 306 216 quaedam
337 188 395 208 esse
420 181 573 215 pigmenta,
602 188 718 215 quorum
756 178 777 204 si
795 180 816 207 A
834 181 1236 216 infurmaDeiesset,exinaniuit
1251 183 1429 217 semetipsum,
1453 187 1477 209 et
1500 183 1613 216 formam

17 229 106 255 olorem
134 228 260 262 ceperint
284 227 414 255 nonnulla
443 227 571 254 animalia
589 227 719 253 continuo
741 226 782 253 in-

17 277 117 304 tereunt;
133 273 187 300 alia
203 280 271 300 vero
282 272 376 300 eodem
397 271 481 300 odore
496 277 665 304 recreantur,
685 273 783 298 vitam-

17 328 55 353 que
68 319 207 353 recipiunt.
226 318 259 346 Et
272 325 344 345 nunc
356 326 420 353 ergo
433 318 459 345 in
475 318 518 345 his
530 317 595 352 ipsis
607 317 783 352 expositioni-

18 368 55 393 bus
79 371 105 393 et
128 366 307 392 sermonibus
330 372 399 399 quos
426 364 559 392 habemus
584 364 610 391 in
634 365 780 396 manibus,

17 411 103 436 videtur
120 409 180 436 aliis
197 417 260 436 esse
279 409 332 436 vita
349 416 382 436 ex
400 409 464 442 vita,
483 409 546 436 aliis
566 417 632 437 vero
650 417 726 437 mors
747 418 781 437 ex

18 457 94 479 morte.
112 451 177 479 Nam
196 453 221 479 si
242 453 298 480 ικυο
314 453 411 487 exponi
429 453 463 480 ita
485 454 577 480 audiat
596 453 721 481 animalis
735 454 781 488 qui

17 498 97 524 dicitur
116 498 209 530 homo,
229 498 275 532 qui
297 506 350 525 non
374 503 461 532 potest
481 499 621 534 percipere
638 505 665 526 et
683 500 782 526 intelli-

17 552 64 577 gens
77 551 133 578 qua:
150 548 217 570 sunt
242 544 355 578 spiritus
380 543 437 577 Dei,
463 545 585 572 irridebit
607 546 666 572 sine
679 545 780 578 dubio,

17 595 80 623 atque
92 591 179 624 inepta
191 590 252 618 haec
263 599 323 618 esse
335 596 362 618 et
373 591 464 618 inania
477 592 676 627 pronuntiabit,
688 593 782 620 dicens

17 635 102 662 μιιιιιιίθ
118 636 207 669 potius
224 644 307 670 quam
329 645 419 664 rerum
437 645 535 666 causas
551 643 577 665 et
592 639 718 674 dogmata
740 639 781 666 di-

17 682 64 706 \ina
78 682 196 708 tractari.
213 681 263 708 llis
275 689 338 716 ergo
355 683 422 710 odor
436 683 480 710 hic
494 683 599 711 Cantici
611 684 781 712 canticorum

17 725 111 751 riiicitur
124 726 156 753 de
171 733 261 753 morte
280 727 306 754 in
321 731 446 760 mortem,
465 729 569 756 scilicet
584 729 618 756 de
639 735 726 757 morte
741 730 782 756 itt-

17 772 142 803 tifclitatis,
167 772 194 798 in
217 776 333 799 mortem
357 773 452 808 judicii
479 779 506 800 et.
534 775 780 802 condemnatiouis.

18 816 178 849 Sequentibus
201 825 268 844 vero
288 818 436 852 spiritalem
456 826 566 846 sensum
592 823 619 847 et
636 820 780 852 subtilem,

835 225 900 252 serui
927 226 1025 259 accepit
1050 225 1082 253 ".
1111 226 1265 255 Exinanivit
1289 233 1379 255 autem
1399 229 1432 255 de
1454 229 1620 263 plenitudine

834 270 893 296 sine
924 270 1008 297 dubio
1042 271 1069 297 in
1104 279 1157 306 qua
1192 278 1261 300 erat.
1294 273 1333 300 llli
1356 281 1420 308 ergo
1450 274 1496 308 qui
1525 274 1620 301 dicunt

833 315 895 350 quia
922 316 953 342 de
976 316 1138 349 plenitudine
1160 318 1215 352 ejus
1242 327 1288 345 nos
1313 327 1400 346 omnes
1422 321 1570 354 accepimus
1585 320 1619 353 ¹¹,

834 361 884 395 ipsi
922 366 986 388 sunt
1019 362 1243 396 adOlESCCIllUliﬂ,
1282 372 1342 400 qua:
1372 365 1406 392 de
1432 372 1464 392 ea
1499 365 1619 400 plenitu-

833 407 896 434 dine
911 415 942 434 ex
960 415 1013 442 qua
1038 416 1067 435 se
1084 409 1128 436 ille
1145 410 1305 444 exinanivit,
1330 415 1357 438 et
1372 410 1475 438 factum
1494 416 1536 438 est
1563 420 1619 438 un-

833 456 963 486 guentum
997 453 1166 481 exinanitum
1200 462 1299 482 nomen
1329 455 1409 489 ejus,
1436 455 1617 490 percipientt-s

832 497 927 524 dicunt
948 506 954 524 :
983 497 1046 524 Post
1068 504 1092 525 te
1117 500 1144 526 in
1166 500 1271 526 odorem
1296 506 1488 535 unguentorum
1514 507 1618 528 tuorum

833 551 982 570 curremus.
1007 543 1063 571 Nisi
1088 545 1160 572 enim
1177 546 1344 574 exinanisset
1367 552 1545 581 unguentum,
1568 548 1620 574 hoc

832 595 874 616 est
894 590 1090 624 plenitudinem
1110 590 1194 617 divini
1211 590 1337 626 Spiritus,
1361 596 1388 619 et
1403 592 1575 620 humiliasset
1590 601 1619 619 se

833 642 920 668 usque
939 635 973 661 ad
996 634 1111 662 fortnam
1132 635 1214 668 servi,
1228 643 1326 670 capere
1338 644 1399 664 eum
1423 637 1515 664 nullus
1528 637 1554 664 in
1574 637 1619 664 illa

832 679 981 707 divinitatis
1001 681 1169 715 plenitudine
1182 682 1326 716 potuisset,
1348 682 1401 710 nisi
1420 683 1478 710 sola
1493 683 1619 711 fortassis

833 732 944 760 sponsa,
970 734 1019 760 pro
1037 734 1069 753 eo
1097 727 1170 762 quod
1194 728 1300 755 videtur
1322 728 1453 762 indicare,
1480 729 1544 764 quia
1566 737 1618 756 un-

832 775 961 805 guentum
978 771 1051 798 istud
1066 772 1236 799 exinanitum
1249 780 1304 799 non
1317 773 1379 805 sibi,
1397 773 1443 801 sed
1461 773 1620 801 adolescen-

836 816 900 843 tulis
923 817 1077 844 dilectionis
1099 818 1204 845 dederit
1225 825 1347 845 causam.
1373 817 1417 845 Sic
1441 819 1512 845 cnim
1531 819 1617 846 dicit:

17 867 81 895 alqui;
101 862 314 898 intelligcuribus
338 864 468 898 majorem
485 864 573 892 inesse
592 865 732 892 veritatem
755 866 781 892 in
797 855 820 882 Β
835 861 1002 897 Unguentum
1017 864 1183 890 exinanitum
1195 872 1288 890 nomen
1307 869 1391 897 tuum,
1406 870 1541 899 propterea
1553 865 1618 891 ado-

18 908 49 933 bis
63 916 115 942 qua:
135 916 188 935 non
206 909 345 943 \idcntur,
360 918 442 945 quam
459 911 486 938 in
506 911 549 938 his
568 919 629 946 qua:
645 912 781 946 videntur,

18 957 37 978 et
49 954 138 980 veriora
154 954 249 981 haberi
266 955 336 989 apud
356 955 439 983 Deum
460 957 609 984 invisibilia
626 961 653 985 et
673 958 783 992 spirita~

19 998 44 1023 lia
55 999 130 1032 magis
144 1007 228 1034 quam
246 1000 361 1027 visibilia
380 1007 407 1028 et
419 1003 581 1036 corporalia,
595 1003 782 1038 amplectenda

18 1044 63 1070 sine
74 1045 150 1072 dubio
165 1046 324 1080 ltujltsllludi
340 1047 516 1083 intelligentia
540 1049 676 1076 videbitur
692 1055 720 1077 et
740 1057 783 1077 sc-

18 1090 113 1122 qucnda.
128 1092 288 1125 Agnoscunt
303 1092 374 1119 enim
394 1093 446 1120 tale
460 1101 520 1121 esse
539 1094 720 1129 intelligenda:
742 1103 783 1122 ve-

20 1135 148 1162 r.I:tti~'itt>r
162 1145 217 1170 quo
232 1138 390 1170 pervcnitur
411 1137 443 1164 ad
461 1138 557 1165 Deum.
577 1138 630 1166 Sed
648 1140 782 1174 siquidem

19 1181 129 1207 ala-ausa
144 1181 193 1208 lidc
209 1183 246 1209 sit
261 1183 294 1214 is,
313 1183 359 1217 qui
380 1184 435 1211 haec
455 1185 536 1212 stulta
558 1184 663 1219 judicat
675 1190 702 1212 et
722 1186 783 1212 irri-

20 1226 98 1258 dt‘nda,
114 1227 174 1253 nihil
199 1228 312 1255 mirum.
334 1228 362 1255 Si
383 1237 446 1256 vero
463 1230 561 1264 aliquis
575 1238 606 1257 ex
623 1231 666 1258 his
689 1232 724 1258 sit
736 1232 782 1266 qtti

21 1279 36 1295 \I
47 1274 122 1298 itntur
135 1274 255 1307 credere,
271 1279 297 1301 et
313 1275 515 1310 Scriplutarum
533 1277 721 1304 auctoritatem
741 1286 783 1304 rc-

20 1326 100 1349 «qu-rc.
118 1327 167 1344 non
191 1324 283 1346 tamen
299 1321 393 1353 recipit
415 1321 592 1355 expositionis
607 1322 688 1356 hujus
702 1323 782 1357 spiri-

21 1363 66 1389 ιώ)
82 1364 200 1397 leniam,
224 1365 273 1392 sed
298 1366 391 1393 irridet
409 1371 435 1393 et
448 1367 570 1402 derogat.
589 1373 726 1395 tentcmus
749 1376 782 1396 ex

22 1416 66 1433 ntus
85 1408 286 1442 Scripttnarum
301 1410 368 1438 locis
389 1411 524 1439 instruere
539 1421 601 1439 eum
623 1421 654 1439 ac
670 1421 782 1447 persua-

17 1442 75 1478 Ἥρω.
93 1453 139 1485 Qui
164 1455 185 1480 si
202 1454 274 1482 forte
300 1456 399 1489 poterit
418 1457 457 1483 sic
479 1457 652 1492 resipiseere,
670 1442 703 1485 lci
720 1459 783 1486 talia

22 1499 119 1530 tundunt
149 1500 275 1527 dicamus
298 1501 331 1527 ad
353 1510 425 1535 eum,
453 1502 584 1536 scriptum
609 1508 650 1530 est
674 1513 681 1530 :
705 1503 781 1531 Prw—

23 1550 101 1576 ιεμιιιηι
118 1544 220 1572 Domini
238 1545 358 1572 [uitium
371 1546 524 1574 illuminans
542 1548 630 1574 oculos
643 1549 675 1575 ’⁵.
706 1548 781 1575 Dicat

23 1599 69 1623 van
91 1591 175 1623 nobis,
198 1593 244 1626 qui
265 1597 329 1619 sunt
345 1593 416 1619 oculi
434 1593 481 1627 qui
507 1594 696 1621 illuminantur
720 1595 781 1622 luce

25 1637 134 1670 |'l.l'L‘L‘pli.
155 1637 186 1664 Et
212 1639 313 1664 iterum
336 1647 342 1664 :
368 1638 421 1670 Q..i
445 1639 521 1666 habet
549 1648 626 1667 aures
652 1641 778 1667 audiendi

24 1681 93 1707 audiui
106 1682 136 1709 ’⁵.
150 1682 212 1715 Qui:
227 1688 294 1709 sunt
317 1691 395 1710 aures
407 1684 474 1716 istm,
493 1692 561 1719 quas
575 1685 622 1719 qui
641 1685 778 1717 habuerit,

24 1727 65 1758 ipse
82 1727 149 1754 solus
172 1729 253 1755 verba
284 1729 383 1755 Christi
410 1729 505 1756 audire
528 1729 652 1757 dicatur?
672 1730 705 1756 Et
730 1731 780 1757 ite-

24 1779 66 1797 rum
81 1781 87 1799 :
101 1773 226 1805 Quoniam
236 1774 339 1802 Christi
357 1775 439 1801 bonus
457 1776 522 1802 odor
534 1784 624 1802 sumus
634 1775 685 1802 Deo
697 1777 734 1809 ‘7;
752 1781 780 1803 et

24 1817 41 1842 iu
57 1818 108 1844 aliis
128 1828 134 1845 :
151 1819 263 1846 (instate
281 1826 304 1846 et
322 1820 404 1846 videte
420 1821 544 1855 quoniam
569 1822 657 1847 suavis
673 1826 711 1848 est
727 1821 779 1848 Do-

23 1864 90 1889 minus
102 1865 131 1891 "3.
146 1864 177 1891 Et
192 1865 259 1900 quid
277 1866 345 1892 alius
364 1867 401 1892 ait
416 1875 422 1892 :
450 1865 546 1892 Munus
564 1872 661 1893 nostra:
685 1867 781 1902 palpa-

24 1913 93 1934 rrruut
114 1909 142 1935 de
163 1911 237 1936 verbo
266 1911 324 1937 vitae
342 1910 375 1938 ".
393 1909 510 1938 Putasne
531 1912 557 1938 in
585 1912 627 1939 his
652 1913 781 1941 omnibus

24 1959 63 1978 non
80 1955 231 1990 movebitur,
251 1961 282 1982 ut
304 1956 426 1983 advertat
448 1956 504 1984 haec
529 1957 652 1985 universa
669 1966 722 1985 non
747 1959 781 1986 de

25 2000 136 2032 corporeis
161 2003 289 2029 sensibus
303 2001 385 2035 dicta,
403 2003 449 2029 sed
473 2003 507 2029 de
527 2003 570 2030 his
589 2011 659 2038 quos
681 2012 775 2031 secun-

25 2044 72 2072 dum
88 2047 237 2076 interiorem
257 2050 394 2076 hominem
416 2049 504 2076 inesse
525 2050 670 2085 unicuique
686 2050 781 2077 docui-

26 2093 85 2118 mus?
98 2094 145 2121 lllSl
159 2095 181 2121 si
204 2095 390 2122 contentionis
411 2101 438 2122 et
450 2095 587 2129 jactantiae
608 2096 675 2122 vitio
692 2096 781 2130 agitur

25 2137 59 2169 qui
75 2139 197 2172 ejusmodi
218 2146 272 2168 est.
293 2141 398 2174 Quibus
415 2141 486 2168 vitiis
508 2141 636 2175 quoniam
655 2146 682 2168 et
707 2142 781 2169 visus

26 2179 58 2206 ille
70 2181 172 2210 interior
189 2190 353 2216 excaecatur,
371 2191 397 2212 et
414 2185 544 2212 odoratus
561 2185 713 2213 occluditur
724 2206 731 2218 ,
755 2191 781 2214 ct

26 2225 148 2255 obduratur
162 2230 283 2261 auditus,
300 2231 396 2257 merito
408 2238 457 2258 nec
474 2231 564 2258 videre
575 2239 636 2266 qua:
653 2233 789 2267 spiritua-.

26 2271 52 2298 lia
64 2279 126 2306 sunt,
150 2283 198 2303 nec
213 2276 311 2303 audire
326 2280 425 2311 potest,
441 2277 486 2304 sed
503 2285 552 2305 nec
568 2278 680 2306 odorem
700 2279 781 2306 istum

26 2317 106 2346 Christi
127 2328 228 2355 capere,
257 2329 312 2356 quo
338 2330 410 2350 ntmc
434 2328 542 2358 recepto
569 2319 782 2352 adolescentulis:

27 2360 71 2389 ἰδίω
84 2364 107 2390 iu
121 2366 216 2400 quibus
233 2368 303 2394 bene
326 2375 410 2395 sanus
431 2373 457 2395 et
475 2369 567 2404 vigens
582 2374 642 2397 erat
661 2371 705 2397 hic
723 2379 782 2398 sen-

25 2414 70 2442 ius,
82 2409 105 2437 in
117 2412 220 2440 odorem
240 2418 441 2447 unguentorum
456 2415 515 2449 ejus
530 2421 646 2443 currunt
666 2421 728 2451 post
741 2417 780 2451 ip-

27 2461 82 2488 sum,
99 2465 143 2486 nec
164 2459 294 2487 deﬁciunt
316 2465 465 2494 currentes,
488 2466 536 2488 aut
558 2462 693 2495 laborant,
717 2463 780 2498 quia

27 2503 135 2532 suavitate
155 2506 245 2534 odoris
273 2507 358 2541 ipsius
382 2507 429 2542 qui
452 2512 494 2535 est
512 2507 546 2535 de
567 2508 620 2535 vita
641 2509 667 2536 in
686 2509 781 2542 vitam,

27 2547 112 2577 reiectae
124 2551 219 2586 jugiter
233 2553 415 2580 invaleseunt.

53 2593 130 2624 Potest
143 2598 229 2626 adhuc
241 2603 268 2626 et
284 2599 334 2626 hoc
353 2599 434 2626 modo
448 2599 533 2634 accipi
548 2600 620 2635 quod
637 2600 674 2627 ait
695 2610 701 2628 :
726 2600 782 2627 Un-

28 2646 125 2672 guentum
145 2645 308 2672 exinanitum
334 2653 427 2672 nomen
444 2649 528 2672 tuum.
550 2645 782 2680 Propterea_ada-

29 2687 149 2717 (mentula:
160 2691 309 2719 dilexerunt
327 2697 361 2719 te.
376 2691 536 2728 Untgenitus
551 2691 597 2719 Dei
613 2691 708 2724 Filius,
722 2700 782 2719 cum

58 2790 150 2827 ‘fPsal.
162 2803 215 2827 xix,
230 2797 257 2824 8.
299 2796 321 2812 '°
334 2795 429 2823 Matth.
448 2802 509 2827 xm,
524 2795 548 2822 9.

36 2826 88 2859 “,5,
100 2828 123 2856 Ἰ.
157 2831 176 2846 ³¹
190 2826 267 2860 lean.
290 2839 310 2863 ι,
328 2831 369 2858 16.
409 2831 431 2846 ³³
445 2831 454 2856 1
470 2826 534 2857 (lor.
551 2831 628 2863 il,16,
645 2832 688 2866 Η,
703 2831 728 2858 9.

601 2795 622 2810 ’⁷
638 2795 658 2822 ll
678 2795 732 2822 Cor
754 2805 784 2824 ιι.
802 2797 843 2824 ιδ.

770 2817 926 2858 ἶν’ξοιυςε.
947 2839 976 2863 ll,
990 2831 1016 2856 5.

835 909 982 936 lescentqu
997 909 1146 936 dilexerunt
1162 916 1195 937 te.
1215 910 1254 938 Ac
1275 911 1298 938 si
1313 911 1414 938 diceret
1428 920 1434 937 :
1453 911 1618 938 Adolescen-

834 953 896 981 tulae
913 954 1021 989 quidem
1039 960 1179 990 propterea
1194 956 1346 984 dilexerunt
1358 961 1394 989 te,
1412 956 1475 992 quia
1491 956 1618 983 exinani-

833 1001 868 1028 sti
895 1005 919 1028 te
944 1001 978 1028 de
1001 1001 1088 1029 forma
1115 1001 1174 1034 Dei,
1199 1007 1225 1030 et
1252 1002 1353 1030 factum
1380 1008 1421 1030 est
1449 1008 1617 1038 unguentum

833 1047 1002 1074 exinanitum
1024 1056 1122 1075 nomen
1136 1053 1221 1075 tuum.
1238 1047 1294 1084 Ego
1313 1053 1403 1076 autcm
1421 1057 1475 1076 non
1496 1057 1544 1083 pro
1559 1049 1619 1075 exi-

835 1091 929 1118 nanito
948 1097 1096 1126 unguento,
1119 1093 1166 1120 scd
1184 1101 1233 1128 pro
1260 1094 1317 1128 ipsa
1343 1101 1544 1129 unguentorum
1566 1094 1620 1129 ple-

834 1138 961 1165 nitudine
976 1139 1057 1166 dilexi
1075 1143 1108 1166 te.
1125 1138 1181 1166 Hoc
1196 1140 1267 1166 enim
1283 1140 1384 1167 indicat
1397 1141 1423 1167 in
1443 1148 1475 1167 eo
1492 1141 1552 1167 loco
1573 1140 1618 1166 uli

833 1183 898 1210 dicit
914 1192 920 1210 :
943 1183 1016 1210 Odor
1030 1189 1223 1219 unguentorum
1248 1190 1352 1211 tuorum
1367 1194 1444 1219 super
1459 1185 1513 1221 44
1530 1186 1619 1212 omnia

834 1233 964 1255 arentum.
980 1228 1056 1262 Quod
1074 1237 1136 1255 vero
1154 1229 1235 1256 etiam
1252 1229 1310 1264 ipsa
1328 1237 1388 1256 cum
1410 1229 1619 1256 adolescentulis

834 1281 895 1308 post
912 1274 1000 1309 ipsum
1016 1283 1044 1301 se
1061 1283 1203 1302 cursuram
1225 1276 1300 1308 dicit,
1325 1276 1394 1302 hanc
1410 1276 1452 1302 aio
1477 1283 1538 1302 esse
1558 1284 1620 1302 cru‘

834 1326 905 1351 sum,
920 1319 990 1353 quod
1005 1319 1115 1353 perfecti
1132 1319 1233 1354 quique
1251 1319 1341 1346 omnia
1355 1320 1482 1347 omnibus
1496 1320 1571 1351 liant,
1590 1326 1618 1348 ut

833 1373 928 1392 omnes
944 1365 1125 1397 lueriiaciant,
1145 1365 1214 1393 sicut
1224 1365 1279 1400 jam
1296 1373 1378 1400 supra
1393 1366 1580 1400 exposuimus.

870 1409 948 1437 Vers.
965 1411 992 1437 4.
1012 1409 1166 1437 Introduxit
1184 1419 1223 1437 nte
1241 1418 1286 1437 rex
1308 1411 1334 1437 in
1353 1411 1501 1438 cubiculum
1522 1420 1618 1442 suum,

834 1455 995 1482 exsultemus
1023 1460 1048 1482 et
1069 1455 1247 1490 jucundemur
1270 1456 1297 1482 ἱιι
1321 1461 1355 1482 te.
1381 1456 1448 1482 Cum
1474 1456 1621 1483 indicassd

835 1509 935 1535 sponso
952 1507 1002 1528 suo
1014 1509 1131 1535 sponsa,
1149 1501 1219 1534 quod
1235 1501 1443 1528 adulescentula:
1458 1501 1541 1528 odore
1561 1501 1621 1535 ejus

835 1552 918 1581 captae.
930 1551 1069 1573 currerent
1084 1551 1143 1581 post
1158 1547 1260 1581 ipsum,
1273 1554 1335 1573 cum
1349 1547 1448 1581 quibus
1460 1547 1541 1573 etiam
1557 1547 1615 1580 ipsa

834 1600 948 1620 cursura
965 1596 1045 1624 esset,
1064 1596 1093 1618 ut
1108 1593 1147 1619 eis
1162 1593 1276 1619 formam
1295 1592 1424 1627 praeberet
1436 1592 1461 1618 in
1476 1591 1616 1623 omnibus,

835 1645 907 1665 nunc
925 1638 1003 1672 quasi
1021 1636 1122 1664 laboris
1142 1637 1184 1664 sui
1202 1641 1346 1664 consecuta
1361 1637 1417 1672 jam
1436 1637 1552 1671 palmam
1572 1644 1621 1671 pro

833 1692 867 1712 eo
887 1683 959 1719 quod
978 1684 1148 1711 concurrerit
1167 1684 1358 1716 currentibus,
1387 1684 1568 1710 introductam
1591 1690 1620 1709 se

835 1731 899 1758 dicit
915 1730 949 1757 ab
964 1737 1066 1766 sponso
1081 1737 1143 1764 rege
1159 1729 1185 1756 in
1208 1730 1364 1757 cubiculum
1382 1729 1452 1764 ejus,
1473 1735 1502 1756 ut
1521 1729 1556 1755 ibi
1576 1729 1617 1754 vi-

834 1778 909 1804 deret
931 1780 1044 1803 cuuctas
1066 1783 1131 1809 opes
1159 1775 1261 1809 regias.
1282 1777 1312 1802 ιιι
1336 1783 1390 1809 quo
1408 1775 1499 1810 utique
1523 1775 1620 1801 merito

832 1822 997 1858 jucundatur
1014 1826 1040 1849 et
1054 1821 1182 1854 exsultat,
1206 1825 1298 1856 utpote
1313 1829 1373 1855 quae
1389 1826 1492 1848 secreta
1503 1820 1559 1855 jam
1577 1828 1621 1846 ι’.-

834 1869 875 1904 gis
889 1873 915 1896 et
931 1876 1030 1895 arcana
1047 1867 1225 1902 prospexerit.
1250 1866 1299 1894 llic
1314 1870 1371 1899 est,
1390 1866 1542 1894 secundum
1559 1874 1620 1900 pio-

835 1915 951 1950 posilum
968 1913 1100 1941 dramatis
1115 1913 1248 1945 ordinem,
1272 1912 1351 1947 quasi
1371 1911 1517 1938 historicus
1542 1911 1620 1938 intel<

835 1961 929 1988 hctus.
948 1959 1000 1986 Sed
1014 1960 1141 1994 quoniam
1155 1959 1234 1994 cujus
1254 1966 1296 1985 res
1312 1958 1412 1993 agitur,
1436 1957 1557 1984 Ecclesia
1579 1962 1621 1983 cst

834 2008 868 2035 ad
885 2007 1023 2034 Christum
1039 2006 1160 2039 veniens,
1187 2006 1227 2033 vel
1246 2005 1338 2031 anima
1356 2003 1445 2030 Verbo
1464 2003 1509 2029 Dei
1532 2003 1620 2029 adita“

835 2061 908 2086 rens,
930 2052 1002 2087 quod
1020 2052 1092 2078 aliud
1116 2051 1273 2079 cubiculum
1289 2050 1389 2077 Christi
1412 2054 1439 2076 et
1462 2053 1622 2083 promptua-

836 2099 905 2126 rittm
922 2098 966 2125 Dei
979 2098 1143 2125 credcndmn
1163 2102 1204 2124 est
1221 2098 1247 2123 in
1265 2104 1320 2131 quo
1338 2095 1378 2122 Vel
1398 2095 1556 2125 Ecclesium,
1579 2093 1621 2120 vel

836 2146 954 2173 animam
973 2144 1153 2171 cohaerentem
1170 2143 1222 2170 sibi
1246 2141 1410 2173 introducat,
1429 2141 1481 2168 nisi
1507 2140 1563 2174 ipse
1581 2147 1621 2166 ar:

800 2199 821 2226 ι)
836 2199 921 2218 cautis
936 2197 1032 2217 sensus
1049 2189 1108 2224 ejus
1129 2194 1156 2216 et
1173 2188 1340 2220 reconditus,
1357 2187 1457 2222 dequo
1470 2191 1496 2213 ct
1519 2185 1621 2212 Paulus

835 2237 940 2264 dicebat
963 2244 969 2262 :
990 2234 1046 2261 Nos
1063 2238 1151 2260 autem
1175 2242 1279 2260 sensum
1304 2232 1403 2259 Chriin
1428 2231 1569 2264 habemus,
1590 2236 1620 2257 ut

835 2282 949 2308 sciamus
963 2289 1022 2318 quq;
1037 2289 1053 2306 a
1069 2279 1121 2306 Deo
1135 2280 1235 2306 donata
1246 2284 1306 2305 sunt
1322 2279 1406 2305 nobis.
1424 2277 1485 2305 llec
1498 2278 1541 2304 illa
1557 2274 1629 2305 sunt"

834 2335 895 2362 qua:
916 2326 1007 2353 acutus
1023 2334 1073 2352 non
1090 2326 1164 2358 vidit,
1180 2333 1225 2352 nec
1238 2325 1311 2351 auris
1330 2325 1442 2357 audivit,
1464 2332 1509 2350 nec
1530 2324 1556 2349 in
1576 2331 1620 2349 car

834 2373 946 2400 hominis
960 2372 1141 2403 ascenderunt,
1162 2379 1219 2406 qua;
1233 2370 1391 2405 prwparavit
1421 2369 1490 2395 Deus
1515 2368 1554 2395 his
1576 2369 1621 2403 qui

836 2419 950 2454 diligunt
976 2418 1081 2444 eum".
1110 2417 1176 2444 Cum
1203 2416 1284 2450 igitur
1311 2416 1437 2442 Christus
1460 2414 1577 2442 animam
1592 2415 1619 2442 in

837 2464 1042 2498 intelligentiam
1068 2462 1109 2489 sui
1136 2469 1234 2489 sensus
1264 2461 1384 2493 inducit,
1414 2461 1440 2487 in
1464 2460 1619 2487 cubiculum

837 2509 909 2544 regis
939 2508 1091 2535 introducta
1120 2507 1238 2539 dicitur,
1273 2507 1299 2532 in
1328 2514 1378 2541 quo
1412 2510 1474 2531 sunt.
1506 2506 1622 2532 thesauri

837 2555 974 2590 supientiw
1001 2562 1032 2580 ac
1055 2553 1171 2580 scienliw
1202 2553 1262 2587 ejus
1287 2551 1482 2580 ubscotzditi"'.
1517 2551 1621 2578 Nonni-

838 2600 874 2627 hil
895 2603 984 2626 autent
1002 2606 1117 2625 vacuum
1140 2598 1247 2625 videtur
1271 2597 1343 2632 quod
1358 2605 1420 2624 cum
1437 2597 1568 2631 lmlulSSL‘l
1582 2597 1621 2622 di-

836 2653 897 2673 cere
921 2653 927 2671 :
947 2643 1098 2670 Introduxit
1114 2651 1155 2669 me
1170 2650 1287 2677 sponsus
1308 2649 1395 2675 meus,
1420 2646 1466 2669 aut
1483 2641 1622 2668 fraternus

839 2699 924 2723 mcus,
942 2694 989 2718 aut
1001 2690 1100 2723 aliquid
1114 2689 1280 2724 bujusmodi,
1296 2694 1323 2715 ut
1334 2689 1359 2716 ei
1375 2688 1459 2715 moris
1473 2693 1534 2720 est;
1549 2696 1621 2715 nunc

899 2796 920 2811 ’⁸
942 2795 1014 2821 ΡδιιΙ.
1037 2803 1127 2825 xxxiv,
1145 2794 1170 2821 8.
1221 2793 1243 2808 "
1259 2794 1267 2819 l
1282 2792 1360 2820 Joan.
1377 2800 1396 2826 I,
1416 2793 1442 2820 1.
1480 2790 1627 2827 ³⁰Ριιὶ1ἰ[ιι).
