1892 3050
256 133 289 157 ιιτι

255 190 319 224 quia
339 189 495 218 cubiculum
512 190 619 218 dictura
637 195 706 224 erat,
734 191 805 225 regis
820 191 919 217 dixerit
932 190 1045 217 cubicu-

257 235 323 267 lum,
338 240 365 263 et
386 244 439 263 tton
463 237 537 264 aliud
557 245 655 264 nomen
681 238 812 272 posuerit,
837 237 862 263 itt
881 245 936 271 quo
954 240 1046 271 posset

259 281 383 309 fortassis
399 281 499 317 aliquis
512 283 593 310 etiattt
608 283 752 310 mediocris
770 282 891 316 intelligi.
915 281 968 309 Sed
987 289 1048 316 pro-

259 333 349 362 ptcrea
365 328 485 355 arbitror
498 329 524 356 ιιι
543 329 584 356 bis
601 337 690 363 regem
715 328 896 361 nominatum,
912 332 941 355 ut
959 334 1048 356 osten~

259 373 367 400 tlet'etur
382 381 429 408 per
446 374 496 401 ltoc
514 381 612 400 ttomen
628 373 759 408 praedives
771 374 938 406 cubiculum,
953 378 1047 409 utpote

259 419 376 453 regiut'n,
392 424 419 446 et
433 419 527 446 multis
542 424 623 454 atque
638 420 779 447 immensis
791 420 890 454 opibus
903 421 1045 454 repletum.

260 465 348 500 Prope
366 467 437 494 hunc
452 468 565 494 omnino
589 466 655 493 tttilti
672 466 779 493 videtur
797 466 880 494 fuisse
895 470 923 493 et
936 466 980 493 ille
1000 467 1046 502 qui

258 512 327 538 dixit
343 517 448 547 raptum
473 521 501 540 se
516 520 575 540 esse
596 520 682 546 usque
699 512 732 538 ad
750 513 858 539 tertium
881 512 999 546 cmlum,
1021 518 1048 540 et

260 558 322 585 inde
336 558 361 585 in
378 558 544 593 paradisum,
559 562 585 585 et
600 559 711 585 audisse
728 558 809 584 verba
825 557 972 585 ineffabilia
987 565 1048 591 qua:

259 608 313 627 non
328 601 389 627 licet
402 601 503 628 homini
519 602 592 636 loqui
605 601 638 629 ”.
654 601 723 634 Quid
742 602 815 628 enint
831 609 909 636 putas
922 610 984 630 esse
1001 602 1046 630 illa

258 647 339 673 verba
351 655 411 681 quae
419 647 541 675 audivit!
555 647 673 675 Nonttca
687 656 747 683 rege
755 648 872 675 audivit?
888 648 920 676 Et
931 649 958 676 in
970 649 1048 676 cubi-

257 692 333 723 culo,
349 696 376 720 et
390 700 471 728 prope
483 693 641 720 cubiculum
655 694 759 728 positus
770 693 934 722 audivit?Et
946 703 1024 722 erant
1038 716 1046 728 ,

256 737 350 770 credo,
373 737 417 764 illa
435 738 517 764 verba
536 738 600 765 talia
619 738 754 772 quaedam,
783 746 845 773 qum
872 739 1048 767 hortarentur

256 790 319 809 eum
347 783 380 809 ad
408 783 539 817 majorem
569 783 741 818 profectum,
766 789 792 812 et
809 785 997 819 promitterent
1022 786 1046 813 ei

257 829 331 862 quod
349 829 371 855 si
387 834 573 862 perseveraret
588 837 675 864 usque
690 830 716 857 ιιι
734 831 827 864 linem,
840 835 865 858 et
883 831 940 866 ipse
956 837 1047 866 posset

258 874 362 901 intrare
382 875 551 908 cubiculum,
570 876 720 903 secundum
740 877 811 904 istud
827 878 900 911 quod
923 886 970 912 per
987 886 1047 913 pro-

258 922 368 955 phetam
382 928 490 956 quoque
505 922 673 957 promittitur
687 931 694 950 :
709 922 781 949 Dabo
794 924 842 950 tibi
856 925 992 952 thesauros
1001 925 1047 951 ob-

258 974 361 997 scuros,
379 966 506 999 occultos,
526 968 682 995 invisibiles.
698 970 821 1003 Aperiunt
836 970 884 997 tibi
902 976 929 997 ut
952 979 1048 1006 cogno-

257 1021 317 1039 scas
339 1013 401 1047 quia
424 1021 470 1048 ego
494 1022 552 1040 sum
575 1013 703 1041 Dominus
721 1014 791 1042 Deus
815 1020 875 1042 tuus
890 1016 935 1050 qui
958 1017 1047 1044 vocavi

258 1065 351 1085 nomen
375 1063 448 1085 tuum
469 1058 556 1086 Israel
575 1060 607 1087 ³⁸.
631 1059 753 1088 Currunt
768 1069 833 1097 ergo
857 1062 1047 1090 adolescentu-

258 1104 291 1131 Ικ
320 1109 379 1139 post
407 1105 514 1140 ipsum,
549 1111 576 1134 et
602 1106 629 1133 in
667 1107 778 1135 odorem
807 1108 884 1143 ejus,
918 1117 1048 1144 unaquae-

257 1158 310 1184 que
333 1154 423 1178 tamen
446 1160 494 1186 pro
512 1152 626 1184 viribus,
646 1152 698 1180 alia
714 1153 822 1187 quidem
846 1153 975 1186 velocius,
994 1154 1047 1182 alia

258 1195 339 1229 paulo
352 1197 466 1230 tardius,
486 1198 538 1225 alia
555 1198 638 1225 etiam
651 1197 766 1227 inferius
777 1199 884 1227 exteris
899 1204 927 1227 ct
939 1201 1045 1234 ultimo,

258 1241 310 1268 alia
327 1243 416 1277 primo
433 1243 504 1271 loco.
523 1243 717 1272 Verumtamen
734 1250 850 1273 currunt
868 1253 981 1278 omnes,
1001 1248 1047 1274 sed

257 1295 311 1314 una
329 1293 370 1315 est
397 1288 528 1323 perfecta,
552 1297 614 1324 quae
639 1290 727 1318 currit
746 1291 786 1318 sic
803 1296 832 1318 ut
850 1291 1002 1326 perveniret
1022 1296 1049 1318 et

257 1332 317 1359 sola
334 1333 470 1368 acciperet
487 1334 617 1368 palmam.
635 1333 698 1362 Sola
713 1335 787 1362 enim
812 1339 856 1363 est
875 1343 937 1371 qute
957 1337 1023 1364 dicit
1040 1346 1047 1364 :

260 1377 415 1406 Introduxit
437 1387 476 1406 me
494 1388 540 1407 rea:
563 1380 589 1406 in
611 1379 762 1408 cubiculum
785 1389 880 1415 suum;
896 1390 958 1409 cum
973 1383 1049 1418 prius

261 1431 314 1449 non
330 1423 363 1451 de
379 1431 408 1451 se
423 1424 493 1457 sola,
510 1425 556 1452 sed
581 1426 615 1453 de
631 1425 756 1461 pluribus
770 1426 895 1461 dixisset,
910 1433 968 1462 post
986 1433 1010 1456 te
1020 1429 1048 1456 in

258 1467 364 1495 odorem
379 1474 570 1505 unguentorum
585 1476 691 1498 tuarum
706 1480 850 1500 eurremus.
866 1473 1050 1502 lntroducitur

259 1523 324 1550 ergo
344 1515 370 1542 in
390 1516 547 1544 cubiculum
567 1517 650 1552 regis,
667 1522 695 1545 et
706 1518 822 1546 eliicitnr
835 1520 938 1553 regina,
953 1525 980 1548 et
991 1519 1048 1556 ipsa

259 1565 301 1588 est
315 1561 349 1589 de
364 1569 417 1596 qua
439 1563 540 1590 dicitttr
555 1572 562 1590 :
586 1562 685 1599 Regina
700 1565 787 1591 astitit
803 1574 818 1591 ιι
834 1564 935 1593 dextris
957 1565 1008 1594 tuis
1022 1567 1048 1594 ia

259 1611 353 1633 vestitu
385 1607 532 1641 deaurato,
564 1608 729 1636 circumdata
756 1610 928 1637 varietatibus
950 1609 983 1638 ".
1013 1609 1050 1639 De

262 1653 303 1680 his
341 1657 431 1680 autem
465 1653 676 1683 adolescentulis
702 1663 764 1691 quat
790 1660 850 1690 pust
883 1657 969 1692 ipsam
1002 1665 1050 1685 cu-

261 1703 417 1732 currerant,
433 1703 460 1726 et
476 1700 571 1734 procul
585 1700 619 1727 ab
632 1709 663 1728 ea
681 1700 708 1728 in
729 1701 796 1736 ipsis
813 1703 939 1729 currendi
953 1703 1050 1738 spatiis

263 1749 463 1778 remanserant,
477 1745 579 1773 dicitur
592 1755 598 1773 :
615 1746 789 1774 Adducentur
800 1747 856 1783 regi
866 1749 977 1783 virgines
991 1753 1050 1784 post

260 1797 329 1822 eam,
347 1791 476 1824 proxima:
486 1791 543 1826 ejus
557 1792 722 1820 adducentur
739 1793 786 1820 tibi
800 1802 809 1820 :
835 1794 1008 1822 Adducentur
1023 1795 1050 1822 in

261 1836 355 1862 laetitia
385 1840 409 1863 et
442 1837 640 1870 exsultatione.
674 1838 833 1865 inducentur
861 1839 889 1866 in
921 1841 1047 1875 templum

263 1881 330 1916 regis
345 1881 378 1909 ".
407 1881 459 1909 Sed
485 1887 512 1909 et
535 1883 600 1910 illud
624 1883 706 1910 etiam
730 1883 757 1911 in
782 1884 834 1912 hoc
851 1884 991 1912 advertere
1007 1886 1052 1913 de-

262 1927 374 1958 bemus,
390 1927 462 1962 quod
483 1928 555 1955 sicut
569 1936 615 1955 rex
632 1929 713 1957 habet
735 1930 891 1957 cubiculum
913 1930 1049 1966 quoddam

262 1973 288 1999 in
309 1974 381 2008 quod
399 1974 520 2009 reginam
538 1975 595 2002 sive
617 1983 746 2010 sponsam
773 1984 851 2004 suain
877 1977 1049 2005 introducit:

263 2019 300 2045 ita
321 2018 399 2046 habet
415 2023 442 2046 et
466 2027 565 2054 sponsa
582 2029 662 2048 suum
680 2021 836 2049 cubiculum
859 2022 885 2049 in
900 2023 973 2057 quod
996 2030 1052 2050 mo-

263 2069 340 2090 netur
357 2071 403 2099 per
418 2063 537 2092 Verbum
554 2064 602 2092 Dei
620 2065 742 2100 ingressa
757 2066 884 2094 claudere
897 2066 1010 2098 ostium,
1025 2071 1052 2093 ct

263 2110 300 2136 ita
316 2109 454 2137 conclusis
471 2110 524 2138 illis
537 2111 667 2138 omnibus
689 2111 794 2138 divitiis
815 2111 874 2139 suis
895 2112 965 2138 intra
986 2111 1052 2138 illud

264 2155 421 2182 cubiculum
438 2163 517 2183 orare
538 2163 601 2183 eum
623 2157 671 2191 qui
687 2156 802 2183 videtin
824 2156 986 2184 abscondito
998 2177 1005 2189 ,
1025 2161 1053 2184 et

264 2202 394 2237 perspicit
408 2206 525 2236 quantas
537 2209 613 2236 opes,
626 2202 709 2229 animi
722 2202 827 2230 scilicet
841 2202 967 2234 virtutes,
980 2202 1051 2230 intra

262 2247 420 2274 cubiculum
436 2254 517 2274 suum
534 2254 634 2282 sponsa
651 2246 814 2281 condiderit,
839 2251 869 2274 ut
883 2248 977 2276 videns
993 2248 1054 2284 ejus

263 2292 374 2319 divitias
399 2291 444 2319 det
459 2292 483 2319 ei
501 2292 644 2327 petitiones
666 2300 741 2320 suas.
760 2293 840 2319 ()mnt'
861 2293 934 2320 enim
948 2293 1054 2321 [tabenti

262 2339 374 2366 dabitur
382 2338 415 2365 ³⁷.

299 2384 379 2417 Quod
394 2388 484 2411 autent
498 2384 536 2411 ait
549 2393 556 2411 :
572 2384 742 2412 Exsultemus
756 2390 781 2412 et
787 2385 965 2420 jucundemur
976 2386 1003 2413 in
1017 2391 1051 2417 te.

266 2429 374 2455 videtur
404 2436 438 2456 ex
471 2436 587 2464 persona
617 2429 882 2458 adolescentularum
911 2431 981 2465 dici,
1011 2431 1054 2459 vel

302 2487 325 2503 ³³
337 2486 357 2513 ll
370 2487 433 2514 Cor.
451 2495 500 2518 xtl,
521 2488 546 2514 Α.

304 2544 360 2579 (57)
383 2544 536 2579 Diligentus,
553 2549 605 2572 etc.
624 2544 712 2572 Verba
733 2545 827 2572 Grzeca
844 2545 884 2572 sic
901 2553 1053 2579 repraesen-

267 2584 307 2607 tat
325 2580 473 2613 Procopius
496 2589 502 2606 ι
525 2580 731 2614 Ἁγαπήσομεν
743 2581 880 2614 μαστούς
896 2588 954 2606 trav
978 2580 1053 2614 ὑπὲρ

266 2614 364 2642 olror'
393 2615 486 2649 ἤγουν,
505 2616 536 2650 εξ
546 2615 592 2640 καὶ
614 2615 661 2641 νῦν
682 2615 715 2641 δι’
730 2615 872 2650 ἀςοένειαν
901 2615 971 2650 ᾠπὲρ
991 2616 1054 2650 τοὺς

269 2652 332 2681 σοὺς
345 2646 506 2684 ἁγαὲέῶμεν,
521 2646 661 2684 ὦνυμφίε,
680 2649 726 2675 τὸν
741 2647 812 2675 οἶνον
826 2650 889 2684 ὅταν
901 2646 1052 2684 patimur},—

271 2694 329 2719 μεν,
346 2685 415 2719 ὑπὲρ
426 2683 518 2711 τόῧτον
532 2683 629 2716 αὑτὸὺς
645 2684 835 2718 ἀγαπήσομεν.
852 2683 928 2716 om;
942 2685 993 2719 μὲν
1005 2683 1052 2711 οὖν

268 2719 421 2754 εὐφραίνων
443 2719 565 2754 νεάνιδας
581 2719 616 2745 τὰ
637 2719 749 2754 νομιχά·
767 2720 783 2753 ἡ
802 2719 830 2745 δὲ
849 2719 983 2754 τελειότης
1003 2720 1051 2747 τοῦ

268 2753 383 2788 νυμφίου
398 2754 504 2788 parci.
519 2753 583 2780 Εἶτα
597 2755 636 2784 εἰς
649 2753 796 2787 ἀπολογίαν
811 2754 856 2780 τοῦ
876 2754 912 2789 μὴ
924 2755 973 2789 ἤδη
984 2756 1052 2788 ἀγα-

270 2791 324 2823 πᾷν
339 2797 429 2822 φησιν·
438 2789 573 2821 Εὐθὺτης
588 2788 727 2822 ἠγάπησέ
737 2796 774 2815 σε
782 2797 788 2803 ⁸
797 2790 876 2823 ἡμεῖς
885 2788 912 2815 δὲ
921 2788 998 2816 οὔπω
1005 2791 1054 2821 τὰς

270 2823 374 2849 ἑαυτῶν
394 2824 505 2858 πθρεῐις
525 2824 632 2855 εὐθείας
655 2824 850 2859 ἐποιησάμεθα.
880 2834 888 2850 ι
911 2825 1054 2859 Diligentus

586 2487 608 2503 "
622 2487 672 2515 lsa.
681 2496 743 2521 XLV,
771 2489 798 2516 5.

805 129 967 157 ORIGENIS
991 128 1024 155 IN
1044 127 1221 155 CANTICUM
1240 127 1379 156 CANTIC.

1822 129 1861 157 100

1060 195 1081 222 Α
1096 189 1258 224 optantium,
1283 193 1310 216 et
1334 188 1483 223 petentium
1498 195 1512 215 a
1529 196 1642 223 sponso,
1658 193 1687 216 ιιι
1704 190 1862 223 quemadmo-

1097 236 1160 262 dum
1177 243 1275 269 sponsa
1288 239 1435 262 consecuta
1448 239 1490 262 est
1502 243 1563 270 qua:
1578 235 1697 269 perfecta
1713 241 1785 266 sunt.
1795 241 1818 262 et
1827 244 1863 263 et-

1097 280 1191 310 sultat.
1210 279 1246 306 ita
1266 280 1331 314 ipsa:
1343 279 1399 314 jam
1415 287 1495 306 suout
1515 280 1627 314 implere
1651 288 1765 307 cursum
1786 286 1807 307 ct
1820 289 1864 315 per-

1098 326 1191 352 venit-c
1217 333 1303 360 usque
1329 325 1362 352 ad
1381 326 1451 360 regis
1476 326 1632 352 cubiculum
1658 330 1818 359 mereantur,
1842 332 1864 353 ut

1098 372 1248 405 perspectis
1273 375 1300 397 et
1327 371 1433 398 intuitis
1454 371 1582 398 otttnibus
1600 372 1643 398 itis
1667 372 1700 399 de
1717 373 1812 406 quibus
1830 373 1864 399 illa

1098 417 1238 452 gloriatur,
1255 417 1336 444 etiam
1357 417 1422 452 ipste
1438 418 1576 445 exsultent
1593 418 1664 445 sicut
1677 423 1704 445 ct
1720 419 1776 450 illa,
1792 423 1815 446 et
1832 419 1865 453 jn-

1097 464 1251 491 cundcntur
1273 464 1299 490 in
1314 472 1357 491 eo.
1372 463 1420 491 Vel
1432 465 1513 491 ctiam
1533 465 1565 491 ad
1589 472 1720 499 sponsam
1742 471 1825 500 potest
1835 466 1865 492 di-

1098 514 1170 537 ctunt
1190 510 1274 537 rideri
1296 510 1331 537 ab
1355 510 1566 538 adolescentulis
1589 511 1834 546 congratulantibus
1849 512 1865 538 ei

1098 560 1124 583 et
1141 556 1361 590 promittentibus
1377 556 1597 591 petentibusque,
1617 560 1646 583 ut
1660 557 1866 592 participcsliant

1097 602 1290 630 exsultationis
1306 602 1365 637 ejus
1378 606 1404 628 et
1415 601 1523 628 laztitiae.

1136 647 1213 675 Vers.
1228 648 1256 675 4.
1271 647 1416 682 Diligemus
1429 647 1508 674 ubera
1520 651 1566 674 tua
1579 655 1657 682 super
1667 648 1767 675 vinum.
1779 647 1866 683 Sponsa

1098 693 1218 727 quidem,
1236 698 1378 728 postquam
1392 694 1484 720 oscula
1499 694 1600 721 meruit
1615 694 1648 721 ab
1663 694 1723 729 ipso
1735 694 1822 728 sponsi
1832 702 1868 721 ore

1098 739 1236 773 suscipere
1267 743 1295 766 et
1325 739 1455 766 uberibus
1477 739 1537 774 ejus
1555 739 1674 774 perfrui,
1690 739 1728 766 ait
1748 739 1781 766 ad
1796 747 1866 766 eum:

1097 784 1173 811 Bona
1196 788 1257 810 sunt
1278 783 1358 810 ubera
1380 789 1425 810 tua
1450 792 1527 818 super
1552 785 1649 811 riuum.
1669 785 1868 812 Adolesccmula!

1098 837 1163 857 vero
1174 837 1235 864 quae
1246 829 1365 856 nondum
1372 830 1407 857 ad
1423 830 1447 857 id
1460 830 1635 858 beatitudinis
1648 836 1779 861 venerant
1797 839 1868 866 neque

1062 867 1084 894 Β
1098 882 1232 902 summam
1248 874 1422 909 perfectionis
1435 879 1606 910 acceperant,
1619 884 1706 911 tthue
1720 877 1771 904 usil
1786 882 1869 911 etope-

1098 921 1175 947 ribus
1197 920 1302 948 fructus
1328 920 1456 955 perfecta:
1478 921 1618 949 charitatis
1637 921 1829 956 expleverant,
1848 928 1869 948 ιιι

1098 966 1176 1001 quasi
1192 971 1310 1002 expertae
1337 967 1548 1001 pronuntiarent
1571 967 1702 995 uberibus
1715 968 1796 1003 ejus,
1817 969 1869 1003 quia

1098 1013 1168 1040 bona
1182 1017 1255 1046 sunt,
1271 1012 1393 1040 videntes
1407 1016 1498 1040 tamen
1513 1013 1788 1047 sponsam‘delectari
1803 1019 1825 1041 et
1838 1023 1867 1040 re-

1099 1061 1141 1088 fici
1150 1069 1182 1088 ex
1196 1061 1324 1088 uberibus
1332 1060 1437 1095 sponsi,
1448 1068 1480 1087 ex
1491 1060 1612 1088 fontibus
1631 1061 1734 1088 scilicet
1746 1061 1869 1096 sapientia

1098 1111 1125 1134 et
1136 1106 1256 1134 scientia:
1264 1102 1324 1141 qua!
1332 1106 1365 1133 de
1377 1106 1507 1133 uberibus
1515 1106 1574 1141 ejus
1581 1106 1679 1139 ﬂuunt,
1689 1111 1715 1134 et
1727 1108 1822 1142 poeula
1830 1115 1867 1133 cce

1098 1152 1173 1180 lcstis
1188 1152 1318 1179 doctrina:
1333 1157 1472 1179 sumentes
1482 1157 1611 1187 tanquam
1621 1152 1781 1180 imitatrices
1796 1152 1869 1187 perle-

1099 1196 1197 1224 ctionis
1206 1196 1265 1231 ejus
1274 1200 1301 1223 et
1315 1196 1502 1224 desiderantes
1516 1197 1617 1224 eisdem
1629 1198 1752 1232 vestigiis
1763 1197 1872 1224 incedere

1099 1244 1272 1278 promittunt,
1285 1243 1430 1270 etdicttut:
1445 1242 1591 1277 Diligemus
1600 1242 1738 1278 (57)ub¢ra
1751 1249 1796 1271 tua
1808 1251 1872 1277 super

1099 1289 1155 1325 45
1172 1289 1271 1322 riuum,
1287 1288 1312 1315 id
1327 1293 1378 1320 est,
1395 1295 1444 1315 nos
1465 1288 1574 1323 quidem
1595 1288 1715 1315 nondum
1739 1289 1766 1316 in
1786 1290 1809 1316 id
1823 1297 1873 1324 pcr-

1100 1334 1224 1362 fectionis
1245 1334 1430 1366 ascendimus,
1446 1339 1475 1360 ut
1492 1334 1548 1368 jam
1570 1334 1715 1369 diligamus
1740 1335 1820 1362 ubera
1835 1339 1872 1361 tua

1099 1381 1161 1416 plus
1172 1388 1253 1416 quam
1267 1381 1376 1411 vinum,
1401 1379 1444 1407 vel
1471 1384 1543 1407 certe
1563 1380 1644 1407 ubera
1668 1385 1713 1407 tua
1742 1388 1802 1415 quae
1822 1385 1873 1408 sunt

1100 1434 1182 1462 super
1196 1427 1289 1453 vinum
1307 1426 1434 1462 (utroque
1448 1425 1520 1453 enim
1537 1426 1618 1453 ntodo
1638 1433 1737 1453 sensus
1761 1431 1830 1453 stare
1843 1426 1874 1451 ιι-

1100 1472 1236 1506 debitor);
1255 1471 1376 1507 gerimus
1398 1476 1487 1498 tamen
1513 1478 1599 1506 spem,
1615 1476 1708 1506 utpote
1730 1472 1874 1499 adolescen-

1100 1518 1174 1551 tolze,
1192 1518 1218 1545 in
1234 1517 1260 1546 id
1273 1517 1361 1545 aetatis
1379 1517 1522 1553 proﬁcere,
1540 1524 1594 1551 quo
1610 1517 1748 1551 possimus
1771 1525 1823 1544 nou
1839 1524 1873 1544 so-

1100 1564 1156 1591 lum
1170 1563 1245 1599 pasci
1260 1567 1287 1590 et
1300 1563 1335 1590 ali
1347 1571 1380 1590 cx
1398 1562 1528 1590 uberibus
1543 1560 1622 1589 Verbi
1641 1561 1699 1595 Dei,
1715 1562 1764 1589 sed
1780 1567 1806 1589 et
1825 1561 1875 1588 dili-

1100 1616 1163 1645 gere
1187 1608 1317 1635 alentem.
1338 1608 1399 1635 Ista‘
1421 1611 1485 1634 sunt
1500 1611 1591 1634 autem
1614 1606 1833 1639 adolescentulze,
1852 1610 1875 1630 ιιι

1100 1662 1172 1689 saepe
1180 1654 1237 1689 jant
1256 1654 1385 1685 diximus,
1402 1653 1510 1685 animm,
1526 1660 1587 1687 qua:
1599 1651 1695 1687 primis
1710 1656 1738 1678 et
1755 1652 1832 1679 initio
1844 1658 1876 1677 n-

1100 1700 1220 1727 lcntibus
1242 1699 1443 1727 eruditionibus
1466 1698 1592 1726 videntur
1615 1697 1745 1730 imbutae,
1765 1704 1792 1726 et
1816 1697 1876 1724 velut

1100 1748 1164 1775 vino
1179 1747 1296 1783 quodam
1317 1747 1468 1778 laetificatm,
1490 1745 1661 1772 institutione
1680 1749 1804 1772 ttttorum
1819 1745 1876 1771 dun-

1101 1799 1186 1826 taxat,
1203 1798 1417 1827 curatorumque
1437 1797 1464 1819 ct
1478 1791 1628 1826 paulagOgi,
1647 1795 1741 1825 utpote
1759 1790 1875 1825 par-ruite.

1100 1845 1127 1867 et
1142 1847 1202 1875 qua:
1220 1839 1350 1866 baberent
1371 1838 1479 1873 quidem
1501 1836 1527 1864 in
1544 1837 1646 1864 viribus
1669 1844 1766 1864 amare
1782 1838 1878 1865 vimmt,

1101 1893 1155 1913 non
1178 1891 1267 1912 tamen
1294 1885 1425 1911 haberent
1446 1885 1472 1911 in
1492 1888 1581 1915 actate,
1607 1888 1636 1910 ut
1658 1890 1754 1910 amore
1776 1883 1876 1910 uberum

1101 1931 1194 1966 sponsi
1210 1930 1312 1957 moveri
1324 1935 1370 1956 aut
1385 1929 1498 1956 excitari
1513 1933 1634 1964 possent.
1653 1927 1705 1955 Sed
1719 1928 1766 1955 ubi
1780 1926 1877 1954 advenit

1101 1977 1241 2013 plenitudo
1264 1982 1435 2010 temporum,
1458 1978 1485 2002 et
1507 1975 1633 2002 Christus
1657 1974 1684 2001 in
1707 1974 1750 2001 eis
1777 1972 1878 2008 profecit

1101 2029 1179 2052 atate
1199 2029 1226 2051 et
1252 2023 1395 2059 sapientia,
1413 2027 1439 2049 ct
1458 2022 1515 2056 jam
1542 2021 1643 2048 sentire
1667 2021 1805 2054 cu‘pcrint
1825 2018 1878 2054 quid

1101 2070 1158 2097 sint
1180 2071 1262 2097 ubera
1286 2069 1391 2103 sponsi,
1412 2075 1526 2101 quicque
1549 2066 1576 2093 iu
1597 2067 1639 2093 Itis
1654 2065 1788 2102 perfectio
1811 2064 1878 2092 Verbi

1103 2115 1162 2148 Dei,
1184 2120 1212 2142 et
1237 2114 1369 2142 doctrinae
1392 2111 1523 2148 spiritalis
1548 2111 1689 2146 plenitudo
1719 2111 1878 2146 designetur.

1101 2161 1182 2187 etiam
1197 2159 1366 2194 promittunt,
1382 2157 1444 2193 quia
1458 2157 1518 2192 plus
1528 2163 1610 2191 quant
1628 2155 1720 2183 vinum
1734 2156 1811 2190 quod
1822 2160 1880 2181 nunt

1069 2210 1235 2244 “tauquam
1263 2203 1382 2238 parvula:
1412 2203 1527 2235 bibunt,
1559 2201 1698 2228 dilectum
1724 2200 1783 2228 sint
1811 2200 1880 2227 uber:

1105 2247 1198 2283 sponsi
1213 2257 1220 2275 ;
1233 2247 1258 2274 id
1274 2251 1316 2274 est
1331 2246 1521 2282 propensiores
1534 2245 1632 2273 fului-te
1646 2252 1708 2280 erga
1721 2244 1853 2280 perfecta.
1863 2247 1882 2269 cl

1105 2293 1179 2320 otnni
1201 2291 1369 2327 plenitudine
1389 2292 1497 2319 decreta
1520 2291 1646 2326 dogmata
1669 2290 1790 2324 Christi,
1813 2296 1882 2326 quam

1102 2339 1159 2374 jam
1183 2343 1273 2371 antea,
1288 2338 1344 2365 sive
1359 2338 1386 2365 in
1402 2337 1594 2366 communibus
1618 2336 1727 2370 studiis,
1743 2337 1803 2365 sive
1817 2338 1841 2364 in
1855 2337 1883 2363 lc-

1105 2385 1147 2420 gis
1160 2389 1186 2412 et
1201 2384 1398 2420 prophetarunt
1413 2384 1477 2411 visae
1493 2387 1556 2411 sunt
1571 2383 1795 2411 institutionibus
1809 2383 1882 2411 exsti-

1106 2431 1182 2458 tisse.

843 2489 865 2506 ⁸⁸
881 2487 952 2515 Psal.
977 2487 1098 2521 nmo.
1127 2486 1233 2521 “ibid,
1249 2488 1290 2522 l5,
1304 2488 1345 2516 16.
1382 2488 1403 2504 ³⁷
1420 2487 1554 2522 an.xtx,
1578 2488 1624 2516 26.

1105 2545 1186 2572 ubera
1204 2551 1250 2572 tua
1273 2555 1351 2580 super
1372 2547 1471 2573 vinum.
1490 2556 1499 2572 ι
1532 2546 1588 2574 Hoc
1609 2551 1658 2579 ut,
1680 2549 1792 2575 tametsi
1813 2555 1884 2577 nunc,

1105 2589 1161 2617 qua:
1184 2586 1274 2608 nostra
1285 2582 1428 2614 infirmitas
1446 2588 1497 2612 est,
1515 2592 1530 2609 ο
1546 2591 1649 2616 sponse,
1666 2591 1721 2617 prce
1740 2585 1796 2610 tuis
1813 2591 1884 2617 operi-

1105 2615 1154 2653 bus
1171 2617 1255 2653 magis
1269 2617 1411 2651 diligamus
1424 2617 1528 2653 vinum;
1545 2626 1603 2643 cum
1625 2615 1728 2653 meliori
1746 2615 1884 2653 frugem-

1106 2652 1155 2688 tati
1170 2651 1307 2688 fuerimus.
1320 2658 1375 2688 prie
1383 2653 1440 2678 sinu
1449 2652 1498 2678 illa
1510 2653 1661 2687 dﬂigemrts.
1679 2651 1778 2679 Vinum
1793 2651 1884 2688 quidm

1104 2687 1244 2723 ludi/imm
1267 2686 1488 2723 adulescentulas,
1510 2688 1637 2714 mandata
1653 2688 1754 2723 legatio
1775 2686 1808 2715 ac
1823 2695 1884 2715 mre

1105 2722 1200 2747 monia:
1216 2727 1294 2751 sunt;
1314 2722 1437 2756 perfectio
1456 2727 1543 2748 autent
1563 2722 1664 2749 Christi
1681 2722 1776 2750 ubera.
1800 2723 1884 2750 Detudt

1107 2756 1174 2782 velut
1187 2756 1376 2791 satisfaciendo
1387 2757 1455 2792 quod
1470 2765 1519 2784 non
1531 2766 1588 2783 eam
1602 2758 1709 2792 diligat,
1720 2768 1730 2784 ι
1742 2759 1884 2788 Rectitudo,

1108 2791 1310 2828 inquit,dilezit
1324 2797 1364 2822 te;
1386 2802 1394 2817 ι
1412 2800 1457 2820 nos
1474 2799 1561 2819 autem
1588 2791 1700 2819 necdum
1726 2799 1815 2821 recta
1833 2793 1884 2828 [cci-

1111 2834 1167 2852 mus
1185 2834 1239 2854 ιἰιιδ
1256 2831 1371 2854 ιιυδιναδ.
