1892 3050
66 112 106 138 ﬁl
713 111 813 139 LIBER
833 113 1026 143 SECUNDUS.

1634 120 1685 148 102

96 167 168 195 Vt-rs.
184 168 212 195 4.
229 168 358 202 (Equites
369 169 462 196 dilexit
479 175 513 196 te.
531 169 618 197 Etiam
640 172 692 198 hoc
714 172 780 198 mihi
804 172 844 199 vi-
858 176 880 204 Α
896 174 975 210 longe
988 175 1075 202 simus
1091 181 1105 201 a
1120 174 1265 202 dilectione
1277 174 1390 208 Christi,
1408 180 1435 203 et
1453 181 1556 204 tantum
1571 182 1684 207 manda-

62 215 153 241 dentur
167 213 381 241 adolescentuhe
397 215 532 249 proloqui,
550 215 624 242 velut
643 216 845 245 satisfacientes

62 268 106 295 pro
120 267 151 287 eo
164 261 237 295 quod
254 261 400 288 dilecturas
417 269 498 295 super
510 262 602 288 vinum
621 269 650 291 se
661 263 845 297 iwomiscruut

64 307 138 333 ubera
159 307 266 341 sponsi,
285 311 310 334 et
327 315 381 334 non
392 307 448 342 jam
467 307 494 334 in
510 309 636 342 praesenti
654 309 777 344 diligant,
796 318 844 337 ne-

44 360 110 387 :que
131 353 263 386 integram
289 354 342 380 vim
366 353 505 380 charitatis
526 355 682 382 ostendant.
707 355 754 383 Est
779 363 843 391 ergo

63 407 108 426 vox
120 399 169 426 ista
187 399 264 426 velut
280 399 463 427 incusantium
483 401 645 436 sometipsas
662 410 668 428 :
689 401 768 436 quasi
781 410 842 437 quae

64 446 172 473 nondum
185 446 292 481 abjecta
304 447 379 473 omni
390 446 531 481 iniquitate
538 447 709 482 pervenerint
719 448 752 475 ad
761 448 844 483 atqui-

63 497 146 524 tatem,
161 496 192 519 ut
216 492 324 526 possint
343 492 399 527 jam
418 493 529 528 diligere
547 501 629 528 super
649 493 742 520 vinum
758 494 841 522 ubera

62 537 156 572 sponsi,
168 537 288 565 scientes
304 538 499 565 inconveniens
512 546 583 571 esse,
600 543 629 566 ut
640 539 741 574 aliquid
753 540 842 567 adhuc

63 583 168 610 rrsideat
185 584 340 618 iniquitatis
358 584 385 611 in
405 592 437 611 eo
451 584 498 620 qui
517 585 549 611 ad
568 584 764 620 perfectionem
786 586 841 620 spi-

62 631 298 666 ritalisetmysticae
338 629 470 657 doctrinae
495 630 658 665 pervenerit.
684 630 754 664 Quia
775 639 840 666 ergo

61 683 158 701 summa
177 675 355 709 perfectionis
370 676 397 702 in
412 676 546 703 charitate
561 677 698 710 consistit,
719 677 839 705 charitas

60 725 142 747 autent
164 721 231 748 nihil
260 721 413 757 iniqultatis
437 723 566 754 admittit,
587 723 632 750 tibi
656 730 745 750 autem
771 722 838 750 nihil

61 767 201 802 iniquitatis
223 772 276 800 est,
295 768 332 794 ibi
354 768 414 795 sine
435 768 518 795 dubio
540 773 581 795 est
601 769 723 803 aequitas,
741 769 837 795 merito

60 819 116 846 ergo
126 814 238 847 aequitas
259 821 322 840 esse
337 813 444 847 dicitur,
465 822 526 848 quae
541 814 627 848 diligit
642 822 785 848 sponsum.
804 813 837 840 Et

61 857 112 884 vide
126 858 147 884 si
162 865 215 885 non
229 859 266 885 ob
280 859 332 886 hoc
349 859 429 886 etiam
446 859 554 886 videtur
569 859 634 886 illud
647 860 674 886 in
691 859 837 894 Evangelio

59 902 217 931 aSalvatore
238 904 343 934 dictum
363 913 370 932 :
387 904 417 931 Si
432 905 545 940 diligitis
562 914 611 938 me,
633 905 760 932 mandata
778 913 836 931 mea

61 954 149 976 servm:
160 949 192 976 ³⁸.
206 949 235 977 Si
249 957 316 985 ergo
328 950 373 985 qui
387 951 473 986 diligit
484 951 623 978 Christum
637 950 763 977 mandata
776 950 837 985 ejus

60 995 174 1028 custodit,
185 997 259 1023 nulla
273 1000 316 1024 est
330 997 356 1023 in
371 1004 404 1024 eo
419 997 559 1031 iniquitas,
569 997 615 1024 sed
631 997 746 1031 aequitas
766 996 792 1023 in
803 1003 837 1023 eo

61 1047 200 1074 permanet;
217 1042 334 1076 :equitas
349 1050 414 1077 ergo
430 1048 482 1074 est,
498 1050 559 1077 quae
571 1043 697 1069 mandata
715 1042 776 1078 ejus
788 1050 836 1070 cu-

61 1087 132 1113 stodit
153 1091 178 1114 et
200 1087 290 1122 diligit
310 1087 460 1115 Christum.
484 1088 517 1115 Et
533 1096 642 1116 rursum
662 1098 669 1116 :
690 1088 718 1116 Si
742 1089 765 1116 is
789 1089 836 1124 qui

62 1133 173 1160 mandata
188 1134 320 1167 custodit,
345 1134 402 1170 ipse
421 1135 509 1170 diligit
531 1135 681 1168 Christum,
706 1135 835 1163 mandata

61 1184 139 1206 autem
159 1180 184 1207 in
206 1182 337 1216 aequitate
360 1187 512 1214 servantur,
529 1186 556 1208 ct
575 1182 749 1216 mquitas‘est
772 1189 835 1216 quae

61 1225 136 1260 diligit
148 1226 286 1254 Christum
300 1236 309 1260 ;
324 1227 370 1262 qui
388 1227 512 1262 iniquum
527 1227 629 1262 aliquid
649 1227 728 1262 gerit,
746 1235 834 1262 neque

61 1273 173 1301 litandata
201 1275 341 1307 custodit,
370 1283 457 1311 neque
483 1276 569 1311 diligit
597 1275 748 1304 Christum.
776 1276 834 1304 Erit

59 1324 116 1351 ergo
136 1323 163 1345 ut
183 1325 317 1354 quantum
339 1320 489 1356 iniquitatis
513 1322 538 1348 in
555 1321 635 1349 nobis
655 1326 708 1354 est,
727 1326 832 1348 tantum

897 224 983 246 torum
997 219 1056 254 ejus
1069 220 1254 254 praevaricatio
1268 220 1399 247 habeatur
1414 221 1440 248 in
1460 222 1548 249 nobis.
1570 223 1601 250 Et
1622 224 1683 253 idco

896 264 1015 300 regulam
1032 265 1177 299 quamdam
1192 264 1322 291 directam
1339 272 1474 299 ponamus
1491 274 1552 293 esse
1568 269 1681 302 aequita-

895 315 960 342 tetu,
975 314 1004 337 ut
1017 310 1039 337 si
1059 310 1124 344 quid
1140 311 1165 337 in
1183 310 1260 337 nobis
1278 310 1429 344 iniquitatis
1445 316 1496 344 est.
1515 311 1586 338 hanc
1605 312 1683 339 adhi-

895 354 988 381 bentes
1005 359 1031 381 et
1054 354 1269 388 super-ducentes
1292 355 1466 382 directoriain
1491 357 1682 383 mandatorum

895 399 953 431 Dei,
967 399 990 426 si
1003 399 1068 434 quid
1080 400 1107 426 in
1121 399 1198 426 nobis
1210 407 1334 432 curvum,
1347 399 1369 426 si
1384 399 1448 434 quid
1465 404 1616 427 tortuosum
1629 406 1679 432 est,

894 446 928 473 ab
941 446 1023 480 hujus
1042 446 1141 480 regula:
1155 446 1224 472 linea
1238 451 1385 477 resecetur,
1402 450 1432 473 ut
1444 446 1530 480 possit
1548 450 1577 474 ct
1587 447 1620 473 dc
1634 455 1682 473 no-

874 504 876 506 -
893 490 935 518 bis
948 491 1015 518 dici:
1028 490 1154 526 [Equitas
1170 490 1265 517 dilexit
1280 495 1314 517 lc.
1330 490 1479 518 Possumus
1492 496 1581 517 autem
1598 491 1679 518 etiam

893 537 932 564 sic
951 537 1072 572 accipere
1097 541 1125 563 ut
1143 536 1265 562 videatur
1290 536 1378 563 simile
1403 544 1465 563 esse
1485 537 1557 571 quod
1579 537 1646 563 dixit
1671 545 1679 563 :

892 583 1018 618 ZEquitas
1033 583 1125 609 dilexit
1142 587 1184 614 te;
1199 589 1231 608 ac
1245 581 1269 609 si
1291 582 1405 609 dixisset
1429 591 1436 609 :
1456 581 1566 608 Iustitia
1587 582 1680 608 dilexit

893 634 928 660 te,
948 633 976 655 et
990 629 1103 660 Veritas,
1119 632 1142 655 cl
1159 627 1303 661 sapientia,
1319 633 1346 655 et
1361 628 1502 663 pudicitia,
1521 634 1547 655 et
1566 628 1680 662 singula:

892 682 1006 710 quaeque
1024 674 1147 701 virtutes.
1163 673 1218 701 Nec
1235 674 1341 700 mireris
1358 681 1433 705 sane,
1448 674 1470 700 si
1488 673 1604 700 dit-imus
1625 674 1681 700 vir-

894 724 964 747 tutes
977 727 1037 746 esse
1052 726 1112 753 qum
1123 718 1239 754 diligunt
1251 719 1401 749 Christum.
1415 726 1476 746 cum
1490 719 1516 745 in
1533 719 1594 746 aliis
1610 718 1679 754 ipsa-

893 773 954 792 rum
971 765 1101 791 virtnluin
1119 765 1300 791 substantiam
1320 764 1459 791 Christum
1477 765 1614 792 soleamus
1630 772 1677 791 ac-

893 811 994 846 cipere.
1012 810 1091 843 Quod
1114 815 1142 837 et
1167 809 1324 844 frequenter
1339 810 1461 837 invenies
1479 810 1515 836 in.
1529 810 1677 844 Scr-pluris

853 848 874 877 Β
887 855 988 882 divinis
1004 863 1054 889 pro
1074 855 1141 882 locis
1162 860 1190 882 et
1206 855 1455 889 opportunitatibus
1479 855 1577 889 aptari.
1599 854 1676 882 Inve-

888 901 979 928 nimus
997 909 1114 936 namque
1136 901 1224 936 ipsum
1242 907 1269 928 et
1287 901 1421 936 justitiam
1443 901 1506 932 dici,
1521 906 1550 927 et
1568 909 1677 935 paceni,

887 951 914 974 et
929 947 1082 974 veritatem.
1100 946 1132 973 Et
1151 955 1259 974 rursum
1278 948 1409 982 scriptum
1431 951 1473 974 est
1493 946 1518 973 in
1534 945 1650 973 Psalmis
1667 955 1676 974 :

886 991 998 1019 Iustitia
1013 997 1038 1019 et
1052 1000 1106 1027 pax
1121 992 1248 1019 osculata:
1264 996 1342 1024 sunt;
1357 996 1384 1019 et
1399 1001 1405 1018 :
1431 990 1531 1018 Verilas
1553 992 1586 1018 tle
1601 997 1673 1018 terra

886 1042 945 1064 orta
962 1042 1016 1070 est,
1036 1042 1061 1064 et
1072 1038 1180 1073 justitia
1191 1038 1223 1064 de
1237 1037 1300 1064 εαιιο
1315 1038 1448 1072 prospexit
1466 1037 1566 1070 ".Qme
1582 1037 1676 1071 utique

887 1083 980 1111 omnia
993 1083 1049 1118 ipse
1063 1092 1134 1116 esse,
1149 1088 1176 1111 et
1191 1091 1299 1111 rursum
1317 1084 1404 1118 ipsum
1423 1084 1553 1111 dicuntur
1568 1083 1674 1118 ample-

886 1129 936 1158 cti.
951 1128 1003 1156 Sed
1015 1136 1042 1155 et
1055 1136 1173 1164 sponsus
1185 1129 1254 1156 idem
1269 1128 1379 1161 dicitur,
1393 1129 1463 1156 idem
1479 1129 1560 1156 etiam
1573 1136 1672 1162 sponsa

887 1175 1056 1205 nominatur,
1079 1178 1108 1200 ut
1133 1174 1159 1201 in
1182 1175 1322 1210 prophetia
1347 1174 1477 1209 sel-iptunt
1503 1178 1545 1201 est
1567 1182 1574 1200 :
1597 1173 1674 1200 Sicut

886 1226 981 1252 sponso
1005 1218 1128 1252 imposuit
1150 1218 1214 1244 mihi
1230 1219 1349 1252 mitram,
1363 1224 1387 1245 et
1403 1219 1470 1245 situt
1486 1226 1609 1253 (pausam
1629 1226 1675 1245 or-

886 1265 956 1290 navit
972 1272 1011 1290 me
1027 1269 1180 1291 ornamento
1190 1264 1224 1291 ⁸⁸.

66 1429 1650 1443 ————-————-—-——-——————-————-—-—.

588 1509 769 1555 LIBER
804 1509 1136 1558 SECUNDUS.

89 1679 156 1708 Vers.
170 1680 196 1708 5.
222 1680 313 1708 Fusco
337 1690 394 1709 sum
416 1686 441 1709 et
462 1681 590 1717 formosa,
615 1682 679 1717 ﬁlia:
702 1682 831 1709 Ilierusa-
845 1685 866 1714 C
883 1682 1024 1714 dicuntur,
1043 1682 1160 1710 inimicm
1172 1687 1262 1711 autem
1275 1688 1386 1719 propter
1404 1684 1589 1721 Evangelium.
1607 1686 1674 1715 Istae

60 1723 111 1758 lem,
125 1731 151 1752 at
170 1727 341 1754 tabernacula
361 1727 456 1760 Cedar,
473 1733 502 1754 ut
526 1728 606 1762 pelles
626 1727 786 1756 Salomonis.
802 1728 829 1756 In

60 1770 111 1798 aliis
126 1774 324 1808 exemplaribus
342 1773 473 1809 legimus:
489 1773 576 1809 Nigra
592 1782 650 1801 sunt
663 1779 687 1801 et
700 1776 829 1809 formosa.

61 1815 152 1846 Rursus
165 1818 190 1845 in
207 1819 261 1846 hoc
277 1826 393 1854 persona
406 1827 512 1854 sponsa!
529 1819 665 1854 loquentis
682 1820 833 1848 introduci-

62 1867 118 1889 tur:
133 1863 266 1899 loquentis
281 1870 370 1891 autem
387 1872 440 1891 non
462 1865 496 1892 ad
519 1865 579 1892 illas
605 1865 830 1900 adolescentulas,

61 1915 111 1941 qua:
123 1916 179 1936 cum
195 1910 253 1944 ipsa
272 1917 383 1937 currere
397 1910 495 1944 solent,
510 1909 557 1937 scd
570 1910 603 1938 ad
622 1911 691 1938 lias
704 1910 831 1939 Hierusa-

62 1952 114 1986 lem,
124 1955 217 1989 quibus
232 1961 366 1990 tanquam
378 1955 421 1983 his
433 1963 494 1991 quae
508 1956 698 1991 derogare-rint
715 1956 830 1984 fteditati

61 1998 119 2031 ejus,
135 2001 299 2035 respondere
316 2001 432 2033 videtur,
447 2005 474 2028 et
483 2001 574 2029 dicere
592 2011 599 2029 :
619 2001 706 2029 Fusca
719 2003 831 2037 quidem

61 2051 121 2077 sum,
141 2047 179 2073 vel
193 2047 274 2082 nigra
288 2051 420 2082 quantum
444 2047 477 2074 ad
494 2047 613 2075 colorem
640 2053 753 2083 spectat,
769 2049 832 2076 filiai

63 2089 230 2127 Hierusalem;
252 2093 374 2120 formosa
401 2101 474 2125 vero,
491 2094 514 2121 si
537 2094 600 2128 quis
618 2095 723 2121 interna
745 2097 832 2122 mem-

62 2135 157 2164 brorum
167 2137 332 2165 lineamenta
344 2138 501 2173 perspiciat.
516 2137 583 2165 Nam
600 2142 626 2165 et
641 2136 829 2172 tabernacula,

62 2179 144 2215 inquit,
157 2181 253 2215 Cedar,
277 2189 338 2217 qua
351 2186 393 2209 est
408 2190 474 2216 gens
493 2189 602 2217 magna,
618 2182 694 2217 nigra
713 2187 786 2215 sunt,
803 2188 831 2210 et

62 2224 109 2259 ipsa
129 2226 179 2263 ηδ
196 2236 262 2263 gens
285 2227 374 2255 Cedar
395 2228 504 2264 nigredo
521 2228 561 2255 vel
582 2228 731 2256 obscuritas
747 2226 842 2255 inter;

62 2277 174 2304 prclatur.
189 2273 241 2302 Sed
261 2280 289 2301 et
311 2274 394 2309 pelles
415 2273 570 2302 Salomonis
586 2274 671 2310 nigra:
693 2278 768 2307 sunt,
781 2281 831 2302 nec

62 2321 137 2345 tamen
153 2319 185 2346 ob
201 2320 251 2347 hoc
265 2324 341 2347 tanto
357 2320 413 2355 regi
427 2321 453 2347 in
466 2320 541 2347 omni
557 2320 642 2355 gloria
656 2328 705 2348 sua
719 2320 830 2355 pellium

882 1733 947 1755 sunt
963 1728 1024 1756 tiliae
1041 1727 1210 1756 Hierusalem
1226 1730 1346 1758 civitatis
1364 1735 1487 1763 terrente,
1501 1736 1562 1768 qua!
1578 1734 1671 1760 viden—

881 1777 922 1801 tes
937 1772 1086 1801 Ecclesiam
1104 1782 1135 1801 ex
1152 1776 1290 1810 gentibus,
1304 1777 1429 1810 quamvis
1449 1785 1499 1812 pro
1515 1785 1548 1805 eo
1562 1779 1674 1814 ignobi-

881 1818 945 1851 lem,
963 1819 1035 1853 quod
1053 1820 1265 1854 generositatem
1279 1821 1331 1849 sibi
1344 1821 1493 1856 Abraham,
1504 1827 1532 1849 et
1547 1822 1633 1857 Isaac,
1643 1828 1676 1851 ett

880 1863 964 1891 Jacob
989 1872 1044 1892 non
1067 1865 1154 1899 possit
1175 1866 1323 1900 ascribere,
1348 1867 1551 1895 obl.viscentem
1577 1873 1673 1895 tamen:

882 1911 1012 1945 populum
1024 1918 1104 1938 suum
1118 1916 1146 1939 et
1155 1912 1266 1940 domum
1281 1913 1367 1947 patris
1383 1913 1438 1946 sui,
1448 1921 1532 1949 usque
1543 1915 1576 1940 ad
1589 1914 1673 1941 Chri-

882 1959 955 1982 stum
973 1956 1136 1988 venientem,
1154 1962 1287 1991 spernunt
1299 1965 1369 1990 eam,
1385 1963 1412 1985 et
1427 1966 1476 1993 pro
1497 1958 1672 1993 ignobilitate

882 2002 989 2037 generis
1003 2002 1147 2031 ofl'uscant.
1161 2003 1239 2037 Quod
1251 2011 1350 2039 sponsa
1376 2005 1495 2032 sentiens
1512 2005 1582 2032 tilias
1595 2005 1673 2040 prio-

881 2047 920 2074 ris
944 2048 1033 2083 populi
1060 2048 1194 2083 imputare
1210 2049 1274 2082 sibi,
1288 2054 1315 2077 et
1335 2058 1384 2085 pro
1398 2050 1450 2077 hoc
1465 2051 1545 2077 etiam
1565 2051 1674 2085 nigram.

882 2099 911 2120 se
935 2093 1076 2128 appellari,
1099 2094 1178 2128 quasi
1203 2102 1265 2129 quae
1287 2099 1406 2129 paternzr
1429 2094 1590 2122 eruditionis
1613 2102 1675 2121 non.

881 2139 980 2167 habeat
994 2139 1156 2172 claritatem,
1174 2140 1345 2175 respondens
1356 2140 1391 2167 ad
1405 2140 1473 2173 hinc,
1490 2139 1574 2167 dicit:
1588 2139 1675 2175 Nigra;

881 2193 943 2212 sum
960 2186 1083 2220 quidem,
1102 2193 1120 2213 o
1138 2186 1199 2214 filize
1216 2185 1397 2219 Hierusalem,
1414 2194 1464 2222 pro
1477 2193 1510 2214 eo
1525 2187 1597 2221 quod
1615 2194 1676 2213 non.

882 2230 1017 2258 descendo
1033 2231 1067 2258 de
1080 2231 1164 2266 stirpe
1186 2232 1322 2258 clarorum
1344 2231 1479 2263 virorum,
1500 2239 1588 2266 neque
1606 2231 1673 2257 illii-

883 2275 1060 2303 minationem
1081 2275 1168 2311 Moysi
1187 2276 1254 2311 legis
1275 2276 1379 2311 accepi,
1395 2276 1482 2303 habeo
1498 2280 1588 2303 tamen
1609 2275 1677 2310 put--

883 2321 1066 2348 chritudinem
1092 2329 1181 2348 meam
1201 2328 1318 2349 mecum.
1337 2320 1404 2348 Nam
1427 2325 1455 2348 et
1481 2321 1507 2348 in
1535 2328 1580 2347 me
1603 2320 1673 2347 illud

61 2362 110 2390 \isa
124 2370 161 2392 est
183 2365 311 2393 indecora
328 2366 450 2401 nigredo.
469 2365 528 2393 Non
544 2373 609 2402 ergo
633 2365 710 2400 mihi,
728 2373 746 2393 ο
768 2366 830 2393 tiliae
846 2362 868 2389 D
883 2367 1001 2402 primum
1018 2371 1069 2399 est,
1085 2367 1157 2402 quod
1174 2366 1208 2394 ad
1222 2363 1429 2402 imaginem‘Dei
1449 2366 1477 2392 in
1500 2373 1544 2393 me
1567 2364 1677 2392 factrum

64 2407 221 2443 Hierusalem,
236 2412 407 2447 exprobretis
429 2412 537 2447 culpam
563 2412 676 2443 coloris,
690 2419 752 2439 eum
773 2412 832 2440 sive

64 2457 186 2490 naturalis,
197 2458 253 2486 sive
263 2458 394 2486 exercitio
406 2458 519 2493 quasita
535 2457 643 2493 corpori
656 2457 830 2492 pulchritudo

64 2507 107 2527 non
122 2502 195 2530 desit.
211 2504 273 2531 llaac
290 2505 410 2531 continet
422 2504 581 2531 historicum
601 2504 707 2536 drania,
723 2507 750 2530 et
766 2510 830 2539 pro-

64 2548 143 2579 posita:
165 2548 260 2577 fabula:
274 2551 389 2585 species.
406 2550 460 2577 Sed
479 2551 624 2578 redeamus
648 2550 681 2577 ad
704 2550 828 2577 ordinem

65 2594 199 2627 mysticum.
217 2595 277 2623 Haec
291 2604 390 2631 sponsa
405 2604 466 2631 quae
485 2596 614 2631 loquitur,
632 2595 759 2623 Ecclesiae
773 2603 831 2630 per-

65 2644 144 2665 sonam
163 2645 232 2668 tenet
255 2649 288 2668 ex
311 2642 438 2677 gentibus
461 2646 638 2677 c0ngregatae.
664 2641 740 2669 Filiae
765 2648 829 2668 vero

66 2681 223 2719 Hierusalem,
239 2688 272 2714 ad
289 2694 359 2722 quas
374 2687 399 2713 ei
414 2695 506 2714 sermo
523 2691 573 2719 est,
589 2686 642 2714 illa:
655 2691 718 2714 sunt
731 2686 829 2713 anima:

67 2737 115 2762 utne
127 2737 228 2766 propter
243 2734 401 2761 electionem
414 2737 522 2768 patrum
536 2733 705 2760 charissima:
718 2732 827 2767 quidem

94 2817 112 2833 “
125 2819 196 2847 Jnau.
215 2830 268 2853 xw,
286 2821 327 2848 l5.
366 2823 386 2838 δυ
403 2821 474 2850 Psal.
491 2829 550 2854 Vlll,
568 2821 608 2854 l0,
627 2821 667 2847 ll.

882 2416 925 2439 est
938 2421 947 2444 ;
961 2419 1034 2439 nunc
1045 2412 1177 2440 accedens
1190 2412 1223 2439 ad
1237 2411 1354 2440 Verbum
1369 2411 1429 2445 Dei,
1445 2412 1534 2446 recepi
1551 2412 1678 2447 speciem»

882 2465 981 2485 meam.
996 2457 1125 2490 Quamvis
1143 2458 1216 2485 enim
1232 2466 1281 2492 pro
1296 2458 1395 2486 coloris
1409 2458 1577 2485 obscuritate
1589 2465 1666 2484 com—

882 2503 983 2538 paretis
998 2511 1041 2530 me
1062 2503 1246 2531 tabernaculis
1264 2503 1350 2531 Cedar
1367 2508 1395 2530 et
1410 2503 1526 2538 pellibus
1545 2503 1671 2530 Salomo—

882 2548 936 2581 nis,
951 2553 1042 2576 tamen
1057 2553 1083 2575 et
1095 2548 1182 2576 Cedar
1195 2556 1228 2576 ex
1253 2549 1365 2576 lsmaele
1378 2548 1528 2575 descendit.
1544 2547 1678 2574 Secundo,

883 2601 1000 2629 namque
1017 2594 1077 2621 loco
1090 2602 1124 2622 ex
1140 2594 1252 2622 lsmaele
1265 2599 1346 2622 natus
1361 2599 1411 2627 cst,
1426 2594 1473 2628 qui
1494 2593 1592 2620 lsmael
1615 2600 1674 2620 non.

884 2640 934 2667 fuit
951 2647 1049 2674 expers
1075 2641 1174 2668 divinae
1196 2640 1403 2668 benedictiOnis.
1430 2639 1482 2667 Sed
1505 2644 1533 2667 et
1554 2639 1677 2674 pellibus

884 2686 1038 2714 Salomonis
1051 2687 1215 2721 comparatis
1231 2693 1284 2718 me,
1298 2693 1359 2719 qua:
1373 2693 1425 2713 non
1437 2686 1496 2712 alia:
1512 2689 1574 2712 sunt
1586 2692 1676 2719 quan:-

883 2732 966 2767 pelles
984 2733 1151 2761 tabernaculi
1168 2731 1227 2765 Dei,
1243 2736 1270 2760 et
1293 2737 1384 2759 tamen
1402 2731 1486 2759 miror
1500 2738 1562 2764 vos,
1575 2738 1592 2758 ο
1608 2732 1675 2759 tilia:

709 2820 729 2836 ⁵ο
741 2819 791 2848 lsa.
810 2827 864 2854 th,
889 2819 929 2847 10.
