1892 3050
196 103 246 130 103

733 101 894 128 ORIGENIS
913 100 946 127 ΙΝ
963 98 1139 128 CANTICUM
1158 97 1296 126 CANTIC.

1767 99 1815 127 illi

195 158 374 190 lliernSalem,
392 158 457 185 mihi
474 158 574 186 coloris
595 159 662 186 velle
677 160 842 193 exprobrare
860 158 978 194 nigrcdi-
994 161 1017 188 Α
1034 157 1175 188 Nunquam
1197 157 1263 183 talia
1282 159 1403 183 venerant
1425 155 1606 187 odoramuta.
1629 163 1675 182 nec
1696 156 1724 182 in
1747 161 1818 183 tanta

195 211 267 231 nt'lll.
281 203 424 236 Quomodo
443 212 495 231 non
514 204 679 231 meministis
696 205 768 239 quod
789 204 814 231 in
833 205 890 239 lege
910 204 979 231 seri—

196 257 271 285 ptuttt
298 255 349 283 est,
377 250 442 285 qttid
469 258 549 286 passa
579 251 614 277 sit
639 250 732 282 Maria,
757 259 817 285 qua:
842 251 981 285 derogavit.
1011 275 1020 281 ,

197 296 281 331 Moysi
308 304 369 324 cum
397 296 592 331 [Etitiopissam
619 296 724 331 nigram
749 297 898 331 accepisset
913 304 981 325 uxo-

199 350 255 368 rrm
281 341 313 368 “.
330 342 472 374 Quomodo
498 342 627 377 ignoratis
653 343 724 369 illius
742 343 868 377 imaginis
885 344 981 370 adum-

196 387 346 414 hrationent
365 388 391 414 itt
412 395 453 414 me
471 396 542 415 nuttc
559 388 669 415 veritate
683 388 834 423 compleri?
846 388 902 424 Ego
919 398 979 417 smn

196 433 240 459 illa
258 432 436 467 Etltiopissa,
449 440 498 468 ego
514 441 572 460 sunt
593 433 669 468 nigra
687 433 795 467 quidem
809 441 858 468 pro
873 434 980 469 ignobi-

197 479 272 505 litate
287 479 404 513 generis,
423 478 542 506 formosa
558 487 620 506 vero
634 484 743 514 propter
755 479 942 514 pmttitentiam
954 484 981 508 et

199 526 290 553 ﬁdem.
309 525 419 560 Suscepi
438 525 508 552 ettint
524 525 549 551 in
566 532 609 551 me
626 524 724 552 Filiutn
739 525 797 558 Dei,
815 526 902 560 recepi
915 525 982 553 Ver-

197 572 259 598 bum
274 579 381 598 carttcm
400 570 509 597 factum.
522 571 631 597 Accessi
648 570 680 597 ad
695 579 757 598 eutn
773 571 819 605 qui
833 576 876 598 est
891 572 981 607 imago

198 617 255 647 Dei,
269 617 462 651 printogettitus
476 616 565 642 omnis
577 621 717 648 creaturie,
733 621 760 643 et
776 617 820 651 qtti
835 622 875 644 est
888 618 980 652 splen-

196 663 246 688 dor
260 662 352 696 glorise
371 665 397 687 et
415 661 504 696 fulgor
525 661 682 688 substantia:
702 661 772 696 ejus,
790 666 817 688 et
833 661 902 688 facta
919 669 979 689 sum

197 707 325 734 formosa.
343 707 383 734 Tu
410 715 475 742 ergo
501 708 564 742 quid
582 707 749 742 improperas
765 710 930 736 convcrtrnti
951 716 980 736 se

194 761 209 779 a
226 757 347 787 peccato,
364 753 436 787 quod
453 753 547 787 utique
561 753 603 780 lex
618 753 675 780 ﬁeri
690 755 779 781 velat?
795 753 828 781 Et
842 755 979 789 quomodo

195 802 223 824 tu
241 798 365 833 gloriaris
379 799 405 825 in
418 799 476 832 lege
490 801 672 833 praevaricans
688 800 789 835 legent?
801 799 900 827 Verum
915 807 980 835 quo-

1032 203 1202 231 multitudinc
1215 210 1274 238 quae
1287 202 1359 228 dedit
1373 202 1463 236 regina
1477 201 1547 228 Saba
1565 202 1619 236 regi
1638 201 1818 230 Salomani“.

1066 248 1142 276 llanc
1158 252 1248 276 autem
1274 248 1415 275 ltistoriant
1435 247 1514 282 paulo
1537 247 1617 274 latius
1632 252 1759 282 repetere
1775 255 1819 274 vo-

1031 295 1143 327 luimus,
1155 299 1182 321 et
1197 294 1317 321 inserere
1330 293 1392 319 huic
1402 292 1567 327 expositioni
1580 297 1690 324 nostraa,
1703 293 1820 320 scientes

1032 339 1058 366 in
1084 344 1189 366 tantum
1215 338 1361 366 convenire
1384 338 1441 364 hinc
1469 337 1502 364 ad
1527 345 1670 372 personam
1694 337 1821 364 Ecclesia:

1031 393 1092 420 quae
1107 393 1140 412 ex
1161 385 1285 420 gentibus
1300 384 1373 412 venit
1387 384 1419 410 ad
1438 383 1590 416 Christum,
1607 387 1637 410 ut
1652 383 1709 417 ipse
1730 383 1820 409 Domi-

1034 438 1086 459 nus
1115 431 1142 458 in
1172 430 1326 465 Evattgeliis
1357 429 1456 464 regina:
1472 429 1553 463 hujus
1577 429 1679 456 faceret
1703 429 1819 455 mentio-

1031 484 1103 509 netn,
1118 477 1211 503 dicens
1230 483 1290 503 eam
1309 476 1415 503 venisse
1433 482 1448 501 a
1474 474 1572 501 ﬁnibus
1586 479 1675 506 terrae,
1692 478 1724 501 ut
1739 474 1818 500 antli-

1032 527 1072 549 ret
1086 522 1246 556 sapientiam
1263 521 1418 548 Salomonis
1430 520 1464 547 “.
1480 520 1573 547 Austri
1591 524 1680 547 autem
1698 520 1821 555 reginam

1031 568 1096 595 dicit
1111 575 1181 599 eatn,
1197 575 1245 601 pro
1255 575 1288 594 eo
1304 565 1377 601 quod
1394 565 1532 600 Etltiopia
1550 566 1679 593 inAustri
1691 565 1817 601 partibus

1029 613 1127 647 jaceat,
1135 617 1162 639 et
1174 620 1188 639 a
1201 613 1299 639 linibus
1312 617 1390 639 terra:
1400 612 1479 647 quasi
1492 612 1518 638 in
1528 612 1623 638 ultimo
1631 611 1730 646 posita.
1741 613 1816 638 luve-

1031 657 1121 684 niutus
1134 663 1224 684 autem
1237 657 1318 691 hujus
1331 657 1417 691 ipsius
1430 657 1530 691 reginae
1537 657 1618 684 etiam
1631 657 1782 692 Josepltunt
1792 658 1819 684 itt

1033 702 1151 729 Historia
1162 710 1211 729 sua
1221 702 1311 729 facere
1324 702 1650 734 metttionem,addentem
1663 703 1745 729 etiam
1757 703 1820 736 hor,

1031 748 1102 782 quod
1122 752 1297 782 posteaquam
1311 755 1433 782 regressa
1449 751 1501 780 est,
1518 747 1616 782 inquit,
1628 755 1643 774 a
1661 747 1820 781 Salomone,

1030 791 1177 827 Cambyses
1193 800 1237 819 rex
1260 792 1374 819 miratus
1387 791 1447 825 ejus
1471 792 1643 826 sapientiam,
1658 800 1741 827 quant
1759 793 1819 820 sine

195 843 268 870 niam
284 843 310 870 in
328 843 370 870 Itis
385 843 452 870 locis
470 851 566 872 suntus
583 845 628 872 ubi
650 845 770 872 Ecclesia
786 853 847 880 quae
862 853 893 872 ex
913 853 978 880 gett-

1040 836 1083 872 i.7
1099 837 1180 864 dubio
1196 845 1228 864 ex
1252 836 1406 864 Salomonis
1427 837 1559 871 sapientia
1585 842 1751 871 susceperat,
1772 845 1820 865 co-

196 888 268 915 ttttus
293 888 375 920 venit,
401 889 503 923 nigrant
534 897 562 916 se
588 897 647 917 esse
673 890 737 918 dicit
768 895 794 917 et
822 890 979 922 formosam,

195 933 321 967 quamvis
341 934 450 968 longum
470 935 592 962 videatur
607 943 667 963 esse
689 941 715 963 et
733 943 887 970 operosum,
905 936 981 963 colli-

195 986 258 1012 gere
280 987 310 1005 ex
337 978 484 1013 Seripturis
500 981 610 1012 divinis,
628 982 654 1007 in
679 981 779 1016 quibus
800 982 842 1009 vel
865 982 981 1016 qualiter

196 1025 360 1052 sacramenti
379 1026 459 1060 hujtts
486 1026 574 1065 forma
595 1027 762 1061 prmecsserit
781 1035 788 1054 :
813 1032 902 1054 tamen
926 1035 978 1054 non

196 1070 261 1096 mihi
277 1071 382 1105 penitus
398 1072 578 1099 omittendum
594 1072 710 1104 videtttr,
727 1073 772 1100 sed
789 1081 870 1108 quant
885 1078 981 1108 potue-

196 1116 232 1142 rit
247 1117 364 1143 breviter
383 1118 598 1145 memorandum.
617 1118 708 1146 Primo
724 1126 788 1154 ergo
800 1119 826 1146 in
845 1119 979 1147 Numero-

196 1170 256 1188 rum
275 1162 343 1189 libro
359 1163 391 1190 de
408 1162 576 1198 Etltiopissa
593 1164 628 1191 ita
650 1165 782 1200 scriptttnt
800 1175 806 1192 :
832 1165 866 1191 Et
889 1165 978 1192 locuta

195 1212 234 1234 est
257 1207 342 1234 Maria
356 1208 390 1234 ad
407 1209 506 1241 Aaron,
520 1215 544 1236 ct
563 1211 752 1245 dcrogaecrnnt
771 1211 856 1246 Moysi
876 1216 981 1246 propter

195 1253 328 1280 mulierem
356 1253 550 1289 [Et/tiopissam
576 1264 655 1290 quant
683 1257 780 1291 accepit
806 1265 924 1288 uxorem,
955 1261 980 1283 et

193 1298 317 1326 dixerunt
334 1307 343 1326 :
365 1299 492 1334 Nunquid
513 1300 598 1334 Moysi
609 1301 659 1327 soli
670 1301 772 1327 locutus
788 1307 825 1328 est
840 1301 982 1328 Dentium?

197 1341 290 1369 Nonne
311 1347 335 1370 τι
358 1343 430 1370 nobis
447 1344 549 1370 locutus
562 1349 600 1371 est
624 1345 668 1372 “?
685 1345 715 1371 Et
731 1345 827 1371 iterum
851 1345 877 1372 itt
902 1346 981 1373 tertio

195 1387 350 1423 Regnorum
366 1392 434 1416 ttbro
447 1390 578 1424 scriptum
599 1395 640 1417 est
656 1392 689 1418 de
707 1391 798 1426 regina
819 1390 901 1423 Saba,
916 1392 980 1426 quia

194 1438 268 1460 venit
283 1441 298 1460 a
319 1433 418 1466 ίὶυῑὶιυε
435 1439 512 1461 ιρι-τω
532 1435 625 1462 audire
647 1436 806 1470 sapientiam
826 1436 981 1464 Salomonis

196 1479 248 1506 hoc
264 1480 346 1506 modo
365 1489 371 1506 :
391 1480 489 1515 Regina
509 1481 579 1507 Saba
596 1482 694 1508 audivit
710 1490 802 1509 nomen
820 1481 979 1515 Salomonis,

196 1530 220 1551 ct
232 1533 323 1552 nomen
338 1526 452 1556 Domini,
463 1532 486 1552 et
501 1527 567 1553 venit
584 1532 683 1554 tentare
699 1537 755 1554 cum
766 1529 791 1554 in
803 1529 946 1562 parabolis,
956 1534 979 1555 et

194 1573 261 1598 venit
284 1573 309 1599 in
334 1573 501 1600 Hierusalem
521 1575 547 1600 in
565 1574 659 1600 virtute
676 1582 771 1608 magna
786 1575 860 1601 valde
873 1583 882 1601 .'
896 1581 919 1601 et
934 1584 980 1602 ca-

196 1618 256 1644 meli
272 1624 405 1652 portantes
417 1620 599 1652 odoramcnta,
615 1624 638 1646 et
655 1628 749 1646 aurum
764 1620 876 1646 multum
893 1621 979 1653 valde,

194 1667 219 1691 el
232 1663 346 1698 lapidem
358 1664 511 1698 pretiosum,
524 1669 547 1691 et
570 1665 685 1699 ingresm
697 1669 734 1691 est
750 1665 783 1691 ad
801 1665 979 1698 Salontoncm,

193 1713 218 1735 et
231 1709 317 1735 locum
339 1714 375 1735 est
391 1709 414 1736 ei
428 1710 516 1736 ontnia
535 1710 610 1736 verba
625 1718 683 1745 qua:
696 1715 770 1737 erattt
785 1711 812 1737 in
827 1711 904 1737 corde
918 1719 979 1744 suo,

193 1759 218 1781 et
230 1755 374 1781 enuntiarit
388 1755 411 1781 ci
424 1754 548 1782 Salomon
562 1756 651 1782 ontnia
664 1756 740 1782 verba
751 1757 818 1790 ejus,
828 1761 852 1783 et
864 1765 914 1783 non
927 1757 978 1791 fuit

194 1801 297 1826 vetbunt
311 1800 378 1834 quod
393 1802 510 1827 omiserit
528 1809 584 1833 rex,
596 1807 620 1828 et
635 1810 685 1828 non
698 1803 870 1829 enuntiaverit
884 1803 907 1829 ei
922 1811 978 1829 rex.

195 1845 227 1870 lit
253 1845 317 1871 vidit
347 1854 435 1880 rcgtna
460 1846 530 1873 Saba
553 1855 654 1873 omnem
676 1848 842 1882 prudentiam
858 1847 980 1874 Salomo-

194 1893 244 1922 nis,
257 1897 280 1918 et
292 1892 398 1918 domum
411 1901 487 1927 quant
503 1893 654 1927 mdiﬁcatvit,
665 1899 689 1920 et
703 1894 772 1920 cibos
788 1893 979 1926 Salomonis,et

193 1937 278 1963 sedent
294 1945 431 1971 puerorum
440 1938 538 1972 ejus,et
547 1938 662 1964 ordinent
681 1939 860 1965 ministrorum
875 1938 944 1972 ejus,
954 1942 978 1965 et

193 1988 272 2009 restes
285 1983 351 2017 ejus,
361 1989 384 2010 et
400 1984 451 2010 υἱιιὶ
464 1985 564 2018 ['usores
579 1984 645 2018 ejus,
655 1989 678 2010 et
687 1984 840 2010 holocausta
855 1984 912 2017 ejus
921 1992 979 2018 qua:

193 2028 316 2062 o/frrclmt
332 2031 358 2055 in
377 2029 453 2055 dotno
472 2029 588 2061 Domitii,
605 2033 628 2055 et
651 2029 794 2063 obstupuit,
811 2034 834 2056 et
857 2029 928 2055 dixit
942 2029 977 2054 ad

192 2082 277 2108 regem
293 2073 457 2101 Sulontonetn
476 2081 485 2100 :
510 2074 588 2101 Verus
608 2080 645 2101 est
668 2083 752 2101 sermo
770 2082 846 2109 quem
864 2083 910 2108 ego
930 2083 980 2100 au-

191 2120 245 2146 diri
262 2121 286 2146 in
302 2125 373 2147 terra
389 2129 444 2147 mea
460 2121 491 2147 de
509 2120 584 2147 verba
603 2125 658 2152 tuo,
674 2125 697 2146 et
712 2120 852 2153 prudentia
876 2124 934 2151 tua,
953 2124 979 2146 et

193 2174 242 2192 non
261 2165 359 2192 credidi
380 2167 411 2193 iis
427 2167 470 2201 qui
494 2166 667 2201 loquebantur
682 2166 745 2192 milii
759 2173 891 2200 usquequo
907 2167 978 2192 veni-

192 2220 256 2242 rem,
278 2217 302 2238 et
327 2212 446 2238 viderunt
467 2213 536 2238 oculi
558 2212 619 2242 mei,
637 2217 660 2238 et
676 2219 733 2238 ecce
752 2219 797 2238 nec
817 2211 901 2238 media
914 2220 976 2246 pars

190 2260 228 2282 est
241 2264 298 2291 qum
311 2246 504 2282 nuntiabantur
524 2256 598 2282 mihi.
614 2256 749 2282 Addidisti
762 2257 830 2282 enim
847 2258 913 2283 bona
933 2265 978 2283 su-

190 2309 236 2335 per
248 2309 346 2327 omnem
363 2299 523 2327 auditiohent
548 2309 625 2336 quam
644 2302 734 2328 audivi
756 2303 782 2328 in
808 2309 878 2329 terra
905 2311 973 2330 mea.

191 2344 281 2371 Beata:
298 2345 418 2370 mulieres
435 2351 496 2376 tum,
517 2345 584 2371 beati
600 2346 674 2379 pueri
689 2346 733 2372 isti
749 2347 793 2380 qui
809 2347 935 2373 assistunt
949 2347 977 2373 in

190 2396 330 2424 conspectu
345 2394 388 2416 tuo
405 2399 514 2424 semper,
528 2395 552 2417 et
565 2391 676 2418 audiunt
693 2399 793 2418 omnem
807 2393 976 2426 prudentiam

190 2441 274 2463 luam.
288 2435 329 2463 Sit
342 2436 469 2462 Dominus
485 2437 626 2469 DcnsJuus
642 2437 799 2470 benedictus,
815 2438 859 2471 qui
873 2438 920 2464 tibi
933 2438 976 2465 de-

190 2482 230 2509 dit
244 2483 329 2509 sedem
349 2482 441 2509 Israel.
461 2482 592 2515 Quoniam
609 2482 703 2509 dilexit
729 2483 855 2509 Dominus
876 2482 973 2516 Israel,

189 2534 214 2555 et
231 2528 311 2555 voluit
327 2537 384 2554 cum
398 2535 547 2562 permanere
561 2529 587 2554 in
600 2533 737 2559 (utentum,
749 2529 838 2562 posuit
851 2534 873 2554 te
889 2535 973 2562 regem

189 2582 266 2607 super
280 2582 334 2606 eos,
347 2579 374 2601 ut
390 2573 474 2608 facias
483 2573 616 2607 judicium
631 2582 688 2600 cum
703 2574 821 2607 justitia,
837 2578 861 2599 et
870 2573 974 2607 judice:

188 2627 242 2646 eos.
258 2619 291 2646 Et
309 2620 382 2647 dedit
403 2618 540 2646 Salomoni
562 2623 665 2645 centum
680 2619 771 2653 viginti
789 2618 886 2644 talenta
903 2618 973 2651 auri,

187 2670 213 2692 et
232 2666 401 2693 odoramenta
422 2666 504 2692 multa
531 2665 615 2697 valde,
633 2669 659 2691 et
680 2664 796 2694 lapidem
819 2664 973 2698 pretiosum.

225 2761 245 2775 "
264 2759 344 2788 Nunt.
369 2771 417 2789 stt.

189 2795 212 2810 “
227 2795 298 2822 Psal.

483 2763 505 2778 "
523 2762 602 2789 Ntttn.
619 2770 669 2795 XII,
686 2763 710 2794 l,
724 2763 750 2790 ‘2.

333 2805 417 2831 um,
433 2798 477 2830 30,
491 2798 534 2825 3t.
574 2798 595 2813 “‘
611 2798 692 2832 Soph.
715 2807 743 2831 tl,
759 2798 786 2831 8,
798 2799 824 2830 9,
840 2799 937 2832 ειμι.

812 2764 834 2779 ιε
856 2763 889 2790 ltl
910 2763 974 2799 Reg.
1002 2763 1070 2795 x,t,
1085 2763 1112 2794 2,
1129 2763 1155 2794 3,
1179 2761 1423 2799 4,5,33,13,79.
1444 2764 1486 2791 to.

977 2799 997 2814 ’⁷
1015 2799 1069 2826 Jer.
1088 2806 1201 2829 xxxvttt,
1215 2797 1242 2823 (i.
1256 2797 1280 2828 7,
1293 2798 1319 2828 8,
1336 2798 1419 2828 9,10.

1031 882 1207 917 gnontittavit,
1218 882 1317 917 ittquit,
1327 890 1423 910 nomen
1435 883 1493 917 ejus
1502 882 1621 910 Meroen.
1629 883 1818 911 Refertautem

1030 928 1103 962 quod
1118 935 1171 954 non
1195 928 1283 954 solum
1309 927 1466 962 Etltiopiat,
1484 928 1528 954 sed
1542 932 1569 954 et
1582 927 1690 964 Aigypti
1704 937 1818 963 regnum

1031 974 1158 1000 tentterit.
1176 973 1316 1000 Addemus
1330 978 1420 1000 autent
1431 974 1520 1001 adhuc
1529 978 1556 1001 et
1570 981 1601 1001 ea
1621 981 1682 1008 quat
1698 974 1724 1000 in
1740 982 1827 1010 sexa-j

1030 1019 1134 1054 gcsimo
1156 1019 1272 1053 septimo
1285 1019 1392 1053 psalmo
1408 1019 1441 1046 de
1455 1019 1506 1046 hac
1521 1019 1614 1046 eadem
1628 1019 1713 1047 forma
1729 1020 1819 1047 conti-

1031 1068 1140 1091 nentur.
1159 1064 1204 1091 Ait
1223 1071 1287 1098 ergo
1305 1065 1341 1091 ibi
1357 1074 1362 1091 :
1379 1064 1502 1099 Disperge
1517 1069 1603 1099 gentes
1618 1073 1676 1101 qua:
1690 1065 1758 1091 bella
1776 1074 1820 1092 vo-

1030 1110 1098 1142 lunt,
1119 1114 1144 1136 et
1163 1110 1268 1136 veniant
1283 1110 1364 1144 legati
1381 1118 1413 1136 ea:
1426 1110 1552 1145 zEgypto,
1566 1110 1705 1144 ιΕιΙιίορία
1719 1120 1819 1146 pra-ve-

1031 1156 1083 1182 niet
1106 1163 1199 1182 manus
1223 1155 1280 1190 ejus
1309 1155 1371 1183 Deo.
1396 1155 1485 1191 Regna
1509 1161 1596 1189 terrae,
1623 1161 1726 1184 cantate
1755 1157 1818 1189 Deo.

1030 1201 1136 1237 psallite
1152 1202 1264 1228 Domino
1278 1201 1312 1229 ³⁸.
1327 1200 1374 1229 Est
1388 1201 1477 1229 adltuc
1497 1207 1594 1237 quarto
1621 1204 1646 1229 in
1667 1203 1727 1230 loro
1747 1205 1818 1238 apud

1032 1247 1199 1282 Sopltoniam
1226 1247 1384 1282 prophetam
1407 1247 1441 1274 de
1465 1247 1515 1274 hac
1536 1248 1629 1275 eadem
1655 1249 1741 1284 ﬁgura
1767 1249 1819 1276 hoc

1033 1294 1114 1321 ntolo
1130 1294 1260 1328 scriptum
1277 1303 1282 1320 :
1299 1292 1441 1327 Propterea
1453 1294 1554 1320 sustine
1577 1302 1627 1326 me,
1649 1295 1713 1320 dicit
1727 1294 1806 1321 Domi

1033 1348 1091 1372 nus,
1107 1341 1134 1366 in
1149 1340 1191 1366 die
1207 1339 1405 1366 resurrectionis
1421 1346 1495 1370 mem,
1508 1339 1535 1365 in
1550 1340 1686 1374 martyrio,
1699 1340 1753 1367 hoc
1765 1345 1817 1372 est,

1031 1386 1058 1412 in
1082 1385 1241 1418 testimonio,
1265 1387 1389 1420 quoniam
1402 1383 1534 1418 judicium
1555 1392 1638 1411 meum
1655 1387 1741 1411 estad
1756 1393 1818 1411 con-

1030 1431 1192 1466 gregatione:
1203 1431 1330 1465 gentium,
1346 1435 1375 1457 ut
1388 1431 1530 1465 suscipiam
1544 1439 1625 1465 rcges,
1642 1436 1666 1458 et
1680 1431 1817 1464 cﬁ'undant

1032 1484 1109 1511 super
1124 1484 1166 1502 eos
1183 1484 1281 1503 omnem
1308 1476 1376 1502 iram
1405 1477 1595 1511 indignationis
1619 1484 1691 1503 mete.
1716 1476 1748 1502 In
1761 1478 1819 1512 igne

1033 1521 1083 1548 zeli
1099 1523 1148 1548 mei
1161 1527 1328 1548 consumetur
1340 1521 1424 1548 atmiis
1440 1526 1520 1549 terra.
1537 1521 1667 1554 Quoniam
1682 1527 1745 1548 ttmc
1760 1530 1818 1548 cort-

1032 1573 1131 1594 vertam
1153 1568 1180 1594 in
1199 1567 1303 1602 populis
1323 1568 1440 1603 tinguant
1456 1569 1481 1595 in
1498 1568 1690 1603 generationem
1704 1568 1772 1602 cjns,
1789 1573 1817 1594 ut

1031 1614 1149 1640 invocent
1167 1622 1254 1640 omnes
1271 1622 1365 1640 nomen
1394 1614 1510 1647 Domini,
1537 1620 1559 1641 ct
1587 1614 1700 1641 serviant
1723 1614 1747 1640 ei
1769 1614 1817 1640 sub

1026 1656 1092 1692 jugo
1111 1665 1174 1684 uno.
1193 1657 1230 1684 De
1246 1657 1317 1684 ultra
1329 1659 1442 1692 ﬂumina
1457 1658 1601 1693 (Et/doma:
1614 1659 1758 1693 suscipiant
1774 1666 1818 1685 eos

1031 1703 1076 1737 qui
1091 1702 1203 1736 dispersi
1217 1707 1288 1734 sunt,
1301 1709 1325 1730 et
1337 1704 1446 1738 afferent
1457 1704 1618 1738 sacriﬁcium
1635 1704 1709 1731 milii.
1727 1704 1759 1730 In
1776 1706 1818 1731 die

1031 1746 1079 1772 illa
1094 1754 1146 1772 non
1160 1747 1328 1781 confunderis
1349 1747 1420 1774 Saba
1435 1749 1468 1774 ab
1484 1749 1605 1775 omnibus
1624 1749 1813 1776 adinrctttioni-

1031 1792 1077 1818 bus
1098 1792 1161 1824 tuis,
1179 1792 1206 1819 in
1222 1793 1315 1827 quibus
1338 1793 1416 1828 impie
1441 1794 1516 1828 egisti
1534 1794 1561 1820 in
1582 1794 1660 1821 me“.
1678 1793 1729 1821 Sed
1744 1799 1772 1822 et.
1789 1796 1817 1823 in

1029 1836 1145 1865 Jcremia
1170 1839 1301 1873 scriptum
1325 1844 1376 1871 est,
1396 1841 1468 1874 quod
1486 1840 1621 1875 principes
1638 1841 1749 1875 quidam
1766 1850 1817 1876 po-

1030 1884 1086 1918 puli
1102 1883 1183 1911 lsrael
1200 1885 1320 1911 miscrittt
1335 1884 1480 1912 Jeremiam
1494 1886 1521 1912 in
1532 1885 1618 1912 lacum
1637 1885 1756 1913 Melc/tia:
1767 1887 1819 1922 [itii

1030 1931 1109 1964 regis,
1127 1930 1171 1965 qui
1188 1935 1245 1957 erat
1262 1931 1289 1957 in
1308 1932 1385 1958 donto
1400 1933 1523 1965 carceris,
1536 1938 1559 1959 et
1573 1933 1745 1967 deposuerunt
1758 1943 1818 1960 cum

1030 1985 1089 2003 cum
1109 1977 1227 2010 funibus,
1245 1982 1269 2003 et
1284 1978 1312 2003 in
1327 1977 1388 2004 lacu
1408 1986 1459 2004 non
1474 1984 1529 2005 erat
1546 1987 1625 2014 aqua,
1642 1979 1687 2006 scd
1702 1988 1817 2008 canum.

1029 2027 1053 2048 et
1067 2027 1122 2048 erat
1135 2022 1161 2048 itt
1175 2030 1256 2048 emno.
1270 2023 1385 2049 Audiens
1400 2028 1486 2050 autent
1496 2024 1672 2056 Abdimrlech,
1691 2025 1818 2060 ΑῐιΙιίυμδ

1029 2068 1069 2094 vir
1081 2067 1226 2100 eunuchus,
1243 2067 1287 2102 qui
1305 2073 1361 2094 erat
1380 2069 1406 2094 in
1425 2069 1502 2095 domo
1521 2071 1598 2104 regis,
1610 2070 1672 2104 quia
1689 2072 1818 2098 miserunt

1029 2112 1172 2141 Jercmiam
1191 2114 1218 2140 in
1234 2113 1332 2145 lacum,
1355 2114 1470 2153 locutus.
1481 2119 1519 2142 est
1535 2116 1598 2150 regi,
1612 2121 1636 2142 et
1655 2116 1725 2144 dixit
1740 2126 1748 2144 :
1764 2119 1819 2146 Do-

1030 2159 1100 2186 mine
1114 2167 1170 2192 rex,
1184 2159 1252 2186 male
1272 2159 1388 2194 fecerunt
1402 2161 1451 2186 viri
1465 2161 1510 2187 isti
1526 2162 1611 2188 omnia
1625 2171 1684 2196 quw
1696 2163 1819 2197 fecerunt

1030 2205 1057 2231 in
1067 2205 1211 2232 Jcretniam
1223 2204 1386 2239 prophetam,
1398 2206 1460 2241 quia
1472 2207 1596 2233 miserunt
1607 2215 1665 2234 cum
1678 2208 1704 2234 in
1714 2208 1818 2243 lacum,

1030 2255 1054 2277 et
1070 2251 1197 2278 morietur
1213 2250 1250 2277 ibi
1265 2259 1281 2277 a
1297 2250 1365 2285 facie
1380 2251 1469 2285 famis,
1482 2254 1606 2286 quoniam
1620 2261 1670 2279 non
1686 2259 1746 2285 sunt
1757 2255 1819 2288 jam

1029 2305 1109 2332 partes
1127 2297 1153 2323 in
1169 2297 1285 2323 civitate.
1307 2296 1341 2323 Et
1365 2298 1487 2332 prwcepit
1509 2306 1554 2325 rex
1574 2299 1624 2332 ipsi
1646 2300 1818 2328 Abdintelccit

1030 2342 1150 2376 (Et/tiopi
1164 2342 1251 2368 dicens
1265 2350 1274 2368 :
1288 2341 1360 2369 Tolle
1376 2343 1436 2369 Itinc
1449 2344 1559 2378 triginta
1576 2344 1702 2378 homines,
1714 2350 1738 2372 ct
1751 2347 1820 2373 educ

1030 2396 1089 2415 eum
1104 2388 1135 2414 de
1147 2388 1217 2420 lacu,
1238 2393 1267 2414 ut
1284 2396 1334 2415 non
1351 2388 1386 2415 ibi
1400 2390 1532 2415 moriatur
1542 2389 1575 2416 ⁸⁷.
1593 2389 1626 2416 Ει
1639 2391 1704 2425 quid
1719 2392 1820 2425 plura?

1030 2434 1204 2461 Abdinteleclt
1222 2433 1351 2469 Etltiops
1366 2434 1416 2461 fuit
1431 2435 1478 2468 qui
1502 2434 1647 2463 Jeremiant
1671 2437 1768 2465 eduxit
1785 2439 1820 2465 de

1030 2480 1100 2507 lacu.
1119 2480 1152 2507 Et
1169 2481 1249 2515 paulo
1265 2486 1326 2516 post.
1349 2490 1356 2508 :
1381 2482 1481 2508 Factus
1497 2487 1535 2509 est
1551 2490 1635 2508 sermo
1657 2483 1765 2510 Domini
1782 2485 1819 2511 ad

1026 2525 1169 2553 Jetemiatn
1183 2527 1271 2553 dicens
1286 2535 1296 2554 :
1313 2527 1395 2560 Vade,
1406 2532 1430 2554 et
1442 2527 1484 2554 dic
1495 2527 1661 2555 Abdimeleclt
1680 2528 1818 2565 .Ethiopi,

1027 2572 1116 2598 dicens
1128 2579 1138 2598 :
1155 2571 1199 2598 Sic
1219 2572 1285 2598 dicit
1309 2572 1436 2600 Dominus
1460 2573 1531 2599 Deus
1557 2572 1642 2600 Israel
1657 2581 1666 2600 :
1687 2573 1754 2602 Ecce
1766 2584 1817 2611 ego

1028 2617 1131 2644 adduco
1147 2617 1222 2644 verba
1236 2626 1293 2645 mea
1312 2626 1391 2653 super
1411 2619 1544 2646 ciuitatem
1558 2619 1637 2646 istam
1654 2620 1682 2646 in
1695 2620 1779 2655 mala,
1791 2627 1817 2648 et

1028 2671 1079 2690 tton
1095 2664 1122 2690 in
1138 2663 1216 2696 bona,
1229 2669 1254 2690 et
1269 2663 1376 2690 saloabo
1394 2669 1418 2690 te
1435 2664 1462 2691 in
1477 2665 1520 2691 die
1532 2664 1590 2696 illa,
1605 2669 1629 2691 et
1643 2672 1695 2691 non
1709 2666 1778 2692 dabo
1792 2672 1818 2693 ιι

1547 2763 1569 2779 ⁸⁸
1585 2763 1680 2791 Matth.
1698 2771 1735 2790 ιιι
1747 2784 1754 2798 ,
1769 2763 1815 2792 42.
