1892 3050
179 139 230 167 107

708 135 870 165 ORIGENiS
887 134 921 164 IN
937 132 1116 163 CANTICUM
1133 132 1269 162 CANTlC.

1750 132 1801 160 108

171 197 248 225 enim
262 196 360 226 domus
369 203 452 232 quam
466 195 609 224 aedificavit
624 195 675 224 sibi
691 196 832 232 sapientia.
847 195 920 223 Vidit
933 199 959 223 et
976 196 997 224 Α
1011 194 1065 222 suit
1077 198 1103 221 te
1119 201 1209 229 regem
1225 200 1306 228 super
1319 198 1392 220 eum.
1405 192 1511 226 Quem?
1523 191 1671 220 Pacitleum
1684 192 1745 220 sine
1756 193 1805 221 du-

175 242 253 270 cibos
275 242 441 270 Salomonis.
468 242 530 270 Illos
555 246 621 277 puto
648 242 682 270 de
707 242 807 277 quibus
828 241 957 269 dicebat:

177 287 252 315 Meus
270 287 342 314 cibus
354 292 404 320 est,
417 292 445 315 ut
459 287 557 322 faciam
572 287 734 314 voluntatem
755 287 811 321 ejus
828 287 873 321 qui
888 287 961 313 misit

176 340 228 365 me,
245 337 273 358 ut
287 332 422 367 perﬁciam
437 340 500 367 opus
513 332 570 366 ejus
580 332 613 359 ⁵⁷.
634 331 706 359 Vidit
717 335 744 358 et
758 331 850 358 sedem
862 337 962 366 puero-

176 385 237 404 rum
251 377 320 412 ejus.
336 376 556 406 Ecclesiasticum
567 381 633 412 puto
649 377 772 404 ordinem
786 376 862 408 dicit,
874 377 921 412 qui
932 377 960 404 in

175 423 348 459 episcopatus
362 424 405 451 vel
419 424 576 460 presbyterii
587 423 697 451 sedibus
710 423 835 450 habetur.
850 422 923 451 Vidit
934 427 963 451 et

176 469 372 501 ordinationes,
389 469 446 497 sive
460 469 591 496 stationes
604 468 792 496 ministrorum
809 468 882 504 ejus.
898 468 962 496 Dia-

176 522 318 549 canorum,
335 519 365 543 ut
376 515 442 542 mihi
452 515 568 548 videtur,
586 514 710 542 ordinem
726 520 861 543 memorat
872 520 962 543 astan-

176 561 244 589 tium
269 561 362 589 divino
384 561 543 589 ministerio.
568 560 621 588 Sed
643 567 671 589 et
693 565 782 589 vestes
805 561 864 596 ejus
884 561 960 589 vidit.

177 607 239 635 Illas
253 607 334 634 credo
349 607 449 641 quibus
472 605 562 633 induit
582 613 639 640 eos,
659 605 694 633 de
717 606 817 640 quibus
836 605 936 633 dicitur
953 615 959 634 :

176 653 329 688 Quicunque
340 656 427 679 autem
439 653 467 680 in
478 651 584 680 Christo
599 651 729 686 lmptizati
743 651 815 684 estis,
827 650 963 678 Christum

175 699 299 725 induislis
312 698 346 725 ".
365 697 418 725 Sed
433 702 461 725 et
478 698 533 725 vini
551 697 659 725 fusores
675 697 747 731 ejus,
766 696 885 724 arbitror
909 696 962 723 dici

175 743 311 775 doctores,
326 743 373 778 qui
388 742 508 770 Verbum
523 742 570 770 Dei
581 746 608 769 et
618 742 769 769 doctrinam
781 741 860 777 quasi
869 741 962 769 vinum

175 789 282 824 populis
308 788 435 820 miscent,
460 788 532 823 quod
554 788 710 815 auditorum
731 787 813 815 corda
835 786 962 815 laetiﬁcet.

177 835 248 862 Vidit
263 839 291 862 et
305 835 465 862 holocausta
476 834 546 869 ejus,
563 833 718 861 orationum
730 833 790 861 sine
800 833 884 861 dubio
896 840 962 868 sup-

174 880 408 916 plicationumque
423 880 561 916 mysteria.
575 878 639 907 Haec
651 886 716 914 ergo
732 878 823 906 omnia
838 879 883 906 ubi
896 878 963 906 vidit

175 926 203 953 in
221 925 303 953 domo
323 925 395 960 regis
410 924 527 960 paciﬁci,
552 925 607 952 imo
629 924 743 957 Christi,
769 924 845 959 nigra
859 923 918 951 haec
934 927 962 952 et

175 971 298 999 formosa
311 970 463 1006 obstupuit,
479 974 506 998 et
516 970 554 997 ait
570 969 604 997 ad
618 977 681 997 eum
695 978 702 996 :
725 968 806 996 Verus
821 973 860 997 est
876 977 961 996 sermo

175 1024 252 1052 quem
266 1016 356 1044 audivi
369 1016 396 1043 in
413 1020 483 1043 terra
502 1024 560 1043 mea
576 1016 607 1043 de
622 1015 697 1043 verbo
713 1019 757 1043 tuo
766 1020 791 1042 et
802 1015 834 1042 de
847 1015 963 1050 pruden-

177 1063 216 1089 tia
231 1062 318 1089 tua".
333 1061 446 1097 Propter
461 1060 536 1089 enim
552 1061 663 1089 verbum
679 1066 756 1089 tuum
772 1061 844 1096 quod
863 1060 961 1096 agnovi

176 1115 269 1135 verum
285 1115 346 1135 esse
356 1107 479 1140 verbum,
487 1107 548 1134 veni
561 1107 595 1134 ad
611 1111 645 1134 te.
657 1105 755 1133 Omnia
767 1106 866 1133 etenim
878 1105 962 1133 verba

175 1161 236 1188 quae
252 1153 319 1180 mihi
329 1152 498 1185 dicebantur,
513 1156 540 1180 et
556 1159 617 1188 qua:
631 1151 785 1184 audiebam,
800 1158 862 1178 cum
872 1158 962 1178 essem

175 1199 204 1226 in
220 1203 291 1226 terra
310 1206 382 1232 mea,
396 1206 411 1226 a
427 1198 585 1226 doctoribus
602 1197 705 1225 scilicet
722 1196 814 1224 saeculi
830 1201 858 1224 et
872 1196 962 1232 philo-

175 1242 278 1277 sophis,
296 1250 350 1270 nou
369 1247 446 1270 erant
458 1250 533 1270 vera.
547 1242 623 1270 Istud
635 1246 677 1269 est
691 1241 780 1269 solum
793 1249 885 1269 verum
902 1248 962 1268 ver-

176 1289 238 1318 bum
254 1288 327 1323 quod
345 1292 388 1315 est
407 1287 435 1314 in
452 1292 488 1315 te.
505 1288 559 1315 Sed
573 1287 698 1315 fortassis
727 1286 905 1321 qumrendum
921 1286 962 1314 vi-

173 1333 292 1368 debitur,
312 1333 450 1368 quomodo
470 1333 544 1360 dicat
562 1333 619 1368 regi
636 1332 731 1367 regina
745 1332 813 1365 haec,
826 1331 890 1367 quia
905 1339 960 1359 non

173 1379 274 1407 credidi
290 1379 333 1406 lris
350 1386 412 1412 qua:
428 1378 587 1406 dicebantur
600 1378 667 1405 mihi
684 1378 717 1406 de
736 1382 772 1411 te,
790 1385 852 1405 eum
866 1378 961 1413 utique

174 1431 229 1451 non
244 1423 364 1451 venisset
378 1423 411 1450 ad
427 1422 579 1457 Christum,
589 1422 642 1450 nisi
653 1422 822 1450 credidisset.
836 1421 961 1450 Sedvide

174 1469 198 1499 si
209 1476 357 1504 possumus
374 1469 426 1496 hoc
443 1469 523 1496 modo
544 1469 650 1496 solvere
670 1468 744 1503 quod
759 1468 880 1503 partitur.
897 1467 960 1496 Non

1014 239 1070 267 bio.
1083 239 1210 267 Christus
1223 240 1296 267 enim
1309 243 1351 267 est
1363 245 1415 274 pax
1431 242 1536 270 nostra,
1549 239 1596 273 qui
1613 238 1677 266 fecit
1689 243 1806 274 utraque

1014 292 1112 318 unum,
1123 290 1150 312 et
1164 285 1283 313 medium
1295 285 1425 320 parietem
1438 285 1511 320 scpis
1524 285 1616 314 solvit.
1629 284 1660 312 Et
1672 289 1734 319 post
1749 285 1805 312 lrzec

1011 331 1114 363 omnia,
1125 331 1208 364 dedit,
1223 331 1320 366 inquit,
1336 334 1439 358 centum
1451 331 1544 366 uiginti
1558 330 1658 357 talenta
1673 331 1735 357 auri
1751 331 1806 365 regi

1012 375 1152 403 Salomom'
1165 376 1188 392 “
1204 377 1301 412 regina
1319 375 1401 403 Saba.
1418 375 1554 404 Numerus
1573 375 1618 403 hic
1636 383 1689 403 cx~x
1708 383 1806 404 consc-

1011 427 1105 450 cratus
1119 426 1161 450 est
1175 422 1237 450 vitae
1253 422 1396 450 hominum
1409 429 1505 450 eorum
1517 422 1565 458 qui
1579 421 1689 450 fuerunt
1703 422 1731 450 in
1745 422 1805 450 dio-

1011 468 1063 497 bus
1078 468 1247 505 “Noe”,
1273 468 1372 504 quibus
1395 468 1466 497 istud
1496 468 1654 496 conceditur
1683 468 1805 503 spatium

1013 515 1075 542 vitae
1093 535 1100 549 ,
1125 522 1181 550 quo
1211 515 1361 542 invitantur
1385 514 1418 542 ad
1442 514 1642 549 paenitentiam.
1666 513 1728 550 ipse
1756 522 1808 542 au-

1013 563 1067 588 tem
1093 567 1225 588 numerus
1245 567 1380 587 annorum
1402 564 1430 588 et
1442 560 1530 595 Moysi
1547 560 1609 587 vitae
1632 559 1693 588 fuit.
1719 559 1807 587 Oﬂ‘ert

1013 613 1078 641 ergo
1107 605 1218 633 Christo
1246 605 1366 633 Ecclesia
1391 605 1418 632 in
1441 605 1500 632 auri
1524 605 1614 640 specie
1636 609 1663 632 et
1682 604 1808 640 pondere

1013 659 1068 679 non
1093 652 1181 679 solum
1203 651 1403 678 multitudinem
1423 658 1554 678 sensuum
1573 658 1686 678 suorum
1705 655 1732 678 et
1757 650 1804 677 in-

1013 696 1180 729 tellectuum,
1196 696 1244 724 sed
1264 696 1315 731 legi
1329 695 1374 723 Dei
1392 700 1567 724 consecratos
1584 695 1686 723 indicat
1704 703 1806 723 sensus

1014 749 1079 770 suos
1094 749 1141 777 per
1156 741 1228 769 hunc
1248 741 1294 777 qui
1311 741 1395 777 Moysi
1422 748 1508 769 annos
1523 741 1587 768 vitae
1609 741 1731 769 continet
1750 749 1807 769 nu-

1014 795 1131 815 merum.
1161 787 1246 816 Otl'ert
1269 787 1352 815 etiam
1376 787 1525 815 suavitates
1547 787 1806 821 odoramentorum,

1016 833 1111 868 quales
1124 838 1151 861 et
1165 838 1274 869 quanta:
1287 841 1427 869 nunquam
1442 837 1584 862 venerant.
1598 832 1647 861 Vel
1664 833 1806 861 orationes

1013 880 1041 908 in
1056 880 1118 914 hoc,
1133 879 1176 908 vel
1193 886 1275 915 opera
1289 879 1484 908 misericordiae
1508 878 1637 914 intellige.
1654 877 1803 914 Nunquam

1012 926 1084 953 enim
1102 925 1144 954 vel
1159 929 1213 953 tam
1228 929 1302 953 recte
1316 929 1452 958 oraverat,
1471 928 1501 952 ut
1515 931 1589 952 nunc
1603 932 1666 952 cum
1685 925 1806 952 accessit

1013 971 1047 999 ad
1064 970 1215 1005 Christum,
1235 971 1278 999 vel
1295 974 1350 998 tam
1372 971 1416 1006 pie
1432 974 1542 1006 operata
1567 969 1666 1003 fuerat,
1690 975 1721 999 ut
1739 978 1803 999 cum

1014 1016 1142 1051 cognovit
1153 1015 1288 1051 justitiam
1300 1023 1379 1044 suam
1393 1023 1448 1043 non
1463 1015 1554 1043 facere
1572 1023 1665 1044 coram
1681 1016 1806 1044 homini-

1014 1060 1078 1094 bus,
1100 1060 1147 1088 sed
1167 1067 1260 1087 coram
1279 1059 1358 1088 Patre
1373 1060 1420 1095 qui
1439 1059 1513 1087 videt
1532 1060 1560 1087 in
1579 1061 1756 1093 abscondito,
1778 1067 1807 1090 et

1013 1106 1107 1133 reddet
1122 1106 1211 1141 palam
1226 1105 1259 1133 “.
1284 1106 1338 1133 Sed
1357 1106 1473 1133 multum
1497 1110 1540 1134 est
1559 1107 1655 1135 alienis
1680 1107 1708 1134 in
1735 1107 1806 1136 locis

1011 1151 1094 1179 simul
1107 1151 1233 1179 universa
1248 1151 1374 1186 persequi
1391 1153 1458 1184 haec,
1469 1158 1530 1187 qua
1547 1152 1694 1180 testimonii
1711 1153 1801 1188 gratia

1011 1197 1137 1224 videntur
1155 1201 1306 1232 assumpta.
1335 1195 1475 1225 Sumeiant
1497 1197 1549 1225 ista
1572 1197 1606 1225 de
1629 1198 1710 1226 tertio
1733 1198 1804 1226 libro

1013 1242 1181 1277 Regnorum.

1049 1286 1197 1315 Videamus
1223 1287 1315 1322 aliqua
1337 1295 1372 1315 ex
1397 1287 1440 1316 bis
1453 1296 1514 1323 quae
1537 1288 1571 1316 de
1593 1296 1667 1317 vart
1694 1289 1804 1324 psalmo

1010 1333 1185 1368 protulimus,
1195 1333 1242 1360 ubi
1263 1333 1317 1361 ait:
1329 1332 1470 1368 ΕιΙιὶορία
1482 1334 1622 1368 ρηευεηὶεε
1634 1343 1730 1362 manus
1745 1336 1804 1370 ejus

1014 1379 1067 1407 Deo
1086 1379 1120 1407 ⁸⁷.
1154 1378 1183 1406 Si
1213 1379 1286 1406 enim
1320 1379 1453 1407 intuearis
1477 1380 1616 1415 quomodo
1643 1387 1677 1408 ex
1702 1380 1804 1409 delicto

1009 1422 1091 1451 lsrael
1114 1423 1149 1452 sit
1173 1424 1249 1451 salus
1272 1423 1409 1459 gentibus,
1430 1429 1457 1452 et
1477 1425 1549 1460 quod
1575 1424 1684 1452 illorum
1707 1425 1804 1461 lapsus

1010 1469 1166 1498 introeundi
1194 1469 1266 1497 viam
1295 1469 1453 1497 nationibus
1475 1470 1565 1503 dedit,
1583 1471 1708 1500 advertes
1731 1479 1802 1507 quo—

172 1515 218 1547 iis,
231 1514 327 1550 inquit,
342 1514 444 1542 credidi
452 1515 498 1550 qui
510 1514 684 1550 loquebantur
696 1514 800 1542 mihi“.
814 1513 874 1542 Non
885 1514 957 1542 enim
973 1527 994 1558 ο
1009 1516 1091 1544 modo
1115 1515 1245 1551 praevenit
1261 1520 1287 1543 et
1309 1516 1438 1550 praecedit
1450 1514 1597 1551 Ethiopiae
1615 1523 1714 1545 manus
1725 1537 1734 1551 ,
1753 1517 1804 1545 hoc

174 1561 254 1588 tidem
266 1568 354 1589 meam
375 1561 402 1588 in
420 1561 482 1589 illos
498 1561 544 1596 qui
560 1561 643 1588 locuti
657 1564 722 1589 sunt
737 1560 770 1588 de
785 1564 821 1592 te.
833 1561 881 1588 sed
894 1560 921 1588 in
934 1564 961 1588 te

173 1607 271 1639 direxi,
288 1607 315 1634 id
329 1610 373 1634 est
386 1614 441 1634 non
456 1606 624 1639 hominibus,
649 1605 696 1634 sed
711 1605 760 1633 tibi
778 1605 880 1633 credidi
893 1605 959 1634 Deo.

174 1650 207 1678 Et
225 1659 272 1687 per
284 1651 345 1679 illos
358 1651 469 1686 quidem
480 1651 582 1684 audivi,
597 1651 631 1678 ad
645 1655 671 1678 te
682 1654 773 1678 autem
782 1651 856 1684 veni,
871 1655 898 1679 et
911 1651 960 1679 tibi

173 1697 286 1729 credidi,
302 1697 373 1732 apud
388 1703 468 1731 quem
481 1696 568 1723 multo
580 1696 658 1731 plura
670 1696 797 1723 viderunt
808 1696 882 1724 oeuli
895 1696 959 1730 mei,

174 1749 256 1778 quam
273 1741 505 1769 annuntiabantur
516 1741 594 1768 mihi.
613 1741 717 1769 Revera
735 1742 807 1770 enim
820 1749 882 1770 cum
898 1749 961 1777 per-

174 1789 278 1816 venerit
297 1788 374 1824 nigra
395 1787 452 1815 haec
467 1793 495 1815 et
508 1787 628 1815 formosa
642 1787 669 1815 in
685 1787 854 1816 Hierusalem
877 1788 961 1816 etsie-

174 1837 255 1865 stem,
266 1837 293 1860 et
306 1832 428 1867 ingressa
443 1831 526 1859 fuerit
536 1831 668 1859 visionem
681 1832 766 1867 pacis,
781 1831 869 1859 multo
882 1831 961 1866 plura

173 1882 201 1905 et
221 1876 455 1912 magniﬁcentiora
478 1882 560 1910 quam
576 1882 650 1903 nunc
666 1875 690 1902 ei
707 1879 772 1902 sunt
787 1875 960 1909 annuntiata,

173 1921 328 1957 perspiciet.
343 1919 422 1948 Nunc
435 1921 509 1948 enim
529 1925 659 1955 tanquam
676 1921 703 1948 in
719 1920 830 1955 speculo
848 1924 873 1948 et
891 1920 961 1947 aeni-

173 1971 273 2002 gmate,
289 1971 355 1994 tunc
369 1970 458 1993 autem
477 1965 578 1993 videbit
597 1964 665 1993 faeie
684 1965 718 1992 ad
739 1965 835 1993 faciem
846 1965 880 1998 “,
897 1973 961 1992 cum

173 2019 355 2048 consequetur
368 2020 399 2040 ea
415 2020 476 2048 qua:
487 2012 583 2041 oculus
595 2019 649 2040 non
662 2011 740 2045 vidit,
761 2019 811 2039 nec
826 2012 900 2039 auris
909 2019 961 2039 au-

162 2059 251 2091 ,divit,
267 2065 317 2086 nec
330 2058 358 2085 in
376 2065 424 2086 cor
440 2057 558 2085 hominis
577 2057 768 2084 ascenderunt.
786 2055 818 2082 Et
835 2061 902 2084 tunc
921 2056 962 2084 vi-

175 2103 260 2136 debit,
277 2103 341 2138 quia
352 2109 404 2130 nec
418 2102 549 2130 medietas
565 2109 661 2129 eorum
671 2105 723 2133 est,
736 2108 797 2136 qua:
813 2101 916 2128 audivit
934 2101 962 2129 in

173 2150 224 2176 bac
237 2156 286 2177 sua
302 2153 373 2176 terra
388 2148 485 2184 posita.
505 2147 595 2175 Beata:
610 2153 676 2182 ergo
690 2151 754 2174 sunt
764 2147 893 2175 mulieres
912 2146 962 2175 Sa-

1010 1567 1052 1591 est
1065 1562 1185 1597 gentium
1206 1561 1334 1597 populus,
1351 1561 1413 1589 illos
1430 1561 1464 1589 ad
1478 1561 1574 1595 Deum,
1590 1562 1691 1597 quibus
1703 1563 1802 1598 primis

1010 1609 1073 1637 data
1088 1612 1153 1636 sunt
1169 1607 1278 1643 eloquia
1294 1607 1352 1639 Dei,
1372 1611 1400 1635 et
1421 1607 1449 1634 in
1461 1607 1514 1636 hoc
1527 1608 1657 1642 compleri
1671 1607 1802 1635 :As‘thio-

1010 1654 1054 1689 pia
1068 1653 1207 1688 praeveniet
1225 1661 1320 1680 manus
1331 1653 1388 1688 ejus
1402 1652 1475 1686 Deo;
1498 1658 1525 1681 et
1540 1653 1570 1680 tit
1581 1654 1658 1689 nigra
1674 1654 1726 1682 ista
1743 1654 1803 1682 for-

1011 1705 1099 1730 mosa,
1119 1698 1227 1726 etiamsi
1252 1698 1368 1732 nolunt,
1391 1698 1500 1726 etiamsi
1525 1699 1645 1727 invident
1662 1703 1689 1727 et
1712 1701 1807 1728 obtre~

1011 1747 1086 1771 ctant
1107 1743 1170 1771 ﬁliae
1183 1742 1363 1771 Hierusalem.
1389 1743 1441 1771 Sed
1468 1748 1495 1772 et
1511 1746 1650 1780 prophetae
1673 1746 1797 1774 testimo-

1011 1789 1087 1816 nium
1102 1789 1175 1824 quod
1196 1790 1356 1825 posuimus,
1375 1789 1421 1817 ubi
1437 1791 1558 1826 suscepit
1571 1790 1704 1819 Dominus
1719 1793 1802 1820 etiam

1010 1842 1058 1863 eos
1071 1835 1118 1870 qui
1140 1835 1254 1863 veniunt
1274 1835 1308 1863 de
1333 1836 1402 1864 locis
1416 1844 1476 1871 qua:
1500 1841 1565 1864 sunt
1591 1837 1661 1864 ultra
1687 1837 1803 1866 ﬂumina

1011 1880 1175 1916 Etlriopum
1188 1881 1221 1914 “,
1237 1885 1264 1909 ct
1282 1881 1400 1909 aﬂ‘erunt
1417 1881 1521 1909 hostias
1535 1881 1602 1915 Deo,
1619 1882 1701 1910 simili
1719 1890 1803 1911 sensu

1012 1926 1208 1954 advertendum
1224 1930 1300 1961 puto.
1318 1925 1432 1954 Videtur
1447 1926 1519 1953 enim
1538 1926 1622 1959 mihi,
1639 1926 1714 1961 quod
1730 1927 1803 1955 ultra

1011 1971 1123 1999 flumina
1140 1971 1285 2007 [Ethiopian
1301 1979 1362 2000 esse
1386 1971 1489 1999 dicitur
1512 1971 1574 2004 ille,
1594 1972 1641 2007 qui
1667 1971 1763 2000 nimiis
1777 1979 1804 2001 et

1012 2017 1298 2053 superabundantibus
1321 2017 1440 2052 peccatis
1462 2017 1616 2046 infuscatus
1636 2021 1688 2050 est,
1701 2023 1729 2046 et
1742 2025 1804 2048 atro

1013 2063 1123 2090 malitia:
1140 2062 1204 2090 fuco
1217 2062 1334 2090 irtfectus
1348 2062 1425 2101 niger
1437 2066 1464 2089 et
1477 2062 1664 2091 tenebricosus
1677 2068 1721 2091 est
1738 2065 1804 2092 red-

1012 2107 1104 2141 ditus;
1124 2111 1152 2134 et
1174 2111 1264 2135 tamen
1286 2114 1321 2134 ne
1334 2106 1385 2134 hos
1401 2106 1512 2141 quidem
1536 2107 1642 2141 repellit
1656 2106 1803 2141 Dominus,

1014 2151 1061 2180 sed
1082 2159 1178 2180 omnes
1196 2152 1244 2187 qui
1270 2151 1403 2180 sacriﬁcia
1435 2151 1610 2179 contribulati
1636 2153 1748 2187 spiritus
1775 2157 1804 2180 et

171 2193 300 2226 lomonis,
318 2195 417 2222 animae.
432 2193 492 2221 sine
507 2193 592 2220 dubio
608 2200 668 2227 quae
686 2191 766 2219 Verbi
779 2191 827 2220 Dei
843 2197 870 2220 et
883 2193 960 2228 pacis
974 2198 998 2227 D
1011 2197 1147 2225 humiliati
1165 2197 1257 2226 cordis
1277 2197 1395 2225 oﬂ‘erunt
1409 2195 1475 2230 Deo,
1492 2196 1673 2227 confessionis
1695 2198 1803 2226 scilicet

171 2239 232 2274 ejus
251 2239 397 2274 participes
412 2238 491 2265 ﬁunt.
510 2237 585 2265 Beati
600 2237 677 2272 pueri
690 2237 751 2273 ejus
766 2238 812 2273 qui
827 2238 961 2267 assistunt

170 2285 198 2312 in
211 2289 357 2320 conspectu
374 2283 434 2318 ejus
445 2290 563 2317 semper.
576 2282 635 2310 Non
646 2282 684 2310 illi
696 2283 742 2317 qui
756 2283 902 2318 aliquando
915 2292 960 2312 as-

170 2329 282 2361 sistunt,
304 2333 331 2356 et
345 2327 493 2362 aliquando
509 2334 563 2354 non
585 2327 728 2360 assistunt,
753 2328 800 2355 sed
821 2329 866 2363 qui
888 2336 961 2357 sem-

170 2382 230 2409 per,
247 2378 273 2401 et
289 2373 348 2400 sine
361 2372 564 2400 intermissione
580 2372 713 2400 assistunt
724 2371 813 2400 Verbo
827 2372 885 2406 Dei,
897 2382 960 2402 vere

170 2421 241 2449 beati
254 2424 327 2448 sunt.
339 2418 413 2446 Talis
428 2422 485 2446 erat
495 2423 522 2446 et
533 2419 577 2446 illa
588 2418 673 2447 Maria
686 2428 747 2455 qua:
758 2421 869 2450 sedebat
880 2429 960 2449 secus

171 2466 253 2502 pedes
267 2464 344 2494 Jesu.
367 2469 394 2492 et
416 2464 545 2491 audiebat
562 2472 635 2498 eum,
655 2465 698 2493 cui
719 2471 746 2493 et
773 2467 960 2495 testimonium

169 2511 287 2540 reddidit
303 2510 362 2546 ipse
374 2509 518 2542 Dominus,
538 2509 632 2542 dicens
647 2511 680 2538 ad
700 2511 833 2540 Martinam
850 2521 856 2539 :
871 2512 960 2540 Maria

154 2548 295 2602 :optimam
311 2562 414 2592 partem
429 2555 516 2591 elegit,
530 2564 589 2591 quae
606 2565 659 2583 non
677 2558 815 2592 auferetur
835 2558 868 2584 ub
882 2565 913 2585 ea
924 2558 957 2586 θ’.

169 2604 264 2632 Adhuc
276 2603 353 2638 nigra
367 2601 424 2629 haec
436 2605 463 2628 et
471 2600 590 2629 formosa
597 2601 664 2629 dicit
673 2611 680 2629 :
688 2601 847 2630 Benedictus
854 2603 900 2637 qui
909 2610 956 2630 uo-

171 2650 219 2677 luit
227 2650 291 2677 dare
298 2654 322 2675 te
329 2655 408 2682 super
417 2647 503 2675 sedem
516 2646 602 2674 lsrael
614 2647 646 2674 “.
661 2646 730 2676 Vere
738 2649 811 2676 eninr
819 2649 884 2683 quia
891 2648 958 2676 dile-

170 2695 206 2723 xit
217 2694 347 2723 Dominus
353 2693 447 2726 lsrael,
458 2697 486 2721 et
496 2692 581 2720 voluit
590 2696 620 2720 ut
626 2697 710 2721 staret
718 2693 746 2721 in
755 2697 901 2728 aeternum,
911 2701 957 2729 po-

207 2771 317 2800 "Joan.
335 2779 371 2805 tv,
391 2769 435 2799 δι.
474 2770 498 2787 ⁸³
515 2769 574 2798 Gul.
588 2778 631 2804 tu,
645 2770 691 2797 27.
729 2770 752 2786 ⁸⁸
769 2769 801 2797 111
818 2769 884 2807 Reg.
903 2779 931 2802 Χ,
946 2770 973 2798 6.
1027 2771 1050 2786 ⁸⁸
1065 2771 1131 2798 ibid.
1147 2771 1150 2798 Τ

207 2808 238 2834 Ill
254 2808 318 2840 iteg.
335 2815 363 2840 x,
381 2806 408 2834 9.
461 2806 485 2824 "
502 2806 566 2833 ibid.
585 2805 628 2833 10.
677 2805 711 2840 _“
722 2804 790 2834 Gen.
803 2813 840 2834 vr.
896 2806 918 2823 ⁸⁸
928 2805 1024 2834 Matth.
1049 2813 1086 2840 vr,
1102 2806 1150 2834 18.

171 2808 192 2823 ⁸³
207 2808 238 2834 lll
254 2808 318 2843 lleg.
335 2806 408 2843 κιρ.
461 2806 485 2824 ⁸⁸
502 2806 566 2833 ibid.
585 2805 628 2833 10.

172 2843 193 2858 ⁸³
204 2843 280 2870 Joan.
296 2841 335 2874 v2,
360 2841 404 2870 31.

1009 2250 1042 2270 ac
1056 2242 1222 2277 pteuitentiae
1240 2242 1320 2269 titulo
1340 2241 1375 2269 ad
1391 2249 1454 2269 eum
1469 2242 1610 2274 conversi,
1634 2250 1687 2270 non
1712 2244 1803 2279 repel-

1009 2289 1103 2316 luntur
1119 2288 1153 2316 ab
1166 2295 1210 2316 eo.
1229 2287 1274 2315 Sic
1290 2287 1363 2316 enim
1380 2287 1510 2322 pacificus
1524 2287 1589 2315 dicit
1601 2287 1734 2316 Dominus
1749 2296 1805 2317 no-

1009 2338 1065 2362 ster
1079 2343 1086 2362 :
1102 2333 1157 2369 Ego
1181 2333 1325 2361 uenientem
1347 2332 1383 2359 ad
1406 2341 1445 2360 me
1468 2340 1520 2360 non
1540 2333 1636 2367 repello
1649 2333 1681 2360 “.
1705 2333 1803 2362 Potest

1009 2384 1101 2406 autem
1117 2382 1144 2406 et
1157 2378 1191 2406 de
1206 2378 1260 2405 illis
1273 2378 1376 2405 dictum
1390 2377 1487 2409 videri,
1503 2378 1576 2413 quod
1597 2377 1666 2405 ultra
1682 2377 1800 2408 numina

1010 2423 1170 2459 [Etiriopum
1190 2423 1271 2459 positi
1294 2423 1403 2452 venient
1420 2423 1506 2450 etiam
1528 2423 1580 2458 ipsi
1597 2423 1631 2450 ad
1646 2423 1730 2451 Deum
1746 2425 1801 2452 ho-

1009 2469 1077 2496 stias
1097 2467 1262 2502 deferentes,
1284 2468 1331 2503 qui
1346 2472 1524 2503 posteaquam
1547 2468 1689 2496 intraverit
1709 2471 1802 2498 omnis

1008 2514 1147 2549 plenitudo
1158 2514 1290 2549 gentium,
1302 2521 1363 2549 qua:
1375 2513 1534 2541 ﬂuminibus
1545 2512 1705 2549 Ethiopum
1723 2522 1802 2543 com-

1008 2563 1133 2593 paratur,
1152 2558 1262 2586 venient
1284 2558 1365 2585 etiam
1389 2558 1451 2592 ipsi,
1474 2563 1501 2586 et
1522 2562 1587 2586 tunc
1610 2559 1701 2586 omnis
1718 2559 1802 2587 lsrar-l

1010 2603 1175 2634 salvabitur;
1199 2608 1226 2631 et
1247 2611 1296 2639 pro
1311 2611 1345 2631 eo
1365 2603 1435 2631 ultra
1453 2603 1565 2631 ﬂumina
1576 2603 1737 2639 [Etlriopum
1755 2606 1801 2632 di-

1010 2652 1118 2682 cantur,
1134 2648 1213 2684 quasi
1235 2648 1283 2683 qui
1300 2647 1444 2676 ulteriores
1460 2651 1487 2675 et
1499 2649 1664 2683 posteriores
1684 2649 1742 2677 sint
1755 2649 1801 2677 bis

1010 2694 1116 2729 spatiis,
1133 2694 1160 2721 in
1176 2693 1277 2729 quibus
1293 2693 1380 2722 currit
1401 2697 1428 2722 et
1442 2693 1591 2721 inundatur
1609 2694 1732 2729 gentium
1752 2703 1800 2723 sa-

1027 2771 1050 2786 “
1065 2771 1131 2798 ibid.
1147 2771 1173 2799 7.
1191 2771 1217 2788 ⁴¹
1233 2770 1243 2797 1
1257 2770 1322 2798 Cor.
1337 2778 1399 2804 xm,
1415 2770 1464 2804 ης
1480 2778 1511 2804 u,
1527 2769 1554 2799 9.
1591 2770 1615 2805 f'
1630 2769 1697 2797 Luc.
1714 2780 1742 2805 x,
1753 2772 1801 2800 η.

1207 2806 1228 2822 ⁸⁷
1242 2805 1423 2842 Psal._t.xvrt,
1443 2806 1496 2847 pl.
1551 2806 1574 2822 “
1587 2804 1672 2841 Soph.
1689 2804 1739 2840 tn,
1755 2807 1799 2837 l0.
