1892 3050
85 138 130 165 109

85 196 132 223 lus.
149 195 180 222 Et
200 195 236 222 ita
259 194 330 222 forte
346 193 476 229 compleri
493 193 598 222 videtur
615 194 668 222 hoc
688 195 762 230 quod
783 194 858 227 dicit,
874 196 899 226 Δ

84 242 142 277 quia
163 242 188 268 in
208 241 252 268 die
275 241 324 268 illa
343 249 396 268 non
412 241 581 275 eonfunderis
607 241 698 269 omnis
725 240 805 269 Israel
829 248 862 269 ea:

84 288 195 315 omnibus
211 287 442 315 “inventionibus
461 288 526 320 tuis,
539 287 633 322 quibus
646 288 728 322 impio
742 288 819 323 egisti
833 288 862 315 in

87 337 162 360 me".

116 377 240 413 Superest
255 383 286 406 ut
306 378 373 406 illud
393 378 594 410 testimonium,
608 378 683 414 quod
698 378 732 406 de
743 378 862 407 Jeremia

86 425 290 458 assumpsimus,
314 424 478 460 explicetur,
506 425 553 452 ubi
568 423 753 453 Abdimclcch'
765 425 864 452 nihilo-

87 469 168 497 minus
179 469 306 505 Ethiops
331 471 374 498 vir
390 470 546 503 eunuchus,
566 478 630 498 cum
654 471 776 499 audisset
798 471 862 506 quia

86 515 206 543 Jeremias
220 516 248 543 ia
262 516 353 544 lacum
369 516 470 544 missus
483 520 526 544 est
545 524 560 543 a
577 515 745 552 principibus
759 518 862 553 populi,

86 561 167 590 educit
186 569 249 590 eunt
275 561 384 590 inde“.
403 561 435 590 Et
450 565 517 597 puto
534 563 729 591 inconveniens
747 570 802 590 non
820 564 863 591 vi-

85 607 137 634 deri
156 606 178 634 si
194 607 331 640 dicamus,
352 615 433 642 quem
447 606 584 642 principes
601 607 685 636 lsrael
698 608 865 636 condemna-

87 657 218 685 vernnt,et
232 652 260 680 in
273 653 364 680 lacum
377 653 473 681 mortis
489 653 632 686 miserunt,
646 653 698 681 iste
712 653 864 689 alienigena

86 704 110 727 et
122 699 240 728 obscurae
254 699 345 735 gentis
357 699 440 727 homo
455 704 482 727 et
495 700 648 735 degeneris,
667 699 694 727 id
715 704 757 727 est
777 707 864 735 popu-

86 744 125 772 lus
144 745 278 780 gentium,
301 745 395 773 educit
417 752 479 773 eum
495 745 528 773 de
541 745 603 773 lacu
617 745 725 778 mortis,
740 752 863 772 resurre-

86 790 193 818 ctionem
208 790 313 819 scilicet
329 791 388 826 ejus
404 799 420 819 a
435 791 552 819 mortuis
564 790 689 824 credens,
702 794 731 818 et
749 790 800 818 fide
815 798 864 818 sua

88 836 153 864 hunc
165 844 244 872 quem
263 837 304 864 illi
321 837 349 864 in
367 841 481 865 mortem
508 837 691 871 tradiderant,
705 836 757 864 iste
770 836 804 864 de
823 836 864 864 in-

86 881 161 909 ternis
186 885 298 910 revocat
329 890 363 910 ac
387 882 504 912 reducit.
535 881 588 910 Sed
613 887 640 910 et
661 882 802 909 eunuchus
819 882 863 910 hic

87 926 204 963 λειὴὶομ
224 935 287 956 esse
304 928 416 962 dicitur,
439 928 523 956 credo
547 927 621 963 quod
636 928 798 956 castraverit
821 936 863 956 se-

87 973 220 1008 metipsum
245 978 360 1009 propter
383 980 497 1010 regnum
522 973 588 1007 Dei,
619 974 662 1001 vel
687 974 770 1002 etiam
791 974 864 1009 quod

87 1026 169 1046 semen
195 1019 310 1047 malitiae
329 1019 357 1047 in
374 1019 522 1055 semetipso
548 1027 605 1047 non
627 1019 735 1047 habeat.
763 1018 864 1047 Servus

87 1071 186 1099 quoque
196 1069 238 1093 est
253 1065 339 1100 regis,
355 1065 418 1100 quia
431 1072 527 1093 servus
539 1065 648 1101 sapiens
662 1065 779 1100 imperat
796 1065 865 1093 stul-

88 1110 118 1136 tis
132 1110 255 1139 dominis.
276 1110 471 1146 Interpretatur
485 1115 576 1139 autem
585 1110 761 1139 Abdimelech
776 1118 865 1138 servits

88 1164 176 1192 regunt.
192 1157 226 1184 Et
240 1157 304 1185 ideo
315 1157 447 1185 Dominus
466 1157 622 1193 relinquens
637 1157 766 1193 populum
783 1156 865 1186 lsrael

88 1208 132 1235 pro
152 1203 267 1237 peccatis
291 1202 362 1235 suis,
390 1202 424 1230 ad
435 1201 591 1238 Ethiopem
616 1202 697 1230 verba
720 1201 823 1238 dirigit,
838 1207 866 1231 et

90 1247 118 1274 ad
133 1247 217 1282 ipsum
243 1247 330 1275 mittit
344 1248 503 1284 prophetam
519 1252 544 1276 et
564 1248 616 1283 ipsi
633 1248 718 1276 dicit:
738 1248 806 1276 Ecce
819 1257 865 1284 ego

89 1292 181 1320 adduco
202 1293 282 1320 verba
303 1301 362 1321 mea
386 1302 465 1329 super
484 1294 619 1321 ciuitatem
644 1295 724 1322 istam
748 1296 775 1322 in
792 1296 867 1324 mala

88 1342 110 1364 et
125 1346 172 1365 non
187 1339 213 1366 in
231 1338 324 1371 bona;
340 1343 366 1365 et
378 1338 484 1366 salrabo
506 1343 530 1366 te
548 1339 575 1366 in
591 1339 633 1366 die
651 1339 710 1373 illa,
728 1344 753 1367 et
769 1348 822 1367 non
842 1345 866 1368 te

88 1382 148 1410 dabo
163 1384 187 1411 in
201 1392 298 1411 manus
314 1383 466 1418 hominum,
481 1385 527 1412 sed
546 1384 652 1412 salvam
671 1385 779 1413 saluabo
796 1391 821 1413 te
832 1387 864 1412 ".

88 1427 182 1457 Salutis
205 1434 298 1458 autem
317 1437 401 1458 causa
415 1430 473 1458 haec
488 1435 532 1459 est
552 1431 587 1465 ei,
602 1431 667 1466 quia
684 1431 780 1460 eduxit
804 1439 866 1467 pro-

87 1474 186 1508 phetam
197 1475 231 1503 de
244 1476 320 1509 lacu,
336 1475 363 1503 id
373 1480 426 1508 est,
443 1475 515 1511 quod
529 1476 581 1504 lide
595 1484 646 1504 sua
661 1485 715 1512 qua
726 1477 866 1505 Christum

86 1521 260 1550 resurrexisse
273 1521 364 1549 credit
374 1529 392 1549 a
405 1522 530 1555 mortuis,
543 1523 670 1551 eduxisse
683 1530 745 1550 eum
758 1531 792 1551 cs
803 1523 864 1551 lacu
877 1532 899 1562 α

87 1565 195 1594 videtur.
213 1566 305 1594 Habet
321 1574 386 1602 ergo
398 1567 514 1602 plurima
528 1568 684 1596 testimonia
698 1568 777 1596 fusca
796 1567 863 1602 inec,

87 1611 124 1639 vel
132 1612 214 1647 nigra,
231 1617 257 1640 et
270 1612 406 1645 formosa.
422 1613 449 1640 in
459 1613 560 1649 quibus
574 1613 660 1642 libere
671 1618 746 1649 agat,
761 1619 789 1642 et
803 1620 866 1642 cum

88 1657 177 1686 fiducia
191 1658 265 1686 dicat
284 1658 320 1686 ad
335 1657 404 1685 tilias
424 1656 607 1692 Hierusalem,
623 1659 688 1694 quia
709 1658 786 1686 fusca
805 1665 867 1687 sum

87 1704 198 1739 quidem,
213 1704 256 1732 vel
269 1705 350 1740 nigra
363 1704 434 1732 sicut
446 1704 620 1732 tabernacula
633 1703 732 1737 Cctiar,
747 1703 867 1732 formosa

87 1753 168 1777 autem
181 1750 253 1778 sicut
259 1750 346 1785 pelles
353 1749 519 1777 Salomonis.
535 1749 574 1777 De
587 1749 703 1784 pellibus
712 1749 867 1777 Salomonis

88 1794 207 1830 scriptum
225 1795 332 1831 aliquid
349 1795 458 1830 proprio
470 1801 525 1823 non
537 1795 660 1823 memini.
682 1794 752 1822 Puto
776 1799 866 1822 autem

89 1840 173 1869 referri
182 1850 263 1877 posse
278 1842 313 1870 ad
326 1841 438 1877 gloriam
452 1841 521 1876 eius,
534 1840 568 1869 de
581 1849 635 1877 qua
644 1841 711 1869 dicit
724 1841 868 1869 Salvator:

89 1886 151 1919 Quia
176 1896 221 1915 nec
238 1887 368 1916 Salomon
394 1888 422 1915 in
443 1887 515 1914 omni
537 1887 623 1923 gloria
639 1895 689 1914 sua
708 1891 814 1922 opertus
828 1891 867 1914 est

87 1932 148 1960 sicut
166 1941 246 1960 unum
262 1933 360 1960 Iterum
371 1933 405 1960 ⁷³.
418 1932 523 1961 Nomen
540 1937 631 1960 tamen
653 1932 741 1968 ipsum
757 1932 868 1968 pellium

89 1976 112 2004 in
129 1978 304 2006 tabernaculo
319 1978 467 2006 testimonii
485 1977 640 2005 invenimus
655 1977 811 2013 frequenter
825 1985 869 2005 res

89 2022 157 2056 ferri,
172 2025 244 2052 sicut
259 2032 326 2052 cum
339 2025 424 2052 dicit:
438 2023 473 2051 Et
485 2025 568 2059 (acies
585 2023 664 2058 pelles
680 2031 712 2050 ea:
726 2031 869 2058 caprarum

88 2069 143 2103 pilis
169 2072 365 2105 operimentum
388 2078 467 2105 super
488 2069 688 2097 tabernaculum
712 2069 868 2102 testimonii,

89 2116 201 2144 undecim
211 2117 295 2152 pelles
310 2117 403 2152 facies,
421 2115 558 2151 longitudo
567 2115 644 2150 pellis
658 2116 738 2142 unius
758 2115 869 2151 triginta

88 2161 248 2195 cubitorum,
281 2161 398 2188 latitudo
435 2165 550 2196 quatuor
574 2159 733 2187 cubitorum.
767 2159 870 2186 Eadem

879 868 900 896 Β

732 134 832 163 LIBER
854 134 1047 164 SECUNDUS.

1650 139 1700 167 no

911 194 1039 222 lateribus
1060 194 1121 222 hinc
1146 199 1171 222 et
1195 195 1255 223 inde
1267 194 1300 222 ⁷⁸.
1324 194 1394 224 Puto
1419 202 1485 232 ergo
1501 196 1576 232 quod
1599 197 1697 227 harant

913 241 1024 276 pellium
1053 241 1156 268 mentio
1179 240 1225 268 liat
1241 241 1268 269 in
1280 240 1394 270 Cantieo
1409 241 1590 277 canticorum,
1603 249 1631 271 et
1641 244 1700 272 ista:

913 286 1040 314 dicantur
1049 293 1110 314 esse
1124 286 1290 320 Salomonis,
1306 287 1353 322 qui
1368 287 1503 322 accipitur
1515 288 1542 316 in
1556 289 1699 323 paciﬁcum

914 331 968 366 50
981 331 1131 360 Christum.
1155 332 1244 367 Ipsius
1258 339 1324 368 ergo
1336 336 1380 360 est
1394 333 1611 368 tabernaculum,
1626 338 1655 362 et
1667 341 1700 362 ea

913 384 975 411 quae
998 377 1031 405 ad
1054 377 1260 406 tabernaculum
1285 378 1442 413 pertinent;
1466 382 1495 407 et
1516 379 1653 414 pracipes
1675 380 1699 407 si

914 422 981 450 illud
1000 422 1206 450 tabernaculum
1221 423 1438 458 consideremus,
1452 424 1525 459 quod
1542 424 1642 452 dicitur
1660 428 1701 452 ta-

914 467 1093 496 bernaculum
1113 475 1220 501 verum,
1236 468 1310 503 quod
1324 468 1384 497 ﬁxit
1397 469 1470 497 Deus
1485 473 1513 497 et
1530 477 1584 498 non
1605 469 1699 502 homo,

913 518 941 542 et
953 513 1026 549 quod
1039 514 1092 540 ait:
1121 512 1184 540 Non
1196 514 1266 541 enim
1276 515 1304 541 in
1315 515 1470 550 manufucta
1482 520 1576 543 sancta
1590 515 1700 542 intrarit

913 558 990 587 Jesus
1009 559 1171 593 exemplaria
1189 567 1308 587 verorum
1321 560 1355 589 ".
1384 560 1414 588 Si
1434 568 1499 596 ergo
1519 560 1701 596 pulchritudi-

914 612 976 632 nem
1000 612 1079 632 suam
1103 611 1204 640 sponsa
1228 605 1346 640 pellibus
1369 611 1509 642 comparat
1532 606 1700 639 Salomonis,

914 651 1021 678 illarum
1043 651 1102 678 sine
1115 650 1199 678 dubio
1222 651 1333 685 pellium
1352 651 1466 687 gloriam
1481 657 1508 680 et
1521 652 1702 688 pulchritudi-

914 703 976 724 nem
991 695 1072 729 dicit,
1088 703 1149 730 quae
1165 695 1292 730 operiunt
1314 696 1381 724 illud
1405 697 1610 725 tabernaculum
1626 697 1699 732 quod

913 740 972 769 ﬁxit
986 740 1057 769 Deus
1072 745 1100 769 et
1112 748 1167 768 non
1183 742 1276 770 homo.
1305 741 1336 769 Si
1350 749 1415 770 veto
1434 742 1602 778 nigredinem
1617 749 1697 771 suam

914 795 975 822 quae
995 787 1153 822 exprobrari
1181 795 1196 815 a
1220 787 1327 815 ﬁliabus
1351 786 1522 816 Hierusalem
1543 788 1700 820 videbatur,

914 832 1029 867 pellibus
1046 833 1162 860 contulit
1176 831 1340 866 Salomonis,
1352 832 1435 868 hujus
1445 833 1613 861 tabernaculi
1626 834 1699 868 quod

913 878 1052 913 exemplar
1066 878 1123 906 veri
1138 878 1306 906 tabernaculi
1320 882 1444 912 vocatur,
1460 878 1625 913 accipiendae
1636 884 1701 907 sunt

914 922 1014 957 pelles;
1034 922 1112 957 quasi
1127 922 1201 958 quod
1217 927 1244 950 et
1266 922 1331 957 ipsa:
1348 922 1433 958 nigrae
1453 922 1644 958 sint‘quidcm,
1657 927 1703 950 ut-

914 973 977 1005 pote
995 977 1139 1004 caprarum
1164 969 1226 1004 pilis
1254 972 1344 1002 textae,
1360 974 1387 997 et
1409 973 1500 997 tamen
1520 976 1603 997 nsunt
1619 976 1702 997 orna-

915 1019 1027 1050 tumque
1039 1014 1186 1043 exhibeant
1199 1014 1291 1042 divino
1311 1014 1497 1043 tabernaculo.
1513 1013 1593 1048 Quod
1609 1019 1700 1042 autem

915 1060 1022 1088 videtur
1035 1068 1096 1088 esse
1111 1067 1227 1095 persona
1242 1068 1294 1088 una
1310 1068 1370 1096 quae
1389 1060 1521 1095 loquitur,
1536 1063 1563 1088 et
1575 1060 1703 1095 pluribus

915 1114 946 1134 se
966 1106 1008 1134 vel
1033 1106 1217 1134 tabernaculis
1230 1105 1318 1134 Cedar
1338 1106 1366 1133 in
1383 1105 1538 1141 nigredine,
1561 1106 1602 1134 vel
1624 1105 1702 1134 Salo-

916 1152 1007 1180 monis
1028 1151 1145 1187 pellibus
1167 1150 1352 1186 comparavit,
1377 1150 1414 1177 ita
1436 1150 1624 1186 accipiendum
1647 1154 1702 1183 est,

915 1198 980 1233 quia
997 1206 1050 1225 una
1071 1197 1180 1233 quidem
1201 1203 1316 1232 persona
1334 1196 1454 1228 videtur,
1467 1195 1596 1224 Ecclesiae
1619 1196 1702 1223 innu-

915 1251 999 1272 merae
1024 1248 1114 1272 tamen
1140 1247 1204 1271 sunt
1225 1250 1286 1278 qua!
1307 1248 1355 1278 per
1379 1242 1473 1270 orbem
1498 1246 1577 1270 terra;
1596 1242 1703 1270 dili‘usae

916 1294 990 1324 sunt,
1005 1295 1087 1325 atquc
1108 1289 1249 1317 immensa:
1270 1288 1493 1324 congregatione:
1505 1295 1538 1316 ac
1550 1288 1702 1315 multitudi»

917 1344 966 1365 nes
988 1335 1169 1371 populorum;
1194 1334 1267 1362 sicut
1280 1338 1308 1361 et
1330 1341 1444 1369 regnum
1466 1334 1598 1361 culorum
1617 1341 1702 1361 unum

916 1382 1026 1418 quidem
1041 1381 1152 1414 dicitur,
1162 1379 1215 1408 sed
1230 1379 1323 1407 multa:
1340 1383 1432 1407 tamen
1455 1379 1483 1406 in
1497 1386 1530 1407 eo
1546 1379 1704 1407 mansiones

916 1431 1106 1456 memorantur
1119 1433 1180 1454 esse
1197 1425 1267 1460 apud
1283 1424 1390 1452 Patrem
1401 1425 1435 1451 ".
1462 1423 1556 1452 Potest
1568 1429 1659 1452 autem
1676 1428 1704 1451 et

916 1472 951 1501 de
974 1479 1139 1507 unaquaque
1170 1471 1261 1498 anima
1284 1477 1345 1505 quae
1366 1474 1428 1505 post
1452 1473 1562 1506 peccata
1586 1469 1703 1505 plurima

917 1518 1088 1546 convertitur
1110 1517 1145 1544 ad
1167 1515 1368 1552 pcenitentiam,
1393 1515 1458 1549 dici,
1480 1515 1555 1550 quod
1570 1515 1648 1550 nigra
1669 1515 1706 1543 sit

917 1564 1026 1601 quidem
1040 1570 1090 1598 pro
1103 1562 1231 1598 peccatis,
1255 1560 1375 1589 formosa
1392 1564 1502 1596 propter
1517 1560 1703 1596 paenitentiam

916 1615 944 1639 et
956 1611 1061 1638 fructus
1071 1608 1248 1645 paenitentiae.
1262 1607 1384 1642 Denique
1399 1611 1426 1635 et
1447 1607 1480 1635 de
1496 1607 1549 1635 hac
1566 1607 1625 1642 ipsa
1645 1614 1706 1642 qua:

917 1665 991 1685 nunc
1015 1656 1081 1684 dicit
1099 1665 1105 1683 ε
1126 1655 1212 1690 Nigra
1232 1662 1290 1682 sum
1305 1657 1331 1681 et
1349 1653 1484 1688 formosa,
1509 1653 1573 1688 quia
1597 1659 1652 1680 non
1677 1652 1706 1680 in

917 1703 998 1731 linem
1016 1702 1044 1730 in
1061 1700 1203 1737 nigredine
1216 1700 1268 1728 ista
1284 1699 1443 1735 permansit,
1459 1703 1522 1734 post
1537 1699 1595 1726 inec
1609 1697 1707 1726 dicunt

918 1749 950 1776 de
960 1755 992 1775 ea
1004 1747 1062 1783 ipsa
1076 1746 1138 1774 ilia:
1149 1745 1315 1773 Hierusalem
1327 1754 1334 1772 :
1349 1745 1415 1777 Qua
1423 1748 1462 1772 est
1476 1744 1529 1771 ista
1539 1751 1599 1780 qua
1611 1751 1706 1771 ascen-

916 1794 956 1822 dit
973 1793 1098 1821 dealbata
1116 1790 1266 1819 incumbens
1283 1797 1361 1826 super
1376 1791 1524 1828 fraternum
1537 1797 1615 1817 suum
1625 1788 1708 1816 '7'"!

952 1839 1030 1868 νει-ε.
1051 1839 1078 1867 6.
1100 1838 1141 1866 Ne
1155 1837 1265 1866 videatis
1287 1845 1338 1870 me,
1355 1837 1480 1873 quoniam
1496 1836 1631 1871 infucata
1646 1843 1706 1863 sum

915 1893 974 1921 ego,
987 1886 1051 1921 quia
1062 1885 1182 1920 despexit
1195 1891 1236 1911 nte
1246 1882 1297 1910 sol.
1321 1883 1457 1911 infuscata
1477 1883 1535 1911 sive
1553 1882 1706 1917 denigrata,

918 1931 940 1959 si
955 1935 1140 1966 competenter
1155 1930 1234 1958 nobis
1247 1929 1351 1957 videtur
1364 1932 1456 1964 aptata
1468 1927 1604 1963 eapositio
1621 1935 1705 1962 quam

918 1978 946 2005 in
964 1977 1151 2013 superioribus
1177 1976 1219 2004 vel
1246 1976 1281 2006 de
1296 1977 1466 2011 (Etliiopissa
1493 1983 1555 2010 quae
1583 1983 1599 2003 n
1614 1975 1707 2012 Moyse

919 2028 1045 2058 suscepta
1069 2027 1111 2051 est
1134 2022 1162 2049 in
1189 2021 1367 2058 coniugium,
1392 2021 1434 2049 vel
1456 2021 1490 2049 dc
1514 2020 1608 2056 regina
1634 2020 1707 2048 Saba

920 2068 1079 2104 Etliiopum
1092 2075 1153 2104 quat
1167 2068 1328 2104 sapientiam
1344 2067 1500 2095 Salomonis
1513 2067 1587 2095 vluit
1600 2066 1707 2100 audire,

921 2113 1076 2142 texuimus:
1092 2113 1189 2142 merito
1210 2120 1284 2141 nunc
1308 2113 1366 2141 haec
1388 2119 1449 2148 quae
1469 2113 1545 2140 fusca
1570 2111 1613 2139 vel
1630 2111 1706 2147 nigra

920 2163 964 2187 est
980 2163 1007 2187 et
1025 2158 1145 2187 formosa
1157 2178 1165 2192 ,
1192 2159 1350 2187 satisfacere
1372 2159 1479 2186 videtur
1501 2164 1551 2193 pro
1568 2157 1708 2192 nigredine

89 2213 203 2233 suasura
220 2207 274 2234 erit
291 2205 410 2233 undecim
424 2205 547 2239 pellibus,
559 2209 584 2232 et
600 2205 741 2239 eonjunqes
755 2205 868 2240 quinque
885 2203 907 2230 D
921 2204 963 2233 vel
978 2204 1132 2233 fuscatio'no
1146 2212 1206 2238 sua,
1219 2211 1373 2240 causasque
1393 2204 1505 2232 reddere
1516 2202 1708 2238 exprobrantis

89 2251 160 2285 pelles
175 2252 267 2284 simul,
283 2256 308 2278 et
321 2251 391 2278 alias
408 2258 453 2278 sex
472 2249 562 2283 simul,
576 2255 600 2277 et
614 2249 754 2284 replicabis
767 2254 869 2276 sextam

90 2297 173 2330 pellem
192 2306 208 2324 ι
222 2298 312 2332 fronte
327 2296 490 2323 tabernaculi
505 2305 514 2323 :
533 2299 557 2323 el
580 2295 660 2330 facies
676 2295 869 2329 quinquaginta

90 2343 190 2370 assulas
209 2352 256 2378 per
275 2350 350 2369 oram
364 2341 441 2376 pellis
460 2341 553 2374 unius,
577 2345 602 2367 et
613 2340 805 2375 quinquaginta
822 2348 870 2366 an—

90 2387 156 2415 sslas
167 2396 211 2423 per
223 2396 302 2416 oram
319 2386 395 2422 pellis
407 2386 528 2420 alterius,
541 2394 587 2421 per
597 2393 664 2420 quas
675 2385 870 2420 conjungantur

91 2440 138 2460 una
149 2434 181 2461 ad
196 2435 329 2466 alteram;
345 2439 370 2461 et
384 2433 466 2468 [acies
484 2431 597 2459 circulos
612 2439 693 2459 cereos
707 2430 869 2466 quinquage-

91 2486 142 2512 nos,
155 2484 178 2506 et
190 2480 334 2514 conjunges
347 2486 380 2506 ea:
392 2479 456 2513 ipsis
470 2477 562 2511 pelles,
575 2481 600 2504 et
614 2476 664 2504 erit
678 2484 759 2504 unum
774 2481 870 2509 totum;

90 2529 112 2550 et
128 2526 262 2559 replicabis
278 2524 349 2560 quod
367 2529 484 2558 superest
505 2531 539 2550 ex
554 2522 666 2557 pellibus
676 2542 684 2555 ,
703 2521 871 2549 medietatem

90 2571 158 2604 pellis
169 2572 248 2599 unius
262 2580 279 2598 a
293 2571 380 2606 fronte
394 2569 570 2602 tabernaculi,
580 2573 605 2596 et
621 2576 653 2595 ex
666 2567 721 2594 alia
733 2567 872 2594 medietate

90 2617 153 2651 quod
164 2622 292 2652 superest,
307 2615 407 2644 velabit
420 2616 566 2650 posteriora
580 2613 743 2641 tabernaculi
753 2613 873 2640 cubitum

92 2663 155 2696 hinc,
169 2669 193 2690 et
204 2665 324 2691 cubitum
338 2663 410 2694 inde,
418 2669 450 2689 ex
461 2669 491 2688 eo
502 2660 572 2696 quod
584 2659 701 2687 abundat
716 2659 742 2686 in
753 2658 872 2694 longitu-

91 2707 145 2735 dine
165 2709 294 2742 pellium,
315 2713 340 2736 et
365 2708 415 2735 erit
437 2707 594 2741 adapertum
617 2704 818 2732 tabernaculum
837 2711 870 2731 es

922 2251 992 2284 bus,
1006 2251 1084 2286 quasi
1099 2258 1160 2286 qua:
1181 2257 1235 2278 non
1251 2255 1347 2278 natura
1365 2250 1440 2282 talis,
1456 2256 1506 2277 nec
1521 2249 1558 2276 ita
1577 2253 1593 2275 tt
1607 2247 1706 2275 Condi-

923 2301 982 2324 tore
999 2301 1091 2324 creata
1111 2296 1157 2329 sit,
1179 2296 1226 2324 sed
1244 2304 1278 2323 es
1296 2295 1483 2324 accidentibus
1496 2295 1548 2323 hoc
1565 2300 1646 2330 passa
1660 2294 1707 2322 sit.

922 2343 961 2370 Ex
979 2350 1023 2376 eo,
1037 2342 1135 2378 inquit,
1151 2343 1216 2377 quia
1228 2342 1270 2369 sol
1282 2341 1406 2377 despexit
1420 2348 1473 2368 me.
1496 2338 1525 2367 in
1540 2347 1595 2374 quo
1611 2343 1707 2367 osten-

922 2387 962 2416 dit
973 2394 1026 2415 nou
1041 2388 1075 2414 de
1090 2387 1228 2422 nigredine
1241 2386 1365 2422 corporis
1378 2386 1436 2413 tieri
1455 2388 1621 2418 sermonem,
1636 2384 1708 2420 quod

913 2434 1018 2469 utique
1030 2433 1072 2461 sol
1087 2433 1235 2460 obscurare
1249 2436 1276 2459 et
1290 2431 1433 2466 denigrare
1452 2431 1530 2463 solet,
1545 2437 1609 2458 cum
1623 2430 1709 2464 respi‘

922 2478 961 2506 cit
976 2478 1062 2512 magis
1080 2483 1160 2512 quam
1179 2484 1241 2504 cum
1257 2476 1381 2512 despicit.
1406 2475 1446 2503 ita
1461 2475 1579 2510 denique
1591 2479 1619 2502 et
1635 2475 1707 2509 apud

924 2523 998 2551 illam
1006 2529 1115 2550 omnem
1124 2525 1230 2557 gentem
1239 2521 1397 2557 (Ethiopum
1407 2521 1508 2553 ferunt,
1521 2521 1564 2548 cui
1577 2520 1710 2548 naturalis

925 2567 1049 2604 quadam
1068 2567 1140 2594 inest
1154 2574 1188 2594 ex
1201 2565 1315 2594 seminis
1334 2566 1453 2594 carnalis
1468 2565 1642 2593 successione
1665 2564 1709 2591 ni-

923 2614 1017 2650 gredo,
1033 2613 1105 2649 quod
1125 2613 1152 2640 in
1172 2612 1227 2640 illis
1249 2612 1316 2641 locis
1331 2613 1372 2640 sol
1387 2612 1470 2640 radiis
1486 2610 1640 2639 acrioribus
1654 2609 1708 2637 fer-

923 2664 994 2693 veat,
1007 2663 1034 2687 et
1044 2659 1140 2687 adusta
1157 2658 1212 2694 iam
1243 2658 1326 2686 semel
1345 2662 1427 2693 atque
1446 2656 1580 2685 infuscata
1594 2663 1708 2691 corpora

924 2705 1033 2741 genuini
1059 2704 1118 2732 vitii
1144 2704 1319 2732 successione
1349 2707 1537 2739 permaneant.
1569 2701 1708 2730 Contrarii

123 2809 144 2826 "
159 2808 280 2845 Sophon.
293 2819 340 2844 tu,
355 2810 411 2845 ii:
436 2810 458 2825 ⁷³
469 2808 524 2836 Jer.
537 2788 657 2845 assunt.
707 2808 730 2824 "
740 2807 1005 2845 Jerem.‘x§xt}t.»16,
1023 2806 1066 2834 l7.
1102 2805 1230 2845 "__Matth.
1245 2814 1282 2841 \'l,
1295 2806 1340 2834 29.
1378 2806 1402 2824 ⁷⁵
1414 2805 1501 2834 Exod.
1514 2813 1588 2838 ηνι,
1602 2806 1627 2839 7,
1641 2806 1668 2839 8,
1681 2807 1708 2841 9,

93 2843 134 2880 to,
146 2846 188 2880 tt,
198 2843 298 2880 12,13.

355 2845 378 2861 "
390 2844 470 2872 Hebr.
483 2852 522 2876 nt,
533 2843 579 2871 ‘24.
599 2844 622 2859 "
635 2844 715 2872 Joan.
733 2851 788 2876 xtv,
803 2842 830 2869 2.
869 2843 930 2865 "-7‘
941 2843 1020 2870 Cant.
1039 2849 1099 2876 vnt,
1117 2842 1144 2869 5.
