1892 3050
194 136 240 163 Hi

718 131 878 161 ORlGENlS
897 129 931 159 IN
949 129 1127 159 CANTICUM
1146 129 1283 158 CANTIC.

1766 126 1816 160 H2

191 199 256 220 vero
274 191 378 220 ordinis
396 195 438 220 est
454 191 552 219 animae
573 190 696 227 nigredo.
711 190 778 218 Nam
794 197 881 226 neque
897 197 977 224 aspe-
991 193 1013 221 Α
1028 192 1073 216 tur
1103 196 1117 215 a
1143 195 1189 215 me
1213 195 1296 223 quam
1319 194 1392 215 nunc
1413 186 1583 223 exprobratis
1612 188 1664 216 ista
1690 187 1816 223 nigredo,

190 242 247 272 ctu,
259 239 305 266 sed
320 238 448 273 despectu
469 238 535 266 solis
560 238 689 270 inuritur,
715 245 803 272 neque
828 236 974 269 nascendo,

191 283 240 311 sed
263 283 422 318 negligenda
447 283 635 318 conquiritur;
661 287 688 310 ct
707 281 768 309 ideo
783 280 853 308 sicut
868 281 976 316 ignavia

191 329 351 362 asstrmitur,
372 329 411 356 ita
427 333 455 357 et
468 328 602 356 industria
619 327 757 363 repellitur
772 330 800 354 et
811 326 974 361 repulsatur.

191 374 322 410 Denique,
336 378 367 401 ut
380 374 506 410 superius
517 374 585 408 dixi,
599 373 656 400 haec
668 373 725 407 ipsa
737 379 797 407 quae
809 379 882 399 nunc
898 372 975 407 nigra

190 419 291 447 dicitur
303 426 375 453 esse,
395 419 424 447 in
439 418 494 447 line
507 418 612 446 Cantici
629 417 711 452 hujus
728 417 852 445 dealbata
870 424 974 445 memo-

191 469 269 492 ratur
283 464 430 492 ascendere
447 464 606 492 incumbens
619 471 701 498 super
710 462 863 490 ‘l'rateruum
882 470 973 490 suum.

191 510 292 539 Eﬂecta
310 514 354 538 est
374 517 439 546 ergo
459 510 553 545 nigra,
573 509 638 544 quia
658 508 813 541 descendit;
839 508 861 535 si
883 512 973 535 autem

190 557 303 592 coeperit
325 556 472 584 ascendere
493 559 520 583 et
542 554 699 582 incumbere
728 561 810 588 super
823 553 973 580 fraternum

190 610 280 635 suum,
297 608 325 630 et
340 602 474 629 adhaerere
489 601 530 634 ei,
548 608 599 629 nec
613 600 726 628 omnino
744 599 865 634 separari
883 599 917 626 ab
929 606 973 630 eo.

188 648 241 674 erit
261 647 382 675 dealbata
398 651 425 674 et
442 646 576 679 candida;
599 646 762 680 abjectaque
784 645 859 671 omni
883 645 973 677 nigre-

188 693 260 725 dine,
283 693 339 719 veri
358 692 470 720 luminis
489 693 549 719 luce
567 690 735 719 circumfusa
756 689 881 717 radi-abit.
905 689 974 716 Dicit

185 744 251 772 ergo
269 745 343 764 nunc
362 737 396 764 ad
416 737 486 764 tilias
509 735 678 764 Hierusalem
700 742 749 769 pro
768 734 908 770 nigredine
923 741 973 761 sua

181 782 378 811 satisfaciens:
393 782 453 809 Non
471 781 583 816 putetis,
600 789 617 808 ο
630 781 691 808 lilim
703 780 882 814 Hierusalem,
900 779 973 815 quod

185 828 320 856 naturalis
341 833 383 856 est
404 828 456 855 ista
479 828 592 862 uigredo
616 834 698 862 quam
724 827 822 854 videtis
847 826 873 853 in
894 825 972 853 vultu

184 881 265 907 meo;
283 874 329 901 sed
346 873 442 902 scitote
462 874 591 909 quoniam
608 873 736 907 despectu
754 872 820 899 solis
834 871 968 899 estfacta.

187 919 235 946 Sol
249 920 322 947 enim
337 920 449 955 justitia:
473 921 536 955 quia
558 926 602 946 me
617 926 671 945 non
696 918 798 945 invenit
813 922 885 945 recte
898 922 973 946 stan-

186 968 252 996 tem,
266 971 317 990 nec
330 964 387 998 ipse
402 963 428 990 in
443 971 487 991 me
500 967 588 990 rectos
601 962 699 990 direxit
714 962 782 990 lucis
797 970 853 990 sua:
869 963 971 990 radios.

185 1008 244 1043 Ego
269 1009 341 1036 enim
365 1016 425 1036 sum
449 1009 565 1044 populus
589 1008 722 1043 gentium,
748 1008 795 1043 qui
816 1008 892 1042 prius
918 1015 972 1035 non

185 1053 279 1089 aspexi
297 1054 331 1081 ad
352 1054 436 1082 solem
454 1054 568 1090 justitiaz
588 1061 638 1081 nec
654 1054 715 1081 steti
734 1057 796 1080 ante
811 1053 971 1087 Dominum;

184 1104 213 1126 et
235 1099 296 1127 ideo
313 1107 364 1127 nec
385 1099 430 1127 ille
451 1106 495 1127 me
517 1100 636 1134 aspexit,
655 1098 701 1127 sed
721 1098 859 1133 despexit,
884 1105 973 1134 neque

186 1144 271 1172 astitit
282 1145 359 1178 milii,
377 1145 422 1173 sed
435 1146 572 1180 praeteriit.
587 1144 644 1172 Hoc
657 1149 747 1172 autem
763 1145 800 1171 ita
816 1152 876 1172 esse
889 1144 971 1172 etiam

185 1195 214 1218 tu
231 1191 278 1226 qui
295 1190 378 1218 Israel
400 1191 508 1224 diceris,
527 1191 616 1225 reipsa
638 1195 766 1226 expertus
786 1191 843 1225 jam
860 1191 972 1225 jamque

184 1244 332 1272 cognosces
347 1241 374 1264 et
386 1237 461 1265 dices
477 1246 485 1264 :
501 1237 577 1265 Sicut
592 1237 665 1264 enim
681 1245 725 1264 me
748 1237 893 1272 aliquando
916 1243 971 1263 non

183 1283 311 1311 credente
331 1288 358 1310 tu
377 1288 535 1318 assumptus
562 1290 601 1314 es,
619 1287 645 1310 et
668 1282 883 1310 misericordiam
905 1289 971 1309 con-

183 1333 305 1360 secutus,
319 1333 346 1356 et
360 1333 386 1355 te
399 1329 518 1363 respexit
534 1328 574 1356 sol
587 1327 711 1362 iustitiae,
722 1335 765 1355 me
779 1331 868 1355 autem
879 1332 972 1362 utpote

184 1374 385 1402 inobedientem
407 1378 435 1402 et
455 1374 625 1401 ineredulum
648 1373 782 1408 despexit,
803 1377 830 1401 et
849 1373 970 1408 sprevit;

184 1419 222 1447 ita
235 1423 262 1447 et
277 1427 350 1446 nunc
363 1419 427 1455 quia
444 1423 471 1446 tu
492 1419 648 1446 incredulus
670 1425 697 1446 et
711 1419 869 1447 inobediens
883 1419 971 1448 lactus

183 1472 225 1497 cs,
238 1472 289 1500 ego
305 1470 385 1499 spero
406 1464 503 1499 respici
528 1472 543 1491 a
565 1464 622 1491 sole
635 1464 749 1499 justitiee
771 1469 798 1492 et
815 1465 971 1492 misericor-

183 1510 256 1537 diam
279 1510 420 1545 consequi.
445 1509 522 1542 Quod
546 1514 637 1537 autem
654 1513 748 1537 mutua
763 1511 842 1538 nobis
855 1511 891 1539 sit
904 1511 969 1540 solis

183 1556 234 1584 ista
253 1556 400 1591 despectio,
422 1560 449 1583 et
468 1563 518 1591 ego
538 1556 627 1590 primo
644 1563 693 1590 pro
712 1555 894 1584 inobedientia
909 1566 970 1586 mea

183 1603 327 1636 despectus
350 1610 431 1634 sum,
457 1606 486 1629 tu
509 1609 572 1629 vero
599 1607 754 1636 respectus;
782 1610 855 1630 nunc
879 1609 969 1631 autem

182 1649 265 1675 etiam
279 1648 326 1675 tibi
339 1655 392 1675 non
404 1648 494 1676 solum
511 1649 653 1683 despectus
668 1647 744 1680 solis,
757 1648 804 1676 sed
819 1652 846 1675 et
861 1650 969 1678 caecitas

183 1693 307 1728 quaedam
328 1693 390 1720 licet
409 1700 442 1720 ex
459 1698 535 1728 parte
551 1693 704 1728 contigerit,
722 1697 817 1720 testem
837 1694 885 1721 tibi
903 1703 969 1730 pro-

183 1739 282 1766 ducam
309 1739 495 1774 magnilicum,
519 1742 546 1765 et
569 1739 687 1766 cmlestis
709 1739 806 1767 secreti
827 1741 968 1768 conscium

184 1784 312 1817 Paulum,
328 1785 376 1820 qui
399 1785 435 1812 ita
450 1784 535 1812 dicit:
553 1783 627 1811 Sicut
645 1785 714 1811 enim
727 1793 770 1812 vos
785 1785 830 1819 (de
844 1786 970 1820 gentibus

182 1831 243 1859 sine
260 1830 343 1859 dubio
361 1830 486 1866 IOquens)
505 1830 648 1865 aliquando
673 1837 724 1856 non
737 1830 886 1857 credidistis
905 1830 969 1865 Deo,

183 1885 253 1903 nunc
275 1882 364 1904 autem
388 1877 599 1904 misericordiam
623 1877 757 1903 consecuti
780 1876 843 1903 estis
865 1881 970 1911 propter

182 1923 297 1950 istorum
318 1922 549 1954 incredulitatem;
572 1922 611 1949 ita
626 1927 650 1949 et
665 1923 711 1949 isti
731 1930 782 1949 non
801 1922 969 1950 crediderunt

182 1968 211 1994 in
229 1973 315 1995 vestra
330 1968 522 2000 misericordia,
539 1972 567 1994 ut
580 1968 630 2001 ipsi
642 1968 853 1994 misericordiam
875 1975 969 1995 conse-

180 2018 299 2049 quantur
310 2014 343 2041 "'.
360 2013 394 2041 Et
412 2014 475 2041 item
502 2012 530 2040 in
544 2013 605 2040 aliis
617 2013 683 2040 dicit
697 2020 704 2039 :
723 2012 793 2045 Quia
811 2014 918 2040 ctecitac
937 2021 970 2040 ea:

181 2062 258 2092 parte
282 2058 391 2093 contigit
411 2059 440 2084 in
460 2057 568 2090 Israel,
588 2057 669 2084 donec
693 2057 830 2091 plenitudo
853 2057 969 2091 gentium

181 2104 293 2131 intraret
303 2104 335 2130 ⁸ο.
349 2102 418 2130 llinc
432 2110 497 2137 ergo
507 2102 589 2136 estju
601 2109 644 2128 me
655 2108 737 2135 quam
751 2101 902 2135 exprobras
917 2101 969 2128 ista

182 2149 307 2184 nigredo,
324 2148 388 2183 quia
409 2147 532 2182 despexit
550 2154 594 2175 me
612 2146 652 2173 sol
670 2150 780 2180 propter
797 2145 969 2173 incredulita-

1027 234 1078 269 51
1096 238 1126 262 ut
1139 234 1220 261 etiam
1238 233 1284 261 lux
1302 233 1397 261 mundi
1412 240 1521 261 merear
1535 233 1677 268 appellari.
1695 233 1742 261 Sic
1753 240 1817 268 ergo

1026 280 1067 307 sol
1099 280 1150 308 iste
1183 280 1293 315 quidem
1320 279 1439 308 visibilis
1463 287 1495 307 ea
1527 286 1643 314 corpora
1672 279 1776 314 quibus
1801 286 1815 306 ι

1026 333 1135 354 summo
1157 326 1301 354 libramine
1326 326 1476 358 insederit,
1496 325 1618 354 infuscat
1635 332 1664 353 et
1685 325 1761 359 urit;
1785 332 1817 353 ea

1025 377 1091 398 vero
1106 379 1166 405 quae
1180 371 1275 406 procul
1293 375 1358 398 sunt
1375 374 1402 397 et
1418 371 1453 398 ab
1474 370 1527 398 ista
1547 370 1740 399 collibratione
1756 370 1816 398 lon-

1026 416 1087 452 gius
1103 417 1203 451 posita,
1221 420 1366 444 conservat
1382 416 1408 443 in
1423 417 1543 444 candore
1556 424 1618 449 suo,
1635 424 1687 444 nec
1699 417 1816 445 omnino

1025 464 1082 490 urit
1097 470 1143 496 ea,
1162 464 1209 491 sed
1225 464 1370 491 illuminat.
1394 463 1440 492 Sol
1462 471 1527 492 vero
1542 464 1691 499 spiritalis,
1709 465 1756 500 qui
1776 469 1818 493 est

1025 509 1065 536 sol
1084 509 1212 544 justitite,
1240 509 1267 536 in
1285 510 1365 544 cujus
1380 510 1478 545 pennis
1493 511 1597 538 sanitas
1616 518 1677 538 esse
1702 510 1816 544 dicitur,

1024 555 1178 582 econtrario
1198 563 1244 582 cos
1260 556 1370 589 quidem
1385 563 1455 590 quos
1475 556 1540 582 recti
1554 556 1646 583 cordis
1666 556 1815 589 invenerit,

1024 604 1050 626 et
1064 599 1096 626 ad
1114 599 1211 626 libram
1225 600 1267 627 Sui
1284 600 1438 634 splendoris
1455 601 1646 632 consistentes,
1664 601 1816 634 illuminat,

1024 649 1050 671 et
1064 645 1139 672 omni
1156 645 1262 681 fulgore
1279 646 1449 680 circumdat;
1465 653 1512 674 eos
1530 651 1620 674 autem
1636 647 1683 682 qui
1705 648 1818 683 oblique

1024 690 1153 718 incedunt
1174 699 1236 719 eum
1258 699 1307 725 eo,
1334 692 1490 720 necessario
1511 693 1593 720 etiam
1617 693 1675 727 ipse
1703 693 1817 728 oblique

1023 743 1078 763 non
1094 741 1148 763 tam
1163 737 1274 772 respicit
1294 745 1375 772 quam
1392 738 1526 773 despicit,
1542 739 1593 767 hoc
1612 739 1652 766 eis
1665 744 1817 775 praestante

1023 781 1205 809 inconstantia
1235 790 1283 810 sua
1309 788 1337 810 et
1360 784 1547 813 instabilitate.
1571 784 1715 818 Quomodo
1741 787 1816 814 enim

1023 826 1069 861 qui
1083 827 1202 861 perversi
1219 832 1298 861 sunt,
1318 833 1434 862 possunt
1449 829 1589 865 suscipere
1606 830 1679 865 quod
1706 835 1815 858 rectum

1023 872 1080 898 est?
1093 871 1174 899 Velut
1195 873 1218 899 si
1236 880 1320 900 curvo
1335 873 1408 908 ligno
1422 874 1553 903 adhibeas
1570 875 1755 903 rectissimam
1772 883 1816 903 rc-

1024 917 1114 952 gulam
1125 937 1132 951 ,
1147 917 1284 945 videbitur
1296 919 1406 953 quidem
1433 927 1481 954 per
1496 921 1616 956 regulam
1637 922 1715 956 argui
1730 927 1816 949 mate-

1024 962 1073 990 riae
1089 963 1222 997 pravitas,
1242 971 1297 991 non
1314 968 1405 992 tamen
1420 965 1512 1000 regula
1527 970 1570 993 est
1582 974 1643 1001 quae
1656 966 1733 1001 ligno
1745 974 1814 993 cau-

1023 1016 1082 1036 sam
1109 1010 1295 1043 perversitatis
1321 1009 1462 1044 imposuit.
1489 1010 1522 1037 Et
1540 1010 1601 1038 ideo
1625 1010 1813 1038 festinandum

1023 1058 1065 1082 est
1078 1054 1111 1081 ad
1126 1054 1182 1082 vias
1198 1060 1298 1086 rectas,
1312 1060 1339 1082 et
1354 1056 1480 1083 standum
1496 1056 1523 1083 in
1537 1056 1642 1084 semitis
1659 1058 1795 1085 virtutum
1805 1078 1812 1089 ,

1028 1106 1063 1126 ne
1084 1098 1154 1126 forte
1171 1099 1212 1126 sol
1229 1099 1340 1134 iustitiae
1361 1104 1451 1127 rectus
1467 1100 1612 1134 incedens,
1630 1101 1653 1128 si
1669 1108 1721 1129 nos
1742 1101 1813 1128 obli-

1022 1151 1092 1179 quos
1108 1148 1181 1170 stare
1206 1143 1329 1171 inveniat
1346 1148 1374 1171 et
1390 1151 1552 1179 perversos,
1569 1145 1703 1180 despiciat
1721 1153 1774 1173 nos
1788 1151 1814 1173 et

1022 1189 1173 1218 elliciamur
1197 1189 1343 1224 denigrati.
1368 1189 1396 1217 In
1413 1195 1546 1225 quantum
1571 1192 1645 1219 enim
1667 1192 1812 1226 incapaces

1023 1235 1156 1264 fuerimus
1169 1235 1238 1263 lucis
1252 1236 1324 1271 ejus,
1336 1236 1363 1263 in
1376 1240 1482 1264 tantum
1499 1238 1619 1266 tenebris
1632 1243 1658 1265 et
1675 1239 1812 1274 nigrediui

1020 1281 1149 1309 dabimus
1165 1282 1265 1311 locum.
1289 1282 1340 1310 Hie
1356 1283 1431 1310 enim
1454 1288 1498 1311 est
1515 1284 1574 1319 ipse
1590 1284 1631 1312 sol
1649 1285 1697 1320 qui
1715 1290 1745 1312 et
1766 1285 1810 1312 lux

1024 1334 1106 1360 vera,
1132 1327 1290 1355 illuminans
1308 1335 1417 1356 omnem
1442 1329 1579 1357 hominem
1602 1330 1758 1358 venientem
1785 1330 1811 1357 in

1023 1372 1097 1400 hunc
1120 1373 1271 1406 mundum,
1295 1378 1323 1401 et
1345 1373 1393 1408 qui
1424 1374 1452 1400 in
1480 1375 1532 1401 hoc
1551 1374 1654 1402 mundo
1681 1379 1759 1407 erat,
1785 1380 1812 1402 et

1022 1419 1140 1446 mundus
1158 1425 1207 1454 per
1219 1419 1313 1454 ipsum
1330 1418 1418 1447 lactus
1432 1424 1483 1447 est.
1503 1419 1561 1447 Non
1575 1420 1647 1447 enim
1673 1428 1723 1455 per
1739 1421 1810 1448 istud

1023 1464 1130 1492 visibile
1152 1464 1244 1492 lumen
1266 1464 1386 1492 mundus
1400 1464 1491 1493 factus
1505 1470 1565 1499 est,
1579 1473 1641 1492 cum
1667 1470 1695 1493 et
1720 1466 1809 1501 ipsum

983 1526 1005 1556 ο
1020 1511 1110 1545 portio
1123 1511 1160 1538 sit
1174 1510 1280 1545 mundi,
1292 1511 1339 1539 sed
1351 1518 1400 1546 per
1415 1511 1487 1539 istud
1501 1519 1595 1539 verum
1611 1512 1714 1545 lumen,
1727 1520 1743 1539 a
1757 1519 1810 1548 quo

1023 1556 1126 1584 lumine
1144 1556 1167 1584 si
1183 1564 1234 1584 nos
1247 1556 1368 1592 perversi
1393 1557 1586 1584 iucesserimus
1599 1577 1606 1590 ,
1622 1557 1726 1592 despici
1740 1558 1809 1585 dici-

1020 1610 1093 1629 mur.
1118 1602 1152 1630 Et
1167 1603 1256 1637 ipsum
1270 1602 1342 1630 enim
1367 1602 1446 1631 nobis
1464 1611 1591 1638 perverse
1607 1603 1810 1637 incedentibus,

1019 1654 1177 1683 perversum
1200 1656 1309 1683 quoque
1335 1648 1449 1682 incedit,
1472 1649 1544 1676 sicut
1568 1649 1702 1684 scriptum
1723 1650 1808 1677 estin

1020 1693 1259 1721 maledictionibus
1273 1693 1386 1721 Levitici
1400 1701 1407 1719 :
1425 1693 1460 1721 Et
1477 1695 1500 1721 si
1519 1695 1690 1727 incesserilis,
1705 1695 1807 1730 inquit,

1020 1746 1122 1766 mecum
1135 1739 1250 1774 perversi
1259 1758 1266 1771 ,
1281 1744 1304 1765 et
1319 1738 1456 1765 nolueritis
1472 1738 1574 1766 obedire
1588 1739 1667 1773 mihi,
1681 1740 1808 1774 adjiciam

1018 1783 1091 1810 vobis
1105 1784 1198 1819 plagas
1212 1788 1308 1819 septem
1317 1784 1351 1811 ⁸ι.
1366 1782 1399 1810 Et
1413 1788 1473 1818 post
1488 1791 1574 1819 pauca
1591 1793 1598 1811 :
1617 1783 1651 1811 Et
1663 1785 1697 1818 si,
1710 1786 1808 1820 inquit,

1019 1836 1071 1856 non
1088 1829 1194 1864 fueritis
1217 1830 1365 1863 emendati,
1380 1829 1424 1857 sed
1446 1830 1604 1857 incesseriti:
1623 1839 1726 1857 mecum
1749 1839 1808 1866 per-

1020 1877 1099 1908 versi,
1115 1875 1234 1903 incedam
1251 1879 1277 1902 et
1293 1883 1340 1911 ego
1358 1875 1491 1902 vobiscum
1503 1883 1638 1911 perversa:
1645 1876 1686 1910 ⁸¹;
1702 1877 1763 1904 sive
1781 1880 1808 1903 ut

1020 1922 1048 1950 in
1065 1922 1127 1950 aliis
1149 1921 1351 1956 exemplaribus
1370 1921 1486 1956 legimus
1502 1930 1509 1949 :
1526 1921 1556 1948 Si
1572 1922 1733 1950 iucesscritis
1756 1930 1810 1949 me-

1019 1976 1079 1994 cum
1095 1966 1213 2001 obliqui,
1231 1966 1350 1993 incedam
1365 1971 1390 1993 et
1404 1974 1450 2001 ego
1465 1967 1600 1994 vobiscum
1624 1967 1759 2002 obliquus.
1778 1967 1809 1994 Et

1018 2017 1082 2047 post
1100 2012 1239 2046 aliquanta
1254 2012 1357 2045 ,iterum
1379 2011 1447 2039 dicit
1464 2012 1498 2039 ad
1515 2012 1641 2040 ultimum
1658 2021 1665 2040 :
1684 2012 1719 2039 Et
1743 2021 1808 2048 quo-

1019 2058 1092 2084 niam
1104 2057 1304 2084 ambulaaeruut
1320 2057 1346 2083 in
1361 2063 1500 2092 conspectu
1519 2065 1575 2084 mea
1591 2058 1704 2093 obliqui,
1721 2064 1748 2086 et
1762 2066 1808 2094 ego

1019 2102 1159 2129 ambulabo
1174 2111 1233 2130 cum
1244 2103 1282 2129 eis
1299 2103 1326 2129 in
1344 2103 1433 2136 furore
1446 2103 1566 2138 obliquus
1575 2103 1608 2130 ⁸³.
1623 2103 1686 2131 Haec
1698 2111 1809 2133 assunt-

1018 2148 1125 2184 psimus
1136 2168 1143 2181 ,
1159 2155 1192 2175 ex
1209 2147 1309 2182 quibus
1324 2148 1502 2182 probaremus
1516 2148 1633 2183 qualiter
1647 2148 1807 2184 despicere,

181 2197 237 2221 tem
255 2197 283 2220 et
305 2191 516 2220 inobedientiam
541 2197 629 2217 meam
642 2190 711 2225 (58).
734 2189 803 2217 Cum
817 2198 882 2218 vero
895 2194 967 2218 recte
982 2200 1004 2228 ι)
1019 2193 1071 2220 hoc
1094 2197 1135 2220 est
1156 2192 1266 2227 oblique
1286 2193 1408 2227 aspicere
1423 2193 1464 2220 sol
1481 2193 1597 2220 dicatur.
1620 2192 1652 2219 Et
1667 2193 1808 2221 evidenter

183 2244 284 2268 stetere
300 2244 363 2267 ante
381 2246 455 2271 eum,
471 2241 498 2265 et
514 2244 568 2264 non
586 2236 663 2263 l‘uero
677 2236 806 2271 obliquus
821 2236 847 2263 in
865 2236 966 2271 aliquo,

182 2291 271 2319 neque
292 2283 465 2311 declinavero
491 2281 525 2309 ad
549 2281 700 2313 dexteram,
724 2288 812 2315 neque
836 2279 871 2307 ad
898 2281 966 2308 sini-

181 2334 286 2363 stram,
310 2330 358 2358 sed
385 2329 475 2356 fecero
502 2333 592 2356 rectas
620 2327 730 2355 semitas
754 2327 869 2361 pedibus
899 2327 967 2355 meis

181 2381 277 2405 contra
296 2377 380 2404 solem
403 2375 517 2411 justitia:
533 2374 661 2402 incedens
676 2374 703 2400 in
720 2373 848 2401 omnibus
864 2373 968 2407 justiti-

180 2422 336 2450 cationibus
357 2421 417 2457 ejus
431 2421 490 2448 sine
504 2420 632 2455 querela;
652 2423 716 2446 tunc
741 2422 769 2446 et
795 2419 854 2453 ipse
876 2422 966 2445 rectus

180 2476 226 2496 me
246 2467 391 2503 respiciet,
420 2472 448 2494 et
473 2467 546 2494 nulla
571 2466 623 2494 erit
650 2465 808 2500 obliquitas,
837 2471 887 2491 nec
912 2463 966 2491 erit

179 2521 264 2542 causa
284 2513 338 2541 ulla
362 2512 520 2547 despectus,
542 2515 570 2538 et
589 2515 654 2538 tunc
678 2509 806 2537 reddetur
826 2507 893 2535 mihi
918 2507 966 2535 lux

180 2567 240 2586 mea
270 2563 299 2586 et
330 2557 458 2593 splendor
483 2564 577 2589 meus;
595 2556 624 2583 in
640 2559 803 2589 tantumque
830 2553 965 2588 propelle-

215 2626 237 2642 '"
251 2625 330 2653 Rom.
346 2633 383 2658 ιι,
394 2624 440 2657 50,
453 2625 499 2652 '51.
536 2623 559 2639 "°
575 2622 641 2650 ibid.
657 2621 703 2649 25.

215 2697 271 2732 (38)
293 2697 442 2731 Procopius
456 2704 489 2724 ex
507 2695 647 2732 Origene;
668 2693 859 2732 Σμοτιᾳθείσάγ
878 2702 911 2728 με
928 2695 961 2732 ῖῇ

180 2728 302 2768 diter/ri;
318 2728 434 2768 Χριᾰαςὸς
463 2728 574 2768 πᾳρείδὲ
599 2729 643 2768 oti
669 2729 718 2764 τὴν
741 2728 900 2768 ’ἀμ-ᾳρτίαη·
926 2729 963 2768 ἐν

179 2760 255 2803 ἥλιοῦ
285 2760 454 2804 dimicatiqu
469 2760 708 2804 justyopsdopatf
721 2764 749 2790 αἱ
767 2760 897 2804 Τραφας.
923 2762 964 2790 Ea:

179 2799 287 2836 peccato
310 2802 421 2828 tenebris
434 2799 611 2836 'o/[qscatant
620 2799 742 2836 Christus
764 2806 803 2836 me
827 2799 866 2836 ob_
879 2799 964 2836 inare-

180 2831 320 2864 Itlulitatem
341 2831 575 2870 despexiffqttem
592 2833 736 2868 Scriptura:
754 2833 835 2861 solent
852 2833 964 2869 justitiw

1020 2238 1119 2266 claruit
1133 2238 1206 2273 quod
1230 2238 1281 2265 hos
1300 2238 1404 2273 despici
1422 2239 1476 2270 ait,
1495 2242 1523 2266 et
1545 2246 1608 2266 cum
1629 2239 1672 2266 his
1695 2240 1808 2275 oblique

1021 2284 1138 2317 incedat,
1156 2291 1189 2311 ac
1201 2290 1338 2318 perverse,
1352 2284 1398 2318 qui
1414 2284 1523 2319 oblique
1538 2284 1667 2312 incedunt
1682 2292 1749 2312 cum
1763 2292 1806 2312 co.

1057 2374 1109 2401 Sed
1131 2377 1158 2401 et
1179 2373 1231 2400 hoc
1250 2372 1322 2407 quod
1345 2372 1393 2400 ad-

1021 2421 1129 2448 monuit
1153 2427 1272 2455 praesens
1300 2418 1376 2447 locus
1385 2439 1393 2452 ,

1020 2466 1205 2494 indiscussum
1220 2473 1274 2492 non
1286 2465 1395 2492 omitta-

1020 2522 1092 2547 mus,
1100 2514 1164 2549 quia
1177 2514 1218 2542 sel
1230 2513 1344 2547 duplicis
1354 2513 1394 2539 vi-

1020 2562 1099 2590 detur
1110 2569 1171 2589 esse
1183 2561 1303 2594 virtutis,
1312 2560 1394 2587 unius

1465 2373 1586 2409 Πρόσχες
1608 2373 1638 2400 δὲ
1665 2373 1740 2409 (59)
1763 2374 1809 2400 καὶ

1429 2419 1544 2452 τούτοις,
1560 2419 1600 2445 ὅτι
1617 2420 1630 2445 ὀ
1645 2419 1734 2454 ἥλιος,
1749 2420 1809 2447 λευ-

1431 2466 1478 2498 κὸς
1495 2466 1541 2493 καὶ
1555 2466 1680 2501 λαμπρὸς
1693 2466 1734 2493 ὢν
1743 2488 1749 2499 ,
1768 2467 1808 2493 δο-

1430 2514 1474 2540 κεῖ
1490 2513 1539 2548 τὴν
1558 2512 1647 2539 αἰτίαν
1667 2513 1741 2547 ἔχειν
1762 2513 1807 2539 τοῦ

1431 2558 1562 2594 μλανοῦν
1575 2559 1606 2585 οὐ
1620 2560 1686 2594 παρ’
1699 2560 1806 2591 ἑαυτὸν,

753 2622 774 2637 ιη
796 2619 883 2648 Levit.
899 2628 975 2654 XXVI,
990 2619 1035 2646 ei.
1048 2610 1059 2618 ‘
1073 2618 1096 2635 θ’
1110 2618 1233 2653 ibid._25,
1247 2617 1292 2644 et.
1330 2615 1354 2633 ιι
1371 2616 1437 2644 ibid.
1451 2616 1495 2649 to,
1513 2616 1556 2644 ti.

1013 2698 1263 2763 νυξέξίςήρόσχες
1292 2726 1343 2756 δέ,
1364 2729 1421 2763 εις.Δ
1443 2725 1621 2763 Grazcadiaec
1634 2725 1806 2763 _Plniloc_ali:e

1015 2760 1103 2797 capite
1125 2760 1221 2797 ultimo
1244 2767 1370 2795 excerpta
1395 2760 1522 2797 dicuntur
1545 2761 1578 2788 ὲκ
1601 2760 1648 2788 τοῦ
1672 2761 1695 2796 β’
1719 2761 1804 2797 ςόμου

1016 2795 1070 2825 τῶν
1086 2799 1124 2829 εἰς
1138 2797 1168 2823 τὸ
1182 2795 1275 2832 ⁷ᾼσμα
1293 2797 1346 2822 τῶν
1365 2795 1504 2831 ᾀσμάτων.
