1892 3050
75 141 119 168 IIS

72 197 132 225 ἀλλὰ
152 196 226 233 παρὰ
246 197 293 223 τὸν
314 196 351 229 ὠς
372 197 438 224 arro—

73 244 216 280 δεδώκαμεν
228 245 342 280 μελανού
347 253 436 280 μενον.

73 291 143 318 Οὕτω
149 291 177 316 δὲ
184 291 290 326 μήποτε
301 291 347 317 καὶ
358 291 439 326 σκλη-

75 338 140 374 ρύνει
168 338 271 373 Κύριος
298 338 346 373 τὴν
371 347 439 373 καρ-

74 385 126 411 δίαν
145 383 258 420 Φαραὼ,
283 384 332 419 τῆς
350 384 438 416 αἰτίας

74 430 158 457 τούτου
182 430 265 465 οὔσης
282 430 344 466 περὶ
359 430 439 456 αὑτὸν

76 477 249 503 κατώυνῶντα
264 477 313 512 τὴν
327 477 381 502 τῶν
402 477 440 503 'E-

76 523 167 558 6ραεων
186 522 259 558 ζωὴν
280 524 308 550 ὲν
324 524 379 554 τοῖς
396 523 440 558 ἕρ-

76 578 126 603 γοις
149 570 202 600 τοῖς
226 569 368 604 σκληροῖς,
401 568 440 604 τῷ

76 614 144 650 πηλῷ
154 615 198 641 καὶ
207 616 239 650 τῇ
256 614 379 650 πλινθείᾳ
392 615 440 641 καὶ

76 661 135 688 πᾶσι
149 662 202 692 τοῖς
212 660 303 696 ἔργοις
320 661 380 696 οὐχὶ
393 661 440 687 καὶ

75 708 123 738 τοῖς
135 707 163 733 ὲν
174 707 248 742 ὄρεσι
260 707 307 734 καὶ
324 707 439 742 βουνοῖς,

75 754 134 782 ἀλλὰ
143 755 195 786 τοῖς
209 756 237 781 ὲν
249 754 362 786 πεδίοις.
370 755 441 781 ’Υλι-

76 801 117 832 ab;
130 801 182 836 γάρ
194 810 235 833 τις
249 801 302 828 ἀπὸ
314 802 363 836 τῆς
377 802 442 828 ἑαυ-

75 848 115 875 τοῦ
129 848 223 881 κακίας
240 849 422 885 γεγενημένος
432 869 439 881 ,

76 896 116 922 καὶ
145 895 213 922 κατὰ
249 896 339 931 σάρκα
369 896 441 923 κατὰ

76 942 153 970 πάντα
171 942 242 976 ζῶν,
265 943 344 979 πηλῷ
365 943 441 978 φίλος

75 992 201 1026 τυγχάνων
210 1011 218 1023 ,
243 991 367 1026 βούλεται
392 992 440 1018 καὶ

75 1039 129 1070 τοὺς
146 1038 286 1075 Ἐϐραίους
309 1039 440 1074 reﬂoruit-

76 1086 122 1117 ιῖν,
139 1085 168 1111 τὸ
188 1085 350 1121 ἡγεμονικὸν
371 1085 441 1120 ἔχων

76 1132 102 1158 οὗ
120 1132 232 1168 καθαρὸν
249 1133 337 1168 πηλοῦ
348 1141 355 1148 ·
373 1133 441 1168 ὅπερ

76 1179 109 1210 ὡς
119 1180 197 1215 πηλὸς
208 1181 259 1207 ὑπὸ
273 1180 349 1216 ἡλίου
363 1180 443 1216 σκλη-

78 1226 172 1261 ιύνεται
183 1248 189 1259 ,
214 1226 302 1260 οὕτως
318 1228 371 1254 ὑπὸ
387 1228 442 1254 τῶν

77 1274 156 1309 αὐγῶν
171 1275 214 1302 τοῦ
230 1275 300 1302 Θεοῦ
327 1276 441 1302 ὲπισκο-

77 1321 171 1348 πουσῶν
180 1321 218 1357 τῷ
226 1322 336 1358 Ἰσραὴλ
348 1323 443 1358 ἐπιλη-

79 1367 160 1403 ρύνθη.
185 1369 245 1394 Ὀτι
272 1368 303 1394 δὲ
330 1369 443 1395 τοιαῦτά

78 1408 140 1440 testu
151 1414 178 1440 ἐν
191 1415 246 1446 τοῖς
261 1413 334 1440 κατὰ
350 1415 441 1447 τόπον,

78 1460 118 1487 καὶ
141 1462 186 1496 οὐχ
213 1462 337 1497 ἱστορίαν
362 1462 443 1498 ψιλὴν

78 1508 205 1543 πρόκειται
214 1508 394 1545 ἀναγράφειν,
401 1509 444 1544 δῆ-

77 1555 114 1583 λον
130 1556 200 1582 ἔσται
216 1556 255 1592 τῷ
273 1557 423 1592 συνορῶντι
435 1577 442 1589 ,

77 1601 120 1634 ὅτι,
139 1602 215 1637 ἡνίκα
239 1602 443 1635 κατεστέναξαν

77 1650 97 1675 οἱ
112 1650 159 1676 υἱοὶ
176 1650 294 1686 Ἰσραὴλ,
313 1649 374 1676 οὗτε
390 1651 443 1677 ἀπὸ

78 1696 120 1731 τῆς
134 1697 265 1730 πλινθείας
276 1718 284 1730 ,
311 1697 373 1724 οὔτε
390 1699 443 1725 ἀπὸ

78 1743 118 1769 τοῦ
152 1744 234 1779 πηλοῦ
250 1764 257 1776 ,
288 1743 352 1770 οὔτε
390 1745 444 1772 ἀπὸ

79 1789 124 1817 τῶν
142 1791 243 1827 ἀχύρων
270 1792 422 1819 κατεστένα
436 1807 444 1812 -

80 1837 136 1871 ξαν,
157 1839 213 1866 ἀλλ’
236 1839 297 1867 ἀπὸ
324 1839 383 1866 τῶν
399 1840 445 1874 ἐρα

80 1893 144 1919 των·
161 1886 214 1913 Kal
229 1886 323 1920 ἀνέϐη
343 1887 362 1920 ἡ
380 1887 442 1921 ,ϐοὴ

79 1932 165 1958 αὐτῶν
182 1933 255 1967 πρὸς
277 1932 372 1965 Θεὸν,
395 1933 445 1959 οὐκ

80 1979 126 2006 ἀπὸ
148 1980 229 2016 πηλοῦ
241 2001 249 2013 ,
269 1981 339 2008 ἀλλὰ
363 1981 444 2007 πάλιν

79 2026 130 2054 ἀπὸ
140 2028 195 2054 τῶν
208 2029 314 2063 ἔργων.
335 2028 381 2054 Διὸ
395 2028 445 2055 καὶ

80 2075 228 2110 eloquost
254 2077 365 2110 Κύριος
388 2076 447 2103 τῶν

715 140 817 169 LIBER
836 138 1023 168 SECUNDUS

1635 139 1687 173 ιιι

471 206 524 234 qua
552 199 704 231 illuminat,
735 199 847 226 alterius
862 201 884 230 Α
899 198 1030 233 gemitum
1044 217 1051 230 ,
1070 196 1117 232 qui
1141 204 1195 224 non
1217 204 1252 224 ex
1275 196 1404 232 operibus
1428 197 1487 226 suis
1508 198 1628 227 clamant
1651 201 1689 231 ad

471 254 526 281 qua
545 246 646 273 adurit.
669 245 721 273 Sed
738 253 787 280 pro
805 254 847 273 re-

472 293 524 321 bus
540 297 587 320 aut
607 292 730 319 materiis
752 292 847 326 subja—

471 339 613 370 centibus,
641 342 688 365 aut
712 337 849 365 illuminat

472 385 575 420 aliquid
587 385 658 417 luce,
669 390 717 412 aut
730 384 850 412 infuscat

472 436 499 459 et
511 432 629 458 obdurat
645 431 747 465 aliquid
768 430 849 458 ardo-

473 485 511 505 re.
539 477 695 505 Secundum
712 476 769 503 hate
783 483 850 510 ergo

474 525 600 553 fortassis
611 529 638 553 et
653 525 796 552 indurasse
808 523 850 551 di-

474 573 546 600 citur
565 571 637 600 Deus
657 579 706 599 cor
726 571 849 598 Pharao-

475 619 518 646 nis
532 618 566 651 “,
582 618 655 653 quod
673 617 736 645 talis
762 616 852 644 fuerat

475 665 588 692 materia
621 664 712 692 cordis
746 663 850 698 ipsius,

475 719 536 747 qua
571 710 745 746 praesentiam
785 709 852 736 solis

474 758 588 793 justitiie
625 764 681 784 non
711 763 743 784 ea
774 759 852 790 parte

475 812 529 839 qua
556 803 713 836 illuminat,
741 801 788 829 sed
819 808 851 828 ca

475 858 530 885 qua
554 850 646 877 adurit
671 853 699 876 et
723 848 850 880 indurat,

475 896 615 931 exceperit
636 903 643 922 :
668 899 779 930 propter
800 894 852 921 hoc

476 943 536 970 sine
550 942 635 970 dubio
650 941 724 976 quod
743 944 770 968 et
793 940 852 975 ipse

475 990 609 1025 abligebat
621 988 798 1016 Hebraeorum
813 988 854 1015 vi-

476 1041 532 1064 tam
546 1038 573 1064 in
588 1036 718 1071 operibus
734 1034 851 1067 duris",

475 1086 503 1111 et
526 1083 598 1118 quod
625 1083 684 1110 luto
715 1086 743 1109 et
770 1081 853 1109 latere

474 1129 637 1157 conficiebat
658 1135 716 1156 eos.
745 1127 778 1155 Et
793 1131 852 1154 erat

474 1176 568 1211 utique
592 1183 640 1202 cor
663 1175 726 1209 ejus
751 1181 851 1202 secun—

475 1222 539 1249 dum
567 1229 598 1248 ea
628 1229 689 1256 qua:
715 1220 853 1255 cogilabat

474 1269 578 1296 luteum
601 1272 628 1295 et
653 1268 793 1295 limosum.
819 1267 852 1295 Et

475 1317 547 1344 sicut
570 1315 712 1342 materiam
734 1314 783 1341 luti
811 1314 852 1341 sol

476 1364 526 1391 iste
549 1362 665 1390 visibilis
695 1361 803 1396 stringit
826 1365 853 1388 et

476 1409 600 1441 indurat,
623 1408 661 1435 ita
679 1407 718 1435 sol
738 1407 852 1442 iustitia:

476 1455 518 1482 his
534 1454 636 1482 eisdem
651 1454 735 1480 radiis
752 1454 852 1488 quibus

477 1500 648 1528 illuminabat
670 1499 740 1534 (40)
766 1507 852 1534 popu-

899 244 1056 271 Dominum.

1202 307 1306 327 INTEBP.
1327 307 1388 327 NOV.

936 384 978 411 Ad
994 383 1048 411 Itan:
1060 392 1161 419 quoque
1183 384 1303 417 attende,
1316 384 1386 418 quod
1400 386 1451 416 sol,
1472 393 1530 411 cum
1544 385 1632 412 clarus
1649 391 1689 412 est

899 424 923 445 et
939 419 1043 446 lucidus
1055 439 1062 450 .
1084 427 1192 446 causam
1217 419 1310 446 habere
1331 420 1433 446 videtur
1447 419 1602 454 denigrandi
1613 441 1619 451 ,
1635 429 1688 447 non

899 462 945 489 per
959 462 995 486 se,
1009 454 1054 480 sed
1068 460 1173 488 propter
1189 455 1312 488 eumqui,
1335 458 1363 480 ut
1377 454 1503 486 diximus,
1520 455 1685 489 denigratur.

901 488 945 515 Ita
961 489 1030 522 forte
1043 489 1122 515 etiam
1138 489 1244 515 indurat
1261 489 1389 515 Dominus
1404 497 1449 515 cor
1460 488 1618 522 Pharaonis,
1629 498 1689 516 cum

901 523 979 559 Itujus
994 524 1172 550 indurationis
1185 532 1266 550 causa
1287 524 1321 559 sit
1337 524 1362 550 in
1381 532 1410 550 eo
1423 525 1467 558 qui
1482 524 1556 552 duris
1568 525 1690 559 operibus

903 557 1075 595 Hebrwotum
1091 559 1172 595 vitam
1189 559 1296 595 fatigat,
1312 558 1379 595 luto,
1390 557 1518 595 lateribus
1534 557 1689 595 coquendis.

901 597 925 620 et
939 593 1040 620 cunctis
1052 594 1173 627 operibus
1188 601 1239 619 non
1254 594 1285 620 iis
1302 594 1388 625 modo,
1406 602 1464 628 qua?
1475 594 1501 620 in
1513 593 1644 621 montibus
1660 598 1687 622 et

902 628 1013 655 collibus
1026 649 1033 660 ,
1053 629 1097 664 sed
1109 629 1191 655 etiam
1205 636 1263 662 qure
1278 629 1305 654 in
1319 629 1417 662 campis
1440 635 1612 664 peraguntur.
1634 629 1689 656 Suo

901 664 970 690 enim
987 663 1049 689 vitio
1071 663 1158 697 {actus
1173 663 1367 698 quodammodo
1383 664 1530 690 materialis
1548 669 1574 691 et
1596 672 1690 691 secun-

902 698 964 724 dum
981 705 1085 724 carnem
1104 698 1209 724 omnino
1232 698 1328 730 vivens,
1342 698 1397 725 luto
1413 699 1524 730 anticus,
1540 699 1595 726 vult
1607 699 1689 726 etiam

903 731 1029 759 Hebraeos
1051 732 1136 759 lutum
1163 732 1267 767 facere,
1294 737 1382 766 utpote
1406 733 1578 767 principalem
1606 734 1689 760 animi

901 772 1003 802 partem
1025 775 1080 803 non,
1100 767 1196 794 habens
1213 776 1229 793 ιι
1245 768 1300 794 luto
1318 775 1411 803 puram
1424 776 1433 795 .'
1448 776 1506 803 qua:
1519 769 1623 803 quidem
1634 788 1641 800 ,
1659 773 1689 794 ut

903 802 989 829 lutum
1005 811 1021 829 α
1041 801 1094 829 sole
1111 802 1269 834 induratur,
1291 803 1329 829 sic
1345 811 1361 828 a
1378 802 1426 829 Dei
1446 801 1529 830 radiis
1547 803 1633 830 Israel
1648 803 1690 830 in-

904 837 1074 872 spicieutibus
1096 837 1222 864 indurata
1237 844 1285 864 est.
1306 837 1370 864 Ilaec
1387 840 1475 864 autem
1494 839 1532 864 ita
1547 847 1574 865 se
1593 838 1689 865 habere

867 869 889 897 Β
904 869 931 899 in
943 873 989 899 hoc
1001 871 1068 904 loco,
1082 880 1127 899 nec
1141 873 1239 898 nudam
1252 872 1390 899 historiam
1402 873 1514 899 scribere
1525 873 1690 907 propositum

903 907 985 942 fuisse
1000 907 1109 943 planum
1120 907 1228 943 eratsi
1239 907 1297 941 quis
1315 908 1528 939 animadvertat,
1545 916 1604 941 eum
1618 909 1691 943 inge-

902 943 1038 970 miscerent
1051 942 1101 976 ﬁlii
1113 942 1209 974 Israel,
1219 950 1299 977 neque
1309 946 1414 976 propter
1424 942 1537 969 laterum
1549 943 1691 977 ofﬁcinam,

902 985 983 1012 neque
998 982 1104 1011 propter
1118 977 1204 1004 lutum
1214 997 1222 1009 ,
1236 985 1317 1012 neque
1330 983 1437 1011 propter
1451 978 1553 1012 paleas,
1568 978 1613 1004 sed
1626 986 1690 1012 pro-

901 1011 1050 1047 pteriopera
1067 1012 1224 1047 ingemuisse
1237 1020 1246 1038 :
1265 1020 1274 1036 ι
1294 1011 1326 1038 Et
1343 1013 1461 1039 ascendit
1481 1012 1581 1039 clamor
1600 1011 1691 1040 eorum

902 1047 937 1073 ad
952 1046 1045 1078 Deum,
1062 1055 1071 1072 ι
1091 1046 1142 1073 non
1159 1055 1175 1073 α
1191 1046 1257 1078 Ιιιιο,
1273 1047 1318 1073 sed
1334 1055 1439 1074 rursum
1459 1057 1468 1072 ι
1482 1048 1514 1073 ab
1527 1048 1658 1082 operibus.
1678 1057 1689 1074 ι

902 1082 1069 1116 Quapropter
1083 1082 1163 1109 etiam
1186 1091 1195 1107 ι
1210 1082 1313 1108 audivit
1333 1082 1462 1109 Dominus
1488 1084 1599 1117 gemitus
1620 1084 1691 1116 ipso-

903 1125 983 1152 rum,
1006 1127 1014 1141 ι
1036 1124 1088 1143 non
1114 1117 1223 1143 audiens
1247 1117 1371 1152 gemitum
1388 1125 1478 1143 eorum
1491 1136 1499 1149 ,
1524 1118 1569 1152 qui
1589 1126 1641 1144 non
1657 1117 1690 1145 ab

902 1151 1021 1212 operibgs
1033 1151 1100 1212 ,‘sed
1115 1160 1131 1178 α
1147 1151 1203 1178 luto
1222 1155 1246 1178 et
1261 1151 1371 1178 terrenis
1386 1152 1532 1179 actionibus
1550 1153 1584 1178 ud
1603 1154 1691 1188 ipsum

902 1194 915 1212 ε
929 1194 990 1212 ama
1007 1194 1040 1212 an
1056 1206 1063 1212 .

901 1190 1063 1213 clamabant.

903 1255 966 1283 [lane
990 1256 1116 1290 quamvis
1135 1263 1182 1291 per
1209 1263 1353 1284 excessum
1373 1254 1445 1282 dicta
1468 1255 1621 1288 videantur,
1647 1259 1689 1282 ta-

903 1309 964 1339 men
977 1301 1100 1330 locorum
1115 1302 1318 1337 opportunilate
1336 1301 1494 1329 commoniti
1517 1309 1691 1336 nequaquam

900 1347 1083 1382 judicavimus
1099 1348 1264 1379 omittenda,
1281 1347 1402 1375 maxime
1423 1355 1485 1375 cum
1510 1347 1627 1375 habeant
1642 1348 1693 1375 ali~

902 1395 968 1430 quid
991 1394 1180 1423 similitudinis
1195 1394 1229 1422 ad
1245 1395 1297 1421 hoc
1311 1393 1385 1429 quod
1407 1393 1473 1420 dicit
1493 1394 1550 1421 htec
1565 1402 1626 1429 quae
1649 1394 1690 1421 in-

903 1441 1008 1470 fuscata
1023 1445 1065 1468 est
1079 1441 1144 1476 quia
1161 1440 1317 1475 despexerit
1339 1447 1399 1467 eam
1419 1440 1460 1466 sol
1473 1460 1480 1473 ,
1503 1439 1577 1474 quod
1599 1439 1694 1474 utique

903 1487 1056 1516 ostenditur
1069 1487 1105 1514 ibi
1118 1487 1251 1518 accidere,
1272 1486 1317 1513 ubi
1337 1491 1509 1520 peccatorum
1522 1493 1606 1513 causa
1623 1493 1692 1520 prae.

476 1547 533 1574 lum
567 1530 678 1579 Israel"
701 1530 852 1573 pl,ar'a(;nis
866 1538 887 1567 ο
905 1533 993 1566 cedit;
1008 1537 1036 1560 et
1050 1532 1088 1560 ibi
1108 1531 1240 1559 infuscari
1254 1531 1295 1558 vel
1307 1531 1387 1558 aduri
1413 1531 1532 1565 aliquem
1554 1531 1628 1564 sole,
1647 1530 1693 1557 ubi

476 1602 524 1622 cor
537 1594 580 1621 cui
594 1594 702 1621 inerant
716 1593 795 1620 lutea’
806 1600 853 1620 co-

477 1641 621 1676 gitationes
643 1647 691 1675 pro
713 1639 778 1674 ipsis
796 1647 854 1666 mo-

478 1694 554 1716 tuum
578 1695 691 1715 suorum
714 1686 854 1721 qualitati--

479 1735 530 1762 bus
548 1733 705 1761 indurabat.
727 1732 790 1760 Han
805 1740 855 1759 au-

479 1785 533 1808 tem
544 1780 616 1815 quod
633 1779 669 1807 ita
680 1786 709 1807 se
725 1778 854 1810 habeant,

479 1831 506 1855 et
531 1834 584 1854 non
607 1832 800 1858 communem,
826 1827 856 1850 ut

481 1873 639 1901 hominibus
662 1871 779 1903 videtur,
813 1870 855 1898 hi-

481 1921 594 1949 storiam
613 1918 732 1947 famulus
745 1917 792 1945 Dei
809 1925 857 1952 per

482 1967 616 2003 Spiritum
642 1970 767 1994 sanctum
786 1964 855 1992 scri-

481 2014 538 2047 bat,
554 2012 706 2041 ostenditur
717 2011 798 2039 etiam
813 2010 856 2038 in-

483 2062 534 2095 de,
551 2060 624 2096 quod
650 2059 697 2087 ubi
714 2059 796 2086 refert
817 2058 858 2085 in-

483 2107 620 2143 gemuisse
651 2106 721 2133 lllios
757 2105 840 2132 Israel
850 2123 857 2135 ,

484 2163 538 2183 ιιοιι
559 2154 625 2182 dicit
640 2162 654 2181 a
670 2153 744 2185 Iulo,
771 2159 859 2187 neque

483 2212 498 2231 a
514 2203 566 2238 52
577 2203 671 2234 latere,
683 2207 771 2236 neque
783 2207 798 2226 a
808 2207 857 2235 pa—
873 2206 896 2233 ι)

484 2251 533 2280 leis
550 2249 716 2285 ingemuisse
728 2256 793 2282 eos,
812 2248 860 2275 sed

484 2300 516 2328 ab
531 2298 652 2335 operibus
666 2297 737 2329 suis,
760 2295 859 2331 inquit.

485 2346 517 2374 Et
535 2351 664 2373 rursum:
680 2342 715 2370 Et
731 2341 860 2373 ascendit,

80 2124 240 2158 στεναγμῶν
253 2123 357 2151 αὐτῶν
369 2132 374 2138 ·
396 2124 446 2150 οὐκ

81 2170 214 2198 sicut)me
225 2171 382 2206 στεναγμοῦ
392 2171 446 2198 τῶν

80 2217 122 2244 οὐκ
139 2219 189 2245 ἀπὸ
207 2219 299 2255 ἔργων
323 2218 446 2253 βοώντων

81 2265 139 2300 πρὸς
153 2267 239 2299 αὐτὸν,
248 2266 320 2294 ἀλλὰ
330 2265 384 2293 ἀπὺ
399 2275 447 2302 πηη

83 2313 120 2340 to;
133 2315 177 2341 καὶ
190 2316 244 2342 τῶν
259 2315 367 2350 γηΐνων
381 2315 449 2350 πρά-

84 2358 150 2392 ξεων.

84 2406 177 2442 inquit,
194 2410 298 2437 clamor
316 2416 407 2436 eorum
421 2408 456 2435 ad
472 2405 596 2434 Deum".
611 2403 671 2431 Non
685 2402 754 2430 dixit
773 2409 789 2429 a
803 2401 861 2428 luto

83 2456 107 2479 et
119 2452 205 2488 latere,
218 2454 266 2482 sed
285 2454 393 2486 iterum,
407 2453 439 2480 ab
450 2451 570 2487 operibus
580 2450 646 2476 suis.
660 2447 774 2482 Propter
786 2446 861 2482 quod

84 2502 108 2524 et
133 2500 267 2537 subiungit
291 2510 299 2529 :
327 2499 399 2534 Quia
430 2498 563 2526 exaudivit
588 2496 717 2524 Dominus
749 2493 860 2529 gemitus

85 2543 233 2581 ipsomn",
256 2554 322 2575 cum
343 2545 439 2580 utique
462 2551 515 2571 non
540 2541 667 2571 exaudiat
684 2539 741 2577 (Μ)
764 2545 860 2567 eorum

905 1578 1009 1613 peccati
1026 1577 1140 1605 materia
1162 1576 1297 1604 subsistit.
1320 1575 1370 1602 Ubi
1387 1583 1451 1602 vero
1467 1583 1522 1602 non
1541 1580 1582 1603 est
1597 1583 1694 1610 pecca-

905 1627 977 1657 tum,
1001 1623 1042 1650 sol
1056 1630 1144 1657 neque
1160 1622 1276 1650 adurere
1298 1621 1412 1654 dicitur,
1438 1628 1526 1656 neque
1545 1620 1693 1654 infuscare,

907 1670 980 1698 sicut
1000 1670 1034 1698 de
1051 1670 1127 1704 justo
1147 1668 1264 1696 refertur
1286 1668 1315 1695 in
1331 1666 1473 1695 Psalmis:
1491 1667 1544 1694 l’er
1564 1666 1632 1694 diem
1653 1666 1696 1695 sal

906 1724 957 1743 non
983 1721 1039 1742 uret
1063 1721 1103 1749 te,
1128 1722 1207 1750 neque
1221 1714 1287 1741 luna
1313 1721 1358 1748 per
1372 1712 1515 1740 noctem“.
1535 1711 1616 1740 Vides
1629 1719 1695 1748 ergo

906 1762 970 1797 quia
983 1765 1094 1789 sanctos
1109 1761 1136 1787 in
1149 1760 1250 1795 quibus
1268 1763 1440 1794 peccatorum
1456 1758 1530 1786 nulla
1543 1765 1625 1785 causa
1641 1762 1694 1790 est,

907 1808 948 1837 sol
971 1815 1110 1842 nunquam
1141 1806 1240 1834 adurit.
1266 1806 1301 1833 Ut
1321 1806 1393 1833 enim
1413 1805 1553 1837 diximus,
1580 1804 1695 1840 duplicis

907 1853 1017 1881 virtutis
1036 1859 1078 1881 est
1092 1852 1132 1881 sol
1146 1860 1151 1878 :
1167 1852 1257 1887 justos
1272 1852 1384 1888 quidem
1403 1851 1552 1883 illuminat,
1570 1854 1696 1885 peccato-

906 1905 951 1926 res
968 1904 1032 1925 vero
1052 1905 1107 1924 non
1129 1897 1283 1929 illuminat,
1310 1896 1358 1924 sed
1384 1896 1490 1928 adurit,
1514 1896 1644 1930 quoniam
1669 1901 1695 1923 et

907 1943 959 1978 ipsi
985 1943 1101 1970 oderunt
1125 1942 1229 1974 lucem,
1247 1941 1310 1976 quia
1326 1941 1397 1968 male
1411 1944 1503 1976 agunt.
1522 1940 1644 1975 Denique
1661 1941 1696 1968 ob

908 1989 960 2016 hoc
971 1988 1044 2016 Deus
1060 1993 1152 2015 noster
1167 1987 1239 2023 ignis
1251 1987 1351 2014 dicitur
1369 1994 1430 2014 esse
1447 1986 1654 2019 consumens",
1670 1990 1698 2014 et

908 2033 1086 2062 nihilominus
1099 2033 1145 2060 lux
1161 2033 1188 2060 in
1203 2040 1257 2068 quo
1274 2032 1392 2060 tenebrat
1406 2039 1461 2059 non
1476 2035 1550 2059 sunt.
1564 2031 1698 2062 Luxsinc

910 2078 992 2106 dubio
1004 2077 1096 2113 justis,
1111 2081 1138 2104 et
1149 2076 1220 2112 ignis
1232 2076 1349 2104 efﬁcitur
1364 2076 1565 2111 peccatoribus,
1587 2081 1616 2104 ut
1631 2084 1695 2104 con-

910 2127 1003 2152 sumat
1018 2123 1044 2150 in
1062 2123 1103 2150 eis
1118 2130 1198 2150 omne
1215 2122 1288 2157 quod
1303 2122 1330 2149 in
1346 2122 1437 2149 anima
1452 2129 1548 2152 eorum
1563 2121 1699 2157 corrupti-

912 2169 1025 2197 bilitatis
1042 2173 1088 2196 aut
1113 2168 1270 2204 fragilitatis
1294 2168 1437 2196 invenerit.
1459 2167 1537 2205 Quod
1555 2173 1644 2195 autem
1670 2167 1699 2194 in

912 2216 1006 2243 multis
1024 2215 1172 2251 Scriptura:
1186 2214 1254 2242 locis
1268 2219 1294 2242 et
1309 2214 1351 2242 sol
1364 2218 1391 2242 et
1405 2214 1476 2249 ignis
1492 2221 1546 2241 non
1565 2205 1615 2242 iste
1630 2213 1698 2240 visi-

911 2260 974 2288 bilis
985 2280 994 2293 ,
1009 2259 1056 2287 sed
1074 2259 1119 2286 ille
1143 2258 1289 2287 invisibilis
1312 2263 1339 2286 et
1356 2259 1488 2295 spiritalis
1506 2259 1624 2292 dicatur,
1640 2258 1699 2293 ipse

911 2306 1010 2339 etiam,
1028 2306 1051 2334 si
1067 2312 1224 2338 recenseas,
1241 2304 1413 2332 abundanter
1430 2304 1562 2335 invenies.

948 2351 1026 2380 Vers.
1048 2351 1075 2378 6.
1096 2350 1163 2377 Filii
1181 2351 1275 2378 matris
1296 2358 1359 2378 mea:
1377 2350 1570 2378 dimicaverunt
1588 2351 1615 2378 in
1641 2358 1699 2384 me,

911 2400 1053 2434 posuerunt
1071 2404 1110 2423 me
1124 2395 1258 2424 custodem
1273 2395 1396 2426 intimis
1408 2416 1416 2428 ,
1432 2396 1534 2425 vineam
1548 2404 1633 2424 meam
1648 2403 1700 2423 non

914 2435 1055 2470 custodiui.
1080 2441 1175 2469 Adhuc
1191 2441 1248 2476 ipsa
1272 2448 1332 2476 qua:
1355 2441 1432 2468 fusca
1452 2441 1562 2476 quidem
1582 2448 1631 2476 pro
1654 2441 1702 2469 de-

914 2489 987 2516 lictis
1003 2487 1155 2523 prioribus,
1173 2486 1293 2514 formosa
1311 2494 1376 2514 vero
1391 2490 1433 2515 est
1457 2494 1507 2522 pro
1528 2486 1579 2513 ﬁde
1593 2491 1620 2513 et
1635 2493 1702 2513 con-

915 2535 1086 2566 versatione,
1102 2533 1184 2561 etiam
1204 2533 1261 2560 lucc
1280 2532 1347 2561 dicit
1361 2532 1418 2568 (η)
1429 2552 1436 2564 ,
1453 2539 1613 2560 asseverans
1629 2531 1702 2567 quod

114 2617 135 2634 “
151 2598 233 2647 E'xod.
248 2627 288 2648 ix.
327 2618 352 2635 "
370 2616 457 2645 Exod.
473 2624 510 2644 ιν.
548 2615 571 2632 ⁸⁸
590 2613 678 2642 Exod.
695 2621 734 2647 ιι,
749 2612 793 2639 23.
833 2610 854 2627 ³⁷

950 2610 977 2636 ι.
1016 2609 1039 2624 ⁸⁸
1059 2607 1131 2635 Psal‘.
1150 2614 1197 2640 xu,
1212 2606 1239 2633 6.
1278 2606 1300 2623 ⁸⁸
1321 2606 1399 2633 Deut.
1416 2604 1512 2639 med».

115 2686 166 2721 (40)
182 2687 259 2722 Mss.,
276 2683 646 2722 illuminabat.7l.ibb.‘editi,
662 2681 808 2722 illuminat.

125 2717 166 2754 Hi
184 2717 260 2755 Mss.,
275 2722 414 2750 exaudiat.
427 2720 504 2748 Libb.
521 2719 597 2750 editi,
612 2717 756 2755 exaudivit.
801 2749 807 2755 θ

125 2723 166 2754 Η)
184 2723 260 2755 Mss.,
275 2723 414 2750 exaudiat.
427 2723 504 2748 Libb.
521 2723 597 2750 editi,
612 2723 756 2745 exaudivit.

115 2723 168 2792 ξιξ)
187 2758 337 2792 Procopius
362 2756 486 2792 Origenis
507 2761 618 2792 sensum
636 2752 678 2780 vel
699 2751 779 2792 verba
801 2749 859 2792 ipsa

87 2785 125 2827 ac“
136 2785 212 2820 refert
225 2801 232 2819 :
247 2785 257 2818 ξ
270 2785 332 2820 Ϋὶοὶ
348 2785 449 2827 μητᾷός
466 2798 516 2827 μου
531 2788 700 2827 ἐμαχέσαντο
711 2785 830 2827 stu-lutei;
850 2794 858 2808 ι

87 2825 159 2862 ἦγουν
174 2819 197 2855 οἱ
206 2819 386 2858 γδιδὰάκονέέέ
396 2819 570 2862 μεν-μαθηταὶ
579 2819 629 2850 ἑοῦ
639 2820 766 2861 Χριστοξ,
774 2819 863 2862 330th-

91 2834 159 2862 ιγουν
174 2834 197 2855 ot
215 2834 386 2858 όιᾱασκοντες
402 2835 436 2861 με
451 2834 504 2860 μαυ
526 2834 570 2850 ται
579 2834 629 2850 του
639 2834 766 2857 Αριςηυα,
779 2834 862 2846 mua-

91 2862 132 2894 PiV
151 2871 182 2898 με
206 2863 259 2891 τῶν
282 2862 336 2898 πρὸ
356 2861 451 2889 τούτου
471 2834 628 2895 βοῧόμενοι
646 2856 771 2892 πονηρῶν
787 2855 862 2889 λογι-

914 2677 989 2713 σμῶν
1002 2676 1051 2713 και
1069 2675 1123 2702 τῶν
1131 2674 1336 2713 νσυνεργούνῖων
1353 2673 1439 2713 aug-ta
1455 2672 1589 2713 δαιμόνων
1602 2671 1703 2713 ἐξαχέ-

914 2706 994 2749 alam
1008 2712 1112 2749 τρύτοις
1129 2706 1249 2749 exedat,
1270 2709 1319 2749 τῆς
1337 2708 1423 2749 ubi};
1440 2717 1484 2749 μοι
1502 2706 1610 2749 μητρὸς.
1626 2706 1702 2749 lives;

913 2748 982 2774 υἱοί·
1005 2747 1055 2782 τῆς
1077 2741 1222 2781 ὲὶζευοέρας
1239 2741 1323 2780 φημ’ί·
1341 2744 1366 2769 οἱ
1388 2741 1490 2778 μίὲνέἱς
1505 2741 1610 2769 ὲὸίἑαϊ
1626 2741 1703 2768 ἐκλο-

915 2784 965 2811 γὴν
990 2783 1100 2811 γαριτος
1120 2780 1218 2811 λῆμμα
1237 2777 1505 2811 ἁναλαμϐανόμενοι·
1528 2776 1583 2810 ἐγὼ
1601 2777 1630 2803 δὲ
1653 2776 1702 2811 τὴν

915 2784 965 2817 γὴν
990 2783 1100 2819 χάριτος
1120 2781 1218 2815 λῆμμα
1237 2781 1505 2813 ἁναλαμϋανόμενοι·
1528 2781 1583 2817 ὲγῳ
1601 2781 1630 2803 δὲ
1653 2781 1702 2811 την

916 2817 987 2843 κατὰ
1004 2817 1052 2852 τὴν
1066 2816 1121 2852 ᾆνω
1142 2813 1318 2852 Ἰερουσαλὴμ
1339 2812 1475 2852 Ambigan
1492 2812 1632 2852 }.a6ouaa_,
1656 2812 1703 2852 καὶ

917 2852 946 2886 ἐξ
960 2845 1126 2886 ἐπαγγελίας
1143 2845 1361 2884 ἁνόιγεννωιῖένη.
1387 2845 1424 2875 Οὖ
1447 2845 1578 2882 ἐτρότερον
1596 2846 1624 2873 δὲ
1640 2845 1703 2872 ταύ-
