  <div class='ocr_page' id='page_1' title='image "/cluster/home/n/w/nwhite01/storage/ocr_20150623/13/njp.32101077772430/081.png"; bbox 0 0 1892 3050; ppageno 0'>
   <div class='ocr_carea' id='block_1_1' title="bbox 729 137 1293 169">
    <p class='ocr_par' dir='ltr' id='par_1_1' title="bbox 729 137 1293 169">
     <span class='ocr_line' id='line_1_1' title="bbox 729 137 1293 169; baseline -0.002 -1"><span class='ocrx_word' id='word_1_1' title='bbox 729 139 889 168; x_wconf 80' lang='lat' dir='ltr'><strong>ORIGENIS</strong></span> <span class='ocrx_word' id='word_1_2' title='bbox 908 138 942 167; x_wconf 81' lang='lat' dir='ltr'><strong>IN</strong></span> <span class='ocrx_word' id='word_1_3' title='bbox 961 137 1139 169; x_wconf 71' lang='lat' dir='ltr'><strong>CANTICUH</strong></span> <span class='ocrx_word' id='word_1_4' title='bbox 1156 138 1293 168; x_wconf 78' lang='lat' dir='ltr'><strong>CANTIC.</strong></span> 
     </span>
    </p>
   </div>
   <div class='ocr_carea' id='block_1_2' title="bbox 1780 139 1825 168">
    <p class='ocr_par' dir='ltr' id='par_1_2' title="bbox 1780 139 1825 168">
     <span class='ocr_line' id='line_1_2' title="bbox 1780 139 1825 168; baseline 0.022 -1"><span class='ocrx_word' id='word_1_5' title='bbox 1780 139 1825 168; x_wconf 77' lang='lat'><strong>&quot;6</strong></span> 
     </span>
    </p>
   </div>
   <div class='ocr_carea' id='block_1_3' title="bbox 193 197 1828 233">
    <p class='ocr_par' dir='ltr' id='par_1_3' title="bbox 193 197 1828 233">
     <span class='ocr_line' id='line_1_3' title="bbox 193 197 1828 233; baseline 0 -9"><span class='ocrx_word' id='word_1_6' title='bbox 193 197 242 225; x_wconf 75' lang='lat' dir='ltr'><strong>ﬁlii</strong></span> <span class='ocrx_word' id='word_1_7' title='bbox 259 197 355 225; x_wconf 81' lang='lat' dir='ltr'><strong>matris</strong></span> <span class='ocrx_word' id='word_1_8' title='bbox 368 204 425 225; x_wconf 69' lang='lat' dir='ltr'><strong>suae</strong></span> <span class='ocrx_word' id='word_1_9' title='bbox 439 197 639 226; x_wconf 84' lang='lat' dir='ltr'><strong>dimicaverunt</strong></span> <span class='ocrx_word' id='word_1_10' title='bbox 662 206 716 226; x_wconf 91' lang='lat' dir='ltr'><strong>non</strong></span> <span class='ocrx_word' id='word_1_11' title='bbox 732 203 828 226; x_wconf 87' lang='lat' dir='ltr'><strong>contra</strong></span> <span class='ocrx_word' id='word_1_12' title='bbox 847 205 923 232; x_wconf 84' lang='lat' dir='ltr'><strong>eam,</strong></span> <span class='ocrx_word' id='word_1_13' title='bbox 939 199 987 227; x_wconf 84' lang='lat' dir='ltr'><strong>sed</strong></span> <span class='ocrx_word' id='word_1_14' title='bbox 1001 204 1024 230; x_wconf 75' lang='grc' dir='ltr'>Α</span> <span class='ocrx_word' id='word_1_15' title='bbox 1039 202 1089 226; x_wconf 83' lang='lat' dir='ltr'><strong>tem</strong></span> <span class='ocrx_word' id='word_1_16' title='bbox 1109 206 1138 226; x_wconf 83' lang='lat' dir='ltr'><strong>se</strong></span> <span class='ocrx_word' id='word_1_17' title='bbox 1160 198 1285 226; x_wconf 77' lang='lat' dir='ltr'><strong>adversus</strong></span> <span class='ocrx_word' id='word_1_18' title='bbox 1307 197 1444 226; x_wconf 73' lang='lat' dir='ltr'><strong>scientiam</strong></span> <span class='ocrx_word' id='word_1_19' title='bbox 1466 197 1564 226; x_wconf 80' lang='lat' dir='ltr'><strong>Christi</strong></span> <span class='ocrx_word' id='word_1_20' title='bbox 1581 200 1614 226; x_wconf 69' lang='grc' dir='ltr'><strong>η.</strong></span> <span class='ocrx_word' id='word_1_21' title='bbox 1633 197 1828 233; x_wconf 78' lang='lat' dir='ltr'><strong>Pugnaverunt</strong></span> 
     </span>
    </p>
   </div>
   <div class='ocr_carea' id='block_1_4' title="bbox 193 243 982 280">
    <p class='ocr_par' dir='ltr' id='par_1_4' title="bbox 193 243 982 280">
     <span class='ocr_line' id='line_1_4' title="bbox 193 243 982 280; baseline 0.003 -10"><span class='ocrx_word' id='word_1_22' title='bbox 193 243 221 270; x_wconf 88' lang='lat' dir='ltr'><strong>in</strong></span> <span class='ocrx_word' id='word_1_23' title='bbox 243 250 274 271; x_wconf 90' lang='lat' dir='ltr'><strong>ea</strong></span> <span class='ocrx_word' id='word_1_24' title='bbox 288 252 295 270; x_wconf 94' lang='lat'><strong>:</strong></span> <span class='ocrx_word' id='word_1_25' title='bbox 311 247 415 278; x_wconf 88' lang='lat' dir='ltr'><strong>etpost</strong></span> <span class='ocrx_word' id='word_1_26' title='bbox 438 243 491 271; x_wconf 90' lang='lat' dir='ltr'><strong>hoc</strong></span> <span class='ocrx_word' id='word_1_27' title='bbox 516 243 618 274; x_wconf 83' lang='lat' dir='ltr'><strong>bellum</strong></span> <span class='ocrx_word' id='word_1_28' title='bbox 634 244 705 280; x_wconf 88' lang='lat' dir='ltr'><strong>quod</strong></span> <span class='ocrx_word' id='word_1_29' title='bbox 726 245 755 272; x_wconf 91' lang='lat' dir='ltr'><strong>in</strong></span> <span class='ocrx_word' id='word_1_30' title='bbox 773 252 804 272; x_wconf 89' lang='lat' dir='ltr'><strong>ea</strong></span> <span class='ocrx_word' id='word_1_31' title='bbox 821 249 982 280; x_wconf 82' lang='lat' dir='ltr'><strong>gesserunt,</strong></span> 
     </span>
    </p>
   </div>
   <div class='ocr_carea' id='block_1_5' title="bbox 193 289 984 322">
    <p class='ocr_par' dir='ltr' id='par_1_5' title="bbox 193 289 984 322">
     <span class='ocr_line' id='line_1_5' title="bbox 193 289 984 322; baseline 0.004 -6"><span class='ocrx_word' id='word_1_32' title='bbox 193 289 394 317; x_wconf 86' lang='lat' dir='ltr'><strong>constituerunt</strong></span> <span class='ocrx_word' id='word_1_33' title='bbox 409 297 469 317; x_wconf 88' lang='lat' dir='ltr'><strong>eam</strong></span> <span class='ocrx_word' id='word_1_34' title='bbox 488 290 631 318; x_wconf 74' lang='lat' dir='ltr'><strong>vinearum</strong></span> <span class='ocrx_word' id='word_1_35' title='bbox 659 291 815 322; x_wconf 83' lang='lat' dir='ltr'><strong>custodem.</strong></span> <span class='ocrx_word' id='word_1_36' title='bbox 832 298 886 318; x_wconf 92' lang='lat' dir='ltr'><strong>non</strong></span> <span class='ocrx_word' id='word_1_37' title='bbox 901 291 984 319; x_wconf 89' lang='lat' dir='ltr'><strong>unius</strong></span> 
     </span>
    </p>
   </div>
   <div class='ocr_carea' id='block_1_6' title="bbox 194 335 982 370">
    <p class='ocr_par' dir='ltr' id='par_1_6' title="bbox 194 335 982 370">
     <span class='ocr_line' id='line_1_6' title="bbox 194 335 982 370; baseline 0.004 -9"><span class='ocrx_word' id='word_1_38' title='bbox 194 335 297 367; x_wconf 55' lang='lat' dir='ltr'><strong>\‘inete,</strong></span> <span class='ocrx_word' id='word_1_39' title='bbox 321 335 369 363; x_wconf 89' lang='lat' dir='ltr'><strong>sed</strong></span> <span class='ocrx_word' id='word_1_40' title='bbox 386 335 546 364; x_wconf 89' lang='lat' dir='ltr'><strong>multarum.</strong></span> <span class='ocrx_word' id='word_1_41' title='bbox 563 336 668 364; x_wconf 83' lang='lat' dir='ltr'><strong>Astruit</strong></span> <span class='ocrx_word' id='word_1_42' title='bbox 685 340 775 364; x_wconf 89' lang='lat' dir='ltr'><strong>autem</strong></span> <span class='ocrx_word' id='word_1_43' title='bbox 794 336 851 364; x_wconf 79' lang='lat' dir='ltr'><strong>haec</strong></span> <span class='ocrx_word' id='word_1_44' title='bbox 871 337 982 370; x_wconf 87' lang='lat' dir='ltr'><strong>eadem,</strong></span> 
     </span>
    </p>
   </div>
   <div class='ocr_carea' id='block_1_7' title="bbox 193 380 984 417">
    <p class='ocr_par' dir='ltr' id='par_1_7' title="bbox 193 380 984 417">
     <span class='ocr_line' id='line_1_7' title="bbox 193 380 984 417; baseline 0.004 -9"><span class='ocrx_word' id='word_1_45' title='bbox 193 380 268 415; x_wconf 89' lang='lat' dir='ltr'><strong>quod</strong></span> <span class='ocrx_word' id='word_1_46' title='bbox 292 385 390 416; x_wconf 66' lang='lat' dir='ltr'><strong>prater</strong></span> <span class='ocrx_word' id='word_1_47' title='bbox 411 381 472 410; x_wconf 84' lang='lat' dir='ltr'><strong>illas</strong></span> <span class='ocrx_word' id='word_1_48' title='bbox 491 382 586 409; x_wconf 86' lang='lat' dir='ltr'><strong>vineas</strong></span> <span class='ocrx_word' id='word_1_49' title='bbox 606 389 675 417; x_wconf 85' lang='lat' dir='ltr'><strong>quas</strong></span> <span class='ocrx_word' id='word_1_50' title='bbox 696 389 711 409; x_wconf 90' lang='lat' dir='ltr'><strong>a</strong></span> <span class='ocrx_word' id='word_1_51' title='bbox 727 382 791 410; x_wconf 87' lang='lat' dir='ltr'><strong>ﬁliis</strong></span> <span class='ocrx_word' id='word_1_52' title='bbox 812 383 910 410; x_wconf 85' lang='lat' dir='ltr'><strong>matris</strong></span> <span class='ocrx_word' id='word_1_53' title='bbox 926 390 984 411; x_wconf 66' lang='lat' dir='ltr'><strong>sua:</strong></span> 
     </span>
    </p>
   </div>
   <div class='ocr_carea' id='block_1_8' title="bbox 192 425 984 464">
    <p class='ocr_par' dir='ltr' id='par_1_8' title="bbox 192 425 984 464">
     <span class='ocr_line' id='line_1_8' title="bbox 192 425 984 464; baseline 0.004 -11"><span class='ocrx_word' id='word_1_54' title='bbox 192 425 331 453; x_wconf 87' lang='lat' dir='ltr'><strong>custodire</strong></span> <span class='ocrx_word' id='word_1_55' title='bbox 356 427 444 462; x_wconf 87' lang='lat' dir='ltr'><strong>posita</strong></span> <span class='ocrx_word' id='word_1_56' title='bbox 467 432 526 460; x_wconf 83' lang='lat' dir='ltr'><strong>cst,</strong></span> <span class='ocrx_word' id='word_1_57' title='bbox 551 427 676 454; x_wconf 86' lang='lat' dir='ltr'><strong>habuerit</strong></span> <span class='ocrx_word' id='word_1_58' title='bbox 692 427 773 455; x_wconf 87' lang='lat' dir='ltr'><strong>aliam</strong></span> <span class='ocrx_word' id='word_1_59' title='bbox 789 427 926 464; x_wconf 82' lang='lat' dir='ltr'><strong>propriam</strong></span> <span class='ocrx_word' id='word_1_60' title='bbox 942 428 984 456; x_wconf 88' lang='lat' dir='ltr'><strong>vi-</strong></span> 
     </span>
    </p>
   </div>
   <div class='ocr_carea' id='block_1_9' title="bbox 194 472 983 510">
    <p class='ocr_par' dir='ltr' id='par_1_9' title="bbox 194 472 983 510">
     <span class='ocr_line' id='line_1_9' title="bbox 194 472 983 510; baseline 0.008 -13"><span class='ocrx_word' id='word_1_61' title='bbox 194 478 272 498; x_wconf 87' lang='lat' dir='ltr'><strong>neam</strong></span> <span class='ocrx_word' id='word_1_62' title='bbox 294 479 377 507; x_wconf 88' lang='lat' dir='ltr'><strong>quam</strong></span> <span class='ocrx_word' id='word_1_63' title='bbox 404 480 459 500; x_wconf 90' lang='lat' dir='ltr'><strong>non</strong></span> <span class='ocrx_word' id='word_1_64' title='bbox 487 472 657 501; x_wconf 73' lang='lat' dir='ltr'><strong>custodierit.</strong></span> <span class='ocrx_word' id='word_1_65' title='bbox 691 472 756 501; x_wconf 72' lang='lat' dir='ltr'><strong>Haec</strong></span> <span class='ocrx_word' id='word_1_66' title='bbox 778 478 821 501; x_wconf 88' lang='lat' dir='ltr'><strong>est</strong></span> <span class='ocrx_word' id='word_1_67' title='bbox 849 475 983 510; x_wconf 78' lang='lat' dir='ltr'><strong>propositi</strong></span> 
     </span>
    </p>
   </div>
   <div class='ocr_carea' id='block_1_10' title="bbox 191 517 983 555">
    <p class='ocr_par' dir='ltr' id='par_1_10' title="bbox 191 517 983 555">
     <span class='ocr_line' id='line_1_10' title="bbox 191 517 983 555; baseline 0.006 -11"><span class='ocrx_word' id='word_1_68' title='bbox 191 517 324 546; x_wconf 85' lang='lat' dir='ltr'><strong>dramatis</strong></span> <span class='ocrx_word' id='word_1_69' title='bbox 337 517 439 545; x_wconf 78' lang='lat' dir='ltr'><strong>fabula.</strong></span> <span class='ocrx_word' id='word_1_70' title='bbox 453 517 506 546; x_wconf 87' lang='lat' dir='ltr'><strong>Sed</strong></span> <span class='ocrx_word' id='word_1_71' title='bbox 520 526 594 546; x_wconf 92' lang='lat' dir='ltr'><strong>nunc</strong></span> <span class='ocrx_word' id='word_1_72' title='bbox 607 519 780 554; x_wconf 85' lang='lat' dir='ltr'><strong>inquiramus</strong></span> <span class='ocrx_word' id='word_1_73' title='bbox 798 528 860 555; x_wconf 61' lang='lat' dir='ltr'><strong>quas</strong></span> <span class='ocrx_word' id='word_1_74' title='bbox 875 521 911 549; x_wconf 87' lang='lat' dir='ltr'><strong>sit</strong></span> <span class='ocrx_word' id='word_1_75' title='bbox 924 529 983 549; x_wconf 90' lang='lat' dir='ltr'><strong>ma-</strong></span> 
     </span>
    </p>
   </div>
   <div class='ocr_carea' id='block_1_11' title="bbox 192 564 982 604">
    <p class='ocr_par' dir='ltr' id='par_1_11' title="bbox 192 564 982 604">
     <span class='ocr_line' id='line_1_11' title="bbox 192 564 982 604; baseline 0.006 -13"><span class='ocrx_word' id='word_1_76' title='bbox 192 567 234 591; x_wconf 70' lang='lat' dir='ltr'><strong>ter</strong></span> <span class='ocrx_word' id='word_1_77' title='bbox 246 571 353 599; x_wconf 63' lang='lat' dir='ltr'><strong>sponsa:</strong></span> <span class='ocrx_word' id='word_1_78' title='bbox 368 564 449 599; x_wconf 88' lang='lat' dir='ltr'><strong>hujus</strong></span> <span class='ocrx_word' id='word_1_79' title='bbox 462 572 544 601; x_wconf 87' lang='lat' dir='ltr'><strong>quam</strong></span> <span class='ocrx_word' id='word_1_80' title='bbox 564 564 623 593; x_wconf 73' lang='lat' dir='ltr'><strong>htec</strong></span> <span class='ocrx_word' id='word_1_81' title='bbox 637 566 753 602; x_wconf 82' lang='lat' dir='ltr'><strong>allegat,</strong></span> <span class='ocrx_word' id='word_1_82' title='bbox 767 567 813 604; x_wconf 85' lang='lat' dir='ltr'><strong>qui</strong></span> <span class='ocrx_word' id='word_1_83' title='bbox 831 568 886 596; x_wconf 92' lang='lat' dir='ltr'><strong>sint</strong></span> <span class='ocrx_word' id='word_1_84' title='bbox 900 568 982 596; x_wconf 88' lang='lat' dir='ltr'><strong>etiam</strong></span> 
     </span>
    </p>
   </div>
   <div class='ocr_carea' id='block_1_12' title="bbox 190 608 983 647">
    <p class='ocr_par' dir='ltr' id='par_1_12' title="bbox 190 608 983 647">
     <span class='ocr_line' id='line_1_12' title="bbox 190 608 983 647; baseline 0.009 -11"><span class='ocrx_word' id='word_1_85' title='bbox 190 608 239 637; x_wconf 83' lang='lat' dir='ltr'><strong>ﬁlii</strong></span> <span class='ocrx_word' id='word_1_86' title='bbox 253 609 313 645; x_wconf 85' lang='lat' dir='ltr'><strong>ejus</strong></span> <span class='ocrx_word' id='word_1_87' title='bbox 333 610 380 645; x_wconf 87' lang='lat' dir='ltr'><strong>qui</strong></span> <span class='ocrx_word' id='word_1_88' title='bbox 402 611 601 641; x_wconf 85' lang='lat' dir='ltr'><strong>dimicaverunt</strong></span> <span class='ocrx_word' id='word_1_89' title='bbox 615 612 642 639; x_wconf 88' lang='lat' dir='ltr'><strong>in</strong></span> <span class='ocrx_word' id='word_1_90' title='bbox 658 620 706 644; x_wconf 81' lang='lat' dir='ltr'><strong>ea.</strong></span> <span class='ocrx_word' id='word_1_91' title='bbox 729 617 757 642; x_wconf 85' lang='lat' dir='ltr'><strong>et</strong></span> <span class='ocrx_word' id='word_1_92' title='bbox 772 612 897 643; x_wconf 83' lang='lat' dir='ltr'><strong>coniecto</strong></span> <span class='ocrx_word' id='word_1_93' title='bbox 911 614 983 647; x_wconf 70' lang='lat' dir='ltr'><strong>bello</strong></span> 
     </span>
    </p>
   </div>
   <div class='ocr_carea' id='block_1_13' title="bbox 192 655 984 697">
    <p class='ocr_par' dir='ltr' id='par_1_13' title="bbox 192 655 984 697">
     <span class='ocr_line' id='line_1_13' title="bbox 192 655 984 697; baseline 0.01 -16"><span class='ocrx_word' id='word_1_94' title='bbox 192 655 361 683; x_wconf 85' lang='lat' dir='ltr'><strong>tradiderunt</strong></span> <span class='ocrx_word' id='word_1_95' title='bbox 382 657 408 684; x_wconf 88' lang='lat' dir='ltr'><strong>ei</strong></span> <span class='ocrx_word' id='word_1_96' title='bbox 431 657 525 686; x_wconf 89' lang='lat' dir='ltr'><strong>vineas</strong></span> <span class='ocrx_word' id='word_1_97' title='bbox 548 666 618 692; x_wconf 88' lang='lat' dir='ltr'><strong>quas</strong></span> <span class='ocrx_word' id='word_1_98' title='bbox 638 659 804 694; x_wconf 85' lang='lat' dir='ltr'><strong>custodiret,</strong></span> <span class='ocrx_word' id='word_1_99' title='bbox 822 661 900 696; x_wconf 85' lang='lat' dir='ltr'><strong>quasi</strong></span> <span class='ocrx_word' id='word_1_100' title='bbox 921 669 984 697; x_wconf 70' lang='lat' dir='ltr'><strong>quas</strong></span> 
     </span>
    </p>
   </div>
   <div class='ocr_carea' id='block_1_14' title="bbox 190 702 982 738">
    <p class='ocr_par' dir='ltr' id='par_1_14' title="bbox 190 702 982 738">
     <span class='ocr_line' id='line_1_14' title="bbox 190 702 982 738; baseline 0.009 -10"><span class='ocrx_word' id='word_1_101' title='bbox 190 709 244 729; x_wconf 93' lang='lat' dir='ltr'><strong>non</strong></span> <span class='ocrx_word' id='word_1_102' title='bbox 259 702 394 738; x_wconf 86' lang='lat' dir='ltr'><strong>potuisset</strong></span> <span class='ocrx_word' id='word_1_103' title='bbox 417 710 527 732; x_wconf 74' lang='lat' dir='ltr'><strong>servare</strong></span> <span class='ocrx_word' id='word_1_104' title='bbox 545 711 610 738; x_wconf 87' lang='lat' dir='ltr'><strong>eas,</strong></span> <span class='ocrx_word' id='word_1_105' title='bbox 628 705 682 733; x_wconf 89' lang='lat' dir='ltr'><strong>nisi</strong></span> <span class='ocrx_word' id='word_1_106' title='bbox 699 705 733 733; x_wconf 87' lang='lat' dir='ltr'><strong>ab</strong></span> <span class='ocrx_word' id='word_1_107' title='bbox 753 706 807 735; x_wconf 84' lang='lat' dir='ltr'><strong>illis</strong></span> <span class='ocrx_word' id='word_1_108' title='bbox 821 706 982 736; x_wconf 71' lang='lat' dir='ltr'><strong>dimicatum</strong></span> 
     </span>
    </p>
   </div>
   <div class='ocr_carea' id='block_1_15' title="bbox 188 747 983 785">
    <p class='ocr_par' dir='ltr' id='par_1_15' title="bbox 188 747 983 785">
     <span class='ocr_line' id='line_1_15' title="bbox 188 747 983 785; baseline 0.011 -11"><span class='ocrx_word' id='word_1_109' title='bbox 188 747 294 775; x_wconf 75' lang='lat' dir='ltr'><strong>fuisset.</strong></span> <span class='ocrx_word' id='word_1_110' title='bbox 318 747 395 776; x_wconf 80' lang='lat' dir='ltr'><strong>Illam</strong></span> <span class='ocrx_word' id='word_1_111' title='bbox 410 757 476 777; x_wconf 88' lang='lat' dir='ltr'><strong>vero</strong></span> <span class='ocrx_word' id='word_1_112' title='bbox 492 754 620 785; x_wconf 85' lang='lat' dir='ltr'><strong>suscepta</strong></span> <span class='ocrx_word' id='word_1_113' title='bbox 638 751 754 780; x_wconf 85' lang='lat' dir='ltr'><strong>aliarum</strong></span> <span class='ocrx_word' id='word_1_114' title='bbox 769 752 912 781; x_wconf 83' lang='lat' dir='ltr'><strong>vinearum</strong></span> <span class='ocrx_word' id='word_1_115' title='bbox 933 760 983 783; x_wconf 82' lang='lat' dir='ltr'><strong>cu-</strong></span> 
     </span>
    </p>
   </div>
   <div class='ocr_carea' id='block_1_16' title="bbox 187 794 982 836">
    <p class='ocr_par' dir='ltr' id='par_1_16' title="bbox 187 794 982 836">
     <span class='ocr_line' id='line_1_16' title="bbox 187 794 982 836; baseline 0.009 -15"><span class='ocrx_word' id='word_1_116' title='bbox 187 794 277 822; x_wconf 85' lang='lat' dir='ltr'><strong>stodia</strong></span> <span class='ocrx_word' id='word_1_117' title='bbox 295 795 438 836; x_wconf 72' lang='lat' dir='ltr'><strong>propriam</strong></span> <span class='ocrx_word' id='word_1_118' title='bbox 456 795 565 823; x_wconf 82' lang='lat' dir='ltr'><strong>vineam</strong></span> <span class='ocrx_word' id='word_1_119' title='bbox 585 797 707 826; x_wconf 80' lang='lat' dir='ltr'><strong>noluisse</strong></span> <span class='ocrx_word' id='word_1_120' title='bbox 721 798 765 826; x_wconf 86' lang='lat' dir='ltr'><strong>vel</strong></span> <span class='ocrx_word' id='word_1_121' title='bbox 782 806 836 827; x_wconf 86' lang='lat' dir='ltr'><strong>non</strong></span> <span class='ocrx_word' id='word_1_122' title='bbox 858 799 982 835; x_wconf 82' lang='lat' dir='ltr'><strong>potuisse</strong></span> 
     </span>
    </p>
   </div>
   <div class='ocr_carea' id='block_1_17' title="bbox 187 840 981 879">
    <p class='ocr_par' dir='ltr' id='par_1_17' title="bbox 187 840 981 879">
     <span class='ocr_line' id='line_1_17' title="bbox 187 840 981 879; baseline 0.009 -13"><span class='ocrx_word' id='word_1_123' title='bbox 187 847 316 873; x_wconf 71' lang='lat' dir='ltr'><strong>servare;</strong></span> <span class='ocrx_word' id='word_1_124' title='bbox 337 841 371 868; x_wconf 89' lang='lat' dir='ltr'><strong>ad</strong></span> <span class='ocrx_word' id='word_1_125' title='bbox 392 840 504 869; x_wconf 82' lang='lat' dir='ltr'><strong>Galatas</strong></span> <span class='ocrx_word' id='word_1_126' title='bbox 527 841 629 871; x_wconf 83' lang='lat' dir='ltr'><strong>Paulus</strong></span> <span class='ocrx_word' id='word_1_127' title='bbox 651 841 790 879; x_wconf 83' lang='lat' dir='ltr'><strong>scribens,</strong></span> <span class='ocrx_word' id='word_1_128' title='bbox 815 845 875 873; x_wconf 89' lang='lat' dir='ltr'><strong>ait:</strong></span> <span class='ocrx_word' id='word_1_129' title='bbox 893 845 981 873; x_wconf 82' lang='lat' dir='ltr'><strong>Dicite</strong></span> 
     </span>
    </p>
   </div>
   <div class='ocr_carea' id='block_1_18' title="bbox 187 885 982 926">
    <p class='ocr_par' dir='ltr' id='par_1_18' title="bbox 187 885 982 926">
     <span class='ocr_line' id='line_1_18' title="bbox 187 885 982 926; baseline 0.01 -15"><span class='ocrx_word' id='word_1_130' title='bbox 187 885 254 912; x_wconf 86' lang='lat' dir='ltr'><strong>mihi</strong></span> <span class='ocrx_word' id='word_1_131' title='bbox 274 886 320 921; x_wconf 88' lang='lat' dir='ltr'><strong>qui</strong></span> <span class='ocrx_word' id='word_1_132' title='bbox 341 885 389 913; x_wconf 79' lang='lat' dir='ltr'><strong>sub</strong></span> <span class='ocrx_word' id='word_1_133' title='bbox 405 887 460 922; x_wconf 81' lang='lat' dir='ltr'><strong>lege</strong></span> <span class='ocrx_word' id='word_1_134' title='bbox 480 887 562 916; x_wconf 81' lang='lat' dir='ltr'><strong>vultis</strong></span> <span class='ocrx_word' id='word_1_135' title='bbox 578 897 648 923; x_wconf 84' lang='lat' dir='ltr'><strong>esse,</strong></span> <span class='ocrx_word' id='word_1_136' title='bbox 672 890 755 926; x_wconf 81' lang='lat' dir='ltr'><strong>legem</strong></span> <span class='ocrx_word' id='word_1_137' title='bbox 778 899 832 919; x_wconf 83' lang='lat' dir='ltr'><strong>non</strong></span> <span class='ocrx_word' id='word_1_138' title='bbox 847 891 982 919; x_wconf 76' lang='lat' dir='ltr'><strong>audietis?</strong></span> 
     </span>
    </p>
   </div>
   <div class='ocr_carea' id='block_1_19' title="bbox 189 929 982 969">
    <p class='ocr_par' dir='ltr' id='par_1_19' title="bbox 189 929 982 969">
     <span class='ocr_line' id='line_1_19' title="bbox 189 929 982 969; baseline 0.008 -10"><span class='ocrx_word' id='word_1_139' title='bbox 189 929 324 965; x_wconf 75' lang='lat' dir='ltr'><strong>Scriptum</strong></span> <span class='ocrx_word' id='word_1_140' title='bbox 344 936 383 959; x_wconf 86' lang='lat' dir='ltr'><strong>est</strong></span> <span class='ocrx_word' id='word_1_141' title='bbox 397 932 484 965; x_wconf 81' lang='lat' dir='ltr'><strong>enim,</strong></span> <span class='ocrx_word' id='word_1_142' title='bbox 505 935 631 969; x_wconf 86' lang='lat' dir='ltr'><strong>quoniam</strong></span> <span class='ocrx_word' id='word_1_143' title='bbox 653 935 788 964; x_wconf 74' lang='lat' dir='ltr'><strong>Abraham</strong></span> <span class='ocrx_word' id='word_1_144' title='bbox 804 937 870 965; x_wconf 80' lang='lat' dir='ltr'><strong>duos</strong></span> <span class='ocrx_word' id='word_1_145' title='bbox 890 937 982 965; x_wconf 85' lang='lat' dir='ltr'><strong>habuit</strong></span> 
     </span>
    </p>
   </div>
   <div class='ocr_carea' id='block_1_20' title="bbox 188 976 982 1014">
    <p class='ocr_par' dir='ltr' id='par_1_20' title="bbox 188 976 982 1014">
     <span class='ocr_line' id='line_1_20' title="bbox 188 976 982 1014; baseline 0.01 -11"><span class='ocrx_word' id='word_1_146' title='bbox 188 976 277 1011; x_wconf 76' lang='lat' dir='ltr'><strong>ﬁlios,</strong></span> <span class='ocrx_word' id='word_1_147' title='bbox 291 985 373 1004; x_wconf 79' lang='lat' dir='ltr'><strong>unum</strong></span> <span class='ocrx_word' id='word_1_148' title='bbox 390 986 423 1006; x_wconf 67' lang='lat' dir='ltr'><strong>es</strong></span> <span class='ocrx_word' id='word_1_149' title='bbox 437 979 551 1014; x_wconf 80' lang='lat' dir='ltr'><strong>ancilla,</strong></span> <span class='ocrx_word' id='word_1_150' title='bbox 572 985 596 1008; x_wconf 85' lang='lat' dir='ltr'><strong>et</strong></span> <span class='ocrx_word' id='word_1_151' title='bbox 618 989 703 1008; x_wconf 82' lang='lat' dir='ltr'><strong>unum</strong></span> <span class='ocrx_word' id='word_1_152' title='bbox 722 982 755 1009; x_wconf 87' lang='lat' dir='ltr'><strong>de</strong></span> <span class='ocrx_word' id='word_1_153' title='bbox 770 983 863 1011; x_wconf 83' lang='lat' dir='ltr'><strong>libera.</strong></span> <span class='ocrx_word' id='word_1_154' title='bbox 888 983 938 1011; x_wconf 83' lang='lat' dir='ltr'><strong>Sed</strong></span> <span class='ocrx_word' id='word_1_155' title='bbox 959 984 982 1011; x_wconf 86' lang='lat' dir='ltr'><strong>is</strong></span> 
     </span>
    </p>
   </div>
   <div class='ocr_carea' id='block_1_21' title="bbox 187 1023 982 1065">
    <p class='ocr_par' dir='ltr' id='par_1_21' title="bbox 187 1023 982 1065">
     <span class='ocr_line' id='line_1_21' title="bbox 187 1023 982 1065; baseline 0.011 -15"><span class='ocrx_word' id='word_1_156' title='bbox 187 1023 293 1059; x_wconf 82' lang='lat' dir='ltr'><strong>quidem</strong></span> <span class='ocrx_word' id='word_1_157' title='bbox 308 1024 355 1060; x_wconf 87' lang='lat' dir='ltr'><strong>qui</strong></span> <span class='ocrx_word' id='word_1_158' title='bbox 370 1024 403 1052; x_wconf 90' lang='lat' dir='ltr'><strong>de</strong></span> <span class='ocrx_word' id='word_1_159' title='bbox 417 1025 527 1061; x_wconf 83' lang='lat' dir='ltr'><strong>ancilla,</strong></span> <span class='ocrx_word' id='word_1_160' title='bbox 543 1028 686 1055; x_wconf 81' lang='lat' dir='ltr'><strong>secundum</strong></span> <span class='ocrx_word' id='word_1_161' title='bbox 701 1037 806 1057; x_wconf 85' lang='lat' dir='ltr'><strong>carnem</strong></span> <span class='ocrx_word' id='word_1_162' title='bbox 827 1035 906 1058; x_wconf 80' lang='lat' dir='ltr'><strong>natus</strong></span> <span class='ocrx_word' id='word_1_163' title='bbox 920 1035 982 1065; x_wconf 78' lang='lat' dir='ltr'><strong>est;</strong></span> 
     </span>
    </p>
   </div>
   <div class='ocr_carea' id='block_1_22' title="bbox 187 1070 982 1112">
    <p class='ocr_par' dir='ltr' id='par_1_22' title="bbox 187 1070 982 1112">
     <span class='ocr_line' id='line_1_22' title="bbox 187 1070 982 1112; baseline 0.011 -16"><span class='ocrx_word' id='word_1_164' title='bbox 187 1070 235 1105; x_wconf 83' lang='lat' dir='ltr'><strong>qui</strong></span> <span class='ocrx_word' id='word_1_165' title='bbox 252 1078 311 1098; x_wconf 66' lang='lat' dir='ltr'><strong>vero</strong></span> <span class='ocrx_word' id='word_1_166' title='bbox 335 1071 367 1098; x_wconf 84' lang='lat' dir='ltr'><strong>de</strong></span> <span class='ocrx_word' id='word_1_167' title='bbox 383 1071 466 1099; x_wconf 83' lang='lat' dir='ltr'><strong>libera</strong></span> <span class='ocrx_word' id='word_1_168' title='bbox 476 1092 484 1105; x_wconf 92' lang='lat'><strong>,</strong></span> <span class='ocrx_word' id='word_1_169' title='bbox 499 1074 642 1101; x_wconf 81' lang='lat' dir='ltr'><strong>secundum</strong></span> <span class='ocrx_word' id='word_1_170' title='bbox 658 1076 887 1110; x_wconf 79' lang='lat' dir='ltr'><strong>repromissionem</strong></span> <span class='ocrx_word' id='word_1_171' title='bbox 901 1085 911 1104; x_wconf 81' lang='lat'><strong>.&#39;</strong></span> <span class='ocrx_word' id='word_1_172' title='bbox 922 1085 982 1112; x_wconf 69' lang='lat' dir='ltr'><strong>qua</strong></span> 
     </span>
    </p>
   </div>
   <div class='ocr_carea' id='block_1_23' title="bbox 188 1115 980 1156">
    <p class='ocr_par' dir='ltr' id='par_1_23' title="bbox 188 1115 980 1156">
     <span class='ocr_line' id='line_1_23' title="bbox 188 1115 980 1156; baseline 0.01 -15"><span class='ocrx_word' id='word_1_173' title='bbox 188 1120 250 1142; x_wconf 87' lang='lat' dir='ltr'><strong>sunt</strong></span> <span class='ocrx_word' id='word_1_174' title='bbox 277 1115 431 1151; x_wconf 77' lang='lat' dir='ltr'><strong>allegorica.</strong></span> <span class='ocrx_word' id='word_1_175' title='bbox 460 1117 525 1146; x_wconf 66' lang='lat' dir='ltr'><strong>Hec</strong></span> <span class='ocrx_word' id='word_1_176' title='bbox 546 1120 616 1146; x_wconf 87' lang='lat' dir='ltr'><strong>enim</strong></span> <span class='ocrx_word' id='word_1_177' title='bbox 641 1124 703 1147; x_wconf 73' lang='lat' dir='ltr'><strong>sunt</strong></span> <span class='ocrx_word' id='word_1_178' title='bbox 727 1121 780 1148; x_wconf 84' lang='lat' dir='ltr'><strong>duo</strong></span> <span class='ocrx_word' id='word_1_179' title='bbox 805 1125 980 1156; x_wconf 85' lang='lat' dir='ltr'><strong>testamenta,</strong></span> 
     </span>
    </p>
   </div>
   <div class='ocr_carea' id='block_1_24' title="bbox 188 1163 979 1204">
    <p class='ocr_par' dir='ltr' id='par_1_24' title="bbox 188 1163 979 1204">
     <span class='ocr_line' id='line_1_24' title="bbox 188 1163 979 1204; baseline 0.01 -17"><span class='ocrx_word' id='word_1_180' title='bbox 188 1169 270 1188; x_wconf 81' lang='lat' dir='ltr'><strong>unum</strong></span> <span class='ocrx_word' id='word_1_181' title='bbox 281 1163 386 1198; x_wconf 82' lang='lat' dir='ltr'><strong>quidem</strong></span> <span class='ocrx_word' id='word_1_182' title='bbox 404 1163 431 1191; x_wconf 85' lang='lat' dir='ltr'><strong>in</strong></span> <span class='ocrx_word' id='word_1_183' title='bbox 449 1168 535 1192; x_wconf 87' lang='lat' dir='ltr'><strong>monte</strong></span> <span class='ocrx_word' id='word_1_184' title='bbox 552 1164 618 1192; x_wconf 83' lang='lat' dir='ltr'><strong>Sina</strong></span> <span class='ocrx_word' id='word_1_185' title='bbox 634 1165 661 1192; x_wconf 89' lang='lat' dir='ltr'><strong>in</strong></span> <span class='ocrx_word' id='word_1_186' title='bbox 676 1167 828 1194; x_wconf 69' lang='lat' dir='ltr'><strong>servitutem</strong></span> <span class='ocrx_word' id='word_1_187' title='bbox 841 1176 979 1204; x_wconf 83' lang='lat' dir='ltr'><strong>generans,</strong></span> 
     </span>
    </p>
   </div>
   <div class='ocr_carea' id='block_1_25' title="bbox 188 1207 980 1248">
    <p class='ocr_par' dir='ltr' id='par_1_25' title="bbox 188 1207 980 1248">
     <span class='ocr_line' id='line_1_25' title="bbox 188 1207 980 1248; baseline 0.01 -16"><span class='ocrx_word' id='word_1_188' title='bbox 188 1214 247 1240; x_wconf 73' lang='lat' dir='ltr'><strong>quc</strong></span> <span class='ocrx_word' id='word_1_189' title='bbox 260 1211 298 1233; x_wconf 82' lang='lat' dir='ltr'><strong>est</strong></span> <span class='ocrx_word' id='word_1_190' title='bbox 318 1207 400 1243; x_wconf 76' lang='lat' dir='ltr'><strong>Agar.</strong></span> <span class='ocrx_word' id='word_1_191' title='bbox 422 1207 490 1236; x_wconf 87' lang='lat' dir='ltr'><strong>Sina</strong></span> <span class='ocrx_word' id='word_1_192' title='bbox 510 1210 580 1237; x_wconf 81' lang='lat' dir='ltr'><strong>enim</strong></span> <span class='ocrx_word' id='word_1_193' title='bbox 599 1218 674 1237; x_wconf 80' lang='lat' dir='ltr'><strong>mons</strong></span> <span class='ocrx_word' id='word_1_194' title='bbox 697 1215 736 1238; x_wconf 84' lang='lat' dir='ltr'><strong>est</strong></span> <span class='ocrx_word' id='word_1_195' title='bbox 753 1212 781 1238; x_wconf 85' lang='lat' dir='ltr'><strong>in</strong></span> <span class='ocrx_word' id='word_1_196' title='bbox 799 1211 919 1246; x_wconf 79' lang='lat' dir='ltr'><strong>Arabia,</strong></span> <span class='ocrx_word' id='word_1_197' title='bbox 935 1213 980 1248; x_wconf 79' lang='lat' dir='ltr'><strong>qui</strong></span> 
     </span>
    </p>
   </div>
   <div class='ocr_carea' id='block_1_26' title="bbox 187 1252 980 1290">
    <p class='ocr_par' dir='ltr' id='par_1_26' title="bbox 187 1252 980 1290">
     <span class='ocr_line' id='line_1_26' title="bbox 187 1252 980 1290; baseline 0.01 -12"><span class='ocrx_word' id='word_1_198' title='bbox 187 1252 324 1287; x_wconf 73' lang='lat' dir='ltr'><strong>confertur</strong></span> <span class='ocrx_word' id='word_1_199' title='bbox 343 1254 405 1282; x_wconf 77' lang='lat' dir='ltr'><strong>huic</strong></span> <span class='ocrx_word' id='word_1_200' title='bbox 426 1263 485 1290; x_wconf 71' lang='lat' dir='ltr'><strong>quia</strong></span> <span class='ocrx_word' id='word_1_201' title='bbox 505 1264 576 1282; x_wconf 80' lang='lat' dir='ltr'><strong>nunc</strong></span> <span class='ocrx_word' id='word_1_202' title='bbox 590 1260 629 1284; x_wconf 81' lang='lat' dir='ltr'><strong>est</strong></span> <span class='ocrx_word' id='word_1_203' title='bbox 650 1255 838 1290; x_wconf 76' lang='lat' dir='ltr'><strong>Hierusalem,</strong></span> <span class='ocrx_word' id='word_1_204' title='bbox 859 1263 884 1285; x_wconf 86' lang='lat' dir='ltr'><strong>et</strong></span> <span class='ocrx_word' id='word_1_205' title='bbox 899 1259 980 1286; x_wconf 71' lang='lat' dir='ltr'><strong>seruit</strong></span> 
     </span>
    </p>
   </div>
   <div class='ocr_carea' id='block_1_27' title="bbox 186 1299 979 1339">
    <p class='ocr_par' dir='ltr' id='par_1_27' title="bbox 186 1299 979 1339">
     <span class='ocr_line' id='line_1_27' title="bbox 186 1299 979 1339; baseline 0.009 -14"><span class='ocrx_word' id='word_1_206' title='bbox 186 1306 246 1326; x_wconf 79' lang='lat' dir='ltr'><strong>eum</strong></span> <span class='ocrx_word' id='word_1_207' title='bbox 261 1299 326 1334; x_wconf 81' lang='lat' dir='ltr'><strong>ﬁliis</strong></span> <span class='ocrx_word' id='word_1_208' title='bbox 340 1301 408 1328; x_wconf 80' lang='lat' dir='ltr'><strong>suis.</strong></span> <span class='ocrx_word' id='word_1_209' title='bbox 433 1300 499 1334; x_wconf 70' lang='lat' dir='ltr'><strong>Qum</strong></span> <span class='ocrx_word' id='word_1_210' title='bbox 512 1306 600 1329; x_wconf 87' lang='lat' dir='ltr'><strong>autem</strong></span> <span class='ocrx_word' id='word_1_211' title='bbox 617 1311 724 1330; x_wconf 81' lang='lat' dir='ltr'><strong>sursum</strong></span> <span class='ocrx_word' id='word_1_212' title='bbox 738 1308 776 1331; x_wconf 77' lang='lat' dir='ltr'><strong>est</strong></span> <span class='ocrx_word' id='word_1_213' title='bbox 792 1303 959 1331; x_wconf 74' lang='lat' dir='ltr'><strong>Hierusalem</strong></span> <span class='ocrx_word' id='word_1_214' title='bbox 971 1325 979 1339; x_wconf 91' lang='lat'><strong>,</strong></span> 
     </span>
    </p>
   </div>
   <div class='ocr_carea' id='block_1_28' title="bbox 186 1344 981 1381">
    <p class='ocr_par' dir='ltr' id='par_1_28' title="bbox 186 1344 981 1381">
     <span class='ocr_line' id='line_1_28' title="bbox 186 1344 981 1381; baseline 0.009 -10"><span class='ocrx_word' id='word_1_215' title='bbox 186 1344 270 1372; x_wconf 88' lang='lat' dir='ltr'><strong>libera</strong></span> <span class='ocrx_word' id='word_1_216' title='bbox 285 1350 341 1379; x_wconf 81' lang='lat' dir='ltr'><strong>est,</strong></span> <span class='ocrx_word' id='word_1_217' title='bbox 356 1354 416 1381; x_wconf 69' lang='lat' dir='ltr'><strong>que</strong></span> <span class='ocrx_word' id='word_1_218' title='bbox 427 1351 466 1374; x_wconf 84' lang='lat' dir='ltr'><strong>est</strong></span> <span class='ocrx_word' id='word_1_219' title='bbox 480 1352 566 1375; x_wconf 84' lang='lat' dir='ltr'><strong>mater</strong></span> <span class='ocrx_word' id='word_1_220' title='bbox 579 1349 697 1376; x_wconf 80' lang='lat' dir='ltr'><strong>omnium</strong></span> <span class='ocrx_word' id='word_1_221' title='bbox 714 1354 834 1377; x_wconf 78' lang='lat' dir='ltr'><strong>nostrum</strong></span> <span class='ocrx_word' id='word_1_222' title='bbox 844 1349 878 1378; x_wconf 79' lang='lat'><strong>”.</strong></span> <span class='ocrx_word' id='word_1_223' title='bbox 905 1350 981 1379; x_wconf 85' lang='lat' dir='ltr'><strong>Hane</strong></span> 
     </span>
    </p>
   </div>
   <div class='ocr_carea' id='block_1_29' title="bbox 187 1390 981 1430">
    <p class='ocr_par' dir='ltr' id='par_1_29' title="bbox 187 1390 981 1430">
     <span class='ocr_line' id='line_1_29' title="bbox 187 1390 981 1430; baseline 0.01 -13"><span class='ocrx_word' id='word_1_224' title='bbox 187 1397 253 1425; x_wconf 82' lang='lat' dir='ltr'><strong>ergo</strong></span> <span class='ocrx_word' id='word_1_225' title='bbox 276 1390 448 1419; x_wconf 81' lang='lat' dir='ltr'><strong>Hierusalem</strong></span> <span class='ocrx_word' id='word_1_226' title='bbox 472 1393 611 1421; x_wconf 64' lang='lat' dir='ltr'><strong>caelestem</strong></span> <span class='ocrx_word' id='word_1_227' title='bbox 639 1394 706 1422; x_wconf 85' lang='lat' dir='ltr'><strong>dicit</strong></span> <span class='ocrx_word' id='word_1_228' title='bbox 727 1403 788 1423; x_wconf 86' lang='lat' dir='ltr'><strong>esse</strong></span> <span class='ocrx_word' id='word_1_229' title='bbox 809 1395 928 1430; x_wconf 88' lang='lat' dir='ltr'><strong>Paulus,</strong></span> <span class='ocrx_word' id='word_1_230' title='bbox 953 1401 981 1426; x_wconf 89' lang='lat' dir='ltr'><strong>et</strong></span> 
     </span>
    </p>
   </div>
   <div class='ocr_carea' id='block_1_30' title="bbox 189 1437 980 1469">
    <p class='ocr_par' dir='ltr' id='par_1_30' title="bbox 189 1437 980 1469">
     <span class='ocr_line' id='line_1_30' title="bbox 189 1437 980 1469; baseline 0.009 -7"><span class='ocrx_word' id='word_1_231' title='bbox 189 1443 268 1463; x_wconf 85' lang='lat' dir='ltr'><strong>sua</strong></span> <span class='ocrx_word' id='word_1_232' title='bbox 283 1437 407 1464; x_wconf 92' lang='lat' dir='ltr'><strong>omnium</strong></span> <span class='ocrx_word' id='word_1_233' title='bbox 421 1441 545 1465; x_wconf 88' lang='lat' dir='ltr'><strong>nostrum</strong></span> <span class='ocrx_word' id='word_1_234' title='bbox 569 1439 739 1467; x_wconf 80' lang='lat' dir='ltr'><strong>credentium</strong></span> <span class='ocrx_word' id='word_1_235' title='bbox 756 1445 882 1468; x_wconf 83' lang='lat' dir='ltr'><strong>matrem.</strong></span> <span class='ocrx_word' id='word_1_236' title='bbox 899 1440 980 1469; x_wconf 85' lang='lat' dir='ltr'><strong>Deni-</strong></span> 
     </span>
    </p>
   </div>
   <div class='ocr_carea' id='block_1_31' title="bbox 188 1481 979 1522">
    <p class='ocr_par' dir='ltr' id='par_1_31' title="bbox 188 1481 979 1522">
     <span class='ocr_line' id='line_1_31' title="bbox 188 1481 979 1522; baseline 0.008 -14"><span class='ocrx_word' id='word_1_237' title='bbox 188 1488 244 1516; x_wconf 90' lang='lat' dir='ltr'><strong>que</strong></span> <span class='ocrx_word' id='word_1_238' title='bbox 257 1481 332 1509; x_wconf 80' lang='lat' dir='ltr'><strong>addit</strong></span> <span class='ocrx_word' id='word_1_239' title='bbox 349 1482 377 1510; x_wconf 85' lang='lat' dir='ltr'><strong>in</strong></span> <span class='ocrx_word' id='word_1_240' title='bbox 397 1483 600 1518; x_wconf 83' lang='lat' dir='ltr'><strong>posterioribus</strong></span> <span class='ocrx_word' id='word_1_241' title='bbox 621 1489 649 1512; x_wconf 84' lang='lat' dir='ltr'><strong>et</strong></span> <span class='ocrx_word' id='word_1_242' title='bbox 668 1485 735 1513; x_wconf 87' lang='lat' dir='ltr'><strong>dicit</strong></span> <span class='ocrx_word' id='word_1_243' title='bbox 750 1494 757 1512; x_wconf 90' lang='lat'>:</span> <span class='ocrx_word' id='word_1_244' title='bbox 774 1485 888 1521; x_wconf 83' lang='lat' dir='ltr'><strong>Propter</strong></span> <span class='ocrx_word' id='word_1_245' title='bbox 909 1487 979 1522; x_wconf 87' lang='lat' dir='ltr'><strong>quod</strong></span> 
     </span>
    </p>
   </div>
   <div class='ocr_carea' id='block_1_32' title="bbox 189 1528 1014 1580">
    <p class='ocr_par' dir='ltr' id='par_1_32' title="bbox 189 1528 1014 1580">
     <span class='ocr_line' id='line_1_32' title="bbox 189 1528 1014 1580; baseline 0.007 -26"><span class='ocrx_word' id='word_1_246' title='bbox 189 1528 285 1580; x_wconf 57' lang='grc' dir='ltr'><em>(Μῖνα</em></span> <span class='ocrx_word' id='word_1_247' title='bbox 306 1536 357 1580; x_wconf 54' lang='lat' dir='ltr'><strong>non</strong></span> <span class='ocrx_word' id='word_1_248' title='bbox 375 1536 467 1557; x_wconf 78' lang='lat' dir='ltr'><strong>sumus</strong></span> <span class='ocrx_word' id='word_1_249' title='bbox 483 1530 590 1558; x_wconf 73' lang='lat' dir='ltr'><strong>ancilla.-</strong></span> <span class='ocrx_word' id='word_1_250' title='bbox 603 1530 655 1566; x_wconf 76' lang='grc' dir='ltr'><strong>[ἰιῆ</strong></span> <span class='ocrx_word' id='word_1_251' title='bbox 664 1552 672 1565; x_wconf 86' lang='grc'><em>,</em></span> <span class='ocrx_word' id='word_1_252' title='bbox 695 1531 741 1558; x_wconf 84' lang='lat' dir='ltr'><strong>sed</strong></span> <span class='ocrx_word' id='word_1_253' title='bbox 755 1531 862 1566; x_wconf 72' lang='lat' dir='ltr'><strong>liberte,</strong></span> <span class='ocrx_word' id='word_1_254' title='bbox 877 1540 929 1568; x_wconf 81' lang='lat' dir='ltr'><strong>qua</strong></span> <span class='ocrx_word' id='word_1_255' title='bbox 945 1532 980 1559; x_wconf 86' lang='lat' dir='ltr'><strong>li-</strong></span> <span class='ocrx_word' id='word_1_256' title='bbox 992 1550 1014 1580; x_wconf 64' lang='grc' dir='ltr'><strong>ϐ</strong></span> 
     </span>
    </p>
   </div>
   <div class='ocr_carea' id='block_1_33' title="bbox 189 1573 980 1614">
    <p class='ocr_par' dir='ltr' id='par_1_33' title="bbox 189 1573 980 1614">
     <span class='ocr_line' id='line_1_33' title="bbox 189 1573 980 1614; baseline 0.009 -15"><span class='ocrx_word' id='word_1_257' title='bbox 189 1574 289 1600; x_wconf 79' lang='lat' dir='ltr'><strong>bertate</strong></span> <span class='ocrx_word' id='word_1_258' title='bbox 319 1573 439 1602; x_wconf 79' lang='lat' dir='ltr'><strong>liberavit</strong></span> <span class='ocrx_word' id='word_1_259' title='bbox 466 1583 514 1603; x_wconf 77' lang='lat' dir='ltr'><strong>nos</strong></span> <span class='ocrx_word' id='word_1_260' title='bbox 544 1575 666 1603; x_wconf 81' lang='lat' dir='ltr'><strong>Christus</strong></span> <span class='ocrx_word' id='word_1_261' title='bbox 675 1577 709 1604; x_wconf 84' lang='lat'><strong>&quot;.</strong></span> <span class='ocrx_word' id='word_1_262' title='bbox 739 1577 884 1605; x_wconf 80' lang='lat' dir='ltr'><strong>Evidenter</strong></span> <span class='ocrx_word' id='word_1_263' title='bbox 914 1585 980 1614; x_wconf 82' lang='lat' dir='ltr'><strong>ergo</strong></span> 
     </span>
    </p>
   </div>
   <div class='ocr_carea' id='block_1_34' title="bbox 188 1618 979 1658">
    <p class='ocr_par' dir='ltr' id='par_1_34' title="bbox 188 1618 979 1658">
     <span class='ocr_line' id='line_1_34' title="bbox 188 1618 979 1658; baseline 0.009 -13"><span class='ocrx_word' id='word_1_264' title='bbox 188 1618 291 1647; x_wconf 79' lang='lat' dir='ltr'><strong>Paulus</strong></span> <span class='ocrx_word' id='word_1_265' title='bbox 307 1620 487 1655; x_wconf 83' lang='lat' dir='ltr'><strong>pronuntiat,</strong></span> <span class='ocrx_word' id='word_1_266' title='bbox 515 1621 589 1656; x_wconf 87' lang='lat' dir='ltr'><strong>quod</strong></span> <span class='ocrx_word' id='word_1_267' title='bbox 613 1622 704 1651; x_wconf 90' lang='lat' dir='ltr'><strong>omnis</strong></span> <span class='ocrx_word' id='word_1_268' title='bbox 728 1623 776 1658; x_wconf 88' lang='lat' dir='ltr'><strong>qui</strong></span> <span class='ocrx_word' id='word_1_269' title='bbox 791 1631 839 1658; x_wconf 87' lang='lat' dir='ltr'><strong>per</strong></span> <span class='ocrx_word' id='word_1_270' title='bbox 862 1623 942 1652; x_wconf 82' lang='lat' dir='ltr'><strong>ﬁdem</strong></span> <span class='ocrx_word' id='word_1_271' title='bbox 963 1632 979 1652; x_wconf 90' lang='lat' dir='ltr'><strong>a</strong></span> 
     </span>
    </p>
   </div>
   <div class='ocr_carea' id='block_1_35' title="bbox 189 1664 980 1703">
    <p class='ocr_par' dir='ltr' id='par_1_35' title="bbox 189 1664 980 1703">
     <span class='ocr_line' id='line_1_35' title="bbox 189 1664 980 1703; baseline 0.009 -12"><span class='ocrx_word' id='word_1_272' title='bbox 189 1664 301 1692; x_wconf 85' lang='lat' dir='ltr'><strong>Christo</strong></span> <span class='ocrx_word' id='word_1_273' title='bbox 314 1666 492 1701; x_wconf 82' lang='lat' dir='ltr'><strong>consequitur</strong></span> <span class='ocrx_word' id='word_1_274' title='bbox 506 1666 669 1701; x_wconf 86' lang='lat' dir='ltr'><strong>libertatem,</strong></span> <span class='ocrx_word' id='word_1_275' title='bbox 689 1667 761 1697; x_wconf 86' lang='lat' dir='ltr'><strong>ﬁlius</strong></span> <span class='ocrx_word' id='word_1_276' title='bbox 778 1669 813 1696; x_wconf 85' lang='lat' dir='ltr'><strong>sit</strong></span> <span class='ocrx_word' id='word_1_277' title='bbox 827 1669 936 1703; x_wconf 62' lang='lat' dir='ltr'><strong>liberas;</strong></span> <span class='ocrx_word' id='word_1_278' title='bbox 951 1675 980 1698; x_wconf 76' lang='lat' dir='ltr'><strong>et</strong></span> 
     </span>
    </p>
   </div>
   <div class='ocr_carea' id='block_1_36' title="bbox 191 1710 978 1749">
    <p class='ocr_par' dir='ltr' id='par_1_36' title="bbox 191 1710 978 1749">
     <span class='ocr_line' id='line_1_36' title="bbox 191 1710 978 1749; baseline 0.009 -13"><span class='ocrx_word' id='word_1_279' title='bbox 191 1710 261 1738; x_wconf 87' lang='lat' dir='ltr'><strong>hanc</strong></span> <span class='ocrx_word' id='word_1_280' title='bbox 275 1710 341 1738; x_wconf 87' lang='lat' dir='ltr'><strong>dicit</strong></span> <span class='ocrx_word' id='word_1_281' title='bbox 354 1719 416 1740; x_wconf 88' lang='lat' dir='ltr'><strong>esse</strong></span> <span class='ocrx_word' id='word_1_282' title='bbox 429 1719 539 1740; x_wconf 78' lang='lat' dir='ltr'><strong>sursum</strong></span> <span class='ocrx_word' id='word_1_283' title='bbox 553 1712 735 1747; x_wconf 77' lang='lat' dir='ltr'><strong>Hierusalem,</strong></span> <span class='ocrx_word' id='word_1_284' title='bbox 752 1722 814 1749; x_wconf 66' lang='lat' dir='ltr'><strong>quze</strong></span> <span class='ocrx_word' id='word_1_285' title='bbox 827 1715 912 1743; x_wconf 87' lang='lat' dir='ltr'><strong>libera</strong></span> <span class='ocrx_word' id='word_1_286' title='bbox 926 1720 978 1748; x_wconf 90' lang='lat' dir='ltr'><strong>est,</strong></span> 
     </span>
    </p>
   </div>
   <div class='ocr_carea' id='block_1_37' title="bbox 189 1758 980 1796">
    <p class='ocr_par' dir='ltr' id='par_1_37' title="bbox 189 1758 980 1796">
     <span class='ocr_line' id='line_1_37' title="bbox 189 1758 980 1796; baseline 0.008 -13"><span class='ocrx_word' id='word_1_287' title='bbox 189 1764 251 1791; x_wconf 69' lang='lat' dir='ltr'><strong>quae</strong></span> <span class='ocrx_word' id='word_1_288' title='bbox 259 1761 301 1784; x_wconf 88' lang='lat' dir='ltr'><strong>est</strong></span> <span class='ocrx_word' id='word_1_289' title='bbox 314 1761 402 1784; x_wconf 88' lang='lat' dir='ltr'><strong>mater</strong></span> <span class='ocrx_word' id='word_1_290' title='bbox 413 1758 537 1786; x_wconf 85' lang='lat' dir='ltr'><strong>omnium</strong></span> <span class='ocrx_word' id='word_1_291' title='bbox 549 1763 684 1787; x_wconf 86' lang='lat' dir='ltr'><strong>nostrum.</strong></span> <span class='ocrx_word' id='word_1_292' title='bbox 700 1758 788 1795; x_wconf 85' lang='lat' dir='ltr'><strong>Hujus</strong></span> <span class='ocrx_word' id='word_1_293' title='bbox 802 1768 868 1796; x_wconf 80' lang='lat' dir='ltr'><strong>ergo</strong></span> <span class='ocrx_word' id='word_1_294' title='bbox 883 1761 980 1789; x_wconf 85' lang='lat' dir='ltr'><strong>matris</strong></span> 
     </span>
    </p>
   </div>
   <div class='ocr_carea' id='block_1_38' title="bbox 189 1803 979 1842">
    <p class='ocr_par' dir='ltr' id='par_1_38' title="bbox 189 1803 979 1842">
     <span class='ocr_line' id='line_1_38' title="bbox 189 1803 979 1842; baseline 0.005 -12"><span class='ocrx_word' id='word_1_295' title='bbox 189 1807 217 1830; x_wconf 89' lang='lat' dir='ltr'><strong>et</strong></span> <span class='ocrx_word' id='word_1_296' title='bbox 238 1803 298 1838; x_wconf 87' lang='lat' dir='ltr'><strong>ipsa</strong></span> <span class='ocrx_word' id='word_1_297' title='bbox 311 1803 369 1832; x_wconf 60' lang='lat' dir='ltr'><strong>haec</strong></span> <span class='ocrx_word' id='word_1_298' title='bbox 388 1812 488 1840; x_wconf 86' lang='lat' dir='ltr'><strong>sponsa</strong></span> <span class='ocrx_word' id='word_1_299' title='bbox 502 1805 556 1833; x_wconf 85' lang='lat' dir='ltr'><strong>lilia</strong></span> <span class='ocrx_word' id='word_1_300' title='bbox 570 1813 631 1834; x_wconf 85' lang='lat' dir='ltr'><strong>esse</strong></span> <span class='ocrx_word' id='word_1_301' title='bbox 649 1805 810 1841; x_wconf 77' lang='lat' dir='ltr'><strong>intelligitur</strong></span> <span class='ocrx_word' id='word_1_302' title='bbox 829 1807 856 1833; x_wconf 94' lang='lat' dir='ltr'><strong>in</strong></span> <span class='ocrx_word' id='word_1_303' title='bbox 871 1806 916 1834; x_wconf 89' lang='lat' dir='ltr'><strong>his</strong></span> <span class='ocrx_word' id='word_1_304' title='bbox 931 1806 979 1842; x_wconf 90' lang='lat' dir='ltr'><strong>qui</strong></span> 
     </span>
    </p>
   </div>
   <div class='ocr_carea' id='block_1_39' title="bbox 189 1848 978 1883">
    <p class='ocr_par' dir='ltr' id='par_1_39' title="bbox 189 1848 978 1883">
     <span class='ocr_line' id='line_1_39' title="bbox 189 1848 978 1883; baseline 0.005 -7"><span class='ocrx_word' id='word_1_305' title='bbox 189 1848 389 1878; x_wconf 84' lang='lat' dir='ltr'><strong>dimicaverunt</strong></span> <span class='ocrx_word' id='word_1_306' title='bbox 403 1851 429 1878; x_wconf 94' lang='lat' dir='ltr'><strong>in</strong></span> <span class='ocrx_word' id='word_1_307' title='bbox 445 1858 487 1883; x_wconf 86' lang='lat' dir='ltr'><strong>ea,</strong></span> <span class='ocrx_word' id='word_1_308' title='bbox 501 1855 527 1879; x_wconf 87' lang='lat' dir='ltr'><strong>et</strong></span> <span class='ocrx_word' id='word_1_309' title='bbox 541 1851 742 1880; x_wconf 89' lang='lat' dir='ltr'><strong>constituerunt</strong></span> <span class='ocrx_word' id='word_1_310' title='bbox 756 1859 817 1879; x_wconf 90' lang='lat' dir='ltr'><strong>eam</strong></span> <span class='ocrx_word' id='word_1_311' title='bbox 837 1853 978 1880; x_wconf 87' lang='lat' dir='ltr'><strong>custodem</strong></span> 
     </span>
    </p>
   </div>
   <div class='ocr_carea' id='block_1_40' title="bbox 188 1896 980 1934">
    <p class='ocr_par' dir='ltr' id='par_1_40' title="bbox 188 1896 980 1934">
     <span class='ocr_line' id='line_1_40' title="bbox 188 1896 980 1934; baseline 0.005 -12"><span class='ocrx_word' id='word_1_312' title='bbox 188 1897 343 1924; x_wconf 78' lang='lat' dir='ltr'><strong>vinearum.</strong></span> <span class='ocrx_word' id='word_1_313' title='bbox 364 1896 440 1925; x_wconf 86' lang='lat' dir='ltr'><strong>Unde</strong></span> <span class='ocrx_word' id='word_1_314' title='bbox 453 1897 581 1926; x_wconf 80' lang='lat' dir='ltr'><strong>videntur</strong></span> <span class='ocrx_word' id='word_1_315' title='bbox 604 1898 649 1926; x_wconf 88' lang='lat' dir='ltr'><strong>isti</strong></span> <span class='ocrx_word' id='word_1_316' title='bbox 662 1898 710 1934; x_wconf 88' lang='lat' dir='ltr'><strong>qui</strong></span> <span class='ocrx_word' id='word_1_317' title='bbox 732 1903 836 1926; x_wconf 86' lang='lat' dir='ltr'><strong>tantam</strong></span> <span class='ocrx_word' id='word_1_318' title='bbox 857 1903 980 1934; x_wconf 86' lang='lat' dir='ltr'><strong>potesta-</strong></span> 
     </span>
    </p>
   </div>
   <div class='ocr_carea' id='block_1_41' title="bbox 189 1943 980 1980">
    <p class='ocr_par' dir='ltr' id='par_1_41' title="bbox 189 1943 980 1980">
     <span class='ocr_line' id='line_1_41' title="bbox 189 1943 980 1980; baseline 0.005 -11"><span class='ocrx_word' id='word_1_319' title='bbox 189 1946 244 1969; x_wconf 91' lang='lat' dir='ltr'><strong>tem</strong></span> <span class='ocrx_word' id='word_1_320' title='bbox 263 1943 423 1978; x_wconf 81' lang='lat' dir='ltr'><strong>habuerint,</strong></span> <span class='ocrx_word' id='word_1_321' title='bbox 447 1949 477 1972; x_wconf 88' lang='lat' dir='ltr'><strong>ut</strong></span> <span class='ocrx_word' id='word_1_322' title='bbox 491 1949 518 1972; x_wconf 91' lang='lat' dir='ltr'><strong>ct</strong></span> <span class='ocrx_word' id='word_1_323' title='bbox 534 1944 637 1973; x_wconf 85' lang='lat' dir='ltr'><strong>bellum</strong></span> <span class='ocrx_word' id='word_1_324' title='bbox 650 1949 776 1980; x_wconf 75' lang='lat' dir='ltr'><strong>gererent</strong></span> <span class='ocrx_word' id='word_1_325' title='bbox 790 1945 816 1972; x_wconf 92' lang='lat' dir='ltr'><strong>in</strong></span> <span class='ocrx_word' id='word_1_326' title='bbox 833 1953 865 1973; x_wconf 86' lang='lat' dir='ltr'><strong>ea</strong></span> <span class='ocrx_word' id='word_1_327' title='bbox 876 1966 883 1978; x_wconf 92' lang='lat'><strong>,</strong></span> <span class='ocrx_word' id='word_1_328' title='bbox 894 1949 921 1973; x_wconf 91' lang='lat' dir='ltr'><strong>ct</strong></span> <span class='ocrx_word' id='word_1_329' title='bbox 934 1954 980 1974; x_wconf 90' lang='lat' dir='ltr'><strong>or-</strong></span> 
     </span>
    </p>
   </div>
   <div class='ocr_carea' id='block_1_42' title="bbox 189 1989 980 2027">
    <p class='ocr_par' dir='ltr' id='par_1_42' title="bbox 189 1989 980 2027">
     <span class='ocr_line' id='line_1_42' title="bbox 189 1989 980 2027; baseline 0.004 -11"><span class='ocrx_word' id='word_1_330' title='bbox 189 1989 316 2017; x_wconf 86' lang='lat' dir='ltr'><strong>dinarcnt</strong></span> <span class='ocrx_word' id='word_1_331' title='bbox 329 1998 390 2018; x_wconf 85' lang='lat' dir='ltr'><strong>eam</strong></span> <span class='ocrx_word' id='word_1_332' title='bbox 404 1991 545 2019; x_wconf 75' lang='lat' dir='ltr'><strong>vinearum</strong></span> <span class='ocrx_word' id='word_1_333' title='bbox 556 1992 708 2025; x_wconf 89' lang='lat' dir='ltr'><strong>custodem,</strong></span> <span class='ocrx_word' id='word_1_334' title='bbox 723 1999 777 2019; x_wconf 94' lang='lat' dir='ltr'><strong>non</strong></span> <span class='ocrx_word' id='word_1_335' title='bbox 791 1991 980 2027; x_wconf 78' lang='lat' dir='ltr'><strong>cujuscunque</strong></span> 
     </span>
    </p>
   </div>
   <div class='ocr_carea' id='block_1_43' title="bbox 191 2035 980 2069">
    <p class='ocr_par' dir='ltr' id='par_1_43' title="bbox 191 2035 980 2069">
     <span class='ocr_line' id='line_1_43' title="bbox 191 2035 980 2069; baseline 0.005 -7"><span class='ocrx_word' id='word_1_336' title='bbox 191 2035 319 2069; x_wconf 86' lang='lat' dir='ltr'><strong>humilis,</strong></span> <span class='ocrx_word' id='word_1_337' title='bbox 345 2041 394 2064; x_wconf 85' lang='lat' dir='ltr'><strong>aut</strong></span> <span class='ocrx_word' id='word_1_338' title='bbox 413 2038 605 2066; x_wconf 77' lang='lat' dir='ltr'><strong>contemnendi</strong></span> <span class='ocrx_word' id='word_1_339' title='bbox 629 2037 682 2066; x_wconf 90' lang='lat' dir='ltr'><strong>loci</strong></span> <span class='ocrx_word' id='word_1_340' title='bbox 706 2037 803 2066; x_wconf 84' lang='lat' dir='ltr'><strong>fuisse.</strong></span> <span class='ocrx_word' id='word_1_341' title='bbox 827 2037 980 2066; x_wconf 86' lang='lat' dir='ltr'><strong>Possumus</strong></span> 
     </span>
    </p>
   </div>
   <div class='ocr_carea' id='block_1_44' title="bbox 189 2083 980 2119">
    <p class='ocr_par' dir='ltr' id='par_1_44' title="bbox 189 2083 980 2119">
     <span class='ocr_line' id='line_1_44' title="bbox 189 2083 980 2119; baseline 0.005 -11"><span class='ocrx_word' id='word_1_342' title='bbox 189 2089 254 2118; x_wconf 79' lang='lat' dir='ltr'><strong>ergo</strong></span> <span class='ocrx_word' id='word_1_343' title='bbox 278 2087 304 2110; x_wconf 88' lang='lat' dir='ltr'><strong>et</strong></span> <span class='ocrx_word' id='word_1_344' title='bbox 333 2083 471 2118; x_wconf 87' lang='lat' dir='ltr'><strong>apostolos</strong></span> <span class='ocrx_word' id='word_1_345' title='bbox 501 2083 604 2112; x_wconf 82' lang='lat' dir='ltr'><strong>Christi</strong></span> <span class='ocrx_word' id='word_1_346' title='bbox 633 2083 758 2119; x_wconf 85' lang='lat' dir='ltr'><strong>accipere</strong></span> <span class='ocrx_word' id='word_1_347' title='bbox 786 2083 857 2111; x_wconf 86' lang='lat' dir='ltr'><strong>ﬁlios</strong></span> <span class='ocrx_word' id='word_1_348' title='bbox 883 2084 980 2112; x_wconf 82' lang='lat' dir='ltr'><strong>matris</strong></span> 
     </span>
    </p>
   </div>
   <div class='ocr_carea' id='block_1_45' title="bbox 189 2127 981 2165">
    <p class='ocr_par' dir='ltr' id='par_1_45' title="bbox 189 2127 981 2165">
     <span class='ocr_line' id='line_1_45' title="bbox 189 2127 981 2165; baseline 0.003 -11"><span class='ocrx_word' id='word_1_349' title='bbox 189 2135 308 2162; x_wconf 68' lang='lat' dir='ltr'><strong>sponsas.</strong></span> <span class='ocrx_word' id='word_1_350' title='bbox 326 2127 379 2156; x_wconf 84' lang='lat' dir='ltr'><strong>hoc</strong></span> <span class='ocrx_word' id='word_1_351' title='bbox 394 2133 437 2156; x_wconf 89' lang='lat' dir='ltr'><strong>est</strong></span> <span class='ocrx_word' id='word_1_352' title='bbox 451 2128 622 2156; x_wconf 78' lang='lat' dir='ltr'><strong>Hierusalem</strong></span> <span class='ocrx_word' id='word_1_353' title='bbox 637 2129 709 2156; x_wconf 87' lang='lat' dir='ltr'><strong>ﬁlios</strong></span> <span class='ocrx_word' id='word_1_354' title='bbox 723 2129 854 2161; x_wconf 72' lang='lat' dir='ltr'><strong>cmlestis,</strong></span> <span class='ocrx_word' id='word_1_355' title='bbox 871 2129 917 2164; x_wconf 89' lang='lat' dir='ltr'><strong>qui</strong></span> <span class='ocrx_word' id='word_1_356' title='bbox 930 2137 981 2165; x_wconf 91' lang='lat' dir='ltr'><strong>pu-</strong></span> 
     </span>
    </p>
   </div>
   <div class='ocr_carea' id='block_1_46' title="bbox 189 2173 982 2211">
    <p class='ocr_par' dir='ltr' id='par_1_46' title="bbox 189 2173 982 2211">
     <span class='ocr_line' id='line_1_46' title="bbox 189 2173 982 2211; baseline 0 -10"><span class='ocrx_word' id='word_1_357' title='bbox 189 2177 340 2208; x_wconf 82' lang='lat' dir='ltr'><strong>gnaverunt</strong></span> <span class='ocrx_word' id='word_1_358' title='bbox 357 2173 436 2209; x_wconf 89' lang='lat' dir='ltr'><strong>prius</strong></span> <span class='ocrx_word' id='word_1_359' title='bbox 451 2174 479 2200; x_wconf 90' lang='lat' dir='ltr'><strong>in</strong></span> <span class='ocrx_word' id='word_1_360' title='bbox 493 2173 545 2201; x_wconf 87' lang='lat' dir='ltr'><strong>ista</strong></span> <span class='ocrx_word' id='word_1_361' title='bbox 558 2181 619 2209; x_wconf 77' lang='lat' dir='ltr'><strong>quze</strong></span> <span class='ocrx_word' id='word_1_362' title='bbox 633 2181 667 2201; x_wconf 77' lang='lat' dir='ltr'><strong>ex</strong></span> <span class='ocrx_word' id='word_1_363' title='bbox 683 2173 810 2211; x_wconf 72' lang='lat' dir='ltr'><strong>gentibus</strong></span> <span class='ocrx_word' id='word_1_364' title='bbox 831 2181 982 2210; x_wconf 79' lang='lat' dir='ltr'><strong>congrega-</strong></span> 
     </span>
    </p>
   </div>
   <div class='ocr_carea' id='block_1_47' title="bbox 1036 243 1828 280">
    <p class='ocr_par' dir='ltr' id='par_1_47' title="bbox 1036 243 1828 280">
     <span class='ocr_line' id='line_1_47' title="bbox 1036 243 1828 280; baseline -0.003 -8"><span class='ocrx_word' id='word_1_365' title='bbox 1036 252 1104 280; x_wconf 86' lang='lat' dir='ltr'><strong>ergo</strong></span> <span class='ocrx_word' id='word_1_366' title='bbox 1116 251 1171 274; x_wconf 85' lang='lat' dir='ltr'><strong>non</strong></span> <span class='ocrx_word' id='word_1_367' title='bbox 1184 244 1317 272; x_wconf 82' lang='lat' dir='ltr'><strong>adversus</strong></span> <span class='ocrx_word' id='word_1_368' title='bbox 1329 252 1401 279; x_wconf 87' lang='lat' dir='ltr'><strong>eam,</strong></span> <span class='ocrx_word' id='word_1_369' title='bbox 1418 245 1465 272; x_wconf 91' lang='lat' dir='ltr'><strong>sed</strong></span> <span class='ocrx_word' id='word_1_370' title='bbox 1479 245 1506 272; x_wconf 88' lang='lat' dir='ltr'><strong>in</strong></span> <span class='ocrx_word' id='word_1_371' title='bbox 1520 252 1562 278; x_wconf 84' lang='lat' dir='ltr'><strong>ea,</strong></span> <span class='ocrx_word' id='word_1_372' title='bbox 1575 245 1627 272; x_wconf 90' lang='lat' dir='ltr'><strong>hoc</strong></span> <span class='ocrx_word' id='word_1_373' title='bbox 1641 249 1684 272; x_wconf 90' lang='lat' dir='ltr'><strong>est</strong></span> <span class='ocrx_word' id='word_1_374' title='bbox 1696 244 1725 272; x_wconf 87' lang='lat' dir='ltr'><strong>in</strong></span> <span class='ocrx_word' id='word_1_375' title='bbox 1741 243 1828 271; x_wconf 81' lang='lat' dir='ltr'><strong>sensi-</strong></span> 
     </span>
    </p>
   </div>
   <div class='ocr_carea' id='block_1_48' title="bbox 1035 289 1828 326">
    <p class='ocr_par' dir='ltr' id='par_1_48' title="bbox 1035 289 1828 326">
     <span class='ocr_line' id='line_1_48' title="bbox 1035 289 1828 326; baseline -0.003 -8"><span class='ocrx_word' id='word_1_376' title='bbox 1035 289 1088 318; x_wconf 86' lang='lat' dir='ltr'><strong>bus</strong></span> <span class='ocrx_word' id='word_1_377' title='bbox 1112 295 1140 318; x_wconf 85' lang='lat' dir='ltr'><strong>et</strong></span> <span class='ocrx_word' id='word_1_378' title='bbox 1158 290 1241 319; x_wconf 90' lang='lat' dir='ltr'><strong>corde</strong></span> <span class='ocrx_word' id='word_1_379' title='bbox 1263 290 1339 326; x_wconf 87' lang='lat' dir='ltr'><strong>ejus,</strong></span> <span class='ocrx_word' id='word_1_380' title='bbox 1362 295 1393 318; x_wconf 92' lang='lat' dir='ltr'><strong>ut</strong></span> <span class='ocrx_word' id='word_1_381' title='bbox 1412 291 1585 319; x_wconf 85' lang='lat' dir='ltr'><strong>destruerent</strong></span> <span class='ocrx_word' id='word_1_382' title='bbox 1610 295 1638 318; x_wconf 88' lang='lat' dir='ltr'><strong>et</strong></span> <span class='ocrx_word' id='word_1_383' title='bbox 1662 289 1828 325; x_wconf 84' lang='lat' dir='ltr'><strong>depellerent</strong></span> 
     </span>
    </p>
   </div>
   <div class='ocr_carea' id='block_1_49' title="bbox 1034 334 1828 370">
    <p class='ocr_par' dir='ltr' id='par_1_49' title="bbox 1034 334 1828 370">
     <span class='ocr_line' id='line_1_49' title="bbox 1034 334 1828 370; baseline -0.004 -7"><span class='ocrx_word' id='word_1_384' title='bbox 1034 341 1144 364; x_wconf 81' lang='lat' dir='ltr'><strong>omnem</strong></span> <span class='ocrx_word' id='word_1_385' title='bbox 1157 335 1357 370; x_wconf 88' lang='lat' dir='ltr'><strong>inﬁdelitatem,</strong></span> <span class='ocrx_word' id='word_1_386' title='bbox 1374 343 1456 363; x_wconf 91' lang='lat' dir='ltr'><strong>omne</strong></span> <span class='ocrx_word' id='word_1_387' title='bbox 1471 336 1580 368; x_wconf 83' lang='lat' dir='ltr'><strong>vitium,</strong></span> <span class='ocrx_word' id='word_1_388' title='bbox 1606 341 1761 369; x_wconf 87' lang='lat' dir='ltr'><strong>omnesque</strong></span> <span class='ocrx_word' id='word_1_389' title='bbox 1781 334 1828 360; x_wconf 89' lang='lat' dir='ltr'><strong>do-</strong></span> 
     </span>
    </p>
   </div>
   <div class='ocr_carea' id='block_1_50' title="bbox 1035 379 1829 417">
    <p class='ocr_par' dir='ltr' id='par_1_50' title="bbox 1035 379 1829 417">
     <span class='ocr_line' id='line_1_50' title="bbox 1035 379 1829 417; baseline -0.001 -10"><span class='ocrx_word' id='word_1_390' title='bbox 1035 380 1140 409; x_wconf 83' lang='lat' dir='ltr'><strong>ctrinas</strong></span> <span class='ocrx_word' id='word_1_391' title='bbox 1161 388 1224 416; x_wconf 62' lang='lat' dir='ltr'><strong>qua;</strong></span> <span class='ocrx_word' id='word_1_392' title='bbox 1240 381 1264 408; x_wconf 93' lang='lat' dir='ltr'><strong>ci</strong></span> <span class='ocrx_word' id='word_1_393' title='bbox 1282 381 1353 408; x_wconf 87' lang='lat' dir='ltr'><strong>inter</strong></span> <span class='ocrx_word' id='word_1_394' title='bbox 1366 386 1461 417; x_wconf 81' lang='lat' dir='ltr'><strong>gentes</strong></span> <span class='ocrx_word' id='word_1_395' title='bbox 1474 381 1569 416; x_wconf 68' lang='lat' dir='ltr'><strong>posita:</strong></span> <span class='ocrx_word' id='word_1_396' title='bbox 1591 380 1668 410; x_wconf 81' lang='lat' dir='ltr'><strong>falsis</strong></span> <span class='ocrx_word' id='word_1_397' title='bbox 1690 379 1829 415; x_wconf 85' lang='lat' dir='ltr'><strong>sephista-</strong></span> 
     </span>
    </p>
   </div>
   <div class='ocr_carea' id='block_1_51' title="bbox 1034 425 1829 461">
    <p class='ocr_par' dir='ltr' id='par_1_51' title="bbox 1034 425 1829 461">
     <span class='ocr_line' id='line_1_51' title="bbox 1034 425 1829 461; baseline -0.001 -7"><span class='ocrx_word' id='word_1_398' title='bbox 1034 434 1097 454; x_wconf 88' lang='lat' dir='ltr'><strong>rum</strong></span> <span class='ocrx_word' id='word_1_399' title='bbox 1116 426 1317 455; x_wconf 83' lang='lat' dir='ltr'><strong>assertionibus</strong></span> <span class='ocrx_word' id='word_1_400' title='bbox 1333 427 1512 455; x_wconf 88' lang='lat' dir='ltr'><strong>inoleverant.</strong></span> <span class='ocrx_word' id='word_1_401' title='bbox 1538 426 1602 454; x_wconf 86' lang='lat' dir='ltr'><strong>Fuit</strong></span> <span class='ocrx_word' id='word_1_402' title='bbox 1616 434 1682 461; x_wconf 88' lang='lat' dir='ltr'><strong>ergo</strong></span> <span class='ocrx_word' id='word_1_403' title='bbox 1694 425 1829 461; x_wconf 84' lang='lat' dir='ltr'><strong>apostolis</strong></span> 
     </span>
    </p>
   </div>
   <div class='ocr_carea' id='block_1_52' title="bbox 1033 472 1829 509">
    <p class='ocr_par' dir='ltr' id='par_1_52' title="bbox 1033 472 1829 509">
     <span class='ocr_line' id='line_1_52' title="bbox 1033 472 1829 509; baseline -0.003 -9"><span class='ocrx_word' id='word_1_404' title='bbox 1033 472 1137 501; x_wconf 85' lang='lat' dir='ltr'><strong>Christi</strong></span> <span class='ocrx_word' id='word_1_405' title='bbox 1152 473 1254 509; x_wconf 86' lang='lat' dir='ltr'><strong>grande</strong></span> <span class='ocrx_word' id='word_1_406' title='bbox 1266 472 1383 507; x_wconf 86' lang='lat' dir='ltr'><strong>bellum,</strong></span> <span class='ocrx_word' id='word_1_407' title='bbox 1405 473 1493 501; x_wconf 88' lang='lat' dir='ltr'><strong>donec</strong></span> <span class='ocrx_word' id='word_1_408' title='bbox 1508 480 1604 501; x_wconf 89' lang='lat' dir='ltr'><strong>omnes</strong></span> <span class='ocrx_word' id='word_1_409' title='bbox 1617 480 1651 500; x_wconf 82' lang='lat' dir='ltr'><strong>ex</strong></span> <span class='ocrx_word' id='word_1_410' title='bbox 1662 480 1696 500; x_wconf 87' lang='lat' dir='ltr'><strong>ea</strong></span> <span class='ocrx_word' id='word_1_411' title='bbox 1712 472 1829 499; x_wconf 83' lang='lat' dir='ltr'><strong>menda-</strong></span> 
     </span>
    </p>
   </div>
   <div class='ocr_carea' id='block_1_53' title="bbox 1033 518 1829 555">
    <p class='ocr_par' dir='ltr' id='par_1_53' title="bbox 1033 518 1829 555">
     <span class='ocr_line' id='line_1_53' title="bbox 1033 518 1829 555; baseline -0.003 -9"><span class='ocrx_word' id='word_1_412' title='bbox 1033 519 1068 547; x_wconf 86' lang='lat' dir='ltr'><strong>cii</strong></span> <span class='ocrx_word' id='word_1_413' title='bbox 1085 524 1173 547; x_wconf 88' lang='lat' dir='ltr'><strong>turres</strong></span> <span class='ocrx_word' id='word_1_414' title='bbox 1186 523 1213 547; x_wconf 92' lang='lat' dir='ltr'><strong>et</strong></span> <span class='ocrx_word' id='word_1_415' title='bbox 1226 527 1321 548; x_wconf 88' lang='lat' dir='ltr'><strong>muros</strong></span> <span class='ocrx_word' id='word_1_416' title='bbox 1344 527 1479 555; x_wconf 65' lang='lat' dir='ltr'><strong>perversae</strong></span> <span class='ocrx_word' id='word_1_417' title='bbox 1500 519 1631 548; x_wconf 68' lang='lat' dir='ltr'><strong>doctrina:</strong></span> <span class='ocrx_word' id='word_1_418' title='bbox 1651 518 1829 551; x_wconf 81' lang='lat' dir='ltr'><strong>subruerent,</strong></span> 
     </span>
    </p>
   </div>
   <div class='ocr_carea' id='block_1_54' title="bbox 1034 565 1829 601">
    <p class='ocr_par' dir='ltr' id='par_1_54' title="bbox 1034 565 1829 601">
     <span class='ocr_line' id='line_1_54' title="bbox 1034 565 1829 601; baseline -0.004 -8"><span class='ocrx_word' id='word_1_419' title='bbox 1034 565 1124 593; x_wconf 90' lang='lat' dir='ltr'><strong>donec</strong></span> <span class='ocrx_word' id='word_1_420' title='bbox 1139 565 1295 601; x_wconf 85' lang='lat' dir='ltr'><strong>iniquitatis</strong></span> <span class='ocrx_word' id='word_1_421' title='bbox 1312 570 1472 600; x_wconf 79' lang='lat' dir='ltr'><strong>argumenta</strong></span> <span class='ocrx_word' id='word_1_422' title='bbox 1487 569 1706 601; x_wconf 86' lang='lat' dir='ltr'><strong>prosternerent,</strong></span> <span class='ocrx_word' id='word_1_423' title='bbox 1724 570 1752 591; x_wconf 87' lang='lat' dir='ltr'><strong>ct</strong></span> <span class='ocrx_word' id='word_1_424' title='bbox 1764 571 1829 599; x_wconf 86' lang='lat' dir='ltr'><strong>ope-</strong></span> 
     </span>
    </p>
   </div>
   <div class='ocr_carea' id='block_1_55' title="bbox 1033 610 1829 647">
    <p class='ocr_par' dir='ltr' id='par_1_55' title="bbox 1033 610 1829 647">
     <span class='ocr_line' id='line_1_55' title="bbox 1033 610 1829 647; baseline -0.001 -9"><span class='ocrx_word' id='word_1_425' title='bbox 1033 615 1125 639; x_wconf 89' lang='lat' dir='ltr'><strong>rantes</strong></span> <span class='ocrx_word' id='word_1_426' title='bbox 1141 611 1200 639; x_wconf 58' lang='lat' dir='ltr'><strong>haec</strong></span> <span class='ocrx_word' id='word_1_427' title='bbox 1211 616 1293 647; x_wconf 89' lang='lat' dir='ltr'><strong>atque</strong></span> <span class='ocrx_word' id='word_1_428' title='bbox 1309 612 1507 640; x_wconf 88' lang='lat' dir='ltr'><strong>succendentes</strong></span> <span class='ocrx_word' id='word_1_429' title='bbox 1519 611 1546 639; x_wconf 91' lang='lat' dir='ltr'><strong>in</strong></span> <span class='ocrx_word' id='word_1_430' title='bbox 1560 611 1643 639; x_wconf 91' lang='lat' dir='ltr'><strong>corde</strong></span> <span class='ocrx_word' id='word_1_431' title='bbox 1654 611 1716 646; x_wconf 85' lang='lat' dir='ltr'><strong>ejus</strong></span> <span class='ocrx_word' id='word_1_432' title='bbox 1727 610 1829 638; x_wconf 62' lang='lat' dir='ltr'><strong>deamo-</strong></span> 
     </span>
    </p>
   </div>
   <div class='ocr_carea' id='block_1_56' title="bbox 1032 656 1829 693">
    <p class='ocr_par' dir='ltr' id='par_1_56' title="bbox 1032 656 1829 693">
     <span class='ocr_line' id='line_1_56' title="bbox 1032 656 1829 693; baseline -0.004 -7"><span class='ocrx_word' id='word_1_433' title='bbox 1032 664 1082 686; x_wconf 83' lang='lat' dir='ltr'><strong>nes</strong></span> <span class='ocrx_word' id='word_1_434' title='bbox 1097 656 1277 685; x_wconf 84' lang='lat' dir='ltr'><strong>debellarent.</strong></span> <span class='ocrx_word' id='word_1_435' title='bbox 1298 656 1352 686; x_wconf 83' lang='lat' dir='ltr'><strong>Ubi</strong></span> <span class='ocrx_word' id='word_1_436' title='bbox 1363 665 1428 693; x_wconf 88' lang='lat' dir='ltr'><strong>ergo</strong></span> <span class='ocrx_word' id='word_1_437' title='bbox 1439 657 1629 693; x_wconf 78' lang='lat' dir='ltr'><strong>eﬁ‘ugaverunt</strong></span> <span class='ocrx_word' id='word_1_438' title='bbox 1642 657 1677 684; x_wconf 91' lang='lat' dir='ltr'><strong>ab</strong></span> <span class='ocrx_word' id='word_1_439' title='bbox 1687 664 1719 684; x_wconf 88' lang='lat' dir='ltr'><strong>ea</strong></span> <span class='ocrx_word' id='word_1_440' title='bbox 1731 664 1829 683; x_wconf 87' lang='lat' dir='ltr'><strong>omnes</strong></span> 
     </span>
    </p>
   </div>
   <div class='ocr_carea' id='block_1_57' title="bbox 1032 703 1829 739">
    <p class='ocr_par' dir='ltr' id='par_1_57' title="bbox 1032 703 1829 739">
     <span class='ocr_line' id='line_1_57' title="bbox 1032 703 1829 739; baseline -0.001 -8"><span class='ocrx_word' id='word_1_441' title='bbox 1032 710 1130 731; x_wconf 81' lang='lat' dir='ltr'><strong>sensus</strong></span> <span class='ocrx_word' id='word_1_442' title='bbox 1154 703 1325 732; x_wconf 85' lang='lat' dir='ltr'><strong>inﬁdelitatis</strong></span> <span class='ocrx_word' id='word_1_443' title='bbox 1351 704 1489 739; x_wconf 66' lang='lat' dir='ltr'><strong>antiquae,</strong></span> <span class='ocrx_word' id='word_1_444' title='bbox 1508 711 1563 732; x_wconf 88' lang='lat' dir='ltr'><strong>non</strong></span> <span class='ocrx_word' id='word_1_445' title='bbox 1585 711 1645 731; x_wconf 88' lang='lat' dir='ltr'><strong>eam</strong></span> <span class='ocrx_word' id='word_1_446' title='bbox 1667 703 1829 738; x_wconf 89' lang='lat' dir='ltr'><strong>relinquunt</strong></span> 
     </span>
    </p>
   </div>
   <div class='ocr_carea' id='block_1_58' title="bbox 1032 748 1828 784">
    <p class='ocr_par' dir='ltr' id='par_1_58' title="bbox 1032 748 1828 784">
     <span class='ocr_line' id='line_1_58' title="bbox 1032 748 1828 784; baseline -0.001 -8"><span class='ocrx_word' id='word_1_447' title='bbox 1032 748 1148 776; x_wconf 81' lang='lat' dir='ltr'><strong>otiosam</strong></span> <span class='ocrx_word' id='word_1_448' title='bbox 1158 768 1168 782; x_wconf 93' lang='lat'><strong>,</strong></span> <span class='ocrx_word' id='word_1_449' title='bbox 1193 756 1228 776; x_wconf 92' lang='lat' dir='ltr'><strong>ne</strong></span> <span class='ocrx_word' id='word_1_450' title='bbox 1240 749 1311 777; x_wconf 77' lang='lat' dir='ltr'><strong>forte</strong></span> <span class='ocrx_word' id='word_1_451' title='bbox 1323 756 1372 784; x_wconf 90' lang='lat' dir='ltr'><strong>per</strong></span> <span class='ocrx_word' id='word_1_452' title='bbox 1389 749 1477 777; x_wconf 87' lang='lat' dir='ltr'><strong>otium</strong></span> <span class='ocrx_word' id='word_1_453' title='bbox 1490 756 1588 777; x_wconf 84' lang='lat' dir='ltr'><strong>rursus</strong></span> <span class='ocrx_word' id='word_1_454' title='bbox 1600 749 1712 784; x_wconf 87' lang='lat' dir='ltr'><strong>antiqua</strong></span> <span class='ocrx_word' id='word_1_455' title='bbox 1728 748 1828 777; x_wconf 84' lang='lat' dir='ltr'><strong>subre-</strong></span> 
     </span>
    </p>
   </div>
   <div class='ocr_carea' id='block_1_59' title="bbox 1032 793 1829 831">
    <p class='ocr_par' dir='ltr' id='par_1_59' title="bbox 1032 793 1829 831">
     <span class='ocr_line' id='line_1_59' title="bbox 1032 793 1829 831; baseline 0.004 -11"><span class='ocrx_word' id='word_1_456' title='bbox 1032 797 1108 828; x_wconf 83' lang='lat' dir='ltr'><strong>pant,</strong></span> <span class='ocrx_word' id='word_1_457' title='bbox 1120 797 1148 821; x_wconf 90' lang='lat' dir='ltr'><strong>et</strong></span> <span class='ocrx_word' id='word_1_458' title='bbox 1160 793 1273 822; x_wconf 83' lang='lat' dir='ltr'><strong>redeant</strong></span> <span class='ocrx_word' id='word_1_459' title='bbox 1286 802 1347 829; x_wconf 75' lang='lat' dir='ltr'><strong>qua:</strong></span> <span class='ocrx_word' id='word_1_460' title='bbox 1360 794 1468 831; x_wconf 87' lang='lat' dir='ltr'><strong>repulsa</strong></span> <span class='ocrx_word' id='word_1_461' title='bbox 1482 799 1545 823; x_wconf 89' lang='lat' dir='ltr'><strong>sunt</strong></span> <span class='ocrx_word' id='word_1_462' title='bbox 1557 803 1564 822; x_wconf 88' lang='lat'><strong>:</strong></span> <span class='ocrx_word' id='word_1_463' title='bbox 1583 794 1631 823; x_wconf 88' lang='lat' dir='ltr'><strong>sed</strong></span> <span class='ocrx_word' id='word_1_464' title='bbox 1642 795 1709 822; x_wconf 82' lang='lat' dir='ltr'><strong>dant</strong></span> <span class='ocrx_word' id='word_1_465' title='bbox 1720 795 1745 822; x_wconf 84' lang='lat' dir='ltr'><strong>ei</strong></span> <span class='ocrx_word' id='word_1_466' title='bbox 1758 802 1829 830; x_wconf 88' lang='lat' dir='ltr'><strong>opus</strong></span> 
     </span>
    </p>
   </div>
   <div class='ocr_carea' id='block_1_60' title="bbox 1032 838 1826 875">
    <p class='ocr_par' dir='ltr' id='par_1_60' title="bbox 1032 838 1826 875">
     <span class='ocr_line' id='line_1_60' title="bbox 1032 838 1826 875; baseline 0.004 -9"><span class='ocrx_word' id='word_1_467' title='bbox 1032 838 1108 873; x_wconf 82' lang='lat' dir='ltr'><strong>quod</strong></span> <span class='ocrx_word' id='word_1_468' title='bbox 1131 843 1214 874; x_wconf 81' lang='lat' dir='ltr'><strong>agat,</strong></span> <span class='ocrx_word' id='word_1_469' title='bbox 1237 843 1265 867; x_wconf 83' lang='lat' dir='ltr'><strong>et</strong></span> <span class='ocrx_word' id='word_1_470' title='bbox 1288 840 1652 875; x_wconf 84' lang='lat' dir='ltr'><strong>consignanteieustodiam</strong></span> <span class='ocrx_word' id='word_1_471' title='bbox 1670 840 1826 869; x_wconf 81' lang='lat' dir='ltr'><strong>vinearum.</strong></span> 
     </span>
    </p>
   </div>
   <div class='ocr_carea' id='block_1_61' title="bbox 995 875 1827 927">
    <p class='ocr_par' dir='ltr' id='par_1_61' title="bbox 995 875 1827 927">
     <span class='ocr_line' id='line_1_61' title="bbox 995 875 1827 927; baseline 0.004 -17"><span class='ocrx_word' id='word_1_472' title='bbox 995 875 1017 904; x_wconf 77' lang='grc' dir='ltr'><strong>Β</strong></span> <span class='ocrx_word' id='word_1_473' title='bbox 1032 883 1132 913; x_wconf 83' lang='lat' dir='ltr'><strong>Vincas</strong></span> <span class='ocrx_word' id='word_1_474' title='bbox 1158 885 1327 927; x_wconf 83' lang='lat' dir='ltr'><strong>accipiamus</strong></span> <span class='ocrx_word' id='word_1_475' title='bbox 1350 886 1458 921; x_wconf 81' lang='lat' dir='ltr'><strong>singula</strong></span> <span class='ocrx_word' id='word_1_476' title='bbox 1486 894 1659 921; x_wconf 63' lang='lat' dir='ltr'><strong>quascunque</strong></span> <span class='ocrx_word' id='word_1_477' title='bbox 1684 886 1827 914; x_wconf 83' lang='lat' dir='ltr'><strong>volumina</strong></span> 
     </span>
    </p>
   </div>
   <div class='ocr_carea' id='block_1_62' title="bbox 1031 930 1828 967">
    <p class='ocr_par' dir='ltr' id='par_1_62' title="bbox 1031 930 1828 967">
     <span class='ocr_line' id='line_1_62' title="bbox 1031 930 1828 967; baseline 0.001 -9"><span class='ocrx_word' id='word_1_478' title='bbox 1031 930 1099 966; x_wconf 71' lang='lat' dir='ltr'><strong>legis</strong></span> <span class='ocrx_word' id='word_1_479' title='bbox 1109 938 1142 959; x_wconf 89' lang='lat' dir='ltr'><strong>ac</strong></span> <span class='ocrx_word' id='word_1_480' title='bbox 1152 931 1360 966; x_wconf 88' lang='lat' dir='ltr'><strong>prophetarum.</strong></span> <span class='ocrx_word' id='word_1_481' title='bbox 1369 931 1435 959; x_wconf 84' lang='lat' dir='ltr'><strong>Erat</strong></span> <span class='ocrx_word' id='word_1_482' title='bbox 1444 931 1518 960; x_wconf 87' lang='lat' dir='ltr'><strong>enim</strong></span> <span class='ocrx_word' id='word_1_483' title='bbox 1528 932 1718 967; x_wconf 89' lang='lat' dir='ltr'><strong>unusquisque</strong></span> <span class='ocrx_word' id='word_1_484' title='bbox 1731 940 1828 959; x_wconf 86' lang='lat' dir='ltr'><strong>eorum</strong></span> 
     </span>
    </p>
   </div>
   <div class='ocr_carea' id='block_1_63' title="bbox 1031 976 1828 1012">
    <p class='ocr_par' dir='ltr' id='par_1_63' title="bbox 1031 976 1828 1012">
     <span class='ocr_line' id='line_1_63' title="bbox 1031 976 1828 1012; baseline 0.001 -8"><span class='ocrx_word' id='word_1_485' title='bbox 1031 976 1103 1005; x_wconf 81' lang='lat' dir='ltr'><strong>sicut</strong></span> <span class='ocrx_word' id='word_1_486' title='bbox 1115 983 1180 1011; x_wconf 75' lang='lat' dir='ltr'><strong>ager</strong></span> <span class='ocrx_word' id='word_1_487' title='bbox 1192 976 1290 1011; x_wconf 88' lang='lat' dir='ltr'><strong>plenus</strong></span> <span class='ocrx_word' id='word_1_488' title='bbox 1301 984 1382 1012; x_wconf 88' lang='lat' dir='ltr'><strong>quem</strong></span> <span class='ocrx_word' id='word_1_489' title='bbox 1399 977 1538 1006; x_wconf 80' lang='lat' dir='ltr'><strong>benedixit</strong></span> <span class='ocrx_word' id='word_1_490' title='bbox 1552 976 1686 1004; x_wconf 85' lang='lat' dir='ltr'><strong>Dominus</strong></span> <span class='ocrx_word' id='word_1_491' title='bbox 1699 977 1735 1005; x_wconf 82' lang='lat'><strong>”.</strong></span> <span class='ocrx_word' id='word_1_492' title='bbox 1762 977 1828 1006; x_wconf 66' lang='lat' dir='ltr'><strong>Herc</strong></span> 
     </span>
    </p>
   </div>
   <div class='ocr_carea' id='block_1_64' title="bbox 1031 1021 1829 1057">
    <p class='ocr_par' dir='ltr' id='par_1_64' title="bbox 1031 1021 1829 1057">
     <span class='ocr_line' id='line_1_64' title="bbox 1031 1021 1829 1057; baseline 0.001 -7"><span class='ocrx_word' id='word_1_493' title='bbox 1031 1029 1098 1057; x_wconf 83' lang='lat' dir='ltr'><strong>ergo</strong></span> <span class='ocrx_word' id='word_1_494' title='bbox 1112 1021 1157 1050; x_wconf 85' lang='lat' dir='ltr'><strong>isti</strong></span> <span class='ocrx_word' id='word_1_495' title='bbox 1173 1022 1224 1049; x_wconf 90' lang='lat' dir='ltr'><strong>viri</strong></span> <span class='ocrx_word' id='word_1_496' title='bbox 1237 1021 1321 1051; x_wconf 80' lang='lat' dir='ltr'><strong>fortes</strong></span> <span class='ocrx_word' id='word_1_497' title='bbox 1341 1026 1404 1057; x_wconf 85' lang='lat' dir='ltr'><strong>post</strong></span> <span class='ocrx_word' id='word_1_498' title='bbox 1416 1022 1558 1050; x_wconf 81' lang='lat' dir='ltr'><strong>victoriam</strong></span> <span class='ocrx_word' id='word_1_499' title='bbox 1574 1022 1638 1050; x_wconf 88' lang='lat' dir='ltr'><strong>belli</strong></span> <span class='ocrx_word' id='word_1_500' title='bbox 1652 1022 1789 1050; x_wconf 85' lang='lat' dir='ltr'><strong>servanda</strong></span> <span class='ocrx_word' id='word_1_501' title='bbox 1801 1023 1829 1051; x_wconf 86' lang='lat' dir='ltr'><strong>ei</strong></span> 
     </span>
    </p>
   </div>
   <div class='ocr_carea' id='block_1_65' title="bbox 1030 1067 1828 1104">
    <p class='ocr_par' dir='ltr' id='par_1_65' title="bbox 1030 1067 1828 1104">
     <span class='ocr_line' id='line_1_65' title="bbox 1030 1067 1828 1104; baseline 0 -7"><span class='ocrx_word' id='word_1_502' title='bbox 1030 1075 1058 1098; x_wconf 86' lang='lat' dir='ltr'><strong>et</strong></span> <span class='ocrx_word' id='word_1_503' title='bbox 1081 1068 1259 1096; x_wconf 86' lang='lat' dir='ltr'><strong>custodienda</strong></span> <span class='ocrx_word' id='word_1_504' title='bbox 1283 1069 1456 1104; x_wconf 75' lang='lat' dir='ltr'><strong>consignant.</strong></span> <span class='ocrx_word' id='word_1_505' title='bbox 1488 1067 1548 1096; x_wconf 87' lang='lat' dir='ltr'><strong>Non</strong></span> <span class='ocrx_word' id='word_1_506' title='bbox 1564 1068 1638 1096; x_wconf 89' lang='lat' dir='ltr'><strong>enim</strong></span> <span class='ocrx_word' id='word_1_507' title='bbox 1664 1069 1828 1104; x_wconf 86' lang='lat' dir='ltr'><strong>relinquunt</strong></span> 
     </span>
    </p>
   </div>
   <div class='ocr_carea' id='block_1_66' title="bbox 1030 1113 1826 1150">
    <p class='ocr_par' dir='ltr' id='par_1_66' title="bbox 1030 1113 1826 1150">
     <span class='ocr_line' id='line_1_66' title="bbox 1030 1113 1826 1150; baseline 0.001 -8"><span class='ocrx_word' id='word_1_508' title='bbox 1030 1122 1090 1143; x_wconf 86' lang='lat' dir='ltr'><strong>eam</strong></span> <span class='ocrx_word' id='word_1_509' title='bbox 1103 1135 1111 1148; x_wconf 88' lang='lat'><strong>,</strong></span> <span class='ocrx_word' id='word_1_510' title='bbox 1128 1119 1158 1142; x_wconf 92' lang='lat' dir='ltr'><strong>ut</strong></span> <span class='ocrx_word' id='word_1_511' title='bbox 1170 1113 1309 1149; x_wconf 80' lang='lat' dir='ltr'><strong>diximus,</strong></span> <span class='ocrx_word' id='word_1_512' title='bbox 1325 1115 1454 1142; x_wconf 85' lang='lat' dir='ltr'><strong>otiosam.</strong></span> <span class='ocrx_word' id='word_1_513' title='bbox 1485 1113 1538 1143; x_wconf 88' lang='lat' dir='ltr'><strong>Sed</strong></span> <span class='ocrx_word' id='word_1_514' title='bbox 1553 1119 1580 1143; x_wconf 85' lang='lat' dir='ltr'><strong>et</strong></span> <span class='ocrx_word' id='word_1_515' title='bbox 1592 1115 1826 1150; x_wconf 84' lang='lat' dir='ltr'><strong>evangelistarum</strong></span> 
     </span>
    </p>
   </div>
   <div class='ocr_carea' id='block_1_67' title="bbox 1030 1159 1828 1197">
    <p class='ocr_par' dir='ltr' id='par_1_67' title="bbox 1030 1159 1828 1197">
     <span class='ocr_line' id='line_1_67' title="bbox 1030 1159 1828 1197; baseline 0.001 -9"><span class='ocrx_word' id='word_1_516' title='bbox 1030 1160 1148 1196; x_wconf 86' lang='lat' dir='ltr'><strong>scripta,</strong></span> <span class='ocrx_word' id='word_1_517' title='bbox 1163 1163 1245 1195; x_wconf 90' lang='lat' dir='ltr'><strong>atque</strong></span> <span class='ocrx_word' id='word_1_518' title='bbox 1261 1159 1383 1195; x_wconf 90' lang='lat' dir='ltr'><strong>ipsorum</strong></span> <span class='ocrx_word' id='word_1_519' title='bbox 1406 1161 1592 1195; x_wconf 84' lang='lat' dir='ltr'><strong>apostolorum</strong></span> <span class='ocrx_word' id='word_1_520' title='bbox 1608 1161 1715 1189; x_wconf 85' lang='lat' dir='ltr'><strong>litteras</strong></span> <span class='ocrx_word' id='word_1_521' title='bbox 1729 1169 1828 1197; x_wconf 84' lang='lat' dir='ltr'><strong>possu—</strong></span> 
     </span>
    </p>
   </div>
   <div class='ocr_carea' id='block_1_68' title="bbox 1030 1205 1826 1242">
    <p class='ocr_par' dir='ltr' id='par_1_68' title="bbox 1030 1205 1826 1242">
     <span class='ocr_line' id='line_1_68' title="bbox 1030 1205 1826 1242; baseline 0.001 -8"><span class='ocrx_word' id='word_1_522' title='bbox 1030 1214 1092 1234; x_wconf 91' lang='lat' dir='ltr'><strong>mus</strong></span> <span class='ocrx_word' id='word_1_523' title='bbox 1115 1205 1241 1234; x_wconf 90' lang='lat' dir='ltr'><strong>similiter</strong></span> <span class='ocrx_word' id='word_1_524' title='bbox 1257 1206 1353 1234; x_wconf 87' lang='lat' dir='ltr'><strong>vineas</strong></span> <span class='ocrx_word' id='word_1_525' title='bbox 1375 1207 1499 1242; x_wconf 86' lang='lat' dir='ltr'><strong>accipere</strong></span> <span class='ocrx_word' id='word_1_526' title='bbox 1511 1227 1519 1240; x_wconf 92' lang='lat'><strong>,</strong></span> <span class='ocrx_word' id='word_1_527' title='bbox 1542 1214 1611 1242; x_wconf 83' lang='lat' dir='ltr'><strong>quas</strong></span> <span class='ocrx_word' id='word_1_528' title='bbox 1633 1207 1697 1235; x_wconf 89' lang='lat' dir='ltr'><strong>huic</strong></span> <span class='ocrx_word' id='word_1_529' title='bbox 1712 1215 1775 1242; x_wconf 83' lang='lat' dir='ltr'><strong>quae</strong></span> <span class='ocrx_word' id='word_1_530' title='bbox 1793 1215 1826 1236; x_wconf 75' lang='lat' dir='ltr'><strong>ex</strong></span> 
     </span>
    </p>
   </div>
   <div class='ocr_carea' id='block_1_69' title="bbox 1031 1252 1826 1288">
    <p class='ocr_par' dir='ltr' id='par_1_69' title="bbox 1031 1252 1826 1288">
     <span class='ocr_line' id='line_1_69' title="bbox 1031 1252 1826 1288; baseline 0.001 -9"><span class='ocrx_word' id='word_1_531' title='bbox 1031 1252 1161 1288; x_wconf 77' lang='lat' dir='ltr'><strong>gentibus</strong></span> <span class='ocrx_word' id='word_1_532' title='bbox 1176 1256 1369 1288; x_wconf 78' lang='lat' dir='ltr'><strong>congregatur,</strong></span> <span class='ocrx_word' id='word_1_533' title='bbox 1384 1260 1434 1287; x_wconf 86' lang='lat' dir='ltr'><strong>pro</strong></span> <span class='ocrx_word' id='word_1_534' title='bbox 1449 1260 1502 1288; x_wconf 87' lang='lat' dir='ltr'><strong>qua</strong></span> <span class='ocrx_word' id='word_1_535' title='bbox 1518 1253 1600 1280; x_wconf 90' lang='lat' dir='ltr'><strong>etiam</strong></span> <span class='ocrx_word' id='word_1_536' title='bbox 1613 1253 1826 1287; x_wconf 66' lang='lat' dir='ltr'><strong>dimicavi-runt,</strong></span> 
     </span>
    </p>
   </div>
   <div class='ocr_carea' id='block_1_70' title="bbox 1030 1297 1823 1333">
    <p class='ocr_par' dir='ltr' id='par_1_70' title="bbox 1030 1297 1823 1333">
     <span class='ocr_line' id='line_1_70' title="bbox 1030 1297 1823 1333; baseline 0 -7"><span class='ocrx_word' id='word_1_537' title='bbox 1030 1297 1223 1326; x_wconf 86' lang='lat' dir='ltr'><strong>custodiendas</strong></span> <span class='ocrx_word' id='word_1_538' title='bbox 1248 1298 1431 1333; x_wconf 72' lang='lat' dir='ltr'><strong>colendusque</strong></span> <span class='ocrx_word' id='word_1_539' title='bbox 1453 1297 1633 1326; x_wconf 89' lang='lat' dir='ltr'><strong>tradiderunt.</strong></span> <span class='ocrx_word' id='word_1_540' title='bbox 1660 1298 1740 1332; x_wconf 89' lang='lat' dir='ltr'><strong>Quod</strong></span> <span class='ocrx_word' id='word_1_541' title='bbox 1756 1307 1823 1326; x_wconf 87' lang='lat' dir='ltr'><strong>vero</strong></span> 
     </span>
    </p>
   </div>
   <div class='ocr_carea' id='block_1_71' title="bbox 1029 1343 1823 1380">
    <p class='ocr_par' dir='ltr' id='par_1_71' title="bbox 1029 1343 1823 1380">
     <span class='ocr_line' id='line_1_71' title="bbox 1029 1343 1823 1380; baseline -0.001 -7"><span class='ocrx_word' id='word_1_542' title='bbox 1029 1344 1079 1378; x_wconf 83' lang='lat' dir='ltr'><strong>ait,</strong></span> <span class='ocrx_word' id='word_1_543' title='bbox 1103 1344 1167 1380; x_wconf 88' lang='lat' dir='ltr'><strong>quia</strong></span> <span class='ocrx_word' id='word_1_544' title='bbox 1185 1351 1263 1373; x_wconf 88' lang='lat' dir='ltr'><strong>suam</strong></span> <span class='ocrx_word' id='word_1_545' title='bbox 1286 1343 1425 1379; x_wconf 86' lang='lat' dir='ltr'><strong>propriam</strong></span> <span class='ocrx_word' id='word_1_546' title='bbox 1448 1343 1555 1372; x_wconf 91' lang='lat' dir='ltr'><strong>vineam</strong></span> <span class='ocrx_word' id='word_1_547' title='bbox 1579 1352 1635 1372; x_wconf 91' lang='lat' dir='ltr'><strong>non</strong></span> <span class='ocrx_word' id='word_1_548' title='bbox 1649 1345 1823 1379; x_wconf 83' lang='lat' dir='ltr'><strong>custodierit,</strong></span> 
     </span>
    </p>
   </div>
   <div class='ocr_carea' id='block_1_72' title="bbox 1030 1390 1826 1428">
    <p class='ocr_par' dir='ltr' id='par_1_72' title="bbox 1030 1390 1826 1428">
     <span class='ocr_line' id='line_1_72' title="bbox 1030 1390 1826 1428; baseline 0 -9"><span class='ocrx_word' id='word_1_549' title='bbox 1030 1391 1107 1420; x_wconf 78' lang='lat' dir='ltr'><strong>illaut</strong></span> <span class='ocrx_word' id='word_1_550' title='bbox 1129 1399 1277 1428; x_wconf 87' lang='lat' dir='ltr'><strong>possumus</strong></span> <span class='ocrx_word' id='word_1_551' title='bbox 1299 1390 1482 1419; x_wconf 87' lang='lat' dir='ltr'><strong>eruditionem</strong></span> <span class='ocrx_word' id='word_1_552' title='bbox 1496 1391 1598 1425; x_wconf 88' lang='lat' dir='ltr'><strong>dicere,</strong></span> <span class='ocrx_word' id='word_1_553' title='bbox 1607 1398 1661 1426; x_wconf 89' lang='lat' dir='ltr'><strong>qua</strong></span> <span class='ocrx_word' id='word_1_554' title='bbox 1674 1392 1826 1426; x_wconf 85' lang='lat' dir='ltr'><strong>unusquis-</strong></span> 
     </span>
    </p>
   </div>
   <div class='ocr_carea' id='block_1_73' title="bbox 1029 1438 1826 1474">
    <p class='ocr_par' dir='ltr' id='par_1_73' title="bbox 1029 1438 1826 1474">
     <span class='ocr_line' id='line_1_73' title="bbox 1029 1438 1826 1474; baseline 0.001 -9"><span class='ocrx_word' id='word_1_555' title='bbox 1029 1445 1084 1473; x_wconf 81' lang='lat' dir='ltr'><strong>que</strong></span> <span class='ocrx_word' id='word_1_556' title='bbox 1100 1438 1278 1466; x_wconf 79' lang='lat' dir='ltr'><strong>exercebatur</strong></span> <span class='ocrx_word' id='word_1_557' title='bbox 1306 1442 1369 1466; x_wconf 82' lang='lat' dir='ltr'><strong>ante</strong></span> <span class='ocrx_word' id='word_1_558' title='bbox 1382 1438 1480 1473; x_wconf 84' lang='lat' dir='ltr'><strong>ﬁdem;</strong></span> <span class='ocrx_word' id='word_1_559' title='bbox 1498 1446 1581 1474; x_wconf 87' lang='lat' dir='ltr'><strong>quam</strong></span> <span class='ocrx_word' id='word_1_560' title='bbox 1593 1438 1653 1466; x_wconf 89' lang='lat' dir='ltr'><strong>sine</strong></span> <span class='ocrx_word' id='word_1_561' title='bbox 1667 1439 1754 1466; x_wconf 88' lang='lat' dir='ltr'><strong>dubio</strong></span> <span class='ocrx_word' id='word_1_562' title='bbox 1766 1446 1826 1466; x_wconf 81' lang='lat' dir='ltr'><strong>cre-</strong></span> 
     </span>
    </p>
   </div>
   <div class='ocr_carea' id='block_1_74' title="bbox 1031 1483 1825 1519">
    <p class='ocr_par' dir='ltr' id='par_1_74' title="bbox 1031 1483 1825 1519">
     <span class='ocr_line' id='line_1_74' title="bbox 1031 1483 1825 1519; baseline 0 -8"><span class='ocrx_word' id='word_1_563' title='bbox 1031 1483 1101 1511; x_wconf 91' lang='lat' dir='ltr'><strong>dens</strong></span> <span class='ocrx_word' id='word_1_564' title='bbox 1114 1483 1226 1512; x_wconf 87' lang='lat' dir='ltr'><strong>Cbristo</strong></span> <span class='ocrx_word' id='word_1_565' title='bbox 1236 1503 1244 1516; x_wconf 92' lang='lat'><strong>,</strong></span> <span class='ocrx_word' id='word_1_566' title='bbox 1271 1483 1402 1518; x_wconf 87' lang='lat' dir='ltr'><strong>relinquit</strong></span> <span class='ocrx_word' id='word_1_567' title='bbox 1415 1491 1447 1511; x_wconf 90' lang='lat' dir='ltr'><strong>ac</strong></span> <span class='ocrx_word' id='word_1_568' title='bbox 1461 1483 1580 1517; x_wconf 90' lang='lat' dir='ltr'><strong>deserit,</strong></span> <span class='ocrx_word' id='word_1_569' title='bbox 1605 1487 1633 1510; x_wconf 88' lang='lat' dir='ltr'><strong>et</strong></span> <span class='ocrx_word' id='word_1_570' title='bbox 1652 1491 1684 1511; x_wconf 84' lang='lat' dir='ltr'><strong>ea</strong></span> <span class='ocrx_word' id='word_1_571' title='bbox 1699 1491 1762 1519; x_wconf 63' lang='lat' dir='ltr'><strong>quae</strong></span> <span class='ocrx_word' id='word_1_572' title='bbox 1773 1483 1825 1511; x_wconf 88' lang='lat' dir='ltr'><strong>sibi</strong></span> 
     </span>
    </p>
   </div>
   <div class='ocr_carea' id='block_1_75' title="bbox 1031 1528 1826 1566">
    <p class='ocr_par' dir='ltr' id='par_1_75' title="bbox 1031 1528 1826 1566">
     <span class='ocr_line' id='line_1_75' title="bbox 1031 1528 1826 1566; baseline -0.001 -9"><span class='ocrx_word' id='word_1_573' title='bbox 1031 1528 1108 1557; x_wconf 89' lang='lat' dir='ltr'><strong>lucra</strong></span> <span class='ocrx_word' id='word_1_574' title='bbox 1122 1529 1295 1562; x_wconf 86' lang='lat' dir='ltr'><strong>videbantur,</strong></span> <span class='ocrx_word' id='word_1_575' title='bbox 1307 1529 1382 1558; x_wconf 87' lang='lat' dir='ltr'><strong>ducit</strong></span> <span class='ocrx_word' id='word_1_576' title='bbox 1394 1534 1506 1566; x_wconf 87' lang='lat' dir='ltr'><strong>propter</strong></span> <span class='ocrx_word' id='word_1_577' title='bbox 1518 1529 1658 1557; x_wconf 88' lang='lat' dir='ltr'><strong>Christum</strong></span> <span class='ocrx_word' id='word_1_578' title='bbox 1674 1529 1826 1557; x_wconf 87' lang='lat' dir='ltr'><strong>detrimen-</strong></span> 
     </span>
    </p>
   </div>
   <div class='ocr_carea' id='block_1_76' title="bbox 1031 1575 1821 1611">
    <p class='ocr_par' dir='ltr' id='par_1_76' title="bbox 1031 1575 1821 1611">
     <span class='ocr_line' id='line_1_76' title="bbox 1031 1575 1821 1611; baseline -0.001 -7"><span class='ocrx_word' id='word_1_579' title='bbox 1031 1579 1068 1604; x_wconf 89' lang='lat' dir='ltr'><strong>ta.</strong></span> <span class='ocrx_word' id='word_1_580' title='bbox 1098 1576 1175 1604; x_wconf 88' lang='lat' dir='ltr'><strong>Sicut</strong></span> <span class='ocrx_word' id='word_1_581' title='bbox 1185 1580 1212 1604; x_wconf 86' lang='lat' dir='ltr'><strong>et</strong></span> <span class='ocrx_word' id='word_1_582' title='bbox 1224 1576 1326 1604; x_wconf 80' lang='lat' dir='ltr'><strong>Paulus</strong></span> <span class='ocrx_word' id='word_1_583' title='bbox 1339 1576 1472 1611; x_wconf 80' lang='lat' dir='ltr'><strong>gloriatur</strong></span> <span class='ocrx_word' id='word_1_584' title='bbox 1489 1575 1557 1611; x_wconf 86' lang='lat' dir='ltr'><strong>legis</strong></span> <span class='ocrx_word' id='word_1_585' title='bbox 1569 1575 1781 1610; x_wconf 74' lang='lat' dir='ltr'><strong>observantiae,</strong></span> <span class='ocrx_word' id='word_1_586' title='bbox 1795 1581 1821 1603; x_wconf 85' lang='lat' dir='ltr'><strong>et</strong></span> 
     </span>
    </p>
   </div>
   <div class='ocr_carea' id='block_1_77' title="bbox 1029 1621 1827 1657">
    <p class='ocr_par' dir='ltr' id='par_1_77' title="bbox 1029 1621 1827 1657">
     <span class='ocr_line' id='line_1_77' title="bbox 1029 1621 1827 1657; baseline -0.001 -6"><span class='ocrx_word' id='word_1_587' title='bbox 1029 1630 1138 1651; x_wconf 88' lang='lat' dir='ltr'><strong>omnem</strong></span> <span class='ocrx_word' id='word_1_588' title='bbox 1153 1621 1275 1650; x_wconf 67' lang='lat' dir='ltr'><strong>Iudaicae</strong></span> <span class='ocrx_word' id='word_1_589' title='bbox 1288 1621 1470 1650; x_wconf 83' lang='lat' dir='ltr'><strong>institutionis</strong></span> <span class='ocrx_word' id='word_1_590' title='bbox 1492 1621 1608 1657; x_wconf 79' lang='lat' dir='ltr'><strong>gloriam</strong></span> <span class='ocrx_word' id='word_1_591' title='bbox 1625 1621 1712 1649; x_wconf 77' lang='lat' dir='ltr'><strong>fuisse</strong></span> <span class='ocrx_word' id='word_1_592' title='bbox 1723 1621 1778 1650; x_wconf 89' lang='lat' dir='ltr'><strong>sibi</strong></span> <span class='ocrx_word' id='word_1_593' title='bbox 1796 1625 1827 1650; x_wconf 89' lang='lat' dir='ltr'><strong>ut</strong></span> 
     </span>
    </p>
   </div>
   <div class='ocr_carea' id='block_1_78' title="bbox 1029 1667 1826 1697">
    <p class='ocr_par' dir='ltr' id='par_1_78' title="bbox 1029 1667 1826 1697">
     <span class='ocr_line' id='line_1_78' title="bbox 1029 1667 1826 1697; baseline -0.004 0"><span class='ocrx_word' id='word_1_594' title='bbox 1029 1674 1152 1697; x_wconf 83' lang='lat' dir='ltr'><strong>stercora</strong></span> <span class='ocrx_word' id='word_1_595' title='bbox 1180 1671 1286 1695; x_wconf 88' lang='lat' dir='ltr'><strong>tantum</strong></span> <span class='ocrx_word' id='word_1_596' title='bbox 1299 1671 1328 1695; x_wconf 92' lang='lat' dir='ltr'><strong>ut</strong></span> <span class='ocrx_word' id='word_1_597' title='bbox 1351 1667 1379 1696; x_wconf 93' lang='lat' dir='ltr'><strong>in</strong></span> <span class='ocrx_word' id='word_1_598' title='bbox 1396 1667 1508 1695; x_wconf 90' lang='lat' dir='ltr'><strong>Christo</strong></span> <span class='ocrx_word' id='word_1_599' title='bbox 1521 1667 1690 1695; x_wconf 86' lang='lat' dir='ltr'><strong>inveniretur</strong></span> <span class='ocrx_word' id='word_1_600' title='bbox 1707 1675 1762 1694; x_wconf 92' lang='lat' dir='ltr'><strong>non</strong></span> <span class='ocrx_word' id='word_1_601' title='bbox 1777 1667 1826 1694; x_wconf 87' lang='lat' dir='ltr'><strong>ha-</strong></span> 
     </span>
    </p>
   </div>
   <div class='ocr_carea' id='block_1_79' title="bbox 1029 1713 1823 1749">
    <p class='ocr_par' dir='ltr' id='par_1_79' title="bbox 1029 1713 1823 1749">
     <span class='ocr_line' id='line_1_79' title="bbox 1029 1713 1823 1749; baseline -0.003 -7"><span class='ocrx_word' id='word_1_602' title='bbox 1029 1713 1097 1743; x_wconf 82' lang='lat' dir='ltr'><strong>bens</strong></span> <span class='ocrx_word' id='word_1_603' title='bbox 1108 1721 1186 1742; x_wconf 80' lang='lat' dir='ltr'><strong>suam</strong></span> <span class='ocrx_word' id='word_1_604' title='bbox 1197 1713 1334 1749; x_wconf 80' lang='lat' dir='ltr'><strong>justitiam</strong></span> <span class='ocrx_word' id='word_1_605' title='bbox 1348 1721 1409 1748; x_wconf 69' lang='lat' dir='ltr'><strong>quae</strong></span> <span class='ocrx_word' id='word_1_606' title='bbox 1422 1720 1454 1741; x_wconf 77' lang='lat' dir='ltr'><strong>ex</strong></span> <span class='ocrx_word' id='word_1_607' title='bbox 1470 1713 1529 1748; x_wconf 82' lang='lat' dir='ltr'><strong>lege</strong></span> <span class='ocrx_word' id='word_1_608' title='bbox 1540 1717 1593 1747; x_wconf 81' lang='lat' dir='ltr'><strong>est,</strong></span> <span class='ocrx_word' id='word_1_609' title='bbox 1618 1713 1666 1741; x_wconf 87' lang='lat' dir='ltr'><strong>sed</strong></span> <span class='ocrx_word' id='word_1_610' title='bbox 1685 1713 1823 1748; x_wconf 89' lang='lat' dir='ltr'><strong>justitiam</strong></span> 
     </span>
    </p>
   </div>
   <div class='ocr_carea' id='block_1_80' title="bbox 1030 1759 1825 1796">
    <p class='ocr_par' dir='ltr' id='par_1_80' title="bbox 1030 1759 1825 1796">
     <span class='ocr_line' id='line_1_80' title="bbox 1030 1759 1825 1796; baseline -0.001 -9"><span class='ocrx_word' id='word_1_611' title='bbox 1030 1767 1091 1796; x_wconf 67' lang='lat' dir='ltr'><strong>qua:</strong></span> <span class='ocrx_word' id='word_1_612' title='bbox 1104 1768 1137 1787; x_wconf 83' lang='lat' dir='ltr'><strong>ex</strong></span> <span class='ocrx_word' id='word_1_613' title='bbox 1151 1759 1207 1787; x_wconf 90' lang='lat' dir='ltr'><strong>Deo</strong></span> <span class='ocrx_word' id='word_1_614' title='bbox 1218 1764 1261 1787; x_wconf 88' lang='lat' dir='ltr'><strong>est</strong></span> <span class='ocrx_word' id='word_1_615' title='bbox 1274 1759 1308 1787; x_wconf 76' lang='lat'><strong>“.</strong></span> <span class='ocrx_word' id='word_1_616' title='bbox 1334 1759 1410 1787; x_wconf 90' lang='lat' dir='ltr'><strong>Sicut</strong></span> <span class='ocrx_word' id='word_1_617' title='bbox 1423 1767 1488 1795; x_wconf 82' lang='lat' dir='ltr'><strong>ergo</strong></span> <span class='ocrx_word' id='word_1_618' title='bbox 1502 1759 1605 1787; x_wconf 83' lang='lat' dir='ltr'><strong>Paulus</strong></span> <span class='ocrx_word' id='word_1_619' title='bbox 1616 1763 1728 1794; x_wconf 84' lang='lat' dir='ltr'><strong>accepta</strong></span> <span class='ocrx_word' id='word_1_620' title='bbox 1745 1759 1825 1786; x_wconf 82' lang='lat' dir='ltr'><strong>Chri-</strong></span> 
     </span>
    </p>
   </div>
   <div class='ocr_carea' id='block_1_81' title="bbox 1030 1804 1825 1838">
    <p class='ocr_par' dir='ltr' id='par_1_81' title="bbox 1030 1804 1825 1838">
     <span class='ocr_line' id='line_1_81' title="bbox 1030 1804 1825 1838; baseline -0.003 -5"><span class='ocrx_word' id='word_1_621' title='bbox 1030 1805 1065 1833; x_wconf 86' lang='lat' dir='ltr'><strong>sti</strong></span> <span class='ocrx_word' id='word_1_622' title='bbox 1079 1804 1142 1838; x_wconf 81' lang='lat' dir='ltr'><strong>ﬁdc,</strong></span> <span class='ocrx_word' id='word_1_623' title='bbox 1159 1812 1212 1832; x_wconf 93' lang='lat' dir='ltr'><strong>non</strong></span> <span class='ocrx_word' id='word_1_624' title='bbox 1226 1804 1375 1833; x_wconf 87' lang='lat' dir='ltr'><strong>custodivit</strong></span> <span class='ocrx_word' id='word_1_625' title='bbox 1388 1805 1494 1832; x_wconf 88' lang='lat' dir='ltr'><strong>vincam</strong></span> <span class='ocrx_word' id='word_1_626' title='bbox 1508 1812 1598 1837; x_wconf 79' lang='lat' dir='ltr'><strong>suam,</strong></span> <span class='ocrx_word' id='word_1_627' title='bbox 1612 1804 1734 1832; x_wconf 76' lang='lat' dir='ltr'><strong>.ludaica:</strong></span> <span class='ocrx_word' id='word_1_628' title='bbox 1750 1804 1825 1832; x_wconf 90' lang='lat' dir='ltr'><strong>scili-</strong></span> 
     </span>
    </p>
   </div>
   <div class='ocr_carea' id='block_1_82' title="bbox 1029 1850 1827 1886">
    <p class='ocr_par' dir='ltr' id='par_1_82' title="bbox 1029 1850 1827 1886">
     <span class='ocr_line' id='line_1_82' title="bbox 1029 1850 1827 1886; baseline -0.001 -8"><span class='ocrx_word' id='word_1_629' title='bbox 1029 1855 1074 1878; x_wconf 87' lang='lat' dir='ltr'><strong>cet</strong></span> <span class='ocrx_word' id='word_1_630' title='bbox 1088 1850 1243 1878; x_wconf 84' lang='lat' dir='ltr'><strong>traditionis</strong></span> <span class='ocrx_word' id='word_1_631' title='bbox 1255 1850 1404 1886; x_wconf 89' lang='lat' dir='ltr'><strong>obsequia;</strong></span> <span class='ocrx_word' id='word_1_632' title='bbox 1421 1855 1448 1878; x_wconf 91' lang='lat' dir='ltr'><strong>et</strong></span> <span class='ocrx_word' id='word_1_633' title='bbox 1460 1851 1563 1878; x_wconf 90' lang='lat' dir='ltr'><strong>idcirco</strong></span> <span class='ocrx_word' id='word_1_634' title='bbox 1576 1850 1692 1878; x_wconf 81' lang='lat' dir='ltr'><strong>tortassc</strong></span> <span class='ocrx_word' id='word_1_635' title='bbox 1707 1859 1763 1878; x_wconf 89' lang='lat' dir='ltr'><strong>non</strong></span> <span class='ocrx_word' id='word_1_636' title='bbox 1779 1859 1827 1878; x_wconf 85' lang='lat' dir='ltr'><strong>cu-</strong></span> 
     </span>
    </p>
   </div>
   <div class='ocr_carea' id='block_1_83' title="bbox 1030 1896 1826 1934">
    <p class='ocr_par' dir='ltr' id='par_1_83' title="bbox 1030 1896 1826 1934">
     <span class='ocr_line' id='line_1_83' title="bbox 1030 1896 1826 1934; baseline -0.001 -10"><span class='ocrx_word' id='word_1_637' title='bbox 1030 1896 1151 1930; x_wconf 80' lang='lat' dir='ltr'><strong>stodivit,</strong></span> <span class='ocrx_word' id='word_1_638' title='bbox 1168 1897 1232 1932; x_wconf 84' lang='lat' dir='ltr'><strong>quia</strong></span> <span class='ocrx_word' id='word_1_639' title='bbox 1248 1906 1311 1926; x_wconf 87' lang='lat' dir='ltr'><strong>cum</strong></span> <span class='ocrx_word' id='word_1_640' title='bbox 1334 1898 1458 1934; x_wconf 79' lang='lat' dir='ltr'><strong>plantata</strong></span> <span class='ocrx_word' id='word_1_641' title='bbox 1474 1902 1547 1926; x_wconf 87' lang='lat' dir='ltr'><strong>esset</strong></span> <span class='ocrx_word' id='word_1_642' title='bbox 1569 1905 1584 1924; x_wconf 89' lang='lat' dir='ltr'><strong>a</strong></span> <span class='ocrx_word' id='word_1_643' title='bbox 1599 1896 1654 1924; x_wconf 88' lang='lat' dir='ltr'><strong>Deo</strong></span> <span class='ocrx_word' id='word_1_644' title='bbox 1673 1897 1735 1923; x_wconf 74' lang='lat' dir='ltr'><strong>vitis</strong></span> <span class='ocrx_word' id='word_1_645' title='bbox 1754 1906 1826 1930; x_wconf 71' lang='lat' dir='ltr'><strong>rem,</strong></span> 
     </span>
    </p>
   </div>
   <div class='ocr_carea' id='block_1_84' title="bbox 1030 1943 1827 1975">
    <p class='ocr_par' dir='ltr' id='par_1_84' title="bbox 1030 1943 1827 1975">
     <span class='ocr_line' id='line_1_84' title="bbox 1030 1943 1827 1975; baseline 0.001 -5"><span class='ocrx_word' id='word_1_646' title='bbox 1030 1951 1155 1970; x_wconf 78' lang='lat' dir='ltr'><strong>conversa</strong></span> <span class='ocrx_word' id='word_1_647' title='bbox 1174 1947 1215 1971; x_wconf 81' lang='lat' dir='ltr'><strong>est</strong></span> <span class='ocrx_word' id='word_1_648' title='bbox 1229 1944 1255 1970; x_wconf 90' lang='lat' dir='ltr'><strong>in</strong></span> <span class='ocrx_word' id='word_1_649' title='bbox 1271 1944 1478 1971; x_wconf 84' lang='lat' dir='ltr'><strong>amaritudinem</strong></span> <span class='ocrx_word' id='word_1_650' title='bbox 1493 1943 1553 1971; x_wconf 78' lang='lat' dir='ltr'><strong>vitis</strong></span> <span class='ocrx_word' id='word_1_651' title='bbox 1568 1943 1663 1970; x_wconf 80' lang='lat' dir='ltr'><strong>aliena:</strong></span> <span class='ocrx_word' id='word_1_652' title='bbox 1676 1943 1712 1975; x_wconf 82' lang='grc'><strong>’⁸,</strong></span> <span class='ocrx_word' id='word_1_653' title='bbox 1730 1947 1758 1970; x_wconf 87' lang='lat' dir='ltr'><strong>et</strong></span> <span class='ocrx_word' id='word_1_654' title='bbox 1768 1949 1827 1971; x_wconf 88' lang='lat' dir='ltr'><strong>erat</strong></span> 
     </span>
    </p>
   </div>
   <div class='ocr_carea' id='block_1_85' title="bbox 1027 1991 1827 2027">
    <p class='ocr_par' dir='ltr' id='par_1_85' title="bbox 1027 1991 1827 2027">
     <span class='ocr_line' id='line_1_85' title="bbox 1027 1991 1827 2027; baseline -0.001 -9"><span class='ocrx_word' id='word_1_655' title='bbox 1027 1991 1085 2027; x_wconf 83' lang='lat' dir='ltr'><strong>jam</strong></span> <span class='ocrx_word' id='word_1_656' title='bbox 1102 1992 1162 2018; x_wconf 78' lang='lat' dir='ltr'><strong>vitis</strong></span> <span class='ocrx_word' id='word_1_657' title='bbox 1179 1991 1355 2019; x_wconf 83' lang='lat' dir='ltr'><strong>Sodomorum</strong></span> <span class='ocrx_word' id='word_1_658' title='bbox 1367 1992 1443 2019; x_wconf 85' lang='lat' dir='ltr'><strong>vinea</strong></span> <span class='ocrx_word' id='word_1_659' title='bbox 1458 1999 1559 2024; x_wconf 84' lang='lat' dir='ltr'><strong>eorum,</strong></span> <span class='ocrx_word' id='word_1_660' title='bbox 1577 1995 1603 2018; x_wconf 88' lang='lat' dir='ltr'><strong>et</strong></span> <span class='ocrx_word' id='word_1_661' title='bbox 1621 1991 1722 2025; x_wconf 79' lang='lat' dir='ltr'><strong>palmes</strong></span> <span class='ocrx_word' id='word_1_662' title='bbox 1733 1999 1827 2018; x_wconf 85' lang='lat' dir='ltr'><strong>eorum</strong></span> 
     </span>
    </p>
   </div>
   <div class='ocr_carea' id='block_1_86' title="bbox 1029 2036 1828 2070">
    <p class='ocr_par' dir='ltr' id='par_1_86' title="bbox 1029 2036 1828 2070">
     <span class='ocr_line' id='line_1_86' title="bbox 1029 2036 1828 2070; baseline -0.003 -6"><span class='ocrx_word' id='word_1_663' title='bbox 1029 2045 1062 2064; x_wconf 72' lang='lat' dir='ltr'><strong>ea:</strong></span> <span class='ocrx_word' id='word_1_664' title='bbox 1079 2036 1235 2069; x_wconf 81' lang='lat' dir='ltr'><strong>Gontorrlta.</strong></span> <span class='ocrx_word' id='word_1_665' title='bbox 1253 2043 1280 2064; x_wconf 91' lang='lat' dir='ltr'><strong>et</strong></span> <span class='ocrx_word' id='word_1_666' title='bbox 1290 2037 1381 2064; x_wconf 82' lang='lat' dir='ltr'><strong>botrus</strong></span> <span class='ocrx_word' id='word_1_667' title='bbox 1400 2036 1590 2064; x_wconf 79' lang='lat' dir='ltr'><strong>amaritudinis</strong></span> <span class='ocrx_word' id='word_1_668' title='bbox 1608 2037 1635 2062; x_wconf 84' lang='lat' dir='ltr'><strong>in</strong></span> <span class='ocrx_word' id='word_1_669' title='bbox 1647 2036 1697 2070; x_wconf 82' lang='lat' dir='ltr'><strong>eis,</strong></span> <span class='ocrx_word' id='word_1_670' title='bbox 1710 2041 1737 2063; x_wconf 90' lang='lat' dir='ltr'><strong>et</strong></span> <span class='ocrx_word' id='word_1_671' title='bbox 1749 2036 1828 2070; x_wconf 83' lang='lat' dir='ltr'><strong>furor</strong></span> 
     </span>
    </p>
   </div>
   <div class='ocr_carea' id='block_1_87' title="bbox 1031 2082 1828 2118">
    <p class='ocr_par' dir='ltr' id='par_1_87' title="bbox 1031 2082 1828 2118">
     <span class='ocr_line' id='line_1_87' title="bbox 1031 2082 1828 2118; baseline -0.003 -8"><span class='ocrx_word' id='word_1_672' title='bbox 1031 2083 1175 2110; x_wconf 84' lang='lat' dir='ltr'><strong>draconum</strong></span> <span class='ocrx_word' id='word_1_673' title='bbox 1190 2084 1278 2110; x_wconf 80' lang='lat' dir='ltr'><strong>vinum</strong></span> <span class='ocrx_word' id='word_1_674' title='bbox 1291 2091 1392 2116; x_wconf 88' lang='lat' dir='ltr'><strong>eorum,</strong></span> <span class='ocrx_word' id='word_1_675' title='bbox 1408 2087 1432 2110; x_wconf 84' lang='lat' dir='ltr'><strong>et</strong></span> <span class='ocrx_word' id='word_1_676' title='bbox 1446 2083 1523 2118; x_wconf 84' lang='lat' dir='ltr'><strong>furor</strong></span> <span class='ocrx_word' id='word_1_677' title='bbox 1542 2083 1664 2117; x_wconf 87' lang='lat' dir='ltr'><strong>aspidum</strong></span> <span class='ocrx_word' id='word_1_678' title='bbox 1687 2082 1828 2108; x_wconf 77' lang='lat' dir='ltr'><strong>insanabi-</strong></span> 
     </span>
    </p>
   </div>
   <div class='ocr_carea' id='block_1_88' title="bbox 1031 2127 1827 2164">
    <p class='ocr_par' dir='ltr' id='par_1_88' title="bbox 1031 2127 1827 2164">
     <span class='ocr_line' id='line_1_88' title="bbox 1031 2127 1827 2164; baseline 0 -10"><span class='ocrx_word' id='word_1_679' title='bbox 1031 2127 1064 2155; x_wconf 88' lang='lat' dir='ltr'><strong>lis</strong></span> <span class='ocrx_word' id='word_1_680' title='bbox 1081 2128 1114 2155; x_wconf 71' lang='grc'><strong>⁸⁸⁵.</strong></span> <span class='ocrx_word' id='word_1_681' title='bbox 1141 2127 1180 2157; x_wconf 81' lang='lat' dir='ltr'><strong>lla</strong></span> <span class='ocrx_word' id='word_1_682' title='bbox 1195 2133 1222 2156; x_wconf 89' lang='lat' dir='ltr'><strong>ct</strong></span> <span class='ocrx_word' id='word_1_683' title='bbox 1234 2129 1306 2164; x_wconf 88' lang='lat' dir='ltr'><strong>apud</strong></span> <span class='ocrx_word' id='word_1_684' title='bbox 1321 2133 1415 2164; x_wconf 88' lang='lat' dir='ltr'><strong>gentes</strong></span> <span class='ocrx_word' id='word_1_685' title='bbox 1429 2132 1507 2156; x_wconf 87' lang='lat' dir='ltr'><strong>erant</strong></span> <span class='ocrx_word' id='word_1_686' title='bbox 1523 2128 1647 2163; x_wconf 76' lang='lat' dir='ltr'><strong>plurima:</strong></span> <span class='ocrx_word' id='word_1_687' title='bbox 1665 2127 1827 2162; x_wconf 85' lang='lat' dir='ltr'><strong>hujusmodi</strong></span> 
     </span>
    </p>
   </div>
   <div class='ocr_carea' id='block_1_89' title="bbox 1030 2173 1828 2210">
    <p class='ocr_par' dir='ltr' id='par_1_89' title="bbox 1030 2173 1828 2210">
     <span class='ocr_line' id='line_1_89' title="bbox 1030 2173 1828 2210; baseline 0 -9"><span class='ocrx_word' id='word_1_688' title='bbox 1030 2173 1170 2207; x_wconf 68' lang='lat' dir='ltr'><strong>doctrinm,</strong></span> <span class='ocrx_word' id='word_1_689' title='bbox 1182 2182 1249 2209; x_wconf 88' lang='lat' dir='ltr'><strong>quas</strong></span> <span class='ocrx_word' id='word_1_690' title='bbox 1260 2178 1321 2209; x_wconf 87' lang='lat' dir='ltr'><strong>post</strong></span> <span class='ocrx_word' id='word_1_691' title='bbox 1335 2175 1379 2202; x_wconf 85' lang='lat' dir='ltr'><strong>illa</strong></span> <span class='ocrx_word' id='word_1_692' title='bbox 1389 2174 1458 2202; x_wconf 89' lang='lat' dir='ltr'><strong>bella</strong></span> <span class='ocrx_word' id='word_1_693' title='bbox 1467 2174 1567 2210; x_wconf 87' lang='lat' dir='ltr'><strong>quibus</strong></span> <span class='ocrx_word' id='word_1_694' title='bbox 1579 2181 1629 2209; x_wconf 92' lang='lat' dir='ltr'><strong>pro</strong></span> <span class='ocrx_word' id='word_1_695' title='bbox 1642 2173 1694 2201; x_wconf 88' lang='lat' dir='ltr'><strong>ﬁde</strong></span> <span class='ocrx_word' id='word_1_696' title='bbox 1707 2178 1735 2200; x_wconf 87' lang='lat' dir='ltr'><strong>et</strong></span> <span class='ocrx_word' id='word_1_697' title='bbox 1746 2174 1828 2208; x_wconf 69' lang='lat' dir='ltr'><strong>agni-</strong></span> 
     </span>
    </p>
   </div>
   <div class='ocr_carea' id='block_1_90' title="bbox 191 2217 1829 2257">
    <p class='ocr_par' dir='ltr' id='par_1_90' title="bbox 191 2217 1829 2257">
     <span class='ocr_line' id='line_1_90' title="bbox 191 2217 1829 2257; baseline 0.001 -12"><span class='ocrx_word' id='word_1_698' title='bbox 191 2223 245 2246; x_wconf 90' lang='lat' dir='ltr'><strong>tur.</strong></span> <span class='ocrx_word' id='word_1_699' title='bbox 267 2218 463 2254; x_wconf 84' lang='lat' dir='ltr'><strong>Pugnaverunt</strong></span> <span class='ocrx_word' id='word_1_700' title='bbox 483 2223 575 2245; x_wconf 87' lang='lat' dir='ltr'><strong>autem</strong></span> <span class='ocrx_word' id='word_1_701' title='bbox 594 2223 624 2245; x_wconf 89' lang='lat' dir='ltr'><strong>ut</strong></span> <span class='ocrx_word' id='word_1_702' title='bbox 646 2217 789 2246; x_wconf 85' lang='lat' dir='ltr'><strong>vincerent</strong></span> <span class='ocrx_word' id='word_1_703' title='bbox 810 2218 838 2246; x_wconf 90' lang='lat' dir='ltr'><strong>in</strong></span> <span class='ocrx_word' id='word_1_704' title='bbox 859 2226 890 2246; x_wconf 82' lang='lat' dir='ltr'><strong>ea</strong></span> <span class='ocrx_word' id='word_1_705' title='bbox 919 2219 982 2246; x_wconf 91' lang='lat' dir='ltr'><strong>illos</strong></span> <span class='ocrx_word' id='word_1_706' title='bbox 997 2229 1019 2257; x_wconf 79' lang='lat' dir='ltr'><strong>D</strong></span> <span class='ocrx_word' id='word_1_707' title='bbox 1035 2219 1109 2247; x_wconf 87' lang='lat' dir='ltr'><strong>tione</strong></span> <span class='ocrx_word' id='word_1_708' title='bbox 1120 2219 1222 2247; x_wconf 82' lang='lat' dir='ltr'><strong>Christi</strong></span> <span class='ocrx_word' id='word_1_709' title='bbox 1238 2227 1253 2247; x_wconf 91' lang='lat' dir='ltr'><strong>a</strong></span> <span class='ocrx_word' id='word_1_710' title='bbox 1267 2220 1425 2248; x_wconf 88' lang='lat' dir='ltr'><strong>doctoribus</strong></span> <span class='ocrx_word' id='word_1_711' title='bbox 1439 2220 1599 2248; x_wconf 87' lang='lat' dir='ltr'><strong>dimicatum</strong></span> <span class='ocrx_word' id='word_1_712' title='bbox 1615 2223 1668 2252; x_wconf 90' lang='lat' dir='ltr'><strong>est,</strong></span> <span class='ocrx_word' id='word_1_713' title='bbox 1680 2224 1829 2254; x_wconf 85' lang='lat' dir='ltr'><strong>superatas</strong></span> 
     </span>
    </p>
   </div>
   <div class='ocr_carea' id='block_1_91' title="bbox 189 2263 979 2300">
    <p class='ocr_par' dir='ltr' id='par_1_91' title="bbox 189 2263 979 2300">
     <span class='ocr_line' id='line_1_91' title="bbox 189 2263 979 2300; baseline 0.001 -9"><span class='ocrx_word' id='word_1_714' title='bbox 189 2272 259 2298; x_wconf 85' lang='lat' dir='ltr'><strong>quos</strong></span> <span class='ocrx_word' id='word_1_715' title='bbox 273 2264 350 2300; x_wconf 91' lang='lat' dir='ltr'><strong>prius</strong></span> <span class='ocrx_word' id='word_1_716' title='bbox 364 2264 460 2292; x_wconf 87' lang='lat' dir='ltr'><strong>habuit</strong></span> <span class='ocrx_word' id='word_1_717' title='bbox 475 2263 642 2292; x_wconf 86' lang='lat' dir='ltr'><strong>inﬁdelitatis</strong></span> <span class='ocrx_word' id='word_1_718' title='bbox 662 2267 690 2291; x_wconf 90' lang='lat' dir='ltr'><strong>et</strong></span> <span class='ocrx_word' id='word_1_719' title='bbox 711 2264 901 2292; x_wconf 67' lang='lat' dir='ltr'><strong>inoboedientiae</strong></span> <span class='ocrx_word' id='word_1_720' title='bbox 916 2273 979 2293; x_wconf 78' lang='lat' dir='ltr'><strong>sen-</strong></span> 
     </span>
    </p>
   </div>
   <div class='ocr_carea' id='block_1_92' title="bbox 190 2309 979 2343">
    <p class='ocr_par' dir='ltr' id='par_1_92' title="bbox 190 2309 979 2343">
     <span class='ocr_line' id='line_1_92' title="bbox 190 2309 979 2343; baseline 0.001 -7"><span class='ocrx_word' id='word_1_721' title='bbox 190 2317 255 2343; x_wconf 83' lang='lat' dir='ltr'><strong>sus,</strong></span> <span class='ocrx_word' id='word_1_722' title='bbox 279 2314 307 2337; x_wconf 84' lang='lat' dir='ltr'><strong>et</strong></span> <span class='ocrx_word' id='word_1_723' title='bbox 330 2317 440 2336; x_wconf 88' lang='lat' dir='ltr'><strong>omnem</strong></span> <span class='ocrx_word' id='word_1_724' title='bbox 464 2309 609 2337; x_wconf 87' lang='lat' dir='ltr'><strong>elationem</strong></span> <span class='ocrx_word' id='word_1_725' title='bbox 633 2309 807 2337; x_wconf 77' lang='lat' dir='ltr'><strong>extollentem</strong></span> <span class='ocrx_word' id='word_1_726' title='bbox 830 2310 979 2338; x_wconf 61' lang='lat' dir='ltr'><strong>se~advcr-</strong></span> 
     </span>
    </p>
   </div>
   <div class='ocr_carea' id='block_1_93' title="bbox 190 2354 979 2392">
    <p class='ocr_par' dir='ltr' id='par_1_93' title="bbox 190 2354 979 2392">
     <span class='ocr_line' id='line_1_93' title="bbox 190 2354 979 2392; baseline 0.003 -10"><span class='ocrx_word' id='word_1_727' title='bbox 190 2363 238 2382; x_wconf 80' lang='lat' dir='ltr'><strong>sus</strong></span> <span class='ocrx_word' id='word_1_728' title='bbox 255 2355 308 2390; x_wconf 76' lang='lat'><strong>53</strong></span> <span class='ocrx_word' id='word_1_729' title='bbox 320 2354 581 2388; x_wconf 69' lang='lat' dir='ltr'><strong>scient‘amChristi,</strong></span> <span class='ocrx_word' id='word_1_730' title='bbox 592 2355 662 2383; x_wconf 89' lang='lat' dir='ltr'><strong>sicut</strong></span> <span class='ocrx_word' id='word_1_731' title='bbox 670 2355 770 2383; x_wconf 88' lang='lat' dir='ltr'><strong>Paulus</strong></span> <span class='ocrx_word' id='word_1_732' title='bbox 780 2355 859 2384; x_wconf 88' lang='lat' dir='ltr'><strong>dicit:</strong></span> <span class='ocrx_word' id='word_1_733' title='bbox 869 2356 979 2392; x_wconf 83' lang='lat' dir='ltr'><strong>Cogita-</strong></span> 
     </span>
    </p>
   </div>
   <div class='ocr_carea' id='block_1_94' title="bbox 191 2401 978 2435">
    <p class='ocr_par' dir='ltr' id='par_1_94' title="bbox 191 2401 978 2435">
     <span class='ocr_line' id='line_1_94' title="bbox 191 2401 978 2435; baseline 0.003 -7"><span class='ocrx_word' id='word_1_734' title='bbox 191 2402 275 2429; x_wconf 88' lang='lat' dir='ltr'><strong>tiones</strong></span> <span class='ocrx_word' id='word_1_735' title='bbox 292 2402 470 2435; x_wconf 83' lang='lat' dir='ltr'><strong>destruentes,</strong></span> <span class='ocrx_word' id='word_1_736' title='bbox 492 2407 517 2429; x_wconf 85' lang='lat' dir='ltr'><strong>et</strong></span> <span class='ocrx_word' id='word_1_737' title='bbox 537 2409 638 2429; x_wconf 85' lang='lat' dir='ltr'><strong>onmem</strong></span> <span class='ocrx_word' id='word_1_738' title='bbox 661 2401 830 2430; x_wconf 83' lang='lat' dir='ltr'><strong>altitudinem</strong></span> <span class='ocrx_word' id='word_1_739' title='bbox 850 2402 978 2430; x_wconf 67' lang='lat' dir='ltr'><strong>extollen-</strong></span> 
     </span>
    </p>
   </div>
   <div class='ocr_carea' id='block_1_95' title="bbox 1032 2264 1827 2300">
    <p class='ocr_par' dir='ltr' id='par_1_95' title="bbox 1032 2264 1827 2300">
     <span class='ocr_line' id='line_1_95' title="bbox 1032 2264 1827 2300; baseline 0.001 -9"><span class='ocrx_word' id='word_1_740' title='bbox 1032 2265 1110 2292; x_wconf 88' lang='lat' dir='ltr'><strong>dicit.</strong></span> <span class='ocrx_word' id='word_1_741' title='bbox 1142 2264 1212 2292; x_wconf 87' lang='lat' dir='ltr'><strong>Puto</strong></span> <span class='ocrx_word' id='word_1_742' title='bbox 1226 2265 1299 2300; x_wconf 90' lang='lat' dir='ltr'><strong>quod</strong></span> <span class='ocrx_word' id='word_1_743' title='bbox 1312 2266 1425 2293; x_wconf 90' lang='lat' dir='ltr'><strong>omnino</strong></span> <span class='ocrx_word' id='word_1_744' title='bbox 1437 2265 1562 2295; x_wconf 90' lang='lat' dir='ltr'><strong>criminis</strong></span> <span class='ocrx_word' id='word_1_745' title='bbox 1578 2265 1639 2292; x_wconf 87' lang='lat' dir='ltr'><strong>loco</strong></span> <span class='ocrx_word' id='word_1_746' title='bbox 1652 2264 1782 2298; x_wconf 85' lang='lat' dir='ltr'><strong>ducatur,</strong></span> <span class='ocrx_word' id='word_1_747' title='bbox 1803 2265 1827 2292; x_wconf 89' lang='lat' dir='ltr'><strong>si</strong></span> 
     </span>
    </p>
   </div>
   <div class='ocr_carea' id='block_1_96' title="bbox 1033 2311 1829 2346">
    <p class='ocr_par' dir='ltr' id='par_1_96' title="bbox 1033 2311 1829 2346">
     <span class='ocr_line' id='line_1_96' title="bbox 1033 2311 1829 2346; baseline -0.001 -8"><span class='ocrx_word' id='word_1_748' title='bbox 1033 2311 1194 2339; x_wconf 89' lang='lat' dir='ltr'><strong>custodierit</strong></span> <span class='ocrx_word' id='word_1_749' title='bbox 1205 2311 1304 2346; x_wconf 90' lang='lat' dir='ltr'><strong>aliquis</strong></span> <span class='ocrx_word' id='word_1_750' title='bbox 1319 2311 1477 2346; x_wconf 88' lang='lat' dir='ltr'><strong>hujusmodi</strong></span> <span class='ocrx_word' id='word_1_751' title='bbox 1491 2311 1585 2340; x_wconf 78' lang='lat' dir='ltr'><strong>vineas</strong></span> <span class='ocrx_word' id='word_1_752' title='bbox 1596 2330 1605 2342; x_wconf 65' lang='grc' dir='ltr'><strong>ι</strong></span> <span class='ocrx_word' id='word_1_753' title='bbox 1625 2315 1653 2338; x_wconf 87' lang='lat' dir='ltr'><strong>et</strong></span> <span class='ocrx_word' id='word_1_754' title='bbox 1665 2318 1762 2345; x_wconf 76' lang='lat' dir='ltr'><strong>agrum</strong></span> <span class='ocrx_word' id='word_1_755' title='bbox 1778 2319 1829 2338; x_wconf 86' lang='lat' dir='ltr'><strong>co-</strong></span> 
     </span>
    </p>
   </div>
   <div class='ocr_carea' id='block_1_97' title="bbox 1031 2356 1828 2391">
    <p class='ocr_par' dir='ltr' id='par_1_97' title="bbox 1031 2356 1828 2391">
     <span class='ocr_line' id='line_1_97' title="bbox 1031 2356 1828 2391; baseline 0.003 -8"><span class='ocrx_word' id='word_1_756' title='bbox 1031 2356 1071 2384; x_wconf 82' lang='lat' dir='ltr'><strong>lat</strong></span> <span class='ocrx_word' id='word_1_757' title='bbox 1092 2357 1163 2384; x_wconf 88' lang='lat' dir='ltr'><strong>ultra</strong></span> <span class='ocrx_word' id='word_1_758' title='bbox 1188 2357 1328 2384; x_wconf 85' lang='lat' dir='ltr'><strong>venenatis</strong></span> <span class='ocrx_word' id='word_1_759' title='bbox 1352 2362 1379 2384; x_wconf 91' lang='lat' dir='ltr'><strong>ct</strong></span> <span class='ocrx_word' id='word_1_760' title='bbox 1395 2357 1484 2384; x_wconf 85' lang='lat' dir='ltr'><strong>noxiis</strong></span> <span class='ocrx_word' id='word_1_761' title='bbox 1499 2357 1635 2384; x_wconf 87' lang='lat' dir='ltr'><strong>consitum</strong></span> <span class='ocrx_word' id='word_1_762' title='bbox 1659 2357 1828 2391; x_wconf 86' lang='lat' dir='ltr'><strong>disciplinis.</strong></span> 
     </span>
    </p>
   </div>
   <div class='ocr_carea' id='block_1_98' title="bbox 1033 2400 1830 2437">
    <p class='ocr_par' dir='ltr' id='par_1_98' title="bbox 1033 2400 1830 2437">
     <span class='ocr_line' id='line_1_98' title="bbox 1033 2400 1830 2437; baseline 0 -9"><span class='ocrx_word' id='word_1_763' title='bbox 1033 2400 1088 2430; x_wconf 74' lang='lat' dir='ltr'><strong>Nec</strong></span> <span class='ocrx_word' id='word_1_764' title='bbox 1102 2402 1211 2429; x_wconf 84' lang='lat' dir='ltr'><strong>mireris</strong></span> <span class='ocrx_word' id='word_1_765' title='bbox 1223 2401 1245 2428; x_wconf 86' lang='lat' dir='ltr'><strong>si</strong></span> <span class='ocrx_word' id='word_1_766' title='bbox 1258 2401 1301 2429; x_wconf 91' lang='lat' dir='ltr'><strong>his</strong></span> <span class='ocrx_word' id='word_1_767' title='bbox 1316 2402 1404 2437; x_wconf 88' lang='lat' dir='ltr'><strong>culpis</strong></span> <span class='ocrx_word' id='word_1_768' title='bbox 1427 2402 1576 2437; x_wconf 80' lang='lat' dir='ltr'><strong>aliquando</strong></span> <span class='ocrx_word' id='word_1_769' title='bbox 1594 2401 1681 2430; x_wconf 82' lang='lat' dir='ltr'><strong>fuisse</strong></span> <span class='ocrx_word' id='word_1_770' title='bbox 1699 2401 1830 2429; x_wconf 70' lang='lat' dir='ltr'><strong>videatur</strong></span> 
     </span>
    </p>
   </div>
   <div class='ocr_carea' id='block_1_99' title="bbox 233 2472 980 2509">
    <p class='ocr_par' dir='ltr' id='par_1_99' title="bbox 233 2475 980 2509">
     <span class='ocr_line' id='line_1_99' title="bbox 233 2475 980 2509; baseline 0.003 -7"><span class='ocrx_word' id='word_1_771' title='bbox 233 2476 256 2492; x_wconf 85' lang='lat'><strong>’°</strong></span> <span class='ocrx_word' id='word_1_772' title='bbox 275 2475 362 2503; x_wconf 86' lang='lat' dir='ltr'><strong>Galat.</strong></span> <span class='ocrx_word' id='word_1_773' title='bbox 382 2483 419 2509; x_wconf 87' lang='lat' dir='ltr'><strong>tv,</strong></span> <span class='ocrx_word' id='word_1_774' title='bbox 437 2476 484 2509; x_wconf 77' lang='grc'><strong>21,</strong></span> <span class='ocrx_word' id='word_1_775' title='bbox 497 2476 544 2509; x_wconf 74' lang='grc'><strong>22,</strong></span> <span class='ocrx_word' id='word_1_776' title='bbox 558 2476 604 2508; x_wconf 76' lang='lat'><strong>‘23.</strong></span> <span class='ocrx_word' id='word_1_777' title='bbox 618 2476 663 2509; x_wconf 70' lang='grc'><strong>24,</strong></span> <span class='ocrx_word' id='word_1_778' title='bbox 677 2476 722 2504; x_wconf 71' lang='grc'><strong>25.</strong></span> <span class='ocrx_word' id='word_1_779' title='bbox 760 2477 782 2493; x_wconf 78' lang='grc'><strong>⁹¹</strong></span> <span class='ocrx_word' id='word_1_780' title='bbox 796 2477 863 2504; x_wconf 88' lang='lat' dir='ltr'><strong>ibid.</strong></span> <span class='ocrx_word' id='word_1_781' title='bbox 877 2476 922 2504; x_wconf 76' lang='lat' dir='ltr'><strong>3i.</strong></span> <span class='ocrx_word' id='word_1_782' title='bbox 959 2477 980 2493; x_wconf 83' lang='grc'><strong>⁹¹</strong></span> 
     </span>
    </p>
   </div>
   <div class='ocr_carea' id='block_1_100' title="bbox 1080 2472 1827 2509">
    <p class='ocr_par' dir='ltr' id='par_1_100' title="bbox 1080 2472 1827 2509">
     <span class='ocr_line' id='line_1_100' title="bbox 1080 2472 1827 2509; baseline 0 -6"><span class='ocrx_word' id='word_1_783' title='bbox 1080 2483 1102 2504; x_wconf 91' lang='lat' dir='ltr'><strong>r.</strong></span> <span class='ocrx_word' id='word_1_784' title='bbox 1117 2484 1146 2509; x_wconf 68' lang='grc' dir='ltr'><strong>Χ,</strong></span> <span class='ocrx_word' id='word_1_785' title='bbox 1160 2476 1187 2509; x_wconf 69' lang='grc'><strong>4,</strong></span> <span class='ocrx_word' id='word_1_786' title='bbox 1199 2475 1227 2503; x_wconf 73' lang='lat'><strong>5.</strong></span> <span class='ocrx_word' id='word_1_787' title='bbox 1264 2475 1286 2491; x_wconf 80' lang='grc'><strong>⁹⁸</strong></span> <span class='ocrx_word' id='word_1_788' title='bbox 1300 2474 1368 2502; x_wconf 86' lang='lat' dir='ltr'><strong>Gen.</strong></span> <span class='ocrx_word' id='word_1_789' title='bbox 1387 2483 1473 2509; x_wconf 77' lang='lat' dir='ltr'><strong>xxvtt,</strong></span> <span class='ocrx_word' id='word_1_790' title='bbox 1487 2474 1534 2501; x_wconf 71' lang='lat'><strong>27.</strong></span> <span class='ocrx_word' id='word_1_791' title='bbox 1565 2474 1587 2490; x_wconf 79' lang='lat'><strong>&quot;</strong></span> <span class='ocrx_word' id='word_1_792' title='bbox 1605 2472 1725 2509; x_wconf 80' lang='lat' dir='ltr'><strong>Philipp.</strong></span> <span class='ocrx_word' id='word_1_793' title='bbox 1738 2481 1782 2508; x_wconf 85' lang='grc' dir='ltr'>ιιι,</span> <span class='ocrx_word' id='word_1_794' title='bbox 1798 2473 1827 2503; x_wconf 88' lang='lat'><strong>9.</strong></span> 
     </span>
    </p>
   </div>
   <div class='ocr_carea' id='block_1_101' title="bbox 190 2511 840 2547">
    <p class='ocr_par' dir='ltr' id='par_1_101' title="bbox 190 2511 840 2547">
     <span class='ocr_line' id='line_1_101' title="bbox 190 2511 840 2547; baseline 0.002 -8"><span class='ocrx_word' id='word_1_795' title='bbox 190 2512 214 2527; x_wconf 84' lang='grc'><strong><em>⁵³</em></strong></span> <span class='ocrx_word' id='word_1_796' title='bbox 233 2511 334 2539; x_wconf 81' lang='lat' dir='ltr'><strong>Jcrem.</strong></span> <span class='ocrx_word' id='word_1_797' title='bbox 350 2519 389 2545; x_wconf 90' lang='lat' dir='ltr'><strong>tt,</strong></span> <span class='ocrx_word' id='word_1_798' title='bbox 400 2512 446 2539; x_wconf 76' lang='lat'><strong>‘21.</strong></span> <span class='ocrx_word' id='word_1_799' title='bbox 491 2512 515 2530; x_wconf 68' lang='grc'>⁸⁸</span> <span class='ocrx_word' id='word_1_800' title='bbox 535 2512 614 2540; x_wconf 82' lang='lat' dir='ltr'><strong>Deut.</strong></span> <span class='ocrx_word' id='word_1_801' title='bbox 631 2520 719 2547; x_wconf 72' lang='lat' dir='ltr'><strong>usu,</strong></span> <span class='ocrx_word' id='word_1_802' title='bbox 735 2512 781 2547; x_wconf 74' lang='lat'><strong>52,</strong></span> <span class='ocrx_word' id='word_1_803' title='bbox 795 2512 840 2540; x_wconf 82' lang='lat'><strong>&#39;55.</strong></span> 
     </span>
    </p>
   </div>
   <div class='ocr_carea' id='block_1_102' title="bbox 191 2583 980 2627">
    <p class='ocr_par' dir='ltr' id='par_1_102' title="bbox 191 2583 980 2627">
     <span class='ocr_line' id='line_1_102' title="bbox 191 2583 980 2627; baseline -0.001 -16"><span class='ocrx_word' id='word_1_804' title='bbox 191 2593 241 2620; x_wconf 64' lang='grc' dir='ltr'><strong>την</strong></span> <span class='ocrx_word' id='word_1_805' title='bbox 254 2584 345 2627; x_wconf 47' lang='grc' dir='ltr'><strong>ἔθεντο</strong></span> <span class='ocrx_word' id='word_1_806' title='bbox 363 2583 641 2627; x_wconf 41' lang='grc' dir='ltr'><strong>φρλάττομσαν.“Εξτα</strong></span> <span class='ocrx_word' id='word_1_807' title='bbox 653 2583 980 2627; x_wconf 49' lang='grc' dir='ltr'><strong>ξμαχέσαντο.-Μαχξσά-</strong></span> 
     </span>
    </p>
   </div>
   <div class='ocr_carea' id='block_1_103' title="bbox 192 2619 979 2655">
    <p class='ocr_par' dir='ltr' id='par_1_103' title="bbox 192 2619 979 2655">
     <span class='ocr_line' id='line_1_103' title="bbox 192 2619 979 2655; baseline -0.001 -9"><span class='ocrx_word' id='word_1_808' title='bbox 192 2619 267 2654; x_wconf 71' lang='grc' dir='ltr'>μενοι</span> <span class='ocrx_word' id='word_1_809' title='bbox 283 2620 312 2647; x_wconf 78' lang='grc' dir='ltr'><strong>δὲ</strong></span> <span class='ocrx_word' id='word_1_810' title='bbox 334 2619 458 2655; x_wconf 86' lang='grc' dir='ltr'><strong>πρῶτον,</strong></span> <span class='ocrx_word' id='word_1_811' title='bbox 476 2619 633 2654; x_wconf 73' lang='grc' dir='ltr'><strong>ἐπιτηδείαν</strong></span> <span class='ocrx_word' id='word_1_812' title='bbox 652 2619 783 2655; x_wconf 66' lang='grc' dir='ltr'><strong>ὲᾶτοὶησςιν</strong></span> <span class='ocrx_word' id='word_1_813' title='bbox 804 2619 850 2655; x_wconf 63' lang='grc' dir='ltr'>Έοῦ</span> <span class='ocrx_word' id='word_1_814' title='bbox 868 2619 979 2655; x_wconf 84' lang='grc' dir='ltr'><strong>τεθῆναι</strong></span> 
     </span>
    </p>
   </div>
   <div class='ocr_carea' id='block_1_104' title="bbox 191 2628 979 2691">
    <p class='ocr_par' dir='ltr' id='par_1_104' title="bbox 191 2628 979 2691">
     <span class='ocr_line' id='line_1_104' title="bbox 192 2628 979 2680; baseline -0.001 -34"><span class='ocrx_word' id='word_1_815' title='bbox 192 2628 267 2659; x_wconf 68' lang='grc' dir='ltr'>μενοι</span> <span class='ocrx_word' id='word_1_816' title='bbox 283 2628 312 2647; x_wconf 81' lang='grc' dir='ltr'><strong>οε</strong></span> <span class='ocrx_word' id='word_1_817' title='bbox 334 2628 458 2660; x_wconf 63' lang='grc' dir='ltr'><strong>ετρωτον,</strong></span> <span class='ocrx_word' id='word_1_818' title='bbox 476 2628 633 2654; x_wconf 83' lang='grc' dir='ltr'><strong>επιτηοειαν</strong></span> <span class='ocrx_word' id='word_1_819' title='bbox 652 2628 783 2660; x_wconf 44' lang='grc' dir='ltr'><strong>εποίησεν</strong></span> <span class='ocrx_word' id='word_1_820' title='bbox 804 2628 850 2645; x_wconf 85' lang='grc' dir='ltr'><strong>του</strong></span> <span class='ocrx_word' id='word_1_821' title='bbox 868 2628 979 2680; x_wconf 40' lang='grc' dir='ltr'><strong>τευτὶναξ</strong></span> 
     </span>
     <span class='ocr_line' id='line_1_105' title="bbox 191 2651 979 2691; baseline 0 -11"><span class='ocrx_word' id='word_1_822' title='bbox 191 2663 220 2680; x_wconf 85' lang='grc' dir='ltr'><strong>εν</strong></span> <span class='ocrx_word' id='word_1_823' title='bbox 237 2655 396 2691; x_wconf 56' lang='grc' dir='ltr'><strong>ἁμπελωᾳν</strong></span> <span class='ocrx_word' id='word_1_824' title='bbox 411 2655 451 2691; x_wconf 69' lang='lat' dir='ltr'><strong>ei;</strong></span> <span class='ocrx_word' id='word_1_825' title='bbox 467 2655 735 2691; x_wconf 40' lang='grc' dir='ltr'><strong>φυλακήνηΜυίῦσης</strong></span> <span class='ocrx_word' id='word_1_826' title='bbox 750 2654 779 2691; x_wconf 65' lang='grc' dir='ltr'><strong>δὲ</strong></span> <span class='ocrx_word' id='word_1_827' title='bbox 796 2651 872 2691; x_wconf 65' lang='grc' dir='ltr'>οὗτος</span> <span class='ocrx_word' id='word_1_828' title='bbox 893 2663 941 2691; x_wconf 42' lang='grc' dir='ltr'><strong>αιᾳέ</strong></span> <span class='ocrx_word' id='word_1_829' title='bbox 954 2663 979 2691; x_wconf 78' lang='lat' dir='ltr'><strong>ot</strong></span> 
     </span>
    </p>
   </div>
   <div class='ocr_carea' id='block_1_105' title="bbox 191 2687 979 2725">
    <p class='ocr_par' dir='ltr' id='par_1_105' title="bbox 191 2687 979 2725">
     <span class='ocr_line' id='line_1_106' title="bbox 191 2687 979 2725; baseline 0.001 -1"><span class='ocrx_word' id='word_1_830' title='bbox 191 2687 345 2725; x_wconf 67' lang='grc' dir='ltr'><strong>προφῆταιι</strong></span> <span class='ocrx_word' id='word_1_831' title='bbox 359 2687 396 2717; x_wconf 82' lang='grc' dir='ltr'><strong>ὧν</strong></span> <span class='ocrx_word' id='word_1_832' title='bbox 419 2687 534 2723; x_wconf 68' lang='grc' dir='ltr'><strong>ἒκαξιτος</strong></span> <span class='ocrx_word' id='word_1_833' title='bbox 553 2687 638 2725; x_wconf 65' lang='grc' dir='ltr'>ἄγρὺς</span> <span class='ocrx_word' id='word_1_834' title='bbox 658 2687 692 2725; x_wconf 63' lang='lat' dir='ltr'><strong>iLv</strong></span> <span class='ocrx_word' id='word_1_835' title='bbox 707 2687 832 2725; x_wconf 64' lang='grc' dir='ltr'><strong>ἀτλήρηςρ</strong></span> <span class='ocrx_word' id='word_1_836' title='bbox 852 2689 881 2716; x_wconf 80' lang='grc' dir='ltr'><strong>ὃν</strong></span> <span class='ocrx_word' id='word_1_837' title='bbox 903 2689 979 2716; x_wconf 75' lang='grc' dir='ltr'><strong>εὐλό-</strong></span> 
     </span>
    </p>
   </div>
   <div class='ocr_carea' id='block_1_106' title="bbox 191 2699 981 2768">
    <p class='ocr_par' dir='ltr' id='par_1_106' title="bbox 191 2699 981 2768">
     <span class='ocr_line' id='line_1_107' title="bbox 191 2699 979 2725; baseline 0.003 -11"><span class='ocrx_word' id='word_1_838' title='bbox 191 2699 263 2724; x_wconf 80' lang='grc' dir='ltr'>προφ</span> <span class='ocrx_word' id='word_1_839' title='bbox 283 2699 345 2722; x_wconf 75' lang='lat' dir='ltr'><strong>ut,</strong></span> <span class='ocrx_word' id='word_1_840' title='bbox 359 2699 396 2717; x_wconf 80' lang='grc' dir='ltr'>ων</span> <span class='ocrx_word' id='word_1_841' title='bbox 420 2699 534 2723; x_wconf 82' lang='grc' dir='ltr'><strong>εκαστος</strong></span> <span class='ocrx_word' id='word_1_842' title='bbox 553 2699 638 2725; x_wconf 85' lang='grc' dir='ltr'>αγρος</span> <span class='ocrx_word' id='word_1_843' title='bbox 678 2699 692 2715; x_wconf 83' lang='grc' dir='ltr'>ν</span> <span class='ocrx_word' id='word_1_844' title='bbox 707 2699 832 2725; x_wconf 85' lang='grc' dir='ltr'><strong>πΛηρης,</strong></span> <span class='ocrx_word' id='word_1_845' title='bbox 852 2699 881 2716; x_wconf 85' lang='grc' dir='ltr'><strong>ον</strong></span> <span class='ocrx_word' id='word_1_846' title='bbox 903 2699 979 2716; x_wconf 66' lang='lat' dir='ltr'><strong>euac-</strong></span> 
     </span>
     <span class='ocr_line' id='line_1_108' title="bbox 191 2699 981 2768; baseline 0.001 -18"><span class='ocrx_word' id='word_1_847' title='bbox 191 2733 258 2768; x_wconf 62' lang='grc' dir='ltr'><strong>γῃσε</strong></span> <span class='ocrx_word' id='word_1_848' title='bbox 265 2699 387 2768; x_wconf 52' lang='grc' dir='ltr'><strong>Ἰςύῆιος,</strong></span> <span class='ocrx_word' id='word_1_849' title='bbox 399 2725 448 2768; x_wconf 51' lang='lat' dir='ltr'><strong>ita}</strong></span> <span class='ocrx_word' id='word_1_850' title='bbox 463 2724 605 2768; x_wconf 58' lang='grc' dir='ltr'><strong>ἁμπελῴν,</strong></span> <span class='ocrx_word' id='word_1_851' title='bbox 614 2725 648 2768; x_wconf 40' lang='grc' dir='ltr'><strong>ἱὲν</strong></span> <span class='ocrx_word' id='word_1_852' title='bbox 658 2699 749 2765; x_wconf 40' lang='lat' dir='ltr'><strong>Elei“;</strong></span> <span class='ocrx_word' id='word_1_853' title='bbox 764 2724 918 2768; x_wconf 49' lang='grc' dir='ltr'><strong>γενέμῖιοξῖ</strong></span> <span class='ocrx_word' id='word_1_854' title='bbox 933 2725 981 2752; x_wconf 75' lang='grc' dir='ltr'><strong>καὶ</strong></span> 
     </span>
    </p>
   </div>
   <div class='ocr_carea' id='block_1_107' title="bbox 190 2734 980 2795">
    <p class='ocr_par' dir='ltr' id='par_1_107' title="bbox 190 2734 980 2795">
     <span class='ocr_line' id='line_1_109' title="bbox 191 2734 980 2786; baseline 0.001 -36"><span class='ocrx_word' id='word_1_855' title='bbox 191 2734 258 2760; x_wconf 82' lang='grc' dir='ltr'><strong>γησε</strong></span> <span class='ocrx_word' id='word_1_856' title='bbox 275 2734 387 2760; x_wconf 67' lang='grc' dir='ltr'><strong>λυριος,</strong></span> <span class='ocrx_word' id='word_1_857' title='bbox 399 2734 448 2752; x_wconf 80' lang='grc' dir='ltr'>και</span> <span class='ocrx_word' id='word_1_858' title='bbox 463 2734 605 2786; x_wconf 43' lang='lat' dir='ltr'><strong>agrestum,</strong></span> <span class='ocrx_word' id='word_1_859' title='bbox 619 2734 648 2750; x_wconf 84' lang='grc' dir='ltr'><strong>εν</strong></span> <span class='ocrx_word' id='word_1_860' title='bbox 658 2734 749 2765; x_wconf 50' lang='grc' dir='ltr'><strong>οιςλυις</strong></span> <span class='ocrx_word' id='word_1_861' title='bbox 764 2734 918 2768; x_wconf 62' lang='grc' dir='ltr'><strong>γενομενος,</strong></span> <span class='ocrx_word' id='word_1_862' title='bbox 933 2734 980 2752; x_wconf 74' lang='grc' dir='ltr'><strong>και</strong></span> 
     </span>
     <span class='ocr_line' id='line_1_110' title="bbox 190 2759 980 2795; baseline -0.001 -9"><span class='ocrx_word' id='word_1_863' title='bbox 190 2760 241 2794; x_wconf 78' lang='grc' dir='ltr'><strong>τὴν</strong></span> <span class='ocrx_word' id='word_1_864' title='bbox 258 2761 392 2795; x_wconf 74' lang='grc' dir='ltr'><strong>προτέραν</strong></span> <span class='ocrx_word' id='word_1_865' title='bbox 408 2760 464 2793; x_wconf 78' lang='grc' dir='ltr'><strong>ἕξιν</strong></span> <span class='ocrx_word' id='word_1_866' title='bbox 492 2760 628 2795; x_wconf 33' lang='grc' dir='ltr'><strong>αυτουημὴ</strong></span> <span class='ocrx_word' id='word_1_867' title='bbox 643 2768 745 2795; x_wconf 85' lang='grc' dir='ltr'><strong>τηρων,</strong></span> <span class='ocrx_word' id='word_1_868' title='bbox 760 2768 798 2790; x_wconf 80' lang='grc' dir='ltr'>ως</span> <span class='ocrx_word' id='word_1_869' title='bbox 812 2760 843 2786; x_wconf 79' lang='grc' dir='ltr'><strong>ὲκ</strong></span> <span class='ocrx_word' id='word_1_870' title='bbox 856 2759 980 2795; x_wconf 79' lang='grc' dir='ltr'><strong>Σοδόμων</strong></span> 
     </span>
    </p>
   </div>
   <div class='ocr_carea' id='block_1_108' title="bbox 191 2794 977 2835">
    <p class='ocr_par' dir='ltr' id='par_1_108' title="bbox 191 2794 977 2835">
     <span class='ocr_line' id='line_1_111' title="bbox 191 2794 977 2835; baseline -0.001 -14"><span class='ocrx_word' id='word_1_871' title='bbox 191 2794 365 2835; x_wconf 45' lang='lat' dir='ltr'><strong>eameam</strong></span> <span class='ocrx_word' id='word_1_872' title='bbox 380 2794 541 2835; x_wconf 76' lang='grc' dir='ltr'><strong>ᾁμπελῶνα,</strong></span> <span class='ocrx_word' id='word_1_873' title='bbox 556 2794 595 2829; x_wconf 84' lang='grc' dir='ltr'>τῷ</span> <span class='ocrx_word' id='word_1_874' title='bbox 615 2794 729 2835; x_wconf 45' lang='grc' dir='ltr'><strong>’παράγει</strong></span> <span class='ocrx_word' id='word_1_875' title='bbox 747 2794 877 2835; x_wconf 65' lang='grc' dir='ltr'><strong>κέχρητᾳι</strong></span> <span class='ocrx_word' id='word_1_876' title='bbox 897 2794 977 2835; x_wconf 65' lang='grc' dir='ltr'><strong>λόγῳἶ</strong></span> 
     </span>
    </p>
   </div>
   <div class='ocr_carea' id='block_1_109' title="bbox 194 2829 978 2870">
    <p class='ocr_par' dir='ltr' id='par_1_109' title="bbox 194 2829 978 2870">
     <span class='ocr_line' id='line_1_112' title="bbox 194 2829 978 2870; baseline 0.001 -15"><span class='ocrx_word' id='word_1_877' title='bbox 194 2840 204 2855; x_wconf 74' lang='grc' dir='ltr'><strong>ε</strong></span> <span class='ocrx_word' id='word_1_878' title='bbox 222 2829 287 2870; x_wconf 74' lang='lat' dir='ltr'><strong>Filii</strong></span> <span class='ocrx_word' id='word_1_879' title='bbox 309 2829 680 2870; x_wconf 41' lang='lat' dir='ltr'><strong>matrisarteaipugnaverunt</strong></span> <span class='ocrx_word' id='word_1_880' title='bbox 697 2830 724 2856; x_wconf 86' lang='lat' dir='ltr'><strong>in</strong></span> <span class='ocrx_word' id='word_1_881' title='bbox 739 2837 790 2862; x_wconf 83' lang='lat' dir='ltr'><strong>me,</strong></span> <span class='ocrx_word' id='word_1_882' title='bbox 806 2839 814 2855; x_wconf 75' lang='grc' dir='ltr'>ι</span> <span class='ocrx_word' id='word_1_883' title='bbox 868 2830 978 2870; x_wconf 42' lang='lat' dir='ltr'><strong>est..qui</strong></span> 
     </span>
    </p>
   </div>
   <div class='ocr_carea' id='block_1_110' title="bbox 192 2864 976 2900">
    <p class='ocr_par' dir='ltr' id='par_1_110' title="bbox 192 2864 976 2900">
     <span class='ocr_line' id='line_1_113' title="bbox 192 2864 976 2900; baseline 0 -9"><span class='ocrx_word' id='word_1_884' title='bbox 192 2872 233 2892; x_wconf 87' lang='lat' dir='ltr'><strong>me</strong></span> <span class='ocrx_word' id='word_1_885' title='bbox 246 2865 337 2892; x_wconf 83' lang='lat' dir='ltr'><strong>docent</strong></span> <span class='ocrx_word' id='word_1_886' title='bbox 353 2864 453 2893; x_wconf 75' lang='lat' dir='ltr'><strong>Christi</strong></span> <span class='ocrx_word' id='word_1_887' title='bbox 465 2865 600 2900; x_wconf 73' lang='lat' dir='ltr'><strong>discipuli,</strong></span> <span class='ocrx_word' id='word_1_888' title='bbox 618 2872 678 2892; x_wconf 84' lang='lat' dir='ltr'><strong>cum</strong></span> <span class='ocrx_word' id='word_1_889' title='bbox 698 2872 736 2893; x_wconf 82' lang='lat' dir='ltr'><strong>nte</strong></span> <span class='ocrx_word' id='word_1_890' title='bbox 750 2873 766 2892; x_wconf 82' lang='grc' dir='ltr'><strong>α</strong></span> <span class='ocrx_word' id='word_1_891' title='bbox 780 2865 857 2892; x_wconf 75' lang='lat' dir='ltr'><strong>malis</strong></span> <span class='ocrx_word' id='word_1_892' title='bbox 875 2865 976 2900; x_wconf 76' lang='lat' dir='ltr'><strong>cogita-</strong></span> 
     </span>
    </p>
   </div>
   <div class='ocr_carea' id='block_1_111' title="bbox 1032 2581 1825 2617">
    <p class='ocr_par' dir='ltr' id='par_1_111' title="bbox 1032 2581 1825 2617">
     <span class='ocr_line' id='line_1_114' title="bbox 1032 2581 1825 2617; baseline -0.003 -8"><span class='ocrx_word' id='word_1_893' title='bbox 1032 2582 1157 2617; x_wconf 83' lang='lat' dir='ltr'><strong>tionibus,</strong></span> <span class='ocrx_word' id='word_1_894' title='bbox 1171 2590 1229 2617; x_wconf 66' lang='lat' dir='ltr'><strong>quw</strong></span> <span class='ocrx_word' id='word_1_895' title='bbox 1243 2585 1319 2610; x_wconf 79' lang='lat' dir='ltr'><strong>antea</strong></span> <span class='ocrx_word' id='word_1_896' title='bbox 1331 2587 1416 2615; x_wconf 87' lang='lat' dir='ltr'><strong>erant,</strong></span> <span class='ocrx_word' id='word_1_897' title='bbox 1429 2586 1453 2609; x_wconf 74' lang='lat' dir='ltr'><strong>et</strong></span> <span class='ocrx_word' id='word_1_898' title='bbox 1465 2591 1481 2608; x_wconf 91' lang='lat' dir='ltr'><strong><em>a</em></strong></span> <span class='ocrx_word' id='word_1_899' title='bbox 1493 2581 1655 2609; x_wconf 76' lang='lat' dir='ltr'><strong>dtemonibns</strong></span> <span class='ocrx_word' id='word_1_900' title='bbox 1668 2589 1713 2608; x_wconf 83' lang='lat' dir='ltr'><strong>eas</strong></span> <span class='ocrx_word' id='word_1_901' title='bbox 1729 2582 1825 2616; x_wconf 70' lang='lat' dir='ltr'><strong>amau-</strong></span> 
     </span>
    </p>
   </div>
   <div class='ocr_carea' id='block_1_112' title="bbox 1032 2617 1825 2653">
    <p class='ocr_par' dir='ltr' id='par_1_112' title="bbox 1032 2617 1825 2653">
     <span class='ocr_line' id='line_1_115' title="bbox 1032 2617 1825 2653; baseline -0.004 -8"><span class='ocrx_word' id='word_1_902' title='bbox 1032 2618 1113 2650; x_wconf 80' lang='lat' dir='ltr'><strong>tibus,</strong></span> <span class='ocrx_word' id='word_1_903' title='bbox 1129 2617 1222 2645; x_wconf 78' lang='lat' dir='ltr'><strong>vellent</strong></span> <span class='ocrx_word' id='word_1_904' title='bbox 1236 2619 1354 2653; x_wconf 68' lang='lat' dir='ltr'><strong>expiare,</strong></span> <span class='ocrx_word' id='word_1_905' title='bbox 1369 2622 1462 2653; x_wconf 78' lang='lat' dir='ltr'><strong>contra</strong></span> <span class='ocrx_word' id='word_1_906' title='bbox 1473 2625 1517 2644; x_wconf 85' lang='lat' dir='ltr'><strong>eos</strong></span> <span class='ocrx_word' id='word_1_907' title='bbox 1531 2617 1559 2643; x_wconf 87' lang='lat' dir='ltr'><strong>in</strong></span> <span class='ocrx_word' id='word_1_908' title='bbox 1571 2624 1615 2653; x_wconf 66' lang='lat' dir='ltr'><strong>rae</strong></span> <span class='ocrx_word' id='word_1_909' title='bbox 1628 2623 1825 2653; x_wconf 62' lang='lat' dir='ltr'><strong>pugnaverunt,</strong></span> 
     </span>
    </p>
   </div>
   <div class='ocr_carea' id='block_1_113' title="bbox 1030 2651 1827 2687">
    <p class='ocr_par' dir='ltr' id='par_1_113' title="bbox 1030 2651 1827 2687">
     <span class='ocr_line' id='line_1_116' title="bbox 1030 2651 1827 2687; baseline -0.003 -7"><span class='ocrx_word' id='word_1_910' title='bbox 1030 2653 1148 2687; x_wconf 80' lang='lat' dir='ltr'><strong>ejusdem</strong></span> <span class='ocrx_word' id='word_1_911' title='bbox 1163 2651 1384 2684; x_wconf 64' lang='lat' dir='ltr'><strong>meeum&#39;matris,</strong></span> <span class='ocrx_word' id='word_1_912' title='bbox 1401 2652 1491 2679; x_wconf 67' lang='lat' dir='ltr'><strong>liberte</strong></span> <span class='ocrx_word' id='word_1_913' title='bbox 1507 2651 1638 2682; x_wconf 72' lang='lat' dir='ltr'><strong>uidelicet,</strong></span> <span class='ocrx_word' id='word_1_914' title='bbox 1651 2651 1713 2686; x_wconf 76' lang='lat' dir='ltr'><strong>filii.</strong></span> <span class='ocrx_word' id='word_1_915' title='bbox 1730 2651 1827 2687; x_wconf 78' lang='lat' dir='ltr'><strong>Pugna</strong></span> 
     </span>
    </p>
   </div>
   <div class='ocr_carea' id='block_1_114' title="bbox 1032 2687 1828 2723">
    <p class='ocr_par' dir='ltr' id='par_1_114' title="bbox 1032 2687 1828 2723">
     <span class='ocr_line' id='line_1_117' title="bbox 1032 2687 1828 2723; baseline -0.003 -8"><span class='ocrx_word' id='word_1_916' title='bbox 1032 2693 1120 2715; x_wconf 82' lang='lat' dir='ltr'><strong>autem</strong></span> <span class='ocrx_word' id='word_1_917' title='bbox 1139 2688 1253 2723; x_wconf 78' lang='lat' dir='ltr'><strong>primum</strong></span> <span class='ocrx_word' id='word_1_918' title='bbox 1269 2687 1416 2722; x_wconf 66' lang='lat' dir='ltr'><strong>perfuncti,</strong></span> <span class='ocrx_word' id='word_1_919' title='bbox 1441 2687 1564 2723; x_wconf 73' lang='lat' dir='ltr'><strong>idoneam</strong></span> <span class='ocrx_word' id='word_1_920' title='bbox 1588 2688 1704 2720; x_wconf 75' lang='lat' dir='ltr'><strong>fecerunt</strong></span> <span class='ocrx_word' id='word_1_921' title='bbox 1724 2695 1784 2721; x_wconf 71' lang='lat' dir='ltr'><strong>quc</strong></span> <span class='ocrx_word' id='word_1_922' title='bbox 1799 2689 1828 2713; x_wconf 78' lang='lat' dir='ltr'><strong>in</strong></span> 
     </span>
    </p>
   </div>
   <div class='ocr_carea' id='block_1_115' title="bbox 1032 2721 1827 2757">
    <p class='ocr_par' dir='ltr' id='par_1_115' title="bbox 1032 2721 1827 2757">
     <span class='ocr_line' id='line_1_118' title="bbox 1032 2721 1827 2757; baseline -0.001 -7"><span class='ocrx_word' id='word_1_923' title='bbox 1032 2724 1113 2750; x_wconf 78' lang='lat' dir='ltr'><strong>vineis</strong></span> <span class='ocrx_word' id='word_1_924' title='bbox 1127 2721 1161 2750; x_wconf 79' lang='lat' dir='ltr'><strong>ad</strong></span> <span class='ocrx_word' id='word_1_925' title='bbox 1176 2721 1326 2750; x_wconf 79' lang='lat' dir='ltr'><strong>custodiam</strong></span> <span class='ocrx_word' id='word_1_926' title='bbox 1340 2727 1490 2757; x_wconf 84' lang='lat' dir='ltr'><strong>poneretur.</strong></span> <span class='ocrx_word' id='word_1_927' title='bbox 1506 2721 1609 2755; x_wconf 81' lang='lat' dir='ltr'><strong>Moyses</strong></span> <span class='ocrx_word' id='word_1_928' title='bbox 1625 2726 1716 2748; x_wconf 81' lang='lat' dir='ltr'><strong>autent</strong></span> <span class='ocrx_word' id='word_1_929' title='bbox 1731 2722 1774 2749; x_wconf 79' lang='lat' dir='ltr'><strong>hic</strong></span> <span class='ocrx_word' id='word_1_930' title='bbox 1787 2727 1827 2749; x_wconf 82' lang='lat' dir='ltr'><strong>est</strong></span> 
     </span>
    </p>
   </div>
   <div class='ocr_carea' id='block_1_116' title="bbox 1032 2756 1826 2799">
    <p class='ocr_par' dir='ltr' id='par_1_116' title="bbox 1032 2756 1826 2799">
     <span class='ocr_line' id='line_1_119' title="bbox 1032 2756 1826 2799; baseline -0.003 -14"><span class='ocrx_word' id='word_1_931' title='bbox 1032 2763 1056 2799; x_wconf 76' lang='lat' dir='ltr'><strong>et</strong></span> <span class='ocrx_word' id='word_1_932' title='bbox 1071 2758 1213 2799; x_wconf 53' lang='lat' dir='ltr'><strong>prop/tetri.</strong></span> <span class='ocrx_word' id='word_1_933' title='bbox 1226 2765 1338 2798; x_wconf 76' lang='lat' dir='ltr'><strong>quorum</strong></span> <span class='ocrx_word' id='word_1_934' title='bbox 1350 2757 1525 2799; x_wconf 61' lang='lat' dir='ltr'><strong>singuliager</strong></span> <span class='ocrx_word' id='word_1_935' title='bbox 1539 2756 1737 2799; x_wconf 51' lang='lat' dir='ltr'><strong>plenus‘emnt,</strong></span> <span class='ocrx_word' id='word_1_936' title='bbox 1748 2765 1826 2791; x_wconf 81' lang='lat' dir='ltr'><strong>quens</strong></span> 
     </span>
    </p>
   </div>
   <div class='ocr_carea' id='block_1_117' title="bbox 1034 2792 1826 2833">
    <p class='ocr_par' dir='ltr' id='par_1_117' title="bbox 1034 2792 1826 2833">
     <span class='ocr_line' id='line_1_120' title="bbox 1034 2792 1826 2833; baseline -0.001 -13"><span class='ocrx_word' id='word_1_937' title='bbox 1034 2792 1166 2820; x_wconf 75' lang='lat' dir='ltr'><strong>benedixit</strong></span> <span class='ocrx_word' id='word_1_938' title='bbox 1183 2793 1329 2833; x_wconf 54' lang='lat' dir='ltr'><strong>Dominus.</strong></span> <span class='ocrx_word' id='word_1_939' title='bbox 1343 2797 1420 2833; x_wconf 67' lang='lat' dir='ltr'><strong>atque</strong></span> <span class='ocrx_word' id='word_1_940' title='bbox 1432 2792 1505 2819; x_wconf 84' lang='lat' dir='ltr'><strong>vinea</strong></span> <span class='ocrx_word' id='word_1_941' title='bbox 1517 2799 1525 2818; x_wconf 89' lang='lat'><em>:</em></span> <span class='ocrx_word' id='word_1_942' title='bbox 1537 2793 1565 2818; x_wconf 83' lang='lat' dir='ltr'><strong>in</strong></span> <span class='ocrx_word' id='word_1_943' title='bbox 1582 2792 1676 2833; x_wconf 77' lang='lat' dir='ltr'><strong>quibus</strong></span> <span class='ocrx_word' id='word_1_944' title='bbox 1690 2793 1750 2833; x_wconf 85' lang='lat' dir='ltr'><strong>quis</strong></span> <span class='ocrx_word' id='word_1_945' title='bbox 1768 2800 1826 2819; x_wconf 79' lang='lat' dir='ltr'><strong>eer-</strong></span> 
     </span>
    </p>
   </div>
   <div class='ocr_carea' id='block_1_118' title="bbox 1032 2827 1827 2862">
    <p class='ocr_par' dir='ltr' id='par_1_118' title="bbox 1032 2827 1827 2862">
     <span class='ocr_line' id='line_1_121' title="bbox 1032 2827 1827 2862; baseline -0.003 -7"><span class='ocrx_word' id='word_1_946' title='bbox 1032 2837 1105 2860; x_wconf 71' lang='lat' dir='ltr'><strong>sanx,</strong></span> <span class='ocrx_word' id='word_1_947' title='bbox 1119 2836 1164 2854; x_wconf 88' lang='lat' dir='ltr'><strong>nec</strong></span> <span class='ocrx_word' id='word_1_948' title='bbox 1181 2828 1295 2862; x_wconf 82' lang='lat' dir='ltr'><strong>priorem</strong></span> <span class='ocrx_word' id='word_1_949' title='bbox 1309 2827 1428 2854; x_wconf 85' lang='lat' dir='ltr'><strong>habitum</strong></span> <span class='ocrx_word' id='word_1_950' title='bbox 1444 2835 1560 2862; x_wconf 77' lang='lat' dir='ltr'><strong>seruans,</strong></span> <span class='ocrx_word' id='word_1_951' title='bbox 1574 2831 1663 2861; x_wconf 86' lang='lat' dir='ltr'><strong>utpote</strong></span> <span class='ocrx_word' id='word_1_952' title='bbox 1677 2827 1784 2855; x_wconf 69' lang='lat' dir='ltr'><strong>ritwam</strong></span> <span class='ocrx_word' id='word_1_953' title='bbox 1797 2834 1827 2855; x_wconf 70' lang='grc' dir='ltr'><strong>τι</strong></span> 
     </span>
    </p>
   </div>
   <div class='ocr_carea' id='block_1_119' title="bbox 1032 2861 1578 2898">
    <p class='ocr_par' dir='ltr' id='par_1_119' title="bbox 1032 2861 1578 2898">
     <span class='ocr_line' id='line_1_122' title="bbox 1032 2861 1578 2898; baseline -0.004 -8"><span class='ocrx_word' id='word_1_954' title='bbox 1032 2863 1164 2897; x_wconf 74' lang='lat' dir='ltr'><strong>Sodomis,</strong></span> <span class='ocrx_word' id='word_1_955' title='bbox 1181 2861 1304 2898; x_wconf 70' lang='lat' dir='ltr'><strong>prwsenti</strong></span> <span class='ocrx_word' id='word_1_956' title='bbox 1318 2870 1434 2889; x_wconf 79' lang='lat' dir='ltr'><strong>sermone</strong></span> <span class='ocrx_word' id='word_1_957' title='bbox 1450 2861 1578 2889; x_wconf 84' lang='lat' dir='ltr'><strong>abutitur.</strong></span> 
     </span>
    </p>
   </div>
  </div>
