1892 3050
94 93 147 122 H1

766 96 867 125 ιιιςειι
886 95 1075 126 SECUNDUS.

1687 100 1737 128 118

105 153 226 182 obnoxia
239 153 302 183 hac
316 162 381 190 quae
394 161 428 183 ex
444 154 584 182 nationum
603 155 774 191 dispersione
798 156 902 191 colligi-
917 160 939 188 Λ
953 157 1004 185 bus
1017 157 1085 189 suis,
1099 156 1300 192 constitutaque
1311 161 1352 186 est
1367 158 1401 185 ah
1417 159 1458 186 eis
1474 159 1615 187 vinearum
1629 163 1734 193 custos,

108 205 163 232 tur.
176 204 204 228 et
215 200 274 235 jam
287 200 402 228 Christo
425 207 525 235 sponsa
542 206 719 236 praeparatur.
748 201 902 230 Recordare

109 245 249 280 quomodo
272 246 362 280 prima
379 246 478 274 mulier
490 245 602 274 seducta
613 250 677 282 est“
689 249 716 273 et
730 247 756 273 in
772 246 902 282 praevari-

110 290 217 318 ratione
241 290 314 318 facta
331 299 337 317 :
355 298 418 326 quae
441 298 496 318 non
519 290 599 318 aliter
621 291 696 318 salva
716 291 775 319 fieri
789 291 901 324 dicitur,

111 336 161 364 nisi
189 344 237 369 per
260 336 379 364 tiliorum
403 336 616 372 generationem,
632 336 742 363 illorum
767 336 902 364 duntaxat

110 382 157 416 qui
169 387 331 417 permanent
342 381 369 409 in
383 381 436 409 ﬁde
446 386 473 409 et
486 382 618 410 cbaritate
633 390 695 410 cum
708 383 852 410 sanctitate
865 383 900 410 ".

111 426 170 454 Hoc
184 434 251 462 ergo
263 427 335 463 quod
350 428 384 456 de
396 427 483 455 Adam
499 431 526 454 et
541 427 597 454 Eva
612 427 751 460 scribitur,
775 428 816 455 sic
826 435 903 455 asse-

110 478 189 501 verat
202 473 349 509 Apostolus
366 483 373 501 :
392 473 548 509 Hysterium
565 481 690 509 maguum
699 478 738 500 est
753 474 780 500 in
796 473 902 502 Christo

111 525 136 547 et
151 520 178 546 in
194 520 312 546 Ecclesia
327 520 368 553 ἐς
387 520 432 555 qui
447 527 506 547 eam
523 520 560 546 ita
572 519 668 547 dilexit
683 523 712 547 ut
723 521 902 556 semetipsum

112 565 233 594 traderet
257 572 306 600 pro
323 573 365 598 ea,
387 573 450 592 cum
467 569 540 593 esset
553 565 644 593 adhuc
664 566 746 601 impia
761 566 819 594 haec
831 567 901 601 ipsa,

112 610 186 637 sicut
202 610 261 645 ipse
271 610 341 637 dixit
355 619 362 637 :
380 609 446 637 Cum
462 610 530 636 enim
543 609 629 636 adhuc
641 610 784 638 sectmdum
801 615 902 644 tempus

113 656 190 690 impii
205 663 332 689 essemus,
348 654 470 683 Christus
484 663 531 690 pro
545 655 620 683 nobis
633 660 753 682 mortuus
763 660 801 682 est
813 655 847 682 ".
870 655 903 683 Et

113 702 215 729 iterum
231 711 238 729 :
257 701 328 734 Quid
341 709 400 728 cum
415 700 500 728 adhuc
513 708 628 728 essemus
640 701 769 735 inﬁdeles,
780 700 902 728 Christus

111 755 161 781 pro
174 746 249 774 nobis
261 751 379 773 mortuus
392 750 431 774 est
444 746 464 773 ί.
481 745 540 773 Non
555 754 621 781 ergo
633 746 731 773 mirum
744 750 796 779 est,
808 746 830 773 si
845 745 903 773 haec

111 801 176 828 qua:
189 792 302 820 seducta
318 797 345 820 et
361 792 388 819 in
403 792 625 827 praevaricatione
641 791 722 824 facta,
740 800 801 827 qua:
820 792 901 827 impia

954 211 1084 231 sensuum
1100 203 1204 231 scilicet
1219 207 1246 230 et
1265 203 1423 238 dogmatum
1448 204 1603 232 divinorum
1621 212 1653 232 ex
1676 205 1737 239 qui-

954 248 1006 276 bus
1019 249 1106 284 possit
1119 249 1212 276 vinum
1227 249 1331 282 bibere,
1344 250 1418 285 quod
1435 250 1551 278 laetificet
1565 257 1613 278 cor
1625 250 1695 284 ejus.

990 293 1066 322 Vers.
1075 294 1102 321 7.
1112 295 1246 322 Aununlia
1255 295 1318 322 mihi
1325 304 1400 330 quem
1409 295 1504 323 dilexit
1511 296 1600 323 animo
1613 304 1680 328 mea,
1693 297 1736 323 ubi

953 340 1007 377 55
1016 342 1112 375 pascis.
1121 341 1166 368 ubi
1181 341 1265 369 cubile
1273 341 1350 369 habes
1359 343 1386 368 in
1401 342 1519 376 meridie,
1529 350 1560 370 ne
1568 342 1635 377 forte
1641 343 1736 377 εῃῖιὶαι

953 385 1021 413 sicut
1032 386 1160 420 adoperta
1172 393 1250 420 super
1260 394 1348 421 greges
1361 386 1493 413 sodalium
1506 391 1621 414 tuorum.
1642 386 1737 414 Adhuc

953 438 1054 465 sponsa
1065 430 1185 466 loquitur
1200 431 1283 459 etiam
1301 432 1368 465 haec,
1381 432 1428 459 sed
1443 432 1476 460 ad
1489 440 1630 467 sponsum,
1645 439 1673 460 et
1683 440 1738 460 non

953 477 1008 513 jam
1026 477 1060 505 ad
1074 477 1144 506 ﬁlias
1159 477 1338 506 Hierusalem.
1369 478 1454 514 Igitur
1468 479 1503 507 ab
1519 479 1598 507 initio
1613 479 1659 507 ubi
1674 479 1714 507 ait
1728 488 1737 507 :

956 523 1096 552 Osculetur
1110 532 1167 557 me,
1183 532 1272 559 usque
1287 525 1321 552 ad
1335 525 1408 553 huiic
1422 526 1510 553 locum
1527 534 1534 553 :
1552 525 1637 561 Super
1649 534 1738 562 greges

953 570 1095 602 sodalium,
1111 574 1209 597 cuncta
1223 563 1285 605 quas
1297 570 1370 598 dicta
1385 576 1466 606 sunt,
1479 572 1561 600 verba
1577 575 1641 600 sunt
1656 580 1738 607 spon-

954 623 1000 643 sae.
1018 615 1070 642 Sed
1090 615 1178 650 primo
1191 623 1282 642 sermo
1295 616 1355 651 ejus
1369 617 1403 644 ad
1419 616 1504 644 Deum
1518 617 1606 645 factus
1618 622 1657 645 est
1667 637 1675 650 ,
1694 625 1739 645 se-

953 661 1044 689 cundo
1057 661 1091 688 ad
1106 668 1236 695 sponsum
1248 682 1255 694 ,
1269 662 1349 689 tertio
1360 662 1393 690 ad
1409 662 1642 696 adolescentulus;
1668 663 1739 690 inter

953 714 1023 742 quas
1033 711 1061 735 et
1075 715 1206 742 sponsum
1218 708 1306 735 media
1322 708 1457 743 quadam,
1472 713 1499 736 et
1516 713 1545 736 ut
1561 716 1591 736 se
1605 709 1738 736 dramatis

954 753 1037 788 hujus
1052 753 1156 789 species
1168 754 1250 782 habet
1260 754 1340 789 quasi
1354 755 1532 782 mesochorus
1545 754 1650 788 ed‘ecta,
1666 763 1739 782 nunc

956 798 989 826 ad
1003 798 1104 834 ipsum,
1118 807 1191 828 nunc
1206 799 1288 827 etiam
1304 799 1339 826 ad
1356 799 1426 827 ﬁlias
1441 799 1609 827 Hierusalem
1625 807 1739 834 respon-

111 838 264 866 secundum
287 842 392 872 tempus
404 837 456 864 fuit
479 841 506 865 et
529 837 664 872 peccatrix
679 859 686 870 ,
703 838 782 866 talem
797 838 902 866 dicatur

963 832 1034 877 lens,
1049 844 1141 881 dirigit
1153 846 1246 873 verba.
1276 845 1332 873 Hos
1345 853 1411 880 ergo
1427 854 1501 873 nunc
1513 846 1622 874 ultimos
1634 832 1740 874 sermo-

111 885 221 911 vineam
239 883 358 911 coluisse
371 890 405 911 eo
419 887 549 918 tempore,
565 891 627 911 cum
639 882 728 910 adhuc
741 883 822 918 impia
833 887 902 916 erat,

109 938 196 966 quam
219 929 374 964 relinquere
390 929 530 963 debuerit,
551 932 579 957 et
597 936 769 964 nequaquam
791 929 904 958 omnino

109 984 193 1005 sorva
197 984 237 1004 re.

147 1023 230 1056 Quod
245 1023 267 1050 si
284 1022 366 1050 etiam
390 1023 499 1050 tertium
516 1022 715 1058 explanationis
736 1022 827 1050 locum
843 1021 902 1058 pla-

109 1075 157 1096 cct
169 1069 294 1104 exsequi,
311 1068 463 1096 referamus
483 1069 540 1096 hanc
561 1068 594 1096 ad
611 1076 832 1103 unamquamque
844 1069 903 1096 ani-

109 1123 201 1146 suam.
217 1124 277 1150 qua:
292 1123 425 1144 c0nversa
437 1116 470 1143 ad
485 1115 581 1149 Deum,
598 1120 625 1143 et
639 1115 672 1142 ad
684 1115 763 1142 [idem
779 1115 901 1149 veniens,

110 1161 219 1196 patitur
230 1161 289 1189 sine
302 1161 386 1188 dubio
399 1161 593 1196 cogitationum
606 1168 723 1196 pugnas,
740 1164 767 1188 et
781 1160 904 1187 oblucta-

110 1207 207 1235 tiones
228 1207 381 1234 daemonum
405 1214 532 1234 revocare
546 1214 607 1233 eam
623 1205 767 1233 nitentium
780 1205 813 1232 ad
830 1206 903 1240 prio-

109 1253 153 1280 ris
169 1252 232 1280 vitae
246 1252 399 1286 illecebras,
415 1252 456 1280 vel
471 1251 637 1280 infidelitatis
650 1258 783 1278 errorem.
803 1250 855 1279 Sed
869 1259 903 1279 ne

108 1299 169 1326 hoc
188 1301 252 1332 tiat,
273 1306 342 1326 neve
366 1306 474 1326 rursum
490 1298 658 1326 dmmonibus
676 1296 704 1324 in
721 1305 782 1325 eam
796 1300 902 1324 tantum

107 1345 206 1376 liceat,
218 1345 358 1380 prospexit
371 1344 465 1372 divina
480 1344 652 1372 Providentia
666 1348 696 1371 ut
710 1343 831 1380 parvulis
845 1343 904 1379 qui-

106 1391 232 1426 busque,
249 1395 276 1418 et
292 1390 336 1418 his
347 1390 394 1426 qui
412 1398 462 1426 pro
477 1390 629 1426 semetipsis
645 1390 776 1418 adversus
787 1389 903 1417 astutias

105 1437 216 1464 diaboli
232 1442 259 1465 et
274 1436 429 1464 daemonum
445 1444 549 1472 pugnas
569 1436 700 1464 dimicare
716 1444 769 1464 non
789 1439 904 1471 possunt

105 1486 210 1518 utpote
229 1482 348 1510 infantes
360 1482 451 1510 adhuc
461 1487 488 1510 et
500 1483 629 1510 lactentes
643 1482 670 1510 in
690 1481 800 1510 Christo
813 1501 820 1514 ,
837 1481 903 1509 dare

104 1528 228 1564 angelos
243 1532 464 1564 propugnatores
476 1532 503 1556 et
516 1527 674 1556 defensores
688 1537 695 1555 :
711 1527 758 1563 qui
773 1527 846 1555 velut
861 1532 903 1554 tu-

104 1579 187 1602 tores
200 1578 230 1602 et
242 1579 435 1609 procuratores
456 1574 598 1602 constituti
617 1578 681 1602 sunt
696 1582 711 1602 a
724 1573 779 1602 Deo
798 1581 902 1607 eorum,

103 1620 157 1655 qui
176 1619 204 1646 in
223 1619 331 1646 infirma
345 1623 424 1647 aetate
442 1619 521 1654 positi
538 1627 588 1655 pro
605 1619 759 1654 semetipsis
779 1620 821 1654 (ut
833 1619 904 1646 dixi-

106 1667 189 1699 mus)
205 1674 328 1701 pugnare
342 1674 397 1694 non
418 1672 542 1702 possunt.
569 1665 603 1694 Et
619 1671 647 1693 ut
661 1666 713 1694 hoc
725 1673 789 1694 cum
806 1666 903 1701 majori

106 1711 216 1740 ﬁducia
232 1716 324 1747 agant,
349 1712 509 1740 conceditur
521 1713 561 1740 eis
578 1720 686 1748 semper
700 1712 791 1740 videre
807 1711 902 1739 faciem

104 1756 203 1785 Patris
216 1758 263 1793 qui
281 1757 308 1785 in
324 1757 402 1786 cadis
418 1762 460 1786 est
473 1758 485 1774 ¹
501 1767 508 1786 :
525 1763 553 1786 et
568 1758 636 1786 istos
652 1762 717 1794 puto
729 1765 790 1786 esse
805 1765 903 1793 parvu-

105 1803 153 1830 los
166 1811 240 1837 quos
257 1803 349 1831 venire
371 1804 405 1831 ad
428 1811 458 1832 se
481 1804 607 1832 Christus
621 1804 720 1839 jussit,
731 1809 758 1832 et
774 1811 830 1831 non
842 1803 905 1832 sivit

106 1849 267 1884 prohiberi,
293 1854 321 1877 et
340 1857 410 1885 quos
432 1858 539 1885 semper
558 1850 627 1877 dixit
639 1850 730 1878 videre
744 1849 840 1878 faciem
854 1849 906 1877 Pa—

107 1894 176 1922 tris.
210 1893 266 1922 Nec
281 1894 329 1922 tibi
345 1894 513 1923 contrarium
528 1894 662 1928 videatur,
677 1895 700 1922 si
713 1902 762 1922 eos
774 1895 831 1923 haec
843 1894 904 1922 ani-

108 1948 156 1967 ma
168 1948 232 1976 qua:
245 1940 278 1967 ad
292 1939 377 1968 Deum
390 1940 486 1974 tendit,
505 1940 600 1968 matris
612 1947 668 1968 suae
689 1940 761 1968 ﬁlios
777 1941 903 1976 appellat.

110 1985 141 2013 Si
155 1986 232 2013 enim
249 1985 403 2013 animarum
417 1991 505 2014 mater
528 1985 700 2014 Hierusalem
721 1986 841 2014 emlestis
852 1990 905 2018 est,

108 2036 138 2059 et
153 2031 247 2067 angeli
270 2031 450 2060 nihilominus
476 2032 601 2060 caelestes
626 2032 821 2064 nominantur,
838 2032 906 2059 nihil

109 2077 265 2105 dissonans
276 2077 423 2111 videbitur,
449 2078 472 2105 si
488 2078 515 2105 hi
531 2077 578 2113 qui
593 2078 719 2106 similiter
731 2083 762 2105 ut
777 2078 836 2113 ipsa
850 2086 906 2106 c03-

112 2122 197 2150 Iestes
222 2127 307 2154 sunt,
330 2122 364 2150 ab
384 2131 415 2150 ea
431 2123 477 2150 lilii
493 2123 588 2151 matris
607 2123 785 2158 appellantur.
818 2123 905 2159 Super

112 2167 208 2195 omnia
223 2172 315 2194 autem
334 2175 484 2203 congruum
499 2169 635 2196 videbitur
649 2173 677 2195 et
687 2168 862 2201 conveniens,
875 2173 905 2195 ut

114 2212 217 2248 quibus
235 2221 309 2241 unus
319 2217 362 2241 est
377 2213 458 2241 Pater
474 2214 563 2246 Deus,
582 2221 635 2241 una
647 2214 683 2241 sit
697 2217 725 2242 et
736 2213 905 2241 Hierusalem

117 2263 215 2286 mater.

151 2301 232 2336 Quod
249 2309 314 2329 vero
330 2301 388 2329 ait:
409 2300 516 2330 Vineam
534 2311 617 2330 meum
634 2311 685 2330 nan
706 2302 852 2336 custodiri,
867 2301 907 2329 in-

118 2349 210 2376 stituta
228 2348 275 2376 illa
288 2355 321 2376 ac
335 2355 427 2375 mores
445 2352 473 2376 et
493 2348 663 2384 propositum
685 2348 712 2376 in
725 2356 780 2384 quo
795 2355 905 2376 exerce-

119 2393 197 2421 batur
211 2392 364 2421 secundum
380 2397 497 2420 veterem
514 2393 652 2421 hominem
664 2394 768 2426 vivens,
785 2393 905 2421 indicare

121 2438 226 2465 videtur
240 2437 414 2465 laudabiliter
428 2445 444 2465 a
460 2445 489 2465 se
504 2446 559 2466 non
577 2446 638 2467 esse
650 2443 767 2466 servata.
794 2438 832 2466 Ex
849 2447 905 2474 quo

123 2489 209 2511 autem
235 2483 375 2519 adjutorio
390 2483 550 2519 angelorum
563 2483 712 2518 dimicavit,
732 2484 798 2512 vicit
813 2493 845 2512 ac
857 2493 904 2520 pe—

121 2529 192 2557 nitus
203 2529 261 2564 (45)
275 2537 291 2556 a
303 2536 333 2557 se
346 2528 476 2564 effugavit
489 2533 606 2557 veterem
618 2530 756 2558 hominem
768 2538 829 2558 cum
842 2530 906 2558 acti-

155 2585 176 2602 ’⁷
194 2584 291 2620 ΙΤίιη.
308 2592 346 2618 ιι,
362 2584 411 2620 1ξί1
443 2584 466 2600 ’⁸
485 2583 584 2620 Ephes.
599 2585 684 2618 v.52.
722 2585 745 2602 ”
765 2584 844 2613 Rom.
858 2593 894 2618 v,
913 2586 941 2614 6.

121 2620 147 2649 9.
181 2620 193 2636 ⁸
211 2619 298 2648 iCor.
312 2627 363 2653 xu,
375 2619 421 2646 27.

156 2668 208 2703 (45)
229 2668 309 2704 Libb.
329 2671 412 2695 antea
436 2667 520 2703 editi,
543 2672 568 2696 et
587 2668 648 2696 uicit
666 2677 723 2697 eam
739 2677 770 2696 ac
785 2670 899 2704 penitus.

124 2703 183 2732 Mss.
197 2708 227 2731 ut
239 2703 267 2730 in
281 2707 379 2731 nostro
393 2707 478 2730 textu.

155 2739 208 2774 (μ)
228 2738 296 2774 Mss.
306 2758 315 2772 ,
331 2737 486 2772 referenda;
509 2738 613 2774 vulgati
630 2739 711 2772 libri,
726 2739 900 2774 prtufereuda.

154 2773 207 2808 (i5)
225 2773 294 2802 Mss.
306 2793 313 2805 ,
331 2777 413 2804 sunt,
434 2781 502 2807 qua.
519 2773 588 2801 Editi
600 2794 607 2806 ,
622 2778 699 2807 sunt,
716 2773 789 2809 quia.
818 2774 903 2801 Paulo

125 2815 177 2845 post
189 2817 271 2843 mss.,
287 2809 350 2836 ista:
362 2813 450 2835 autem
462 2816 549 2837 omns
563 2809 720 2844 differentia:
733 2817 823 2838 eorum
841 2815 902 2837 sunt

954 896 1003 916 nes
1019 895 1085 917 suos
1097 889 1131 917 ad
1143 897 1274 924 sponsum
1290 889 1367 923 facit,
1382 891 1525 925 requirens
1538 891 1572 918 ab
1587 898 1620 918 co
1633 891 1680 918 ubi
1694 898 1742 926 pa-

954 939 1014 963 scat
1028 935 1054 963 in
1067 936 1180 964 meridie
1190 955 1199 970 ,
1213 940 1241 964 et
1253 937 1299 964 ubi
1316 937 1432 965 collocet
1445 945 1552 973 gregem
1563 956 1572 969 ,
1591 945 1689 965 verens
1706 946 1741 965 ne

953 980 1019 1008 dum
1036 981 1151 1016 requirit
1171 989 1245 1014 eum,
1261 981 1383 1009 incurrat
1396 982 1423 1009 in
1445 989 1476 1010 ea
1499 983 1557 1010 loca
1574 982 1618 1009 ubi
1632 983 1739 1011 sodales

954 1025 1049 1060 sponsi
1061 1026 1165 1054 locatos
1181 1033 1229 1061 per
1246 1027 1387 1055 meridiem
1398 1034 1492 1062 greges
1510 1033 1627 1055 servant.
1642 1030 1741 1057 Osten-

953 1071 1028 1098 ditur
1043 1075 1134 1099 autem
1147 1079 1196 1107 per
1210 1071 1267 1100 haec
1281 1072 1346 1107 quia
1362 1081 1479 1107 sponsus
1498 1073 1542 1102 hic
1553 1074 1634 1102 etiam
1649 1080 1740 1110 pastor

954 1116 1000 1145 sit.
1019 1116 1048 1144 in
1061 1117 1249 1152 superioribus
1261 1122 1351 1145 autem
1366 1118 1550 1148 didiceramus
1562 1128 1624 1148 eum
1639 1128 1701 1148 esse
1713 1125 1742 1148 ct

953 1170 1056 1198 regem,
1071 1171 1121 1198 pro
1133 1171 1167 1190 eo
1181 1163 1241 1191 sine
1257 1164 1341 1192 dubio
1355 1165 1428 1199 quod
1444 1165 1568 1194 homines
1583 1171 1674 1203 regat;
1697 1175 1742 1202 pa-

954 1212 1056 1235 storem
1073 1215 1138 1236 vero
1154 1216 1203 1243 pro
1216 1215 1250 1235 eo
1263 1209 1335 1243 quod
1352 1217 1417 1238 oves
1428 1215 1538 1245 pascat;
1553 1218 1683 1245 sponsum
1695 1220 1742 1238 au-

953 1255 1006 1280 tem
1024 1259 1072 1288 pro
1085 1261 1118 1281 eo
1135 1253 1207 1288 quod
1221 1252 1320 1281 haheat
1335 1261 1465 1289 sponsam
1481 1263 1541 1289 qua:
1559 1263 1621 1283 cum
1642 1263 1676 1284 eo
1694 1265 1740 1284 re-

953 1302 1033 1334 gnet,
1048 1299 1198 1327 secundum
1213 1300 1286 1334 quod
1311 1300 1442 1335 scriptum
1455 1306 1497 1328 est
1513 1310 1520 1328 :
1539 1302 1632 1329 Astiu‘t
1648 1303 1740 1337 regina

953 1352 971 1370 α
990 1344 1092 1371 dextris
1115 1344 1168 1371 tuis
1190 1347 1218 1371 in
1242 1345 1336 1372 vestitu
1358 1345 1487 1372 deaurato
1501 1346 1522 1372 '.
1550 1345 1611 1374 Haec
1627 1347 1738 1375 interim

953 1388 1075 1417 continet
1096 1389 1228 1417 dramatis
1253 1389 1340 1424 ipsius
1365 1389 1412 1425 qui
1433 1393 1475 1418 est
1499 1386 1578 1425 quasi
1592 1391 1742 1420 historicus

954 1435 1034 1463 ordo.
1563 1458 1582 1465 ,η

989 1480 1067 1508 Nunc
1076 1485 1166 1508 autem
1179 1479 1351 1516 requiramus
1360 1480 1564 1516 intelligentiam
1576 1482 1719 1517 mysticam
1734 1493 1740 1510 :

954 1532 981 1555 et
995 1528 1017 1555 si
1032 1532 1140 1562 oportet
1154 1527 1303 1562 praevenire
1326 1527 1466 1562 paululum
1483 1536 1514 1555 ea
1529 1536 1590 1563 quae
1605 1529 1632 1556 in
1649 1534 1742 1564 poste-

954 1573 1075 1601 rioribus
1097 1573 1238 1600 referenda
1255 1577 1320 1601 sunt
1333 1573 1400 1609 (ιι),
1424 1580 1479 1608 quo
1502 1574 1565 1608 quis
1580 1573 1694 1602 allectus
1705 1575 1743 1603 sit

955 1619 1053 1646 horum
1079 1618 1213 1646 sodalium
1236 1622 1346 1654 pateat.
1375 1626 1560 1646 memoremus
1580 1619 1646 1647 illud
1669 1620 1742 1656 quod

954 1665 1086 1699 scriptum
1103 1669 1161 1699 est;
1185 1665 1248 1700 quia
1272 1665 1373 1700 reginae
1388 1669 1453 1693 sunt
1475 1665 1625 1700 sexaginta,
1648 1666 1695 1694 sed
1708 1674 1742 1694 ex

955 1711 998 1738 his
1015 1710 1145 1738 omnibus
1162 1718 1216 1738 una
1238 1710 1275 1738 sit
1287 1710 1413 1738 columba
1425 1731 1433 1744 ,
1454 1715 1482 1738 et
1492 1718 1546 1738 una
1559 1711 1692 1746 perfecta,
1710 1719 1743 1739 ac

954 1756 1089 1790 particeps
1111 1755 1204 1791 regni;
1227 1759 1330 1783 caetera;
1350 1763 1416 1783 vero
1436 1756 1492 1791 jam
1511 1756 1656 1784 inferiores
1679 1761 1744 1784 sunt

954 1808 1016 1836 qua:
1031 1799 1088 1836 (45)
1101 1801 1238 1836 octoginta
1262 1801 1432 1836 appellantur
1449 1802 1625 1833 concubinae;
1649 1802 1742 1830 adole-

955 1847 1084 1875 scentulae
1099 1854 1162 1874 vero
1174 1854 1291 1882 quarum
1303 1854 1435 1875 numerus
1449 1848 1540 1875 nullus
1555 1852 1606 1882 est,
1621 1853 1682 1883 post
1697 1856 1743 1876 or-

954 1892 1045 1919 dinem
1058 1891 1271 1920 concubinarum
1288 1897 1436 1927 ponuntur.
1465 1893 1526 1921 ista
1542 1898 1633 1921 autem
1647 1903 1744 1923 omnes

955 1937 1115 1964 diﬂ‘erentiaa
1139 1944 1234 1965 eorum
1259 1942 1340 1970 sunt,
1358 1938 1404 1973 qui
1417 1938 1444 1966 in
1459 1938 1569 1966 Christo
1590 1940 1741 1972 credentes.

955 1982 1070 2010 diversis
1091 1982 1116 2010 ei
1131 1982 1271 2010 aﬂ‘ectibus
1287 1983 1444 2015 sociantur;
1462 1987 1492 2011 ut
1505 1984 1580 2011 verbi
1603 1985 1688 2020 gratia
1701 1985 1742 2012 di-

955 2035 1061 2061 camus,
1072 2035 1181 2055 omnem
1198 2027 1348 2054 Ecclesium
1361 2035 1408 2062 per
1418 2027 1537 2062 aliquam
1552 2028 1666 2063 ligurum
1684 2037 1744 2057 cor-

955 2081 1007 2109 pus
1020 2081 1081 2101 esse
1090 2073 1202 2105 Christi,
1213 2073 1361 2108 Apostolus
1373 2072 1429 2108 (46)
1442 2073 1509 2100 dicit
1521 2074 1532 2089 ⁸
1544 2082 1551 2107 ;
1569 2074 1596 2101 in
1613 2082 1668 2109 quo
1679 2082 1743 2102 cor-

955 2127 1021 2156 pore
1035 2119 1143 2147 diversa
1157 2127 1219 2146 esse
1235 2119 1355 2146 membra
1372 2120 1547 2154 pronuntiat,
1563 2124 1590 2147 et
1601 2120 1670 2147 alios
1681 2128 1743 2148 esse

957 2166 1061 2199 oculos,
1075 2170 1103 2193 et
1117 2166 1186 2193 alios
1199 2173 1308 2198 manus,
1325 2164 1393 2192 alios
1405 2165 1488 2192 etiam
1503 2166 1594 2200 pedes,
1609 2170 1637 2193 et
1652 2166 1743 2202 singu-

958 2211 998 2239 los
1023 2218 1072 2246 pro
1091 2218 1204 2246 operum
1226 2210 1434 2246 studiorumque
1457 2218 1571 2238 suorum
1595 2211 1700 2239 meritis
1714 2212 1742 2239 in

957 2257 1078 2285 membra
1090 2257 1213 2292 corporis
1225 2256 1306 2291 hujus
1316 2257 1414 2292 aptari.
1430 2257 1584 2285 Secundum
1597 2258 1667 2285 hanc
1677 2265 1742 2293 ergo

958 2301 1074 2336 speciem
1089 2304 1116 2328 et
1132 2300 1189 2328 haec
1203 2300 1377 2335 intelligenda
1399 2306 1480 2334 sunt;
1504 2306 1530 2329 et
1551 2301 1620 2329 alias
1632 2303 1741 2338 quidem

958 2347 1064 2373 animas
1078 2346 1228 2381 putandum
1244 2350 1286 2374 est
1303 2346 1331 2373 in
1344 2346 1397 2373 hoc
1410 2346 1529 2382 sponsali
1544 2347 1666 2375 dramate
1681 2355 1743 2383 qua:

955 2391 1189 2427 magniﬁcentiore
1209 2391 1305 2420 all‘ectu
1326 2400 1428 2427 sponso
1440 2396 1522 2428 atque
1534 2393 1682 2421 illustriore
1694 2401 1741 2421 so-

955 2438 1073 2470 ciantur,
1097 2438 1169 2474 apud
1184 2446 1246 2466 eum
1272 2439 1431 2474 reginarum
1449 2438 1510 2466 loco
1531 2443 1558 2466 et
1577 2439 1673 2467 affectu
1693 2439 1742 2466 ha-

954 2484 1031 2518 beri;
1046 2484 1114 2512 alias
1130 2492 1246 2520 quarum
1261 2484 1374 2512 inferior
1381 2485 1440 2512 sine
1447 2484 1531 2512 dubio
1539 2485 1564 2512 in
1573 2484 1744 2520 profectibus

955 2535 982 2559 et
995 2530 1142 2558 virtutibus
1164 2530 1252 2558 honor
1268 2535 1319 2564 est,
1345 2530 1561 2558 concubinarum
1578 2530 1637 2558 loco
1659 2530 1741 2562 duci;

967 2586 976 2602 ¹
997 2586 1064 2614 ibid.
1081 2585 1115 2620 8,
1128 2585 1155 2614 9.
1203 2586 1214 2602 ³
1233 2585 1328 2614 Matth.
1344 2593 1428 2620 xvrn,
1450 2586 1493 2613 10.
1540 2585 1551 2602 ⁸
1569 2584 1642 2614 PsaL
1658 2593 1740 2618 κων,

953 2669 1008 2704 qui.
1025 2667 1106 2702 Editi,
1118 2668 1178 2696 ista
1191 2673 1279 2695 autent
1293 2676 1380 2696 omnes
1395 2669 1546 2695 animarum
1560 2675 1650 2695 earum
1660 2668 1740 2703 diffe-

954 2705 1046 2732 rentia!
1058 2709 1129 2739 sunt,
1145 2711 1213 2739 quas.

991 2739 1047 2774 (46)
1067 2737 1239 2774 Ιιίιὼίβιιιειι
1251 2737 1334 2774 editi,
1349 2737 1424 2764 illam
1438 2738 1555 2774 ﬁguram
1574 2745 1668 2772 corpus
1681 2744 1739 2766 esse

957 2772 1066 2808 Christi,
1081 2782 1132 2807 qua
1148 2772 1298 2808 Apostolus.
1312 2772 1376 2800 Mss.
1392 2776 1421 2800 ut
1436 2773 1465 2800 in
1477 2777 1571 2800 nostro
1582 2776 1668 2801 textu.
