1892 3050
158 111 208 139 H9

688 106 849 137 ORIGENlS
866 106 899 135 IN
919 105 1096 135 CANTICUM
1115 104 1253 133 CANTIC.

1737 100 1786 128 lio

153 177 180 199 et
190 171 259 199 alias
267 170 535 199 adolescentularum
551 175 612 203 qua!
623 168 750 196 videntur
762 172 836 195 extra
852 166 941 193 aulam
957 169 979 196 Α
994 163 1046 200 55
1069 165 1211 192 secundant
1230 170 1378 194 numerum,
1399 167 1429 189 ut
1449 161 1503 194 ait,
1527 161 1681 196 angelorum
1698 159 1747 186 Dei
1757 159 1786 192 ';

153 217 264 252 quidem
289 217 396 252 positae,
415 225 470 244 non
492 221 583 244 tamen
605 220 680 242 extra
705 214 800 241 urbem
816 213 941 247 regiam:

154 263 321 298 posteriores
334 270 399 290 vero
415 267 443 290 et
465 267 528 298 post
540 269 636 289 omnes
655 268 715 295 qua:
731 267 812 294 supra
840 266 943 286 memo-

154 314 221 338 rata:
236 315 312 342 sunt,
331 317 393 337 esse
413 316 461 336 eas
477 317 538 343 qua:
548 315 613 335 oves
627 307 805 342 appellantur.
836 305 864 332 Si
879 312 943 332 vero

157 356 357 390 perspiciamus
372 355 518 387 attentius,
541 353 629 380 adhuc
650 351 775 379 fortassis
795 351 877 378 ctiam
896 350 944 377 ha-r

155 408 217 428 rum
235 400 356 427 omnium
374 399 529 426 invenimus
544 397 686 425 inferiores
698 396 778 427 alias,
791 401 819 422 et
834 395 944 422 ultimas

156 446 279 473 nnmium
296 455 304 473 :
319 446 380 473 illas
395 445 501 473 scilicet
512 451 572 478 quze
587 443 613 469 in
636 442 770 469 sodalium
784 441 844 476 ejus
855 440 944 475 gregi-

157 491 208 518 bus
224 495 414 518 numerantur.
440 489 474 516 Et
487 489 537 523 ipsi
553 488 624 515 enim
639 487 738 514 habere
753 493 848 521 greges
861 492 944 520 quos-

155 536 219 562 dam
233 536 380 568 dicuntur,
401 536 427 562 in
450 541 520 569 quos
535 541 589 560 non
606 532 661 559 vult
676 539 776 566 sponsa
793 532 942 560 incurrere.

155 585 183 607 et
201 581 236 608 ob
257 581 309 608 hoc
329 581 394 615 petit
412 588 428 606 a
448 586 550 614 sponso
566 582 595 605 ut
609 577 753 604 annuntiet
765 576 815 603 sibi
836 576 881 602 ubi
896 583 944 609 pa—

155 632 230 659 scat,
248 626 292 654 ubi
314 626 453 653 meridiem
469 625 568 656 faciat,
587 633 636 658 ne,
647 624 747 659 inquit,
762 623 860 657 efﬁciar
876 622 945 648 sicut

155 672 283 707 adoperta
304 680 384 706 super
409 680 498 707 greges
512 671 647 698 sodalium
665 675 783 697 tuorum.
809 668 945 701 Quaeritur

154 725 220 753 ergo
232 717 338 745 sodales
350 717 396 744 isti
411 717 458 752 qui
477 717 577 744 habere
592 716 726 751 quosdam
743 721 838 750 greges
850 713 946 741 dicun-

154 768 208 795 tur,
220 767 312 790 utrum
329 770 432 797 sponso
445 769 556 797 cperant
571 761 667 788 dantes
676 781 683 792 ,
695 765 722 788 et
735 760 786 787 sub
799 759 858 794 ipso
872 759 945 786 velut

155 812 294 843 pastorum
306 807 430 842 principe
445 810 559 840 agentes
572 807 624 833 hoc
637 805 749 838 faciant,
773 803 945 839 quandoqui-

153 854 215 881 dem
227 852 337 882 sodales
350 853 410 888 ejus
422 852 599 880 nominantur
612 860 619 878 :
631 859 665 878 an
678 850 817 886 proprium
829 849 944 884 aliquid,
961 842 983 870 Β

154 904 183 927 et
199 904 404 935 sequestratum
421 898 563 931 habentes,
576 902 602 925 et
613 897 686 932 quod
700 905 755 924 non
767 897 874 924 sitcum
887 896 946 923 ani-

157 954 203 974 mo
218 946 313 981 sponsi
327 955 334 973 :
352 944 573 980 quandoquidem
588 943 687 978 refugit
699 950 811 978 sponsa,
829 946 856 969 et
868 949 946 969 vere-

157 997 202 1019 tur
215 999 249 1019 ne
261 991 330 1019 forte
345 991 468 1019 incurrat
481 990 616 1018 sodalium
631 996 726 1024 greges
736 989 800 1016 dum
814 995 945 1023 sponsum

157 1046 237 1065 suum
254 1038 377 1073 requirit.
395 1037 447 1064 Sed
463 1041 490 1064 et
505 1036 576 1072 quod
589 1036 658 1063 dixit
675 1045 682 1064 ι
700 1035 741 1063 Ne
754 1036 823 1070 forte
837 1034 945 1069 eﬂiciar,

157 1092 211 1112 non
225 1085 367 1119 adoperta,
391 1083 438 1111 sed
457 1084 526 1111 sicut
549 1083 686 1118 adoperta,
703 1082 813 1117 require
827 1089 861 1108 ne
877 1081 947 1108 forte

158 1131 254 1157 innuat
270 1137 319 1164 per
338 1129 389 1156 hoc
401 1136 461 1156 esse
477 1128 597 1163 aliquam
618 1128 660 1155 vel
682 1127 789 1162 aliquas
811 1126 946 1154 sodalium

157 1176 236 1211 quasi
252 1182 367 1211 sponsas
382 1175 514 1202 habentes
530 1174 615 1202 etiam
640 1174 713 1209 ipsas
727 1173 849 1200 habitum
865 1179 947 1207 spon-

157 1222 254 1254 salem,
271 1225 298 1248 et
310 1228 371 1248 esse
384 1221 530 1255 adopertas
540 1241 548 1252 ,
561 1224 606 1252 et,
623 1220 695 1247 sicut
708 1219 856 1254 Apostolus
869 1217 945 1248 dicit,

157 1267 274 1295 velamen
288 1271 312 1293 et
325 1271 481 1301 potestatem
497 1266 630 1293 habentes
647 1273 725 1299 super
739 1268 817 1299 caput
830 1263 851 1290 '.
871 1263 904 1289 Et
919 1266 949 1290 ut

156 1312 327 1340 manifestior
349 1311 486 1339 sermonis
501 1311 585 1346 hujus
596 1310 752 1345 explanatio
773 1310 830 1342 liat,
850 1309 948 1335 iterum

157 1359 237 1394 quasi
260 1357 393 1385 dramatis
417 1357 515 1385 ordine
538 1357 610 1392 quod
635 1356 734 1383 dicitur
754 1360 948 1389 exsequamur.

158 1403 287 1439 Exposcit
309 1403 345 1430 ab
367 1403 426 1437 ipso
443 1410 545 1438 sponso
571 1409 623 1430 suo
637 1408 756 1436 sponsa,
777 1404 807 1427 ut
820 1400 846 1427 ei
859 1400 948 1426 locum

159 1452 257 1479 secreti
271 1449 312 1477 sui
326 1449 427 1476 indicet
438 1454 464 1476 et
476 1449 575 1484 quietis
590 1457 596 1475 :
614 1447 834 1483 quandoquidem
848 1445 949 1474 amoris

159 1497 304 1533 impatiens
326 1497 407 1525 etiam
430 1504 481 1531 per
497 1495 637 1523 meridiem
658 1494 733 1529 cupit
752 1493 847 1520 audire
867 1500 949 1527 spon-

158 1552 238 1577 sum,
263 1551 295 1571 co
313 1544 450 1579 przecipue
471 1547 611 1576 tempore,
635 1547 690 1576 quo
712 1539 813 1567 clarior
835 1539 898 1572 lux,
922 1543 950 1566 et

159 1590 289 1625 splendor
305 1590 358 1618 diei
377 1588 514 1625 perlectus
537 1591 565 1614 et
579 1594 664 1622 purus
685 1591 736 1619 est,
758 1590 787 1612 ut
800 1585 911 1613 assistat
925 1585 949 1612 ei

159 1643 224 1664 oves
240 1635 361 1671 pascenti
376 1634 418 1661 vel
430 1633 622 1667 refrigeranti;
639 1636 666 1660 et
679 1632 801 1660 studiose
811 1632 867 1659 vult
878 1631 949 1658 viam

160 1679 277 1716 discere,
293 1691 348 1718 qua
363 1683 402 1709 ire
413 1681 446 1708 ad
463 1689 525 1708 eum
538 1680 650 1712 debeat,
667 1687 700 1706 ne
713 1678 783 1706 forte
798 1679 821 1706 si
838 1686 892 1705 non
906 1677 950 1704 fu-

160 1731 214 1758 erit
228 1729 325 1757 cdocta
340 1728 447 1756 itineris
460 1727 542 1762 hujus
557 1726 706 1757 anfractus,
719 1726 840 1753 incurrat
856 1731 949 1759 greges

160 1777 306 1809 sodalium,
316 1780 342 1803 et
356 1775 478 1802 videatur
490 1773 589 1800 similis
602 1779 662 1800 esse
675 1772 756 1799 alicui
769 1771 876 1798 illarum
889 1778 950 1805 quae

161 1825 298 1859 adoperta:
314 1821 427 1849 veniunt
443 1820 476 1847 ad
493 1819 600 1847 sodales
612 1817 684 1853 ejus,
707 1825 758 1845 nec
776 1817 889 1852 pudoris
902 1824 949 1844 cu-

163 1877 222 1898 ram
235 1872 342 1904 gerunt,
355 1871 403 1894 aut
414 1870 542 1894 verentur
553 1865 655 1900 passim
667 1864 829 1895 discurrere,
841 1868 868 1890 et
879 1862 951 1890 mul-

162 1918 197 1944 tis
212 1922 352 1951 apparere.
389 1913 445 1948 Ego
457 1917 547 1940 autem
562 1919 623 1947 qua:
637 1919 652 1938 a
666 1910 741 1937 nullo
752 1930 759 1941 ,
777 1909 881 1944 inquit,
897 1908 952 1935 alio

160 1963 246 1991 videri
264 1963 325 1990 volo
346 1961 398 1988 nisi
415 1968 429 1987 a
444 1965 470 1987 te
481 1959 550 1993 solo,
573 1958 644 1986 scire
669 1957 793 1985 desidero
807 1965 862 1992 quo
877 1956 909 1983 ad
925 1960 951 1983 te

161 2010 259 2036 itinere
279 2007 387 2035 veniam
399 2026 406 2038 ,
429 2009 460 2033 ut
484 2009 617 2033 secretum
634 2003 690 2036 sit,
705 2007 735 2030 ut
750 2010 830 2030 nemo
845 2002 881 2029 sit
895 2009 951 2029 me-

161 2054 234 2086 dius,
252 2058 282 2080 ut
301 2053 392 2079 nullus
405 2051 507 2078 arbiter
521 2048 682 2085 peregrinus
698 2052 725 2074 et
736 2048 843 2074 alienus
855 2054 952 2073 occur-

163 2104 215 2126 rat.
236 2100 269 2126 Et
282 2098 353 2125 forte
367 2097 402 2124 ob
414 2096 468 2123 hoc
482 2095 598 2130 requirit
613 2095 664 2121 ista
678 2094 737 2120 loca
751 2093 778 2119 in
790 2093 890 2127 quibus
904 2099 953 2126 pa-

163 2145 216 2172 scit
231 2151 351 2179 spnnsus
362 2149 428 2170 oves
442 2148 521 2172 suas,
544 2144 571 2167 et
586 2139 705 2167 ostendit
718 2138 742 2165 ei
761 2137 951 2165 verecundiam

993 216 1021 238 et
1038 211 1081 237 isti
1097 211 1153 237 sint
1165 209 1291 236 fortassis
1306 215 1400 243 greges
1419 207 1554 235 sodalium
1571 207 1676 242 sponsi,
1694 210 1788 241 gentes

994 257 1099 284 scilicet
1116 260 1230 288 cunctae,
1254 262 1315 290 qua:
1337 255 1411 282 velut
1428 261 1526 288 pecora
1547 254 1599 281 sub
1613 253 1719 288 angelis
1742 259 1789 287 pa-

994 303 1114 331 storibus
1134 302 1288 329 constitutae
1307 304 1385 333 sunt;
1402 307 1465 335 grex
1484 306 1548 339 vero
1561 298 1655 333 sponsi
1679 298 1731 324 illae
1748 297 1789 324 di-

994 353 1091 376 cantur
1102 348 1134 375 de
1149 347 1248 382 quibus
1265 347 1323 381 ipse
1339 346 1364 372 in
1379 345 1525 380 Evangelia
1535 345 1603 372 dixit
1619 344 1675 380 (47)
1697 354 1703 371 :
1724 344 1789 371 Ores

994 402 1059 421 mete
1069 401 1155 420 vocem
1166 400 1249 419 meam
1260 392 1372 418 audiunt
1380 392 1400 418 ".
1413 390 1481 419 Vide
1491 391 1563 418 enim
1575 395 1603 418 et
1614 390 1791 418 observanter

994 440 1121 471 intende,
1142 438 1271 474 quoniam
1296 438 1364 465 dixit
1383 446 1390 464 :
1408 437 1472 465 Oves
1488 445 1571 469 mete,
1590 437 1670 472 quasi
1692 437 1749 464 sint
1763 440 1791 464 et

994 487 1054 514 alite
1070 494 1135 514 oves
1158 493 1219 521 quae
1235 493 1288 512 non
1309 485 1365 512 sint
1385 485 1455 520 ejus,
1474 485 1545 512 sicut
1566 489 1593 512 et
1615 484 1673 519 ipse
1687 485 1715 511 in
1728 484 1791 511 aliis

994 532 1061 559 dixit
1075 540 1083 558 :
1104 531 1155 558 Vos
1166 532 1233 558 enim
1245 539 1296 557 non
1310 531 1372 557 estis
1385 530 1416 556 de
1433 530 1522 556 ovibus
1536 531 1598 556 meis
1612 531 1631 556 '.
1654 529 1721 562 Quae
1733 530 1792 556 sin-

996 578 1058 613 gula
1073 578 1137 605 huic
1150 576 1257 604 occulto
1272 576 1402 612 mysterio
1416 575 1609 603 convenienter
1622 575 1792 602 videbuntur

995 623 1096 659 aptari.

1032 680 1099 714 Quae.
1112 680 1135 708 si
1151 681 1188 708 ita
1202 687 1231 708 se
1244 679 1356 713 habent,
1373 683 1559 714 competenter
1575 686 1676 714 sponsa
1693 679 1791 706 unius-

997 727 1131 761 cujusque
1151 725 1286 753 sodalium
1310 732 1419 760 gregcm
1440 732 1568 759 sponsam
1590 724 1651 759 ejus
1673 724 1790 759 intelligi

996 772 1100 804 voluit,
1124 779 1206 806 quam
1227 770 1385 805 adopertam
1403 770 1565 798 nominavit.
1587 769 1640 798 Sed
1657 771 1791 806 queuiam

997 822 1072 844 certa
1086 821 1144 844 erat
1158 816 1231 852 quod
1247 824 1328 852 super
1346 823 1441 843 omnes
1454 815 1514 843 illas
1535 816 1594 851 ipsa
1616 821 1708 849 esset,
1734 825 1791 844 non

997 864 1054 891 vult
1071 863 1169 891 similis
1189 863 1274 890 videri
1293 863 1374 891 alicui
1389 863 1508 895 illarum,
1526 868 1619 898 utpote
1631 871 1693 898 qua:
1706 863 1792 891 sciret

1003 913 1109 936 tantum
1126 916 1156 936 se
1170 908 1269 936 debere
1282 909 1436 943 przecellere
1450 909 1510 936 illas
1524 909 1658 936 sodalium
1673 917 1793 944 sponsas

997 963 1067 990 quas
1090 962 1190 990 sponsa
1213 955 1337 982 nominat
1365 955 1439 982 velut
1467 955 1631 990 adopertas,
1653 962 1790 991 quantum

997 1001 1150 1030 eminentiae
1175 1009 1294 1036 sponsus
1313 1009 1380 1029 suus
1405 1002 1521 1030 habebat
1543 1003 1577 1029 ad
1597 1003 1715 1030 sodales.
1736 1003 1790 1031 Sed

997 1052 1024 1075 et
1039 1055 1088 1083 pro
1105 1047 1156 1074 hoc
1170 1048 1259 1075 adhuc
1280 1048 1417 1075 videbitur
1433 1048 1609 1083 percontandi
1626 1056 1724 1076 causas
1740 1049 1791 1076 ha-

997 1092 1100 1127 buisse,
1115 1093 1335 1128 quandoquidem
1359 1094 1423 1121 boni
1447 1095 1564 1128 pastoris
1581 1095 1634 1121 scit
1652 1102 1714 1122 esse
1729 1101 1789 1122 stu-

998 1140 1085 1172 dium,
1105 1145 1137 1166 ιιι
1152 1141 1253 1174 optima
1271 1140 1370 1167 ovibus
1389 1148 1489 1175 pascua
1505 1140 1643 1176 requirat,
1662 1145 1689 1168 et
1703 1145 1733 1168 ut
1750 1142 1791 1169 vi-

998 1186 1115 1214 ridantia
1137 1190 1219 1221 atque
1240 1193 1324 1221 opaca
1347 1194 1461 1221 quaeque
1485 1194 1595 1214 nemora
1610 1187 1643 1214 ad
1666 1187 1790 1222 requiem

998 1231 1140 1258 meridiani
1167 1235 1250 1258 aestus
1273 1230 1403 1258 inveniat.
1440 1231 1518 1264 Quod
1546 1231 1656 1266 quidem
1681 1232 1792 1260 sodales

999 1277 1092 1312 sponsi
1117 1276 1206 1304 facere
1225 1277 1366 1308 nesciunt,
1390 1285 1439 1304 nec
1459 1277 1486 1304 in
1511 1277 1641 1312 eligendis
1657 1279 1770 1312 pascuis
1785 1298 1792 1310 ,

999 1327 1046 1350 aut
1063 1321 1183 1349 scientia:
1206 1325 1322 1353 tantum,
1340 1326 1388 1348 aut
1404 1321 1560 1349 solitudinis
1575 1328 1674 1358 gerunt
1688 1332 1694 1350 :
1711 1328 1739 1351 et
1755 1325 1792 1350 ob

999 1367 1052 1394 hoc
1065 1367 1131 1394 dicit
1145 1376 1152 1394 ζ
1169 1368 1306 1394 Auuuntiu
1325 1367 1390 1393 mihi
1405 1368 1450 1394 ubi
1468 1368 1567 1403 pascis,
1580 1368 1624 1394 ubi
1639 1369 1727 1396 cubile
1745 1369 1792 1396 lu:-

1000 1413 1042 1440 ιω
1066 1413 1094 1439 ἱη
1114 1413 1240 1445 meridie;
1262 1413 1375 1448 cupiens
1398 1419 1504 1448 tempus
1525 1414 1629 1441 scilicet
1652 1414 1720 1442 illud
1736 1423 1792 1450 quo

1000 1459 1135 1494 copiosius
1143 1458 1246 1486 mundo
1262 1459 1353 1486 lumen
1367 1458 1530 1490 infunditur,
1553 1467 1608 1495 quo
1627 1460 1717 1495 magis
1734 1469 1793 1488 me-

1000 1513 1049 1533 rus
1064 1510 1106 1533 est
1118 1505 1176 1533 dies
1189 1510 1215 1532 et
1231 1505 1325 1540 purior
1338 1509 1364 1532 et
1376 1504 1547 1532 ﬂorulentior
1559 1510 1600 1533 est
1622 1506 1678 1533 lux.
1709 1505 1793 1538 Tunc,

1001 1553 1104 1588 inquit,
1130 1552 1260 1579 annuntio
1281 1551 1368 1584 milii,
1395 1559 1410 1578 ο
1433 1555 1461 1577 ιιι
1485 1559 1560 1586 quem
1579 1551 1673 1578 dilexit
1702 1551 1794 1579 anima

1000 1607 1073 1630 mea,
1096 1597 1139 1625 ubi
1160 1598 1264 1633 pascis,
1287 1597 1332 1633 ubi
1353 1597 1437 1624 cubile
1461 1597 1539 1623 habes
1560 1597 1588 1623 iu
1612 1598 1742 1630 meridie,
1764 1607 1796 1625 ne

1001 1644 1067 1679 forte
1081 1643 1184 1678 efﬁciar
1198 1648 1225 1670 ut
1239 1643 1365 1677 adoperta
1379 1651 1458 1678 super
1476 1651 1563 1678 greges
1577 1643 1712 1669 sodalium
1736 1649 1798 1670 tuo—

1000 1698 1069 1716 rum.
1089 1689 1165 1717 Νονο
1188 1697 1261 1716 nunc
1283 1689 1392 1715 nomine
1417 1696 1517 1724 sponsa
1543 1689 1688 1723 appellavit
1710 1697 1798 1724 spon-

1000 1743 1072 1763 sum.
1089 1734 1185 1762 Sciens
1201 1734 1274 1762 enim
1288 1735 1377 1769 ipsum
1393 1741 1453 1761 esse
1468 1733 1551 1760 lilium
1569 1734 1723 1767 charitatis,
1742 1734 1797 1761 ima

1001 1781 1089 1816 ipsum
1103 1788 1163 1808 csse
1176 1780 1338 1808 cliaritatem
1353 1787 1413 1814 quae
1427 1787 1459 1807 ex
1475 1779 1530 1807 Deo
1546 1784 1598 1811 est,
1615 1780 1695 1814 quasi
1713 1787 1798 1807 voca—

1001 1825 1096 1852 bulum
1110 1825 1135 1853 ei
1154 1825 1226 1853 istud
1250 1825 1341 1860 posuit
1359 1834 1366 1852 :
1385 1824 1469 1857 Quem
1491 1825 1584 1852 dilexit
1611 1827 1703 1852 ultima
1724 1834 1794 1852 mea.

1001 1870 1034 1899 Et
1049 1876 1139 1899 tamen
1155 1879 1209 1898 non
1230 1871 1310 1904 dixit,
1325 1879 1406 1906 quem
1424 1871 1517 1904 dilexi,
1532 1871 1579 1898 sed
1603 1878 1684 1905 quem
1699 1871 1797 1898 dilexit

1001 1917 1092 1946 anima
1108 1925 1185 1950 mea;
1204 1917 1294 1945 sciens
1309 1924 1362 1943 non
1374 1917 1558 1951 qualicunque
1569 1916 1726 1948 dilectione,
1748 1916 1795 1943 sed

1001 1972 1035 1992 ex
1051 1968 1106 1991 tota
1122 1964 1224 1996 anima,
1245 1967 1271 1991 et
1283 1971 1317 1990 ex
1331 1963 1394 1991 totis
1413 1963 1528 1994 viribus,
1549 1967 1575 1990 et
1589 1971 1622 1990 ex
1639 1966 1696 1989 toto
1711 1963 1796 1990 corde

1001 2010 1154 2037 habendam
1171 2018 1231 2037 esse
1249 2009 1421 2037 dilectionem
1440 2009 1543 2044 sponsi.
1562 2008 1612 2035 Ubi
1631 2008 1732 2042 pascis,
1749 2009 1794 2035 in-

1002 2055 1071 2089 quit,
1085 2059 1108 2080 et
1124 2054 1167 2080 ubi
1184 2053 1268 2081 cubile
1282 2053 1371 2081 habes.
1391 2053 1461 2081 Puto
1482 2058 1573 2080 autem
1593 2054 1665 2088 quod
1685 2057 1713 2080 et
1730 2061 1795 2088 pro-

1002 2101 1084 2136 pheta
1101 2099 1134 2128 de
1159 2100 1210 2128 hoc
1227 2100 1286 2127 loco
1305 2108 1386 2135 quem
1408 2108 1482 2127 nunc
1504 2107 1604 2134 sponsa
1624 2099 1733 2127 disCere
1760 2100 1795 2127 ab

1003 2147 1064 2181 ipso
1078 2154 1181 2182 sponso
1197 2145 1352 2178 desiderat,
1375 2151 1403 2173 et
1426 2146 1538 2179 audite,
1564 2146 1644 2172 etiam
1667 2147 1727 2180 ipse
1744 2146 1798 2174 sub

163 2199 254 2223 sunt",
271 2197 320 2225 Ρνο
332 2196 386 2224 (ιυει
402 2195 457 2215 ι¹ο¹¹
469 2187 526 2214 “1"
539 2186 680 2213 incurrere
692 2192 787 2220 870803
800 2185 950 2219 εοάίιιίυῐηῖ
968 2192 990 2220 D
1005 2192 1099 2220 eodem
1116 2192 1220 2227 positus
1246 2196 1356 2227 pastore
1377 2191 1450 2219 dicat
1471 2201 1478 2219 :
1498 2191 1625 2218 Dominus
1642 2192 1708 2226 regit
1735 2200 1776 2218 me
1787 2212 1796 2225 ,

169 2241 202 2263 ut
215 2236 259 2263 ille
276 2239 399 2270 segreget
422 2241 487 2260 oves
503 2240 568 2259 suas
588 2239 604 2259 a
626 2231 776 2264 sodalibus,
794 2236 820 2259 et
831 2238 953 2259 seorsum

173 2286 282 2319 pascat;
298 2286 391 2308 utnon
405 2279 493 2308 solum
507 2286 607 2313 sponsa
623 2285 676 2305 non
697 2277 820 2306 videatur
834 2279 868 2305 ab
881 2278 953 2311 aliis,

162 2329 210 2357 sed
225 2333 251 2355 et
264 2326 373 2354 arcanis
389 2324 627 2359 ineﬂabilibusque
647 2323 784 2359 mysteriis
804 2324 898 2360 sponsi
910 2332 953 2352 sc-

162 2374 266 2402 cretius
284 2373 451 2409 perfruatur.
483 2371 561 2399 Nunc
574 2379 638 2407 ergo
660 2371 801 2399 \ideamus
825 2379 874 2407 per
895 2372 951 2400 sin—

162 2419 244 2456 gula;
263 2423 290 2446 et
310 2418 398 2454 primo
423 2417 531 2452 quidem
551 2417 612 2444 vide
637 2417 659 2444 si
678 2425 825 2452 possumus
849 2418 950 2451 dicere,

163 2465 237 2501 quod
259 2464 393 2492 Dominus
417 2464 497 2498 cujus
519 2464 608 2498 portio
632 2462 684 2490 fuit
705 2462 791 2491 Jacob
805 2468 832 2491 et
844 2463 953 2491 funicu-

163 2513 208 2540 lus
230 2510 398 2539 haereditatis
433 2510 494 2545 ejus
524 2508 606 2537 Israel
633 2510 663 2541 ‘,
698 2509 889 2544 intelligendus
917 2509 953 2536 sit

164 2567 303 2595 sponsus,
341 2557 448 2585 sodales
472 2564 537 2584 vero
563 2556 625 2590 ejus
651 2556 738 2590 angeli
769 2556 806 2583 illi
827 2557 860 2583 ad
884 2564 954 2590 quo-

165 2613 224 2632 rum
251 2611 397 2632 numerum
425 2611 485 2630 cum
508 2602 636 2629 divideret
664 2602 792 2629 Excetsus
806 2606 911 2636 gentes,
928 2607 953 2629 ct

163 2651 324 2687 dispergeret
351 2649 422 2684 ﬁlios
438 2648 543 2683 Adam,
569 2648 665 2675 statuit
694 2648 818 2674 terminos
835 2649 951 2683 gentium

199 2741 231 2768 ⁵1
247 2741 311 2769 Cor.
324 2749 363 2775 xi,
376 2742 420 2769 10.
457 2740 468 2756 ⁵
486 2741 564 2768 Deut.
582 2748 668 2772 xxxii,
684 2740 711 2767 9.
748 2740 758 2755 τ
777 2739 842 2767 ibid.
861 2739 888 2768 8.
925 2741 953 2766 ⁸.

1047 2749 1073 2773 x,
1091 2741 1136 2768 27.
1175 2741 1185 2757 ⁸
1206 2741 1271 2770 ibid.
1287 2740 1332 2767 ‘26.

1006 2237 1062 2265 sive
1083 2242 1113 2264 ut
1135 2237 1162 2264 in
1184 2237 1245 2265 aliis
1266 2237 1382 2272 legimus
1400 2246 1407 2264 :
1434 2237 1563 2264 Dominus
1587 2238 1671 2271 pascit
1695 2246 1748 2270 mc,
1771 2243 1796 2264 et

1004 2282 1072 2310 nihil
1083 2282 1146 2308 mihi
1156 2281 1276 2309 deerit".
1290 2281 1324 2308 Et
1336 2282 1465 2318 quoniam
1477 2282 1579 2310 sciebat
1591 2283 1660 2310 alios
1671 2288 1797 2317 pastores

1005 2329 1047 2356 vel
1069 2323 1187 2363 ignavia,
1208 2328 1251 2354 vel
1273 2328 1410 2363 imperitia
1432 2328 1547 2356 faciente
1568 2337 1662 2364 greges
1679 2329 1706 2355 in
1730 2329 1797 2356 locis

1005 2374 1169 2402 aridioribus
1181 2373 1324 2407 collocare,
1337 2374 1370 2401 de
1382 2375 1433 2402 hoc
1445 2375 1547 2409 optimo
1560 2380 1668 2409 pastore
1680 2373 1798 2401 Domino

1006 2419 1075 2447 dixit
1094 2429 1099 2446 :
1119 2419 1152 2446 In
1163 2419 1220 2446 loco
1235 2419 1313 2446 viridi
1327 2419 1364 2445 ibi
1378 2427 1417 2446 me
1429 2420 1576 2446 collocauit.
1596 2419 1681 2454 Super
1699 2427 1798 2455 «quam

1007 2463 1155 2498 refectiouis
1170 2463 1290 2491 educavit
1307 2472 1346 2491 me
1358 2464 1390 2496 “,
1411 2464 1558 2491 ostendens
1572 2469 1711 2499 pastorem
1724 2465 1797 2492 hunc

1007 2517 1062 2537 non
1082 2509 1170 2536 solum
1194 2510 1366 2537 abundantes
1391 2517 1477 2544 aquas
1499 2510 1596 2537 ovibus
1620 2511 1690 2544 suis,
1709 2511 1757 2538 sed
1771 2516 1800 2539 et

1008 2555 1141 2587 salubres,
1157 2560 1183 2582 et
1201 2563 1294 2590 puras,
1313 2560 1339 2582 et
1350 2563 1411 2590 qua:
1422 2563 1470 2590 per
1489 2556 1581 2582 omnia
1595 2556 1719 2583 reﬁciant
1732 2564 1797 2591 pro-

1007 2602 1109 2629 Videre.
1130 2601 1183 2630 Sed
1203 2603 1331 2637 quoniam
1348 2602 1382 2629 ab
1396 2603 1448 2630 hoc
1463 2607 1535 2630 statu
1551 2610 1606 2638 quo
1620 2608 1650 2630 ut
1669 2603 1730 2631 ovis
1746 2603 1801 2630 sub

1008 2653 1116 2684 pastore
1131 2649 1253 2684 degerat,
1269 2656 1418 2677 conversus
1441 2651 1475 2677 ad
1500 2650 1674 2678 rationabilia
1699 2654 1727 2677 et
1745 2650 1803 2677 cel-

1373 2741 1396 2756 ¹⁰
1409 2739 1482 2768 Psal.
1498 2749 1564 2772 χχιι,
1583 2740 1607 2767 Ι.
1649 2741 1669 2757 ¹¹
1688 2741 1753 2768 ibid.
1769 2740 1802 2769 2.

203 2825 258 2859 (Π)
280 2825 323 2852 Sir
346 2832 429 2858 mss.;
453 2825 513 2852 libri
531 2832 593 2852 vero
609 2823 686 2857 editi,
707 2823 750 2850 illc
767 2824 888 2858 dicatur,
913 2823 943 2850 tle
957 2824 1048 2860 quibus
1067 2825 1122 2859 ipsa
1137 2824 1162 2850 iu
1180 2822 1320 2858 Ermtgelio
1341 2821 1441 2849 l'eritas
1455 2822 1533 2848 dixit.
