1892 3050
72 109 115 137 121

731 109 834 139 LIBER
855 109 1049 140 SECUNDUS.

1650 114 1706 146 ’4⁸22

71 169 138 197 siora
151 167 285 204 profecit,
301 168 382 205 idque
394 169 508 204 adeptus
520 173 564 197 est
581 176 630 204 per
643 169 862 202 conversionem,
877 172 900 199 Α
914 174 1022 202 tempus
1041 173 1069 196 et
1089 169 1155 197 hera
1172 169 1286 198 visionis
1304 169 1452 206 Scriptura:
1467 170 1574 208 paginis
1592 174 1706 203 manda-

71 213 208 248 subjungit
220 219 249 240 et
264 214 331 242 dicit
348 224 354 241 :
370 214 493 241 Animam
506 222 591 241 meum
603 214 740 241 convertit.
764 213 862 240 Eduxit

71 268 108 287 me
128 267 206 294 super
231 261 344 287 semitas
363 261 479 295 justitiw
501 265 607 295 propter
630 269 722 287 nomen
737 269 814 287 suum
829 262 861 287 η.

72 306 136 333 Hinc
151 313 218 333 vero
233 306 457 341 quandoquidem
477 307 505 333 in
522 307 573 333 hoc
593 306 746 341 profecerat
769 311 797 333 ut
816 307 863 341 ju-

72 353 147 381 Stitiae
167 353 309 382 incederet
326 354 395 386 vias,
408 353 514 389 justitia
532 356 626 380 autem
639 353 721 380 habet
736 353 795 380 sine
810 353 863 380 du-

73 399 112 426 bio
123 399 331 434 impugnantem
345 407 375 427 se
387 399 561 434 injustitiam,
577 402 604 426 et
616 405 730 426 necesse
743 402 784 426 est
799 405 862 425 eum

72 443 114 478 qui
128 443 243 478 iustitiae
270 444 322 472 iter
338 444 440 471 incedit
466 444 569 471 habere
591 451 697 478 pugnas
716 443 864 470 adversan-

74 489 145 520 tium,
165 489 218 516 fide
235 497 389 517 conversus
403 493 430 517 et
442 497 489 524 spe
502 489 611 516 dicitde
625 489 665 517 eis
683 498 689 516 :
705 488 777 515 Nam
794 493 819 516 et
839 489 863 516 si

74 533 197 561 ambulem
216 535 244 561 in
260 535 347 562 medio
369 536 470 562 umbrtz
483 535 587 566 mortis,
607 542 658 561 non
671 534 765 561 timebo
779 533 862 567 mula,

73 581 191 615 quoniam
203 585 232 607 tu
244 588 346 607 mecum
356 588 382 607 es
395 580 426 606 ¹³.
439 580 506 608 Post
518 581 576 608 haec
585 587 649 607 vero
658 579 736 614 quasi
748 579 862 613 graliam

74 625 188 652 referens
202 625 228 652 ei
240 625 289 659 qui
301 633 332 652 se
344 625 528 660 pastoralibus
541 625 677 652 imbuerat
689 621 840 660 disciplinis
854 633 861 651 :

79 669 163 704 Virga,
179 670 280 705 inquit,
298 674 344 697 tua
360 674 385 697 et
398 670 507 697 baculus
523 675 594 704 tuus,
609 670 710 705 quibus
722 670 863 697 institutus

75 716 162 743 videor
170 716 203 743 ad
216 717 337 751 pastoris
348 716 476 749 oliicium,
489 718 546 752 ipsa
558 725 599 744 me
611 717 747 744 consolata
758 721 820 743 sunt
829 717 861 744 ”.

75 761 138 788 Hinc
159 770 223 790 vero
239 763 286 790 ubi
309 770 339 790 se
361 771 377 790 a
400 763 585 798 pastoralibus
602 763 675 790 videt
698 763 808 798 pascuis
828 762 863 790 ad

75 807 244 836 rationabiles
259 809 339 836 cibos
363 813 390 836 et
410 809 525 844 mystica
547 813 653 837 secreta
681 809 862 842 translatum,

76 852 143 879 addit
156 857 183 880 et
197 853 294 881 subdit
311 863 318 881 :
337 853 446 882 Parasti
460 856 487 882 in
508 860 647 889 conspectu
669 863 724 882 meo
747 863 864 882 mensam

75 897 190 926 adversus
210 907 255 926 eos
276 900 322 934 qui
340 900 468 928 tribulant
491 909 541 928 me.
563 900 741 936 Impingnasti
763 901 790 927 in
807 900 863 928 oleo

76 950 146 979 caput
161 953 263 978 meum,
286 951 310 973 et
324 947 447 981 poculum
469 951 544 973 tuum
563 946 619 982 (48)
635 947 769 974 inebrians
784 956 863 983 quam

76 990 224 1024 praclarum
241 991 303 1018 est!
319 991 354 1018 Et
372 992 556 1019 misericordia
573 997 618 1019 tua
636 993 809 1028 subsequatur
824 1002 863 1021 me

77 1037 189 1064 erunibus
209 1037 304 1064 diebus
327 1038 388 1065 vita:
406 1046 487 1072 metu,
514 1043 543 1065 ut
562 1038 707 1066 inhabilem
732 1039 761 1066 in
786 1040 863 1066 domo

77 1082 175 1109 Domini
191 1083 218 1110 in
236 1083 430 1118 longitudinem
443 1084 547 1111 dierum
560 1085 591 1112 ".
612 1084 659 1112 Illa
682 1092 747 1120 ergo
763 1086 862 1120 prima,

78 1126 101 1153 id
119 1131 158 1155 est
182 1128 332 1162 pastoralis
347 1128 495 1161 institutio,
514 1129 594 1157 initio
607 1137 703 1157 eorum
718 1130 779 1164 fuit,
793 1131 862 1158 utin

78 1172 131 1199 loco
146 1174 220 1200 viridi
236 1174 400 1207 collocatus,
412 1182 495 1210 super
508 1182 608 1210 aquam
625 1174 782 1203 refectionis
797 1176 863 1203 edu-

79 1223 186 1245 caretur.
212 1218 278 1246 Haec
306 1227 371 1247 vero
394 1227 456 1255 quae
481 1224 634 1255 sequuntur
648 1221 682 1248 de
695 1220 863 1256 profectibus

79 1263 108 1290 ad
122 1264 314 1299 perfectionem
338 1265 525 1300 requiruntur.
553 1265 586 1292 Et
610 1266 738 1301 quoniam
761 1266 796 1294 de
813 1274 862 1301 pa-

80 1309 146 1337 scuis
158 1314 184 1337 et
199 1310 340 1338 viriditate
367 1311 572 1346 proposuimus,
597 1312 764 1339 conveniens
779 1312 861 1340 etiam

79 1354 177 1382 videtur
187 1355 219 1382 de
233 1354 392 1390 Evangeliis
407 1357 568 1384 confirmare
586 1364 648 1391 quae
663 1356 792 1384 diximus.
819 1356 863 1384 ln-

80 1399 134 1427 Veni
155 1401 234 1428 etiam
254 1401 293 1428 ibi
317 1405 453 1436 pastorem
477 1403 551 1430 hunc
570 1403 672 1430 bonum
695 1402 729 1429 de
753 1403 862 1437 pascuis

80 1444 162 1471 ovium
175 1445 368 1479 disserentem,
392 1447 438 1473 ubi
454 1447 487 1473 ad
505 1447 558 1474 hoc
581 1447 654 1481 quod
680 1451 816 1482 pastorem
833 1455 863 1476 se

81 1491 220 1525 proﬁtetur,
243 1492 328 1519 etiam
353 1492 453 1520 ostium
478 1500 508 1520 se
530 1500 591 1520 esse
609 1498 808 1521 commemorat
836 1499 863 1522 et

915 219 1001 246 retur,
1017 214 1069 241 nisi
1082 218 1109 241 et
1125 214 1199 242 horae
1213 215 1292 243 istius
1311 220 1339 243 et
1361 217 1490 251 temporis
1514 219 1583 246 ratio
1603 220 1704 255 aliquid

915 259 1054 287 conferret
1070 259 1102 286 ad
1120 259 1261 288 scientiam
1274 260 1338 288 ﬁliis
1354 261 1479 293 Abralue,
1495 263 1596 297 quibus
1611 265 1703 299 utique

915 306 986 333 sicut
998 313 1080 340 opera
1093 306 1209 333 Abrahm
1223 305 1358 339 facienda,
1372 308 1407 335 ita
1422 312 1450 335 ct
1465 309 1635 338 visitationes
1647 311 1706 338 ista:

915 352 1056 386 speranda:
1074 356 1147 379 sunt.
1169 351 1222 384 Qui
1237 352 1309 379 enim
1323 357 1412 387 potest
1423 355 1514 382 dicere
1531 365 1537 382 :
1556 355 1618 382 Nec:
1635 364 1704 391 prte-

915 397 1010 430 cessit,
1029 398 1085 424 dies
1102 402 1191 425 autem
1214 399 1443 434 appropinquavit,
1464 401 1531 428 sicut
1551 402 1577 428 in
1599 403 1643 429 die
1658 404 1706 428 Ito-

914 446 986 469 neste
1003 442 1180 475 ambulemus,
1198 451 1251 470 non
1279 444 1307 470 in
1334 446 1569 473 comessationibus
1584 452 1608 473 et
1623 446 1706 474 ebrie-

916 488 1024 521 tatibus,
1041 497 1093 515 non
1107 489 1135 516 in
1149 489 1279 516 cubilibus
1294 493 1319 516 et
1332 490 1515 525 impudicitiis,
1536 500 1588 519 non
1601 493 1628 519 in
1644 500 1708 520 cott-

917 534 1029 560 teutione
1042 539 1067 560 et
1076 533 1246 561 teniulatione
1259 535 1296 567 ης
1315 539 1341 562 et
1358 543 1421 562 cum
1438 536 1495 563 haec
1509 538 1601 565 omnia
1619 543 1707 566 trans-

915 579 986 611 ierit.
1005 588 1198 615 supergressus
1211 581 1345 608 videbitur
1365 586 1471 616 tempus
1491 583 1543 610 hoc
1563 585 1634 618 quod
1652 592 1706 613 nox

914 626 1063 659 praeessit,
1079 630 1106 653 et
1125 625 1184 653 dies
1197 627 1438 661 appropinquavit,
1462 633 1488 655 cl
1506 628 1635 657 festinare
1651 638 1704 657 non

913 671 948 698 ad
964 670 1071 698 initium
1096 671 1167 704 diei,
1191 672 1238 699 sed
1263 673 1297 699 ad
1321 673 1479 705 meridiem,
1496 679 1526 701 ut
1549 680 1576 702 et
1598 676 1656 710 ipse
1671 678 1704 704 ad

913 716 1030 751 gratiam
1045 716 1184 751 perveniat
1198 717 1325 745 Abrahae.
1342 717 1370 745 Si
1385 719 1457 745 enim
1474 719 1519 746 lux
1534 727 1594 754 qua:
1605 721 1632 747 in
1647 721 1706 756 ipso

914 767 956 790 est
977 763 1078 790 mentis
1101 767 1128 790 et
1150 763 1255 798 puritas
1274 763 1366 791 cordis
1378 764 1451 792 clara
1472 764 1555 793 fuerit
1572 771 1599 794 et
1616 767 1707 801 splen-

915 807 989 840 dida,
1003 807 1054 835 iste
1066 808 1247 835 meridianum
1262 811 1370 843 tempus
1389 808 1417 835 in
1441 810 1589 844 semetipso
1606 810 1706 838 habere

880 849 901 877 Β
914 853 1066 886 videbitur;
1090 857 1118 881 et
1132 861 1179 888 per
1201 852 1273 880 hanc
1289 853 1435 888 puritatem
1451 854 1560 887 cordis,
1579 855 1657 889 quasi
1678 856 1706 882 in

914 899 1027 926 meridie
1041 899 1146 934 positus
1168 897 1252 926 Deum
1269 898 1387 931 videbit,
1403 898 1502 926 sedens
1524 899 1557 927 ad
1574 907 1707 934 quercum

914 944 1055 977 Mambre,
1076 945 1150 979 quod
1174 945 1207 972 ad
1240 945 1373 972 visionem
1396 945 1601 980 interpretatur.
1628 945 1707 981 Apud

913 991 1047 1018 visionem
1069 998 1135 1026 ergo
1154 991 1230 1018 sedet
1248 991 1276 1018 in
1300 991 1431 1024 meridie,
1452 992 1499 1026 qui
1514 997 1595 1020 vocat
1615 992 1649 1020 ad
1670 992 1708 1019 vi-

913 1037 1031 1065 dendum
1046 1037 1141 1065 Deum.
1161 1037 1227 1064 Inde
1241 1037 1359 1072 denique
1380 1046 1434 1065 non
1456 1039 1642 1066 diciturintra
1665 1043 1708 1067 ta-

914 1085 1101 1117 bernaculum,
1124 1084 1171 1112 sed
1187 1084 1254 1111 loris
1277 1084 1311 1110 ad
1334 1084 1433 1112 ostium
1458 1085 1553 1112 sedere
1577 1085 1707 1113 taberna-

914 1128 978 1155 culi.
999 1128 1077 1155 Foris
1096 1128 1197 1156 etenim
1221 1132 1264 1156 est
1286 1132 1363 1156 extra
1385 1136 1486 1164 corpus
1512 1130 1601 1164 posita
1628 1138 1707 1158 mens

913 1171 973 1206 ejus
995 1172 1040 1206 qui
1066 1172 1146 1207 longe
1163 1176 1205 1200 est
1226 1179 1242 1198 a
1265 1173 1453 1207 corporalibus
1473 1174 1706 1209 cogitationibus,

914 1216 994 1252 longe
1010 1224 1023 1243 a
1042 1218 1199 1244 carnalibus
1216 1218 1369 1251 desideriis,
1386 1223 1411 1246 et
1433 1219 1493 1247 ideo
1505 1220 1540 1247 ab
1562 1219 1604 1247 his
1617 1220 1708 1247 Ortini-

914 1262 965 1289 bus
990 1262 1055 1290 foris
1077 1264 1196 1297 positum
1222 1265 1314 1292 visitat
1334 1265 1415 1293 Deus.
1443 1265 1571 1299 Ejusdem
1596 1274 1707 1301 quoque

913 1309 1036 1343 mystcrii
1057 1313 1108 1340 est,
1122 1310 1195 1344 quod
1218 1315 1245 1337 et
1259 1311 1360 1346 Joseph
1382 1310 1480 1339 fratres
1499 1319 1566 1339 suos
1580 1320 1642 1339 cum
1657 1320 1707 1340 su-

913 1354 1046 1388 scepisset
1070 1354 1098 1381 in
1120 1354 1247 1390 Egypto,
1270 1356 1297 1383 in
1320 1356 1434 1383 meridie
1449 1364 1496 1384 eos
1516 1358 1612 1392 pascit,
1631 1363 1658 1385 et
1679 1358 1706 1385 iu

913 1399 1027 1426 meridie
1050 1399 1165 1427 adorant
1185 1408 1248 1428 eum
1274 1409 1337 1428 cum
1366 1403 1535 1430 muneribus.
1561 1403 1707 1438 Propterea

912 1443 1030 1479 denique
1054 1449 1120 1479 puto
1141 1450 1168 1473 ct
1184 1446 1218 1473 de
1240 1446 1283 1474 his
1305 1455 1367 1482 quae
1388 1446 1473 1476 Judaei
1494 1449 1521 1475 in
1537 1448 1705 1476 Salvatorem

914 1491 1121 1524 commiserunt,
1133 1492 1238 1519 nullum
1251 1494 1481 1529 erangelislarum
1500 1495 1621 1523 voluisse
1638 1496 1706 1524 scri-

80 1536 139 1564 dicit
155 1547 162 1565 :
179 1537 233 1572 Ego
243 1547 304 1565 sum
328 1539 443 1571 ostium;
462 1547 508 1574 per
529 1547 570 1565 me
585 1539 608 1566 si
628 1539 686 1574 quis
710 1539 861 1574 introierit,
877 1523 899 1553 α
915 1536 990 1570 bere,
1003 1536 1068 1571 quia
1080 1537 1194 1565 tueridie
1210 1539 1267 1566 haec
1278 1544 1352 1574 gesta
1367 1544 1431 1567 sunt
1445 1548 1506 1567 cum
1520 1541 1615 1575 utique
1631 1546 1707 1568 sexta

81 1584 232 1618 mirabitur,
255 1590 281 1612 et
299 1586 472 1621 ingredietur,
491 1590 516 1613 et
533 1586 698 1621 egredietur,
720 1591 744 1613 et
762 1594 862 1621 pascua

81 1630 180 1657 inveniet
190 1631 220 1657 “.
244 1631 325 1659 llunc
339 1632 419 1658 etiam
434 1639 506 1659 nunc
518 1639 618 1666 sponsa
631 1636 815 1666 percontatur,
834 1637 864 1661 ut

82 1675 112 1701 ab
129 1683 158 1702 eo
172 1677 264 1704 audiat
284 1681 313 1704 et
328 1677 416 1705 discat
429 1677 455 1704 in
472 1678 572 1712 quibus
592 1678 701 1712 pascuis
714 1685 778 1706 oves
790 1683 862 1713 agat,

82 1721 118 1747 vel
140 1721 164 1748 in
187 1723 288 1756 quibus
317 1723 522 1750 amoenitatibus
544 1723 710 1751 meridianos
734 1729 864 1759 procuret

83 1770 172 1799 aestus;
191 1768 335 1796 meridiem
357 1769 497 1804 appellans
524 1769 569 1796 illa
594 1769 698 1798 scilicet
716 1771 807 1798 cordis
821 1778 865 1798 se-

83 1816 155 1846 creta,
172 1813 270 1847 quibus
285 1813 429 1841 clariorem
444 1814 564 1841 scientiae
579 1814 667 1842 lucem
683 1822 698 1841 a
712 1814 801 1843 Verbo
817 1815 863 1843 Dei

84 1857 164 1884 anima
176 1858 367 1893 consequitur.
385 1857 441 1886 Hoc
456 1859 529 1885 enim
546 1864 653 1894 tempus
676 1864 719 1888 est
743 1868 799 1895 quo
822 1861 864 1888 sol

84 1903 247 1931 excelsiorem
263 1904 399 1932 circuitus
414 1905 456 1931 sui
467 1906 596 1932 verticem
612 1910 693 1933 tenet.
711 1906 738 1933 Si
753 1907 864 1941 quando

85 1954 140 1982 ergo
161 1949 199 1976 sol
219 1950 337 1984 iustitiae
352 1950 477 1978 Christus
493 1951 621 1979 Ecclesiae
636 1960 693 1980 sua:
707 1953 814 1980 excelsa
838 1958 865 1981 et

87 1995 159 2021 ardua
173 1996 304 2024 virtutum
320 2004 431 2023 suarum
448 2001 551 2024 secreta
567 1997 740 2030 manifestat,
757 2006 864 2026 amoma

86 2046 174 2072 pascua
183 2042 337 2076 cubiliaque
350 2042 497 2069 meridiana
509 2043 644 2069 videbitur
658 2043 780 2071 edocerc.
796 2043 864 2071 Nam

86 2092 138 2112 cum
159 2087 244 2115 adhuc
265 2087 343 2114 initia
366 2086 448 2114 habet
469 2087 602 2120 discendi,
621 2092 647 2114 et
663 2089 760 2123 prima,
780 2093 810 2116 ut
828 2089 863 2116 ita

85 2130 173 2164 dicam,
189 2133 222 2160 ab
235 2140 268 2159 eo
289 2131 411 2159 scientia:
430 2133 544 2167 suscipit
559 2133 722 2166 rudimenta,
738 2138 803 2162 tunc
821 2135 865 2163 di-

86 2177 118 2204 cit
136 2177 264 2214 Propheta
285 2188 293 2207 :
319 2179 355 2206 Et
383 2179 519 2214 adjuvabit
534 2187 593 2206 eam
605 2188 681 2207 mane
698 2181 815 2208 diluculo
831 2182 863 2209 ⁸⁷.

87 2220 154 2249 Nunc
174 2231 237 2259 ergo
255 2224 322 2259 quia
344 2223 506 2258 perfectiora
524 2224 582 2259 jam
597 2225 704 2259 quaerit,
728 2230 755 2253 et
776 2226 865 2253 excel-

87 2267 148 2296 siora
163 2270 308 2304 desiderat,
327 2271 506 2298 meridianqu
526 2271 647 2298 scientia:
671 2271 761 2299 lumen
781 2279 862 2307 cxpo

88 2314 139 2341 scit.
155 2314 218 2343 Hinc
235 2320 304 2351 puto
320 2321 347 2343 et
372 2316 488 2343 Abrahae
503 2321 565 2350 post
581 2316 682 2344 multas
698 2317 865 2345 eruditiones

89 2360 175 2394 quibus
188 2370 322 2397 apparens
337 2362 361 2389 ei
378 2363 449 2389 Deus
467 2362 565 2390 imbuit
580 2371 643 2390 eum
660 2364 692 2390 de
706 2363 821 2398 singulis
838 2368 866 2391 et

89 2403 186 2439 docuit.
212 2413 275 2443 post
299 2408 416 2435 refertur
441 2409 506 2443 quia
529 2409 605 2436 visus
623 2409 658 2436 sit
683 2410 708 2436 ei
734 2408 806 2436 Deus
831 2410 864 2437 ad

90 2459 204 2485 quercum
227 2454 352 2482 Mambre
374 2454 477 2482 sedenti
493 2454 547 2490 56
563 2455 596 2482 ad
611 2455 712 2483 ostium
737 2455 865 2483 taberna-

90 2498 137 2525 culi
148 2500 186 2527 sui
198 2501 321 2528 meridie.
340 2500 374 2527 Et
398 2501 549 2535 respiciens,
567 2501 666 2536 inquit,
690 2501 773 2528 oculis
799 2502 864 2535 suis,

92 2543 159 2577 vidit,
181 2551 204 2572 et
226 2555 284 2574 ecce
301 2551 354 2573 tres
375 2547 423 2572 viri
439 2546 546 2573 stabant
564 2554 644 2581 super
661 2555 721 2574 eum
733 2547 767 2573 ¹⁸.
788 2547 867 2580 Quod

92 2589 110 2615 si
121 2591 244 2620 credimus
260 2593 319 2620 hanc
333 2600 380 2627 per
395 2592 526 2627 Spiritum
541 2597 665 2620 sanctum
680 2593 793 2627 scripta,
812 2601 866 2621 non

93 2638 148 2667 pato
169 2635 265 2665 frustra
288 2637 425 2673 placuisse
450 2637 543 2665 divino
572 2637 704 2673 Spiritui,
730 2643 761 2666 ut
784 2638 866 2666 etiam

123 2713 142 2729 "
156 2714 223 2744 Psal.
239 2725 308 2748 χχιι,
324 2718 350 2744 5.
391 2718 412 2734 ¹³
432 2718 499 2746 ibid.
515 2718 542 2746 Ii.
583 2718 605 2734 ⁸⁸
627 2718 692 2746 ibid.

733 2719 754 2734 ”
770 2718 835 2746 ibid.
852 2718 878 2750 5,
893 2719 918 2746 ii.
961 2719 982 2735 ίε
999 2718 1079 2746 Joan.
1093 2727 1120 2750 Χ,
1134 2719 1160 2746 9.
1200 2719 1220 2734 ³⁷
1235 2717 1307 2744 Psal.
1324 2725 1375 2744 xcv
1402 2717 1427 2744 6.

96 2746 193 2777 "Rom.
216 2760 274 2786 xm,
290 2746 334 2784 i2,
354 2753 396 2780 15.
424 2755 447 2770 ²⁰
463 2753 556 2780 Matth.
575 2761 661 2787 xxvu,
677 2754 722 2781 45.
760 2754 780 2769 "
796 2753 843 2781 Lut

615 2761 661 2787 vn,
677 2754 722 2781 45.
760 2754 780 2769 "
796 2753 862 2781 Luc.
873 2746 958 2786 'xxut,
972 2754 1018 2787 λιν-ι,
1036 2755 1079 2782 «i5.
1116 2746 1141 2769 δ’
1163 2753 1246 2780 Marc.
1261 2760 1304 2786 xv,
1320 2752 1362 2779 55.

914 1582 982 1609 hora
996 1590 1050 1610 non
1065 1583 1138 1610 aliud
1151 1591 1233 1618 quam
1253 1584 1433 1612 meridianum
1450 1590 1557 1620 tempus
1569 1586 1706 1618 ostendat,

914 1628 1007 1655 nullus
1030 1632 1120 1656 tamen
1142 1629 1283 1657 meridiem
1304 1630 1465 1658 nominavit.
1493 1631 1545 1658 Sed
1564 1631 1707 1659 Matthzeus

914 1673 952 1700 ita
966 1673 1033 1700 dixit
1049 1682 1056 1700 :
1072 1673 1111 1700 Ab
1131 1673 1197 1700 liora
1215 1679 1305 1701 autem
1325 1680 1401 1702 sexta
1422 1677 1533 1702 tenebras
1552 1677 1631 1710 facta.
1646 1682 1708 1703 sunt

913 1727 991 1753 “(per
1010 1727 1112 1746 omnem
1133 1724 1232 1746 terram
1246 1728 1327 1755 usque
1340 1721 1366 1747 iu
1382 1721 1475 1748 horam
1496 1730 1593 1749 nonam
1607 1723 1640 1748 ²⁰.
1658 1722 1708 1750 Lu-

914 1772 961 1792 cas
983 1772 1069 1792 vero:
1091 1764 1157 1791 Erat
1171 1765 1230 1799 jam
1254 1767 1330 1801 quasi
1350 1766 1415 1793 hora
1434 1772 1525 1801 sexta,
1551 1773 1575 1795 et
1596 1769 1708 1796 tenebrae

914 1811 993 1845 facta:
1014 1816 1074 1838 sunt
1092 1819 1169 1845 super
1180 1819 1283 1838 onmem
1301 1817 1398 1839 terram
1412 1821 1492 1848 usque
1511 1815 1537 1840 in
1551 1814 1645 1841 horam
1659 1822 1708 1841 no-

914 1864 976 1883 uam
993 1857 1127 1891 deﬁciente
1145 1857 1200 1884 sale
1215 1858 1248 1884 εί.
1270 1857 1323 1885 Sed
1340 1863 1365 1885 et
1382 1858 1491 1886 Muretus
1512 1868 1518 1886 :
1535 1859 1601 1886 Cum
1620 1865 1708 1886 autem

914 1907 981 1930 esset
997 1903 1070 1937 facta
1085 1903 1152 1930 liora
1164 1908 1250 1937 sexta,
1268 1905 1379 1931 tenebrat
1392 1907 1470 1939 [actio
1486 1910 1546 1932 sunt
1563 1913 1640 1940 super
1652 1913 1709 1932 ont-

916 1956 975 1974 uem
992 1953 1089 1975 terram
1105 1957 1187 1983 usque
1205 1950 1231 1975 in
1253 1950 1345 1976 Itoram
1362 1958 1457 1976 nonam
1475 1951 1508 1977 “.
1530 1950 1606 1978 Unde
1623 1959 1708 1985 appa-

915 1999 966 2027 ret,
978 1995 1043 2028 quia
1058 1995 1084 2021 in
1106 1994 1261 2022 visitatione
1283 1995 1392 2030 quidem
1414 1996 1540 2027 Abrahae,
1557 2000 1584 2023 et
1600 1996 1627 2022 in
1641 2004 1707 2023 con-

914 2040 988 2067 virio
1012 2040 1227 2074 patriarcharum
1245 2040 1316 2074 apud
1335 2039 1436 2075 Ioseph
1453 2048 1506 2067 non
1523 2040 1662 2076 indigebat
1678 2045 1708 2068 ut

916 2089 1023 2121 tempus
1044 2085 1116 2113 istud
1136 2087 1187 2113 sub
1203 2087 1314 2113 nomine
1328 2086 1397 2113 sexti
1415 2086 1521 2113 numeri
1540 2087 1708 2121 signiﬁcare-

915 2136 969 2165 tur,
989 2131 1037 2159 sed
1055 2136 1086 2159 ut
1104 2132 1232 2159 meridies
1244 2132 1389 2160 diceretur.
1407 2131 1524 2160 Volebat
1540 2132 1612 2159 enim
1629 2140 1709 2167 spon-

880 2194 904 2224 D
916 2185 958 2210 sa,
976 2185 1036 2212 qua:
1044 2177 1100 2212 jam
1114 2182 1178 2205 tunc
1192 2177 1218 2204 in
1235 2178 1288 2206 illis
1306 2178 1530 2211 adumbrabatur,
1545 2178 1650 2206 discere
1663 2179 1707 2205 uhi

917 2227 1040 2258 pasceret
1061 2231 1195 2258 sponsus,
1219 2228 1246 2251 et
1263 2224 1309 2251 ubi
1332 2224 1444 2252 haberet
1465 2224 1572 2257 cubile,
1598 2229 1624 2252 et
1647 2225 1708 2252 ideo

915 2270 1057 2297 meridiem
1081 2270 1214 2297 nominat.
1244 2270 1422 2306 Evangelistte
1445 2278 1510 2298 vero
1532 2271 1558 2297 iu
1584 2271 1626 2298 his
1648 2279 1709 2306 qua:

914 2316 1075 2348 narrabant,
1092 2323 1145 2342 non
1162 2316 1342 2343 meridianum
1363 2315 1625 2350 tempus,sedhor€e
1642 2323 1709 2342 sex-

913 2366 948 2389 tze
983 2369 1126 2389 numerum
1146 2362 1339 2396 requirebant,
1359 2362 1392 2388 ad
1409 2362 1592 2389 enarrandum
1607 2362 1710 2389 scilicet

917 2408 1082 2436 sacrilicium
1101 2407 1196 2435 hostiae
1214 2407 1284 2442 ejus,
1303 2414 1364 2442 quae
1379 2407 1469 2434 oblata
1487 2412 1530 2434 est
1546 2408 1572 2434 in
1594 2407 1638 2434 die
1662 2407 1710 2434 l‘a-

917 2455 991 2481 scine
1005 2462 1054 2488 pro
1075 2453 1262 2488 redemptione
1281 2453 1417 2486 hominis,
1441 2452 1488 2487 qui
1516 2453 1542 2479 in
1565 2453 1609 2479 die
1633 2456 1708 2479 sexta

915 2501 1050 2528 formatus
1073 2506 1142 2528 esta
1165 2500 1242 2533 Deo,
1273 2505 1451 2535 posteaquam
1486 2504 1557 2527 terra
1580 2500 1709 2534 produxit

916 2547 1036 2575 animam
1050 2547 1186 2575 viventem
1209 2547 1360 2575 secundum
1379 2554 1475 2581 genus,
1499 2545 1685 2580 quadrupedia
1699 2565 1707 2578 ,

915 2598 943 2621 et
962 2594 1101 2629 repentia,
1125 2597 1152 2621 et
1173 2593 1275 2620 bestias
1303 2597 1392 2620 terrae.
1418 2591 1460 2618 0b
1492 2592 1544 2618 hoc
1575 2591 1657 2626 igitur
1681 2590 1708 2618 in

917 2640 1046 2674 praesenti
1067 2639 1128 2666 loco
1156 2638 1306 2667 illuminari
1333 2645 1432 2673 sponsa
1458 2637 1595 2665 desiderat
1624 2637 1707 2672 pleno

1468 2717 1489 2733 ¹⁸
1504 2716 1570 2744 Gru.
1588 2722 1663 2750 xvut,
1681 2715 1707 2743 2.

125 2823 276 2861 (18).’\lss.,
303 2826 426 2861 poculum
461 2831 543 2853 tuum.
576 2826 652 2854 Lihb.
683 2827 767 2860 cdili,
797 2827 865 2854 ralia“
885 2836 965 2854 nu‘us.
