1892 3050
186 103 238 131 125

716 101 876 131 ORIGENIS
895 100 929 130 ΙΝ
947 99 1129 130 CANTICUM
1147 101 1285 132 CANTlC.

1765 103 1817 130 l2!

184 161 307 191 scientiae
321 161 435 194 lumine,
453 169 488 189 ne
509 168 558 196 per
577 161 741 197 imperitiam
761 170 866 195 errans,
883 162 909 189 in
923 162 974 189 ali-
988 163 1011 192 Α
1027 161 1120 196 lieres,
1135 162 1196 190 illas
1210 163 1315 191 scilicet
1339 170 1402 197 quae
1417 162 1619 197 corruptionem
1636 169 1726 197 passae
1740 167 1816 195 sunt,

186 216 242 243 quo
258 207 357 235 similis
372 206 504 234 eﬂiciatur
525 207 579 235 illis
604 207 746 236 doctorum
773 208 895 242 scholis,
915 216 976 243 qua:

187 261 243 281 non
257 261 305 288 per
318 253 405 288 ipsam
417 252 464 280 Dei
479 253 651 288 sapientiam,
671 254 718 282 sed
733 262 781 289 per
798 255 976 290 philosopho-

187 307 250 327 rum
267 303 295 327 et
319 299 472 334 principum
500 299 582 334 hujus
605 300 699 327 mundi
722 304 895 327 exercentur.
918 300 977 329 Hoc

188 346 263 373 enim
277 349 303 373 et
315 344 462 379 Apestolus
476 344 565 372 dicere
582 345 687 373 videtur
698 345 725 372 in
740 352 772 372 eo
786 345 833 372 ubi
847 345 894 378 ait,
911 346 976 381 quia

189 391 323 425 loquimur
339 389 386 418 Dei
405 390 563 424 sapientiam
586 390 613 417 in
637 390 762 425 mysterio
777 390 975 424 absconditam,

188 444 268 470 quam
293 444 366 463 nemo
386 436 533 470 principum
547 435 626 470 hujus
643 435 734 462 mundi
754 437 874 471 cognorit
894 437 927 464 ³³.
943 436 977 464 Et

188 480 287 508 iterum
299 481 356 509 haec
368 482 461 510 eadem
479 480 622 516 signiﬁcat,
638 488 701 508 cum
718 481 784 510 dicit
800 491 808 509 :
828 481 890 509 Non
905 483 976 510 enim

187 527 312 562 spiritum
330 528 408 562 hujus
427 528 517 554 mundi
535 528 700 561 accepimus,
717 527 764 555 sed
785 529 908 563 spiritum
931 530 977 564 cui

189 581 221 600 ea;
234 573 288 600 Deo
304 577 352 606 ut,
374 578 402 600 ut
416 575 530 600 sciamus
549 581 607 608 qua:
625 582 642 600 a
658 574 711 601 Deo
729 574 830 601 donato
849 579 910 602 sunt
929 583 977 602 no-

189 619 228 645 bis
245 620 279 647 υ.
303 618 344 646 0b
358 619 409 646 hoc
429 626 494 654 ergo
516 619 631 654 requirit
651 626 751 653 sponsa
771 620 872 648 Christi
895 620 976 648 meri-

187 663 266 690 diana
282 663 402 696 cubilia,
425 668 453 690 et
476 664 674 698 plenitudinem
700 664 822 692 scientize
845 665 934 699 poscit
959 673 976 693 a

187 708 251 741 Deo,
275 716 309 736 ne
326 708 452 736 videatur
466 717 527 737 esse
545 710 616 737 sicut
636 717 689 736 una
702 717 736 737 ex
750 710 974 745 philosophorum

1026 215 1077 235 nec
1091 207 1117 234 in
1131 208 1296 243 virginitatis
1326 208 1480 243 integritate
1504 212 1727 243 permanserunt.
1752 207 1818 236 Haec

1026 256 1091 279 sunt
1104 260 1165 287 qua:
1179 260 1298 288 sponsus
1312 257 1374 288 post
1392 252 1438 280 illa
1454 252 1545 280 omnia
1557 260 1619 287 qua:
1641 252 1734 280 locuta
1754 252 1817 279 fuc-

1026 299 1072 322 rat
1089 302 1202 330 sponsa,
1218 301 1328 323 austera
1348 295 1465 331 quadam
1483 296 1698 324 comminatione
1709 304 1816 331 sponsae

1026 342 1133 370 animos
1150 343 1183 369 ad
1199 343 1348 377 agnitionis
1358 350 1414 370 suae
1426 350 1520 370 curam
1540 343 1688 375 suscitans,
1705 350 1754 378 per
1767 351 1815 371 ore

1026 387 1116 415 dinem
1128 387 1261 423 propositi
1271 388 1403 416 dramatis
1416 387 1493 415 dicit.

1062 434 1116 461 Sed
1131 441 1206 462 nunc
1217 439 1426 469 consequenter,
1448 437 1477 460 ut
1490 437 1598 467 caetera,
1624 434 1657 462 ad
1672 434 1819 462 Christum

1026 479 1084 508 haec
1097 484 1123 508 et
1151 480 1184 507 ad
1200 479 1351 508 Ecclesium
1366 479 1529 512 referamus,
1552 479 1598 514 qui
1627 479 1661 507 ad
1683 487 1817 515 sponsam

1026 532 1116 556 suam,
1134 525 1167 552 ad
1181 525 1288 553 animas
1301 526 1405 554 scilicet
1419 525 1586 553 credentium
1599 525 1726 559 loquens,
1739 532 1819 552 sum—

1026 579 1099 598 mam
1127 571 1225 599 salutis
1253 576 1281 600 et
1303 571 1480 599 beatitudinis
1501 571 1528 598 in
1551 571 1653 599 suimet
1673 571 1820 606 agnitione

1026 617 1179 646 constituit.
1196 617 1339 651 Quomodo
1353 624 1418 654 ergo
1435 617 1526 645 anima
1538 621 1688 652 cognoscat
1712 620 1818 644 semet-

1026 662 1132 697 ipsam,
1163 670 1214 690 nec
1243 662 1323 690 facile
1349 666 1430 697 puto,
1461 670 1512 690 nec
1536 661 1654 690 breviter
1682 661 1821 696 explicari

1026 715 1125 743 posse;
1140 713 1231 736 tamen
1247 716 1298 743 pro
1311 709 1418 736 viribus
1442 715 1530 743 pauca
1545 715 1579 736 ex
1593 707 1686 735 multis
1706 707 1818 742 aperire

184 753 295 786 scholis,
316 761 377 789 qua:
393 754 523 789 adoperta
536 755 704 787 nominatur,
723 763 774 791 pro
787 763 821 784 eo
835 756 906 792 quod
919 757 978 792 ple.
1026 753 1203 781 tentabimus.
1220 753 1333 782 Videtur
1348 761 1413 790 ergo
1428 754 1494 781 mihi
1516 753 1616 788 duplici
1639 753 1721 780 modo
1736 753 1819 787 agni-

184 798 280 826 nitudo
304 799 428 827 veritatis
459 799 532 834 apud
549 807 597 827 eos
621 804 693 828 tecta
720 804 764 828 est
788 804 816 828 et
835 801 974 836 adoperta.

1026 797 1128 825 tionem
1159 798 1201 826 sui
1227 799 1347 826 animam
1373 806 1469 834 capere
1484 798 1592 826 debere.
1609 797 1678 831 Quid
1701 798 1816 833 quidem

185 843 294 879 Sponsa
313 849 404 872 autem
425 844 527 872 Christi
549 845 615 873 dicit
636 854 643 872 :
666 845 724 872 Nos
748 850 837 873 autent
862 847 976 875 ret-elato
991 836 1013 864 Β
1026 843 1062 870 sil
1079 843 1148 877 ipsa.
1162 848 1190 871 et
1204 843 1321 879 qualiter
1340 848 1491 877 moveatur,
1506 843 1534 871 id
1548 847 1590 871 cst
1607 843 1673 878 quid
1693 843 1722 869 in
1746 842 1818 869 sub-

185 890 254 924 facie
267 890 381 925 gloriam
396 890 445 917 Dei
458 890 624 926 speculantur
639 892 672 917 '°.
685 893 688 896 ’

220 934 299 963 Vers.
314 935 342 963 8.
361 934 423 963 Nisi
436 937 586 972 cognoveris
598 941 632 968 te,
648 945 663 964 ο
679 937 746 964 bona
760 937 830 972 (sive
840 938 974 973 pulchra),

185 981 256 1009 inter
275 981 413 1016 mulieres,
435 983 556 1017 egredere
576 988 605 1010 tu
621 984 649 1010 in
663 985 778 1020 vestigiis
803 993 927 1020 gregum,
948 989 974 1012 et

184 1035 262 1060 pasce
283 1027 371 1055 hordea
389 1032 447 1056 tuos
473 1029 501 1055 in
523 1029 700 1056 tabernaculis
717 1035 865 1064 pastorum.
887 1030 973 1059 Unius

184 1071 307 1099 Chilonis
323 1073 428 1100 scilicet
446 1081 479 1100 ex
498 1078 600 1108 septem
622 1081 691 1109 quos
709 1074 780 1110 apud
794 1074 903 1103 Graecos
917 1075 974 1103 sin-

184 1117 292 1151 gulares
303 1117 387 1145 fuisse
397 1119 424 1146 in
437 1119 568 1154 sapientia
580 1121 652 1150 fama
663 1124 843 1157 concelebrat,
860 1125 918 1152 haec
931 1125 973 1152 in-

185 1165 226 1188 ter
244 1168 340 1190 car-tera
363 1164 496 1192 mirabilis
517 1165 603 1193 l'ertur
616 1175 676 1196 esse
687 1169 831 1202 sententia,
845 1177 899 1204 qua
914 1171 971 1198 ait:

182 1207 256 1235 Scito
279 1209 409 1243 teipsum,
428 1210 470 1238 vel
489 1219 613 1247 cognosce
630 1214 752 1248 teipsum.
772 1214 852 1248 Quod
874 1219 968 1242 tamen

184 1253 325 1287 Salomon,
345 1262 427 1290 quem
441 1257 616 1291 pmcessisse
632 1265 728 1286 omnes
744 1259 794 1287 hos
809 1264 930 1294 tempore
944 1265 972 1287 et

170 1299 315 1333 Vsapientia
338 1307 371 1328 ac
391 1307 483 1328 rerum
509 1302 624 1330 scientia
649 1303 676 1330 in
699 1303 858 1338 praefatione
878 1309 970 1333 nostra

182 1345 344 1378 docuimus,
362 1346 395 1374 ad
413 1348 533 1374 animam
558 1348 636 1383 quasi
661 1350 803 1378 mulierem
827 1351 879 1380 sub
894 1360 971 1380 eom-

183 1390 333 1418 minatione
351 1391 469 1425 quadam
493 1393 608 1428 loquens
629 1394 695 1422 dicit
710 1404 717 1422 :
731 1395 788 1423 Nisi
811 1397 971 1432 cognoveris

183 1434 364 1469 temetipsam,
388 1443 404 1463 o
416 1436 529 1471 pulchra
549 1437 618 1466 inter
631 1439 770 1472 mulieres,
787 1445 814 1468 et
828 1442 970 1477 agnoveris

183 1480 393 1514 pulchritudinis
406 1485 458 1509 tuze
471 1490 569 1511 causas
584 1483 646 1512 inde
659 1484 833 1519 descendere,
849 1486 921 1521 quod
935 1486 968 1514 ad

182 1525 326 1560 imaginem
350 1525 398 1554 Dei
423 1526 494 1556 facta
508 1536 550 1562 es,
572 1537 621 1564 per
631 1530 706 1565 quod
725 1530 796 1559 inest
815 1531 863 1559 tibi
885 1532 970 1567 pluri—

181 1578 254 1598 mum
270 1571 401 1599 naturalis
412 1572 529 1607 decoris,
542 1579 570 1601 et
583 1575 743 1610 cognoveris
757 1583 839 1611 quam
856 1577 969 1611 pulchra

180 1624 244 1645 eras
258 1625 291 1644 ex
308 1617 402 1651 initio;
420 1619 547 1653 quamvis
563 1624 590 1648 et
609 1629 681 1648 nunc
693 1621 750 1656 jam
766 1623 904 1657 pracellas
918 1632 969 1652 cat-

181 1665 254 1689 tt-ras
273 1662 413 1695 mulieres,
436 1668 464 1691 et
478 1665 593 1699 pulchra
617 1666 688 1694 inter
709 1675 756 1696 eas
778 1669 836 1695 sola
856 1669 968 1703 dicaris,

181 1711 271 1734 tamen
287 1707 341 1735 nisi
358 1711 519 1743 cognoveris
544 1711 657 1747 teipsam
680 1721 741 1748 qme
755 1714 810 1747 sis,
826 1722 880 1742 non
896 1716 969 1743 enim

179 1760 213 1780 ex
228 1755 431 1788 comparatione
446 1755 605 1784 inferiorum
619 1759 680 1786 volo
696 1759 795 1787 bonam
807 1761 892 1788 videri
910 1762 970 1796 pul-

180 1798 361 1826 chritudinem
377 1804 463 1832 tuam.
476 1801 523 1829 sed
539 1806 569 1829 ut
583 1803 631 1831 tibi
647 1803 698 1838 ipsi
709 1809 737 1831 et
747 1805 839 1832 decori
851 1809 898 1833 tuo
911 1808 969 1834 col--

179 1843 233 1871 lata
251 1848 333 1879 atque
347 1851 486 1881 exaequata
500 1849 674 1883 respondeas.
693 1849 771 1883 Quod
788 1851 841 1878 nisi
859 1851 966 1885 feceris,

175 1888 260 1923 jubco
274 1893 299 1917 te
313 1890 397 1924 exire,
418 1896 446 1919 et
458 1892 484 1919 in
500 1893 603 1921 ultimis
622 1902 735 1929 gregum
749 1896 870 1931 vestigiis
884 1898 968 1925 collo-

177 1935 246 1968 cari,
263 1939 290 1962 et
304 1935 361 1971 jam
375 1944 430 1964 non
448 1944 514 1966 oves
528 1945 617 1973 neque
629 1947 724 1974 agnos,
745 1940 793 1968 sed
812 1941 908 1970 litedos
921 1950 969 1977 pa.

178 1989 264 2015 scere,
287 1982 348 2010 illos
364 1983 468 2011 scilicet
489 1983 535 2019 qui
554 1991 604 2019 pro
624 1985 758 2020 pravitate
777 1991 804 2014 et
817 1987 929 2016 lascivia
947 1995 964 2015 ι

177 2027 297 2055 sinistris
314 2029 411 2056 staturi
428 2033 493 2056 sunt
517 2029 589 2064 regis
615 2030 642 2057 in
665 2031 769 2065 judicio
786 2033 966 2067 praesidentis.

178 2072 211 2099 Et
224 2081 287 2100 curn
298 2074 346 2101 tibi
364 2075 526 2103 introductae
538 2075 565 2102 in
580 2076 735 2104 cubiculum
750 2078 854 2113 regium
871 2083 966 2107 osten-

176 2118 263 2146 derim
278 2127 338 2153 quae
359 2127 466 2147 summa
490 2125 556 2148 sunt
578 2121 661 2154 bona,
682 2122 706 2149 si
729 2130 784 2150 non
806 2125 967 2159 cognoveris

1026 889 1139 921 stantia,
1164 893 1192 917 et
1204 889 1269 924 quid
1287 889 1315 917 in
1328 888 1469 917 aﬂectibus
1484 889 1599 922 habeat;
1616 891 1710 923 ulputa
1729 891 1763 914 ut
1774 887 1820 914 in-

1025 934 1128 968 tclligat
1138 934 1162 962 si
1177 935 1238 962 boni
1253 935 1366 962 atl'ectus
1380 935 1427 967 sit,
1444 940 1491 962 aut
1511 942 1565 962 non
1588 934 1664 965 boni,
1681 939 1729 961 aut
1745 933 1822 962 recti

1025 979 1169 1014 propositi,
1187 983 1235 1007 aut
1247 987 1301 1007 non
1316 980 1399 1014 recti;
1415 984 1443 1008 et
1454 980 1563 1016 quidem
1577 980 1603 1007 si
1613 979 1692 1011 recti,
1711 979 1735 1007 si
1748 987 1821 1014 erga

1025 1032 1122 1052 omnes
1134 1025 1249 1054 virtutes
1262 1026 1387 1054 eumdem
1402 1029 1524 1053 tenorem
1538 1025 1648 1059 habeat,
1662 1030 1718 1052 tam
1732 1025 1763 1052 in
1778 1025 1819 1052 in-

1025 1071 1170 1106 telligendo
1183 1079 1265 1107 quam
1278 1072 1305 1099 in
1320 1073 1434 1108 agendo,
1452 1080 1487 1099 an
1504 1080 1567 1107 erga
1580 1072 1736 1100 necessaria
1753 1076 1819 1099 tan-

1025 1122 1081 1144 tum
1093 1122 1120 1145 et
1134 1126 1194 1152 quae
1206 1118 1232 1145 in
1247 1123 1372 1154 promptu
1383 1123 1457 1147 sunt.
1474 1118 1508 1146 Et
1519 1124 1611 1146 utrum
1635 1119 1662 1146 in
1686 1126 1719 1146 eo
1736 1119 1817 1146 situt

1024 1164 1136 1199 recipiat
1150 1164 1298 1198 profectus,
1314 1169 1343 1192 ut
1358 1169 1488 1200 augeatur
1511 1165 1538 1192 in
1565 1165 1702 1192 intellectu
1721 1173 1815 1192 rerum

1023 1214 1224 1245 augmentoque
1241 1209 1383 1244 virtutum,
1397 1217 1431 1237 an
1461 1211 1488 1237 in
1505 1211 1560 1238 isto
1574 1215 1627 1238 stet
1643 1215 1670 1238 et
1683 1211 1817 1243 resideat,

1024 1255 1051 1282 in
1069 1255 1141 1289 quod
1168 1257 1257 1291 potuit
1280 1252 1439 1290 pervenire;
1460 1260 1488 1284 et
1508 1261 1599 1283 utrum
1629 1263 1695 1291 erga
1711 1260 1817 1284 semet—

1024 1301 1112 1335 ipsam
1144 1302 1336 1329 tantummodo
1371 1306 1447 1329 vacet
1470 1302 1657 1335 excolendam,
1684 1309 1719 1328 an
1752 1301 1817 1328 aliis

1023 1346 1153 1381 prodesse
1168 1352 1195 1377 et
1208 1346 1333 1374 conferre
1347 1347 1449 1382 aliquid
1475 1346 1599 1374 utilitatis
1621 1346 1741 1379 studeat,
1771 1347 1818 1374 vel

1023 1392 1050 1419 in
1066 1392 1149 1420 verbo
1171 1393 1312 1426 doctrinae,
1340 1394 1381 1421 vel
1407 1394 1433 1421 in
1459 1394 1591 1429 exemplis
1609 1397 1762 1428 gestorum.
1784 1393 1813 1421 Si

1021 1446 1087 1466 Vero
1099 1444 1246 1474 cognoscat
1261 1439 1434 1474 semetipsam
1455 1447 1510 1467 non
1531 1447 1591 1467 esse
1605 1439 1669 1467 boni
1684 1439 1810 1473 allectus,

1022 1491 1111 1519 neque
1127 1484 1193 1511 recti
1220 1485 1364 1520 propositi,
1389 1485 1416 1512 in
1440 1485 1494 1512 hoc
1522 1485 1591 1520 ipso,
1619 1489 1649 1512 ut
1677 1485 1815 1521 intelligat

1023 1534 1115 1557 utrum
1131 1529 1156 1556 ci
1171 1529 1238 1557 satis
1251 1530 1331 1562 desit,
1355 1534 1382 1557 et
1397 1530 1491 1564 procul
1513 1537 1528 1557 a
1549 1530 1593 1557 via
1612 1530 1759 1564 virtutum,
1778 1539 1812 1558 an

1020 1574 1047 1602 in
1064 1574 1125 1609 ipso
1136 1574 1192 1610 jam
1206 1575 1294 1610 posita
1323 1575 1360 1603 sit
1379 1575 1486 1607 itinere,
1501 1581 1527 1603 ct
1542 1575 1668 1603 incedere
1692 1576 1751 1611 jam
1766 1585 1813 1604 eo-

1019 1624 1110 1652 nctur,
1124 1619 1236 1655 cupiens
1247 1628 1308 1655 qua;
1319 1621 1346 1647 in
1355 1624 1416 1648 ante
1426 1623 1489 1647 sunt
1500 1620 1701 1655 apprehendere
1709 1626 1734 1649 et
1750 1630 1812 1658 qua:

1020 1670 1093 1692 retro
1108 1669 1172 1693 sunt
1183 1665 1318 1700 oblivisci,
1329 1666 1376 1694 sed
1390 1665 1510 1694 nondum
1521 1667 1785 1702 appropinquaverit
1800 1677 1812 1700 ι

1019 1715 1069 1737 aut
1083 1710 1205 1745 proxima
1225 1711 1333 1745 quidem
1356 1711 1403 1742 sit.
1419 1711 1540 1738 nondum
1567 1716 1657 1739 tamen
1670 1713 1703 1739 ad
1721 1713 1812 1747 perte-

1019 1756 1138 1784 ctionem
1153 1757 1268 1785 venerit.
1297 1757 1350 1784 Sed
1374 1761 1402 1784 et
1420 1757 1448 1784 in
1471 1765 1505 1785 eo
1531 1765 1600 1792 opus
1622 1757 1732 1785 videtur
1751 1767 1812 1787 esse

1019 1802 1119 1829 anima:
1132 1802 1322 1838 cognoscentis
1336 1803 1521 1838 semetipsam,
1536 1803 1607 1831 scire
1633 1803 1656 1831 si
1681 1804 1741 1832 haec
1754 1805 1811 1840 ipsa

1019 1855 1081 1882 quae
1094 1851 1224 1882 operatur
1240 1848 1322 1881 mala,
1351 1855 1383 1875 ex
1400 1848 1497 1876 aiIectu
1512 1852 1540 1876 et
1561 1849 1654 1877 studio
1668 1855 1812 1884 operetur.

1019 1901 1053 1920 an
1071 1892 1216 1927 fragilitate
1228 1893 1357 1928 quadam,
1385 1898 1423 1927 et,
1450 1899 1480 1921 ut
1505 1894 1549 1922 ille
1565 1895 1613 1927 ait,
1627 1895 1700 1930 quod
1730 1896 1812 1930 quasi

1019 1946 1074 1965 non
1090 1939 1148 1965 vult
1163 1946 1258 1974 agens.
1275 1943 1301 1966 et
1320 1947 1381 1974 quae
1395 1939 1452 1967 odit
1478 1939 1583 1968 faciens
1597 1941 1630 1974 “,
1657 1945 1685 1968 et
1710 1948 1813 1969 rursus

1018 1991 1051 2011 ea
1067 1992 1127 2019 qua:
1141 1983 1211 2011 bona
1231 1988 1295 2011 sunt
1318 1984 1461 2012 all'ectibus
1475 1989 1502 2012 et
1520 1990 1595 2013 recto
1607 1986 1751 2021 proposito
1766 1994 1812 2021 ge-

1018 2037 1080 2057 rere
1096 2029 1229 2057 videatur.
1254 2029 1335 2057 Verbi
1366 2032 1463 2066 gratia,
1494 2032 1516 2060 si
1534 2032 1704 2059 iracundiam
1733 2033 1809 2067 apud

1017 2077 1126 2110 aliquos
1137 2077 1246 2112 quidem
1261 2077 1381 2111 cohibet,
1405 2078 1476 2113 apud
1498 2078 1604 2113 aliquos
1615 2084 1706 2106 autem
1719 2079 1810 2112 etl‘crt,

1018 2129 1052 2148 an
1065 2130 1174 2158 semper
1187 2131 1247 2150 eam
1274 2123 1393 2157 cohibet,
1408 2128 1435 2150 et
1464 2123 1535 2158 apud
1561 2124 1665 2151 nullum
1693 2125 1811 2153 omnino

177 2164 361 2199 temetipsam,
376 2165 516 2193 ostendam
544 2166 592 2193 tibi
614 2167 696 2195 etiam
710 2175 771 2202 quae
792 2173 857 2196 sunt
874 2170 968 2197 ultima
984 2177 1006 2204 ι)
1020 2168 1133 2204 profert.
1150 2169 1281 2197 Similiter
1294 2174 1320 2198 et
1333 2170 1483 2201 tristitiam,
1500 2170 1522 2197 si
1536 2170 1562 2197 in
1587 2170 1730 2205 aliquibus
1747 2171 1810 2206 qui-

177 2209 260 2242 mala,
281 2213 310 2237 ut
327 2217 360 2237 ex
376 2214 491 2245 utroque
507 2211 644 2245 proﬁcias,
668 2217 722 2240 tam
738 2213 871 2242 malorum
892 2219 967 2242 metu

176 2262 258 2288 quam
273 2255 407 2283 bonorum
423 2255 569 2284 desiderio.
589 2256 617 2284 Si
632 2257 703 2286 enim
721 2259 852 2287 nescieris
871 2264 968 2288 temet-

177 2300 275 2334 ipsam,
288 2304 316 2327 et
331 2301 359 2328 in
373 2300 528 2335 ignorantia
542 2302 581 2329 tui
591 2302 703 2335 vixeris,
715 2311 765 2330 nec
777 2304 899 2333 scientia:
913 2310 969 2334 stu-

175 2345 250 2373 dium
258 2345 543 2380 gesseris,sinedubio
554 2354 603 2374 nec
613 2348 816 2376 tabernaculum
828 2351 967 2385 proprium

176 2389 301 2421 habebis,
311 2389 364 2425 57
378 2391 425 2418 sed
435 2396 462 2418 et
473 2399 519 2426 per
530 2397 666 2426 pastorum
675 2394 845 2422 tabernacula
862 2396 968 2424 discur-

176 2443 232 2467 res,
248 2439 274 2462 et
287 2443 361 2463 nunc
383 2436 411 2463 in
439 2437 512 2465 illius
537 2438 719 2468 tabernaculis
739 2441 857 2475 pastoris
872 2450 966 2476 pasces

176 2480 282 2513 haedos,
301 2482 452 2517 inquietum
469 2483 569 2511 animal
585 2492 617 2513 ac
630 2493 727 2520 vagum
742 2491 769 2514 et
783 2489 902 2521 peccatis
917 2488 964 2515 de-

175 2530 312 2561 putatum.
338 2526 402 2556 llaec
415 2533 505 2556 autem
535 2529 657 2564 patieris,
682 2531 769 2559 donec
796 2533 878 2560 rebus
897 2533 965 2568 ipsis

176 2576 202 2598 et
216 2572 410 2607 experimentis
432 2574 579 2610 intelligas,
604 2580 737 2610 quantum
764 2577 828 2604 mali
843 2578 879 2605 sit
905 2578 965 2605 ani-

177 2623 249 2644 mam
265 2618 370 2646 nescire
385 2620 513 2655 seipsam,
526 2628 614 2655 nequc
626 2621 856 2656 pulchritudinem
872 2631 962 2659 suam,

177 2669 226 2698 per
238 2672 320 2699 quam
336 2667 466 2701 praecellit
483 2672 608 2700 caeteras,
628 2675 682 2695 non
692 2668 823 2704 virgines,
839 2670 887 2698 sed
900 2679 962 2698 mu-

1021 2214 1081 2241 dt'lll
1095 2215 1212 2250 negotiis
1226 2215 1325 2250 rejicit,
1342 2215 1371 2242 in
1385 2215 1522 2250 aliquibus
1541 2220 1631 2242 autem
1646 2216 1756 2250 recipit,
1774 2225 1810 2244 an

1019 2260 1046 2287 in
1064 2260 1192 2288 omnibus
1218 2261 1330 2288 omnino
1348 2268 1402 2288 non
1430 2260 1536 2296 recipit.
1564 2261 1602 2289 lla
1624 2266 1651 2288 et
1666 2261 1809 2295 timorem,

1018 2306 1126 2341 aliaque
1142 2306 1268 2334 similiter
1277 2315 1338 2342 qua:
1350 2306 1496 2335 virtutibus
1518 2307 1645 2335 videntur
1662 2315 1725 2336 esse
1742 2316 1809 2336 con-

1018 2352 1110 2379 traria.
1124 2351 1221 2379 Adhuc
1233 2356 1261 2379 et
1277 2352 1341 2379 illud
1357 2359 1427 2387 opus
1444 2356 1486 2380 est
1498 2352 1597 2380 animae
1611 2353 1809 2388 cognoscentis

1019 2406 1058 2431 se,
1076 2398 1099 2425 si
1114 2398 1205 2433 glorise
1218 2398 1346 2428 .multum
1370 2397 1467 2432 cupida
1486 2397 1531 2429 sit,
1561 2402 1608 2426 aut
1634 2405 1746 2432 parum,
1762 2403 1810 2426 aut

1019 2443 1131 2471 omnino
1151 2442 1228 2470 nihil.
1245 2441 1322 2475 Quod
1348 2442 1410 2469 inde
1425 2442 1538 2478 colligit,
1554 2442 1577 2470 si
1598 2443 1727 2470 laudibus
1740 2443 1810 2470 mul-

1018 2493 1086 2522 tum,
1098 2493 1146 2516 aut
1158 2489 1331 2516 mediocriter
1352 2488 1510 2521 delectetur,
1524 2493 1570 2516 aut
1593 2489 1707 2516 omnino
1718 2489 1806 2523 nihil;

1017 2539 1045 2562 et
1057 2535 1081 2562 si
1096 2535 1122 2562 in
1136 2535 1290 2570 opprobriis
1305 2534 1382 2567 satis,
1397 2538 1444 2561 aut
1457 2542 1565 2569 parum,
1579 2539 1627 2561 aut
1638 2535 1755 2562 omnino
1769 2535 1809 2562 ni-

1018 2580 1056 2607 hil
1069 2579 1255 2607 contristetur.
1270 2578 1323 2606 Sed
1337 2583 1364 2606 et
1376 2579 1402 2605 in
1415 2577 1516 2610 dando,
1528 2581 1556 2605 et
1577 2578 1741 2613 accipiendo
1761 2585 1808 2606 eo-

1017 2625 1174 2660 gnoscenlis
1187 2624 1286 2652 animae
1297 2623 1471 2658 semetipsam
1496 2629 1560 2651 sunt
1583 2623 1708 2658 quaedam
1735 2624 1807 2651 indi-

1017 2670 1069 2702 cia,
1093 2669 1200 2704 siquod
1223 2668 1317 2696 tribuit
1337 2671 1364 2696 et
1387 2668 1502 2703 praebuit
1524 2668 1560 2695 ita
1580 2667 1804 2697 communicabili

214 2802 238 2821 υ
255 2802 264 2831 l
280 2802 343 2831 Cor.
360 2811 390 2838 ιι,
404 2804 430 2838 7,
446 2805 474 2833 8.
512 2806 534 2822 ’⁸
546 2804 613 2832 ibid.
628 2804 671 2832 i2.
710 2807 733 2822 "
747 2805 769 2833 ll
783 2807 846 2835 Cor.
861 2815 903 2841 tu,
923 2808 966 2836 l8.

1064 2816 1118 2836 om.
1132 2814 1180 2841 vtt,
1199 2806 1242 2834 15.
