1892 3050
106 123 152 152 125

753 120 854 149 LIBER
874 120 1066 150 SECUNDUS.

1672 126 1725 155 126

107 181 206 214 aﬂ‘ectu,
219 184 246 208 et
258 180 338 215 quasi
353 180 397 208 cui
422 179 578 216 aequitatem
593 179 688 208 haberi
711 181 782 208 inter
794 181 883 208 homi—
897 182 921 210 Δ
936 182 1030 210 haedos
1056 182 1083 209 in
1110 182 1295 211 tabernaculis
1324 189 1466 218 pastorrrm
1489 185 1640 214 alienorum
1656 193 1671 213 a
1685 194 1727 214 se.

107 233 149 255 nes
159 225 277 260 placeat;
292 233 338 259 an,
351 230 381 253 ut
397 225 441 253 ille
454 225 502 258 ait,
516 232 551 253 ex
572 224 697 258 tristitia,
711 230 759 253 aut
779 233 813 253 ex
837 234 886 253 ne-

106 271 226 300 cessitate
239 272 273 305 ",
299 272 341 299 vel
364 276 437 300 certe
458 272 573 308 gratiam
588 273 648 300 sive
670 272 705 300 ab
726 272 885 307 accipienti-

106 318 162 350 bus,
178 318 234 345 sive
247 317 282 344 ab
294 318 468 346 audientibus
487 326 626 353 quarrens.
650 318 703 346 Sed
716 322 744 346 et
760 318 787 345 in
811 319 885 346 acci-

105 364 194 399 piendo
208 363 299 391 anima
313 372 374 399 quas
396 365 538 399 cognoscit
564 365 740 400 semetipsam
754 365 885 392 observa-

104 410 148 442 bit,
161 414 250 437 utrum
265 410 452 438 indilfereuter
477 410 579 438 habeat
597 419 629 438 ea
642 418 703 446 qua
716 410 825 446 accipit,
849 418 884 438 an

105 456 168 483 velut
180 464 261 491 super
272 457 364 491 aliquo
377 456 451 484 bono
464 457 591 492 gaudeat.
615 456 668 484 Sed
692 462 719 484 et
746 456 884 484 intellectu

104 500 220 536 pensabit
242 501 419 536 scmetipsam
452 501 610 536 huiusmodi
639 502 751 534 anima,
783 505 815 528 ut
839 508 886 529 co-

103 553 208 583 gnoscat
220 555 254 575 an
270 547 349 575 l'acile
361 552 535 576 commoveat
548 548 740 583 cujuscunque
751 547 886 575 verisimi-

102 593 218 622 litudiuis
232 594 347 627 auditio,
361 598 390 622 et
405 594 574 629 subripiatur
587 594 643 630 (l9)
656 594 681 621 ei
694 599 754 622 arte
766 594 808 622 vel
820 601 885 621 sua-

103 641 233 673 vitate,vel
244 640 392 668 calliditate
401 648 571 674 sermonum,
580 649 615 668 an
627 648 690 668 raro
701 640 763 673 hoc,
772 647 806 668 an
818 648 885 667 nun-

103 695 176 722 quam
189 687 302 714 omnino
313 686 442 722 patiatur.
467 686 521 714 Sed
545 686 682 715 suﬁciant
707 686 765 715 haec
780 687 807 714 in
831 687 884 716 hoc

101 733 239 769 agnitionis
252 739 352 768 genere
364 740 379 759 a
391 731 470 760 nobis
482 732 564 760 dicta.
591 732 724 761 Possibile
746 737 789 761 est
809 733 882 761 enim

101 779 193 807 volenti
205 779 304 806 borum
318 778 528 807 similitudinem
552 784 579 807 et
603 779 656 807 alia
672 779 816 807 innumera
830 780 886 808 col-

102 825 187 861 ligere,
199 825 301 860 quibus
323 831 490 859 cognoscam
510 825 685 860 semetipsam
704 825 796 852 anima
818 833 882 860 pro-

101 871 182 904 betur,
194 874 220 898 et
232 870 465 905 pulchritudinem
477 877 555 898 suam
570 878 652 906 quam
674 869 709 897 ad
734 870 880 906 imaginem

101 917 142 945 Dei
154 917 180 944 in
193 917 352 945 conditione
364 917 497 952 suscepit,
515 917 538 945 si
551 925 678 952 reparare
691 925 724 945 ac
736 918 882 946 restituere

99 964 218 998 potuerit,
233 963 424 999 contemplari.
443 963 502 991 Hoc
525 963 608 999 igitur
621 969 664 992 est
674 964 747 999 quod
760 972 882 1000 prrescns

101 1017 182 1038 sermo
193 1010 244 1038 sub
267 1010 361 1046 specie
372 1010 498 1038 mulieris
509 1011 630 1038 animam
652 1011 742 1045 docet,
756 1015 786 1039 ut
797 1019 882 1048 agno-

99 1061 152 1083 scat
172 1055 358 1092 semetipsam,
384 1060 412 1083 et
439 1056 478 1083 ait
501 1056 586 1084 τὶνεεὶ
616 1057 766 1092 cognoveris
790 1061 879 1085 temet-

99 1101 194 1136 ipsum;
215 1102 268 1130 hoc
292 1106 335 1129 est
359 1102 413 1129 nisi
434 1110 482 1137 per
493 1102 599 1138 singula
613 1110 675 1138 quas
685 1111 767 1138 supra
782 1111 882 1131 memo-

99 1149 210 1176 ravimus
223 1149 336 1176 duxeris
348 1156 446 1177 sensus
461 1153 523 1176 tuos
533 1169 541 1182 ,
563 1152 590 1176 et
612 1148 804 1176 discretionem
828 1149 882 1177 siu-

101 1193 216 1227 gulorum
228 1193 364 1226 tenueris,
379 1201 440 1228 qua:
454 1193 557 1229 agenda
580 1193 646 1225 sint,
671 1201 733 1229 qua:
747 1194 880 1227 cavenda,

100 1238 157 1272 quid
167 1237 234 1266 desit
244 1238 306 1271 tibi,
318 1242 345 1265 et
359 1237 424 1273 quid
437 1237 568 1270 abundet,
589 1238 654 1274 quid
679 1239 880 1267 emendandum

100 1284 140 1316 sit,
153 1284 247 1319 quidve
259 1284 427 1312 servandum
443 1293 451 1311 :
475 1284 521 1312 sed
547 1284 570 1312 si
590 1284 711 1312 wlueris
724 1285 881 1313 indilfcren-

102 1336 138 1357 ter
149 1338 225 1366 agere
234 1331 308 1358 inter
320 1335 433 1358 caztcras
447 1330 554 1358 animas
576 1330 732 1358 communis
756 1330 819 1358 vitae
831 1330 881 1358 ho-

101 1376 206 1410 minum,
219 1384 289 1412 quas
315 1376 360 1404 hic
385 1376 515 1404 mulieres
530 1376 658 1411 appellat,
673 1376 744 1404 inter
755 1384 825 1412 quas
852 1381 881 1404 tu

99 1421 202 1457 pulchra
216 1430 254 1455 es,
269 1426 365 1457 utpote
381 1430 441 1457 qua:
454 1422 511 1457 jam
523 1422 617 1450 oscula
631 1422 706 1450 verbi
721 1422 768 1450 Dei
783 1430 880 1450 susce-

99 1467 174 1502 peris,
185 1472 211 1495 et
232 1468 355 1496 cubiculi
378 1468 438 1503 ejus
460 1476 559 1496 arcana
584 1468 771 1504 perspexeris;
787 1468 820 1502 si,
843 1468 883 1496 in-

99 1522 184 1549 quam,
198 1523 252 1542 non
266 1519 293 1542 te
305 1514 479 1550 cognoveris,
503 1515 550 1542 sed
564 1514 751 1542 indiﬂ‘erenter
763 1519 794 1542 ut
807 1523 883 1543 com-

99 1566 175 1587 mune
191 1559 289 1595 vulgus
304 1567 384 1594 agere
403 1560 529 1592 volueris,
554 1560 598 1587 exi
623 1560 650 1587 in
677 1560 798 1595 vestigiis
821 1567 882 1596 gre-

99 1604 168 1641 gum,
180 1606 206 1634 id
221 1611 262 1634 est
279 1612 342 1634 esto
354 1607 381 1634 in
395 1607 500 1642 reliquo
514 1614 611 1643 grege;
625 1607 647 1635 si
662 1606 728 1634 nihil
741 1608 881 1643 egregium

99 1656 154 1687 post
175 1653 232 1680 hac
247 1653 344 1680 omnia
357 1661 418 1688 quae
430 1653 456 1680 in
471 1657 497 1681 te
511 1653 611 1680 collata
631 1658 696 1680 sunt
711 1654 779 1689 agis,
793 1661 882 1689 neque

99 1698 259 1733 temetipsam
290 1705 462 1733 cognoscens
490 1706 505 1726 a
532 1699 742 1726 conversatione
778 1699 881 1734 gregali

99 1744 320 1778 scquestraveris.
334 1743 368 1770 Et
381 1744 436 1771 eris
449 1752 504 1771 non
531 1745 619 1771 solum
635 1745 661 1772 in
686 1752 778 1779 grege,
790 1745 838 1772 sed
853 1744 880 1772 in

101 1789 212 1825 vestigiis
225 1788 480 1825 gregum.Ultimus
500 1790 573 1818 enim
599 1791 644 1818 lict
663 1795 690 1818 et.
698 1790 880 1824 novissimus,

99 1835 140 1869 qui
153 1836 286 1870 primatus
301 1843 367 1864 suos
380 1844 434 1864 non
457 1836 630 1864 intellexerit.
654 1835 688 1863 Et
710 1836 746 1863 ob
760 1836 812 1864 hoc
835 1836 881 1863 ubi

99 1881 230 1909 scientiam
244 1882 408 1917 neglexerit,
431 1890 545 1911 necesse
557 1887 599 1910 est
624 1887 655 1910 ut
666 1882 880 1910 circnmferatur

98 1928 164 1955 omni
177 1933 256 1956 vento
270 1928 406 1956 doctrina:
428 1929 463 1956 ad
477 1929 666 1965 deceptionem
681 1936 820 1963 errorum,
842 1929 880 1956 ita

98 1978 124 2000 ut
135 1975 213 2002 modo
225 1975 340 2010 quidem
352 1975 424 2010 apud
435 1975 510 2002 illum
522 1980 674 2010 pastorem,
687 1974 714 2002 id
731 1978 773 2002 est
786 1975 881 2003 docto-

97 2024 149 2044 rem
163 2018 236 2045 verbi
259 2019 468 2046 tabernaculum
492 2023 586 2054 ponat,
615 2027 689 2047 nunc
713 2027 779 2047 vero
809 2019 881 2055 apud

97 2062 191 2097 alium;
205 2067 232 2091 et
248 2064 291 2091 sic
313 2063 416 2099 ubique
442 2063 667 2097 circumleratur,
693 2073 809 2100 pascens
826 2074 881 2093 non

96 2115 155 2136 ores
167 2110 239 2145 quod
250 2115 295 2138 est
308 2110 410 2137 animal
424 2111 549 2146 simplex,
565 2111 613 2138 sed
634 2111 742 2145 haedos,
763 2112 881 2140 lascivos

95 2159 119 2182 et
131 2155 269 2191 inquietos
283 2164 393 2189 sensus,
408 2156 462 2192 58
476 2161 560 2192 atque
580 2157 613 2185 ad
639 2162 782 2193 peccatum
795 2158 881 2194 depu-

897 858 919 888 Β

895 1534 917 1564 C

939 226 1086 255 Videamus
1106 235 1172 263 ergo
1197 232 1225 256 et
1252 229 1416 262 incipiamus
1445 237 1495 265 pro
1517 231 1623 258 viribus
1644 231 1726 259 etiam

937 274 1020 308 hujus
1033 274 1118 309 partis
1131 274 1299 310 agnitionem
1311 275 1459 304 discutere.

974 319 1043 347 Dicit
1057 327 1104 354 per
1131 320 1290 355 prophetam
1314 327 1404 348 sermo
1426 321 1554 349 divinus:
1571 321 1728 350 "luminat:

936 364 1007 392 vobis
1028 365 1115 392 lumen
1129 365 1258 393 scicntia.
1284 364 1335 392 Sed
1355 369 1382 393 et
1398 365 1425 393 in
1448 366 1528 394 donis
1547 366 1727 401 spiritalibus,

936 419 1021 439 unum
1035 410 1146 445 quidem
1159 410 1262 438 donum
1275 411 1424 439 maximum
1440 417 1492 445 est,
1515 412 1587 447 quod
1600 421 1647 448 per
1665 413 1728 448 Spi-

935 456 1018 483 ritum
1035 461 1161 484 sanctum
1173 456 1354 489 ministratur,
1370 465 1460 485 sermo
1479 458 1617 491 scientiae;
1649 459 1728 494 cujus

936 502 1059 530 scicntia
1073 510 1144 537 opus
1159 502 1225 530 illud
1245 503 1394 538 principale
1405 508 1457 537 est,
1472 505 1545 539 quod
1564 504 1590 532 in
1606 505 1728 539 Evange-

935 547 972 576 lio
999 548 1149 575 secundum
1170 547 1326 576 Matthazum
1347 549 1456 584 quidem
1485 551 1520 578 ita
1540 550 1623 578 dicit:
1642 550 1727 578 Nemo

935 597 1005 624 novit
1028 595 1131 623 Filium
1155 596 1208 623 nisi
1236 596 1327 629 Pater,
1346 603 1428 632 neque
1456 596 1562 624 Patrem
1575 597 1634 632 quis
1656 598 1728 625 nouit

934 644 986 671 nisi
998 643 1097 675 Filius,
1112 647 1137 670 et
1149 643 1191 670 cui
1206 642 1316 669 uoluerit
1330 641 1419 669 Filius
1435 643 1548 670 revelare
1562 643 1595 670 ’⁸.
1611 642 1640 670 In
1652 642 1726 671 Luca

934 695 1025 717 autem
1039 689 1076 716 ita
1092 689 1130 716 ait
1143 697 1150 716 :
1165 688 1249 716 Nemo
1266 689 1315 716 scit
1329 689 1394 724 quid
1404 690 1439 716 sit
1456 689 1543 717 Filius
1557 691 1609 717 nisi
1623 690 1727 722 Pater,-

933 742 958 764 ει
972 744 1045 763 nemo
1061 736 1110 763 scit
1121 735 1186 770 quid
1204 736 1238 761 sit
1257 734 1338 762 Pater
1360 736 1412 762 nisi
1426 735 1525 766 Filius.
1537 741 1562 763 et
1577 737 1619 763 cui
1637 737 1728 764 volue-

934 783 969 810 rit
988 782 1076 810 Filius
1095 781 1209 809 revelare
1223 782 1255 808 ¹’.
1279 780 1433 809 Secundum
1449 780 1581 809 Joannem
1594 790 1660 810 vero
1688 783 1726 811 its

935 831 1066 864 scriptum
1082 833 1141 856 est:
1158 827 1234 856 Sicut
1244 828 1363 863 agnoscit
1377 836 1418 855 me
1434 827 1524 861 Pater,
1540 833 1564 855 et
1581 837 1626 864 ego
1645 837 1727 864 agno-

932 884 977 904 πο
989 875 1098 902 Patrem
1115 874 1148 902 ".
1162 873 1190 901 In
1207 874 1417 908 quadragesimo
1434 881 1499 901 vero
1511 874 1607 908 quinto
1620 875 1726 909 psalmo

932 921 1020 949 dicit:
1051 920 1166 954 Vacate,
1196 925 1220 948 et
1249 921 1409 956 cognoscite,
1436 921 1561 956 quoniam
1588 929 1634 956 ego
1666 929 1725 948 sum

934 965 1003 993 Deus
1017 966 1049 994 ³¹.
1067 965 1149 1001 Igitur
1176 965 1328 1001 principale
1343 973 1444 993 munus
1469 966 1591 993 scientia:
1617 970 1659 994 est
1675 973 1725 993 co~

932 1019 1065 1046 gnoscere
1080 1011 1261 1044 Trinitatem;
1278 1011 1400 1039 secundo
1418 1018 1483 1038 vero
1504 1010 1531 1038 in
1547 1011 1608 1038 loco
1624 1018 1726 1046 cogno-

932 1065 1010 1085 scere
1024 1062 1179 1085 creaturam
1195 1056 1266 1090 ejus,
1285 1056 1436 1085 secundum
1453 1063 1516 1084 eum
1534 1057 1581 1092 qui
1594 1057 1702 1084 diccbat
1716 1066 1723 1085 :

933 1103 994 1138 Ipse
1009 1104 1079 1131 enim
1097 1103 1162 1130 mihi
1178 1103 1250 1130 dedit
1264 1103 1358 1129 horum
1372 1110 1431 1137 qua
1449 1107 1511 1128 sunt
1527 1103 1665 1130 scienliam
1679 1111 1724 1130 ue—

932 1158 1002 1182 ram,
1017 1149 1194 1176 substantiam
1219 1148 1323 1180 mundi,
1339 1152 1363 1175 et
1380 1148 1503 1175 virtutem
1525 1147 1724 1181 elementorum,

932 1196 1050 1229 initium,
1062 1199 1086 1222 et
1104 1195 1194 1230 finem,
1209 1199 1233 1221 et
1249 1193 1414 1221 medietatem
1427 1197 1572 1228 temporum
1593 1193 1627 1226 ³³,
1638 1198 1665 1220 et
1681 1201 1725 1220 re—

932 1241 1016 1277 liqua.
1029 1240 1102 1268 inter
1115 1241 1173 1268 haec
1183 1247 1249 1275 ergo
1266 1239 1365 1266 animae
1375 1239 1427 1266 erit
1441 1239 1565 1274 quaedam
1584 1239 1666 1266 etiam
1681 1239 1725 1266 sui

932 1287 1047 1323 agnitio,
1063 1294 1112 1321 per
1124 1293 1207 1321 quam
1219 1285 1289 1313 scire
1306 1284 1387 1312 debet
1400 1292 1460 1321 quae
1474 1285 1510 1312 sit
1526 1284 1586 1320 ejus
1596 1284 1725 1312 substan-

933 1332 981 1366 tia,
997 1336 1088 1359 utrum
1101 1338 1244 1365 corporea,
1257 1330 1298 1357 vel
1312 1330 1486 1364 incorporea,
1502 1335 1529 1356 et
1545 1333 1637 1356 utrum
1655 1329 1724 1356 sim-

932 1377 1007 1412 plex,
1023 1376 1065 1404 vel
1076 1383 1111 1404 ex
1123 1375 1242 1407 duobus,
1255 1380 1303 1402 aut
1315 1375 1415 1407 tribus,
1429 1382 1464 1401 an
1476 1381 1540 1401 vero
1555 1381 1586 1401 ex
1600 1373 1725 1408 pluribus

933 1422 1099 1458 composita.
1127 1421 1180 1449 Sed
1206 1426 1234 1449 et
1255 1420 1335 1455 juxta
1361 1420 1542 1455 quorumdam
1559 1420 1724 1455 quaestiones

934 1473 1029 1496 utrum
1049 1468 1132 1500 facta,
1147 1475 1182 1494 an
1196 1467 1310 1494 omnino
1324 1474 1339 1494 a
1368 1467 1442 1494 nullo
1456 1466 1545 1500 facta;
1563 1471 1591 1494 et
1613 1467 1637 1494 si
1653 1466 1724 1494 facta

934 1515 981 1547 sit,
1001 1513 1141 1550 quomodo
1155 1514 1191 1541 sit
1204 1512 1293 1546 facta;
1309 1517 1413 1546 rrtrum,
1427 1517 1457 1540 ut
1476 1517 1574 1547 putant
1587 1513 1683 1547 aliqui,
1696 1514 1724 1540 in

934 1560 1040 1589 semine
1053 1559 1188 1594 corporali
1198 1559 1282 1586 etiam
1298 1558 1385 1593 ipsius
1396 1558 1548 1586 substantia
1559 1558 1724 1591 continetur,

932 1612 961 1636 et
975 1607 1052 1642 origo
1062 1607 1123 1642 ejus
1134 1606 1236 1641 pariter
1247 1613 1308 1632 cum
1325 1604 1430 1640 origine
1453 1604 1580 1639 corporis
1605 1604 1726 1631 traduci-

933 1659 994 1688 tur;
1007 1662 1041 1681 an
1056 1652 1175 1689 perlecta
1198 1651 1370 1679 extrinsecus
1384 1651 1506 1684 veniens,
1525 1655 1620 1686 parato
1629 1651 1684 1685 jam
1698 1655 1726 1678 et

932 1700 1052 1728 formato
1067 1699 1138 1726 inter
1153 1699 1258 1727 viscera
1284 1698 1428 1726 muliebria
1455 1705 1571 1733 corpore
1589 1697 1722 1724 induitur.

932 1746 966 1773 Et
981 1746 1003 1774 si
1033 1745 1070 1772 ita
1098 1745 1143 1777 sit,
1160 1749 1253 1772 utrum
1270 1752 1358 1780 nuper
1383 1749 1474 1771 creata
1498 1743 1600 1776 veniat,
1617 1747 1644 1770 et
1660 1747 1725 1770 tunc

932 1791 1051 1826 primum
1069 1790 1138 1817 facta
1154 1798 1216 1818 cum
1241 1797 1341 1825 corpus
1357 1789 1464 1817 videtur
1488 1797 1550 1817 esse
1565 1789 1724 1821 formatum,

932 1841 963 1864 ut
974 1844 1057 1864 causa
1074 1836 1187 1863 facturae
1209 1835 1269 1870 ejus
1282 1835 1421 1862 animandi
1436 1835 1559 1870 corporis
1573 1834 1724 1862 necessitas

931 1882 1073 1910 exstitisse
1085 1881 1229 1913 credatur;
1260 1888 1294 1907 an
1312 1881 1388 1915 prius
1404 1885 1431 1908 et
1445 1881 1510 1908 olim
1527 1879 1610 1913 facta,
1625 1879 1662 1907 ob
1673 1879 1725 1906 ali-

931 1936 1014 1963 quam
1029 1935 1141 1956 causam
1156 1927 1190 1954 ad
1217 1934 1319 1962 corpus
1340 1926 1504 1953 sumendum
1524 1925 1618 1952 venire
1631 1924 1726 1952 existi-

933 1979 1036 2006 metur;
1050 1978 1077 2001 et
1089 1974 1111 2001 si
1123 1982 1155 2001 ex
1172 1981 1257 2001 causa
1272 1973 1365 2007 aliqua
1377 1973 1404 1999 in
1419 1972 1471 1999 hoc
1482 1971 1580 2000 deduci
1591 1971 1723 2002 creditur.

932 2027 993 2055 quae
1009 2020 1054 2047 illa
1068 2019 1103 2047 sit
1115 2027 1198 2047 causa
1213 2024 1243 2046 ut
1267 2018 1380 2054 agnosci
1398 2018 1495 2053 possit,
1521 2017 1643 2045 scientiae
1655 2024 1725 2051 opus

932 2071 984 2094 est.
1001 2066 1054 2094 Sed
1078 2070 1106 2094 et
1125 2066 1190 2093 illud
1207 2065 1367 2100 requiritur,
1392 2069 1483 2092 utrum
1510 2063 1594 2091 semel
1617 2067 1722 2090 tantum

933 2120 1047 2147 corpore
1061 2111 1200 2143 induatur,
1217 2115 1243 2138 ct
1255 2111 1281 2138 id
1299 2110 1472 2146 postmodum
1485 2109 1636 2144 depositum
1653 2109 1724 2135 ultra

933 2165 989 2184 non
1010 2162 1125 2192 quaerat,
1142 2165 1175 2184 au
1188 2164 1250 2184 cum
1274 2156 1357 2184 semel
1384 2159 1541 2191 susceptum
1557 2154 1724 2190 deposuerit,

96 2204 161 2229 latos
174 2202 294 2230 diversis
315 2202 475 2230 doctoribus
498 2203 628 2230 excoleris
649 2203 683 2231 ad
712 2203 765 2231 hoc
789 2204 880 2240 ipsum
897 2209 918 2238 υ
934 2202 1033 2229 iterum
1057 2207 1198 2234 assumat;
1227 2205 1255 2229 et
1280 2201 1303 2229 si
1326 2201 1447 2229 secundo
1465 2204 1603 2235 sumptum
1618 2206 1725 2235 semper

95 2248 226 2282 quaesitis:
246 2253 276 2276 et
291 2248 350 2276 hate
362 2248 414 2276 erit
427 2256 507 2285 pcena
519 2249 605 2285 eulpae
622 2250 696 2277 illius
709 2251 808 2278 animas
820 2259 881 2286 quas

97 2292 207 2327 scipsam
227 2301 285 2321 non
308 2294 442 2321 studuerit
465 2301 624 2330 agnoscere,
637 2300 665 2322 et
687 2295 762 2323 illum
791 2296 879 2323 solum

96 2337 166 2372 sequi
179 2344 319 2373 pastorem
333 2338 380 2373 qui
395 2337 514 2364 animam
525 2346 603 2365 suam
616 2339 708 2373 posuit
721 2346 770 2373 pro
783 2338 880 2366 ovibus

96 2383 157 2410 suis.
174 2383 237 2412 Hcce
253 2390 296 2412 est
319 2393 374 2413 una
398 2387 503 2422 species
526 2395 579 2422 qua
607 2385 758 2420 intelligere
784 2389 880 2412 semet-

98 2427 178 2463 ipsam
203 2433 298 2458 anima
324 2432 352 2458 in
373 2432 514 2460 aﬂ'ectibus
530 2437 558 2460 et
582 2432 688 2459 actibus
701 2431 760 2458 suis
771 2431 878 2458 debeat.

97 2473 139 2503 Illa
153 2484 216 2504 vero
232 2477 287 2505 alia
306 2485 370 2513 pars
383 2478 543 2514 profundior
566 2482 608 2506 est
625 2482 652 2506 et
663 2476 808 2507 dillicilior.
825 2484 879 2511 qua

94 2519 198 2554 jubetur
213 2523 309 2550 anima
328 2532 390 2558 qua:
405 2529 494 2552 tamen
522 2525 578 2559 jam
594 2524 620 2551 in
647 2523 809 2551 mulieribus
820 2523 881 2557 pul-

94 2566 156 2593 chra
168 2573 219 2602 est,
234 2577 387 2604 agnoscere
400 2571 586 2606 semetipsam.
607 2570 685 2604 Quod
709 2570 732 2598 si
755 2569 879 2597 obtinere

95 2615 215 2647 potuerit,
230 2620 323 2650 speret
340 2616 393 2643 sibi
418 2617 488 2644 bona
505 2616 596 2644 omnia
610 2625 617 2648 ;
643 2615 665 2643 si
692 2615 794 2646 minus,
811 2614 880 2642 sciat

93 2660 243 2688 exeundum
259 2661 312 2689 sibi
325 2666 386 2696 post
403 2662 516 2698 vestigia
528 2669 653 2697 gregum,
670 2666 697 2689 et
711 2661 878 2697 pascendum

935 2248 1044 2280 habeat,
1057 2256 1092 2275 an
1103 2248 1250 2283 aliquando
1270 2247 1368 2275 iterum
1386 2246 1506 2282 abjiciat.
1534 2245 1566 2273 Et
1589 2245 1724 2280 siquidem

934 2293 1085 2320 secundum
1102 2293 1293 2320 auctoritatem
1307 2292 1511 2328 Scripturarum
1524 2291 1726 2318 consummatio

934 2338 1076 2365 immineat
1090 2338 1195 2371 mundi,
1207 2343 1235 2365 et
1245 2337 1431 2373 corruptibilis
1441 2341 1529 2364 status
1542 2336 1585 2363 hic
1595 2336 1622 2362 in
1636 2335 1726 2362 incor-u

934 2385 1089 2419 ruptibilcm
1105 2385 1266 2417 mutabitur,
1288 2384 1446 2420 ambiguum
1462 2391 1515 2410 non
1533 2382 1618 2410 videri
1649 2382 1723 2416 quOtl

933 2430 962 2457 in
990 2431 1132 2465 pra-sentis
1160 2431 1221 2458 vitae
1245 2435 1345 2458 statum
1377 2429 1499 2457 secundo
1531 2433 1577 2456 aut
1604 2428 1682 2455 tertio
1698 2428 1726 2457 in

933 2482 1035 2510 corpus
1051 2475 1145 2502 venire
1157 2473 1253 2509 possit.
1270 2473 1338 2501 Nam
1363 2473 1385 2501 si
1402 2472 1533 2507 recipitur
1545 2471 1607 2504 hoc,
1630 2477 1725 2498 neces-

934 2521 1008 2549 sario
1024 2521 1150 2555 sequitur
1163 2525 1192 2547 ut
1205 2519 1362 2555 huiusmodi
1390 2517 1613 2547 successionibus
1626 2523 1725 2543 conse-

935 2568 1084 2602 quentibus
1095 2568 1176 2595 llnem
1191 2568 1296 2595 nesciat
1318 2566 1449 2594 mundus.
1467 2564 1501 2592 Et
1511 2564 1601 2591 adhuc
1611 2561 1726 2598 agnitio-

935 2621 996 2641 nem
1011 2613 1053 2641 sui
1076 2614 1169 2640 anitna
1185 2612 1315 2648 requirat,
1334 2612 1356 2639 si
1385 2614 1428 2638 est
1453 2609 1554 2644 aliquis
1576 2608 1653 2639 ordo,
1678 2611 1726 2637 aut

935 2664 1001 2687 sunt
1027 2659 1111 2694 aliqui
1134 2659 1247 2694 spiritus
1262 2657 1386 2693 ejusdem
1401 2655 1561 2684 substantia:
1576 2661 1638 2681 cum
1654 2653 1725 2688 ipsa,

126 2737 147 2753 ³⁷
161 2737 183 2765 ll
197 2739 262 2768 Cor.
289 2748 330 2774 Ix,
347 2741 373 2769 7.
412 2742 434 2758 ’⁸
445 2741 541 2770 Matth.
558 2750 596 2777 xr,
615 2742 661 2769 ‘27.
699 2743 722 2758 '-"
738 2741 805 2769 Luc.
818 2750 845 2774 x,
868 2742 913 2769 22.
953 2742 974 2758 '°
983 2740 1062 2768 Joan.
1077 2748 1104 2773 x,
1119 2740 1162 2767 lii.
1200 2740 1221 2756 "
1237 2739 1310 2767 Psal.
1327 2747 1388 2771 xcv,
1410 2739 1454 2766 Η.
1492 2739 1514 2754 ³⁸
1531 2737 1595 2773 Sap.
1610 2743 1661 2770 vlr,
1678 2734 1722 2767 l7.

95 2837 100 2842 ν
126 2805 179 2838 μθ)
197 2807 277 2834 Libb.
298 2812 379 2836 antea
398 2808 474 2843 editi,
493 2817 528 2836 an
551 2808 630 2844 facile
652 2813 786 2836 moveatur
808 2807 985 2844 cuiuscunque
1008 2805 1157 2835 verisimilis
1179 2805 1294 2842 judicio,
1319 2811 1343 2833 et
1363 2806 1387 2834 εἰ
1406 2806 1573 2842 subrepatur.
1601 2804 1665 2833 Mss.
1694 2809 1722 2834 ut

94 2845 120 2866 tn
131 2845 225 2870 nostro
240 2847 327 2872 textu.
