1892 3050
166 107 216 134 HT

698 102 861 132 ORIGENIS
881 101 914 128 IN
933 100 1111 130 CANTICUM
1130 100 1267 129 CANTIC.

1747 99 1796 127 £28

166 166 212 192 alii
227 172 292 193 vero
307 173 362 193 non
377 165 510 200 ejusdem,
527 165 574 194 sed
591 165 692 193 diversi
717 165 751 192 ab
781 172 823 197 ea,
837 163 862 190 id
879 167 920 190 est
933 164 955 190 si
970 165 993 193 Α
1009 170 1070 189 mus
1081 161 1154 195 quod
1172 166 1297 189 naturam
1305 161 1541 196 substa’ntiamQue
1556 169 1634 189 suam
1647 168 1797 196 agnoscam

166 216 232 239 sunt
244 216 272 239 et
288 212 333 238 alii
347 213 460 247 spiritus
489 212 666 239 rationabiles
680 215 710 238 ut
724 211 782 245 ipsa
797 215 848 241 est,
866 214 893 236 et
907 210 952 236 alii

166 263 292 285 carentes
309 258 432 290 ratione;
447 263 473 284 et
498 258 520 285 si
537 258 630 285 eadem
644 261 686 284 est
702 257 786 291 ipsius
797 264 856 290 quae
868 260 895 283 et
906 264 955 282 au-

167 303 290 338 gclorum
304 303 467 335 substantia,
484 302 614 337 quoniam
630 301 793 329 rationabile
806 308 822 327 a
838 301 956 327 rationa-

168 348 217 375 bili
243 356 415 382 nequaquam
443 348 551 375 diil'erre
577 347 705 375 creditur.
727 347 782 373 Aut
794 347 818 374 si
834 353 889 374 non
913 351 956 374 est

168 392 279 426 quidem
295 393 358 419 talis
374 400 422 427 per
433 392 625 422 substantiam,
637 392 683 418 sed
695 392 748 418 erit
763 391 826 419 talis
836 399 885 426 per
898 399 956 426 gra-

169 437 245 470 tiam,
270 438 294 465 si
323 438 471 470 merucrit;
497 445 586 464 annon
608 437 695 472 possit
719 437 833 464 omnino
858 437 956 465 similis

167 482 235 509 ellici
250 482 364 517 angelis,
379 482 431 510 nisi
443 483 494 510 hoc
509 488 612 509 natura:
622 490 679 509 sua
692 483 810 516 qualitas
822 487 868 509 aut
879 482 956 509 simi-

169 527 257 554 litudo
282 527 423 562 receperit.
449 527 534 555 Reddi
547 528 620 555 enim
640 535 721 561 posse
733 527 869 555 videbitur
882 527 956 562 quod

169 572 301 600 amissum
316 577 367 605 est,
384 581 438 600 non
454 577 543 599 tamen
555 572 673 600 conferri
698 572 725 600 id
743 572 817 607 quod
831 579 864 599 ex
878 572 956 600 initio

170 618 297 646 conditor
323 626 376 645 non
402 618 516 645 dederit.
541 618 594 646 Sed
621 623 649 646 et
672 619 724 646 boc
747 619 837 646 adhuc
862 619 895 645 ad
908 626 957 646 co-

169 663 350 698 gnosccndam
381 664 555 698 semetipsam
585 664 676 691 anima
694 664 815 699 requirat
832 665 855 692 si
871 665 958 692 virtus

168 709 266 736 anima:
280 709 340 743 ejus
354 710 484 737 accedere
498 714 588 744 potest
600 714 626 736 et
638 709 779 737 decedere.
793 710 833 736 An
849 715 891 738 est
907 710 958 737 im-

167 753 319 786 mutabilis,
340 762 376 781 an
392 755 527 789 acquisita
547 755 630 782 semel
648 755 719 783 ultra
742 763 797 783 non
811 755 914 783 deﬂuit.
926 755 959 783 Et

167 799 233 834 quid
249 807 317 834 opus
331 804 373 827 est
387 801 464 835 plura
477 808 703 834 commemorare,
729 801 829 837 quibus
842 810 876 830 ex
890 810 958 830 cau-

1006 207 1147 239 debeat,et
1161 211 1262 234 statum
1276 207 1318 234 vel
1338 207 1366 234 in
1381 214 1435 242 quo
1448 207 1529 234 fuerit
1541 228 1548 239 ,
1564 207 1606 234 vel
1624 208 1651 234 in
1664 215 1722 242 quo
1734 207 1796 238 erit.

1005 259 1088 287 grave
1103 252 1241 279 credetur.
1260 252 1326 286 Qua:
1340 254 1412 280 enirn
1430 254 1510 281 facile
1528 254 1591 280 talis
1611 254 1705 280 anima
1724 254 1796 280 inve-

1007 298 1108 329 nietur,
1131 299 1168 325 ita
1190 298 1320 333 perfecta,
1334 299 1370 326 ita
1388 304 1551 334 praepotens,
1564 300 1609 327 cui
1624 300 1724 326 borum
1739 307 1797 326 om-

1008 343 1085 370 nium
1106 344 1175 371 ratio
1192 349 1220 371 et
1235 344 1411 379 intelligentia
1430 346 1540 380 pateat?
1558 346 1598 373 Ad
1617 346 1668 372 hoc
1682 353 1797 380 respon-

1007 389 1144 421 debimus,
1165 390 1296 424 quoniam
1314 399 1406 419 sermo
1421 392 1468 427 qui
1480 392 1596 419 habetur
1612 391 1640 418 in
1658 391 1797 423 manibus,

1007 443 1062 462 non
1080 435 1113 462 ad
1129 442 1223 462 omnes
1239 435 1347 464 animas
1363 436 1404 469 fit,
1431 444 1519 471 neque
1533 437 1566 464 ad
1579 436 1800 464 adulescentulas

1007 480 1109 514 quibus
1127 480 1170 508 bic
1181 481 1302 515 loquitur
1317 489 1445 516 sponsus,
1462 490 1550 517 neque
1563 482 1596 510 ad
1609 487 1724 510 caeteras
1739 490 1800 509 mu-

1009 526 1101 558 lieres,
1109 535 1197 561 neque
1208 528 1241 555 ad
1257 528 1394 563 octoginta
1409 529 1586 562 concubinas,
1598 533 1646 556 aut
1656 528 1800 563 sexaginta

1008 571 1126 606 reginas,
1149 573 1195 600 sed
1218 573 1251 600 ad
1277 574 1363 607 illam,
1384 582 1445 608 quae
1463 574 1533 602 inter
1547 582 1644 602 omnes
1665 575 1799 601 mulieres

1008 617 1067 644 sola
1087 618 1200 651 pulchra
1215 618 1316 646 dicitur
1337 623 1364 647 et
1387 619 1518 654 perfecta.
1536 619 1614 647 Unde
1635 623 1750 654 apparet
1764 620 1801 648 ad

1008 662 1122 690 dilectas
1135 671 1259 698 quasque
1274 665 1380 692 animas
1392 665 1449 693 haec
1465 664 1529 697 dici,
1542 664 1642 700 quibus
1655 672 1717 692 cum
1734 673 1801 700 gra-

1009 708 1047 735 tia
1073 709 1158 736 multa
1178 709 1314 737 sentiendi
1328 715 1355 737 et
1371 709 1540 745 intelligendi
1561 718 1576 738 a
1597 709 1651 738 Deo
1670 710 1734 737 data
1751 710 1800 743 sit,

1010 753 1150 788 negligunt
1163 758 1253 782 tamen
1270 755 1390 783 scientiae
1403 760 1505 790 partes,
1519 761 1547 783 et
1557 756 1739 790 cognoscendi
1755 764 1802 784 se-

1012 798 1143 832 mctipsas
1160 799 1264 826 nullum
1286 799 1416 826 adhibent
1429 799 1560 826 studium.
1578 798 1625 827 llis
1641 807 1708 834 ergo
1723 807 1803 826 com:

167 845 208 872 sis
225 845 401 880 semctipsam
414 850 562 882 cognoscat
573 847 675 879 anima,
693 855 727 875 ne
744 847 815 875 forte
827 848 850 876 si
867 848 959 883 negle-
975 841 996 869 Β
1010 844 1132 871 minatur
1145 852 1236 872 sermo
1248 845 1357 873 divinus
1371 854 1376 872 :
1393 846 1457 881 quia
1470 846 1571 880 quibus
1580 846 1694 873 multum
1706 845 1801 877 datur,

168 891 241 917 xerit
258 890 376 925 perfecte
389 891 566 926 scmctipsam
579 899 755 926 cognoscere,
770 893 844 920 exire
858 893 956 928 jubea—

168 939 213 963 tur
228 935 256 963 in
270 937 390 972 vestigiis
412 945 536 972 gregum,
558 942 586 965 et
601 946 713 973 pascere
733 939 841 972 haedos,
856 943 883 967 et
903 939 956 967 hoc

169 981 266 1008 nonin
295 983 405 1017 proprio
435 984 622 1016 tabernaculo,
645 985 691 1012 sed
715 985 741 1012 in
771 986 955 1014 tabernaculis

169 1032 309 1062 pastorum
321 1036 328 1061 ;
342 1035 403 1055 cum
418 1033 515 1063 praesto
532 1030 567 1058 sit
579 1030 677 1058 volenti
691 1030 748 1058 haec
761 1032 887 1066 persequi
902 1033 957 1060 lar-

170 1072 299 1108 gissimas
314 1074 471 1102 occasiones
490 1083 523 1102 ex
552 1076 595 1104 bis
609 1085 670 1111 qua:
696 1085 780 1112 supra
796 1079 957 1106 memoravi-

172 1126 234 1146 mus
248 1127 367 1152 sumere,
395 1120 421 1147 in
439 1121 538 1156 quibus
562 1129 623 1150 sese
636 1131 763 1151 exercere
787 1123 814 1151 in
829 1132 957 1153 sermone

170 1165 292 1193 scientia:
305 1174 355 1201 pro
379 1166 482 1195 viribus
503 1169 607 1203 possit?
632 1169 764 1197 Dicantur
786 1178 851 1198 vero
867 1171 924 1199 haec
941 1180 956 1200 a

120 1239 122 1241 _
170 1210 260 1239 Verbo
279 1211 326 1239 Dei
351 1213 432 1240 etiam
458 1214 491 1241 ad
513 1215 630 1242 animam
656 1223 717 1250 qum
744 1217 772 1242 in
790 1216 958 1250 profectibus

169 1257 278 1292 quidem
292 1259 379 1293 posita
395 1260 579 1292 est,nondum
596 1265 686 1288 tamen
698 1261 731 1288 ad
748 1269 884 1289 summam
900 1270 960 1297 per-

170 1304 296 1331 fectionis
311 1305 444 1332 ascendit.
461 1305 527 1338 Quae
548 1313 597 1340 pro
621 1314 653 1334 eo
668 1307 778 1341 quidem
793 1308 865 1342 quod
879 1309 960 1342 proti-

170 1349 207 1375 cit
224 1349 338 1383 pulchra
359 1350 478 1377 dicitur:
499 1355 528 1378 ut
551 1356 642 1379 autem
662 1353 805 1387 pervenire
832 1353 918 1388 possit
931 1358 959 1382 et

171 1394 204 1421 ad
218 1395 423 1429 perfectionem,
448 1396 495 1423 fiat
515 1396 549 1424 ad
564 1405 622 1425 eam
639 1399 815 1426 comminatio
829 1407 958 1428 necessa-

172 1440 231 1473 ria;
245 1441 317 1476 quod
333 1441 384 1469 nisi
399 1449 446 1476 per
462 1442 514 1470 ista
530 1443 636 1479 singula
656 1452 717 1478 qua:
741 1451 824 1479 supra
839 1445 958 1474 diximus

172 1487 344 1521 scmetipsam
359 1488 526 1523 cognoverit,
539 1493 566 1516 ct
589 1489 731 1524 vigilanter
753 1492 905 1518 exercuerit
931 1492 957 1519 in

172 1532 256 1560 verbo
272 1532 317 1560 Dei
333 1538 360 1561 et
373 1534 430 1569 lege
445 1535 548 1568 divina,
561 1536 700 1570 continget
718 1536 742 1564 ei
759 1537 792 1564 de
809 1537 852 1565 bis
866 1538 960 1573 singu-

173 1577 208 1605 lis
222 1579 365 1614 opiniones
380 1580 508 1615 colligere
533 1581 717 1615 divcrsorum,
735 1587 763 1610 et
777 1584 854 1618 sequi
870 1584 960 1612 homi-

171 1633 221 1652 nes
236 1625 304 1652 nibil
315 1626 465 1660 egregium,
479 1626 591 1654 nihilex
614 1627 716 1662 Spiritu
733 1633 828 1657 sancto
841 1630 958 1657 locutos.

173 1669 232 1697 Hoc
248 1675 290 1698 est
306 1671 379 1698 enim
392 1672 468 1699 exire
491 1672 518 1699 in
535 1673 655 1708 vestigiis
678 1682 801 1710 gregum,
825 1680 959 1703 eteorum

173 1714 327 1742 doctrinam
342 1716 452 1749 sectari,
466 1716 513 1750 qui
530 1721 558 1744 et
583 1717 633 1751 ipsi
649 1718 848 1752 permanserint
863 1727 959 1753 pecca-

172 1763 258 1792 tores,
278 1765 305 1787 et
317 1761 421 1788 nullum
436 1762 612 1796 peccantibus
640 1763 790 1791 remedium
818 1765 961 1799 prmidere

172 1806 319 1840 potuerint.
333 1806 408 1839 Quos
419 1807 466 1841 qui
480 1808 614 1842 sequitur,
630 1808 725 1836 haedos
739 1810 832 1845 utique
845 1811 890 1845 qui
903 1818 962 1845 pec-

173 1855 296 1878 catorum
306 1851 437 1880 indicium
450 1857 551 1885 tenent,
560 1854 695 1882 videbitur
708 1862 829 1890 pascere,
842 1857 961 1884 circum-

173 1897 232 1925 iens
261 1897 434 1926 tabernacula
459 1901 739 1934 pastorum,divcrsas
753 1902 857 1930 scilicet
872 1908 961 1931 sectas

174 1942 412 1978 philosophorum.
434 1943 542 1972 latuere
562 1952 627 1980 ergo
651 1945 759 1980 plenius
785 1955 867 1981 quam
883 1947 961 1975 terri-

175 1988 229 2016 bile
242 1989 369 2024 estquod
384 1989 436 2017 sub
461 1989 513 2018 bac
528 1991 708 2018 adumbratur
724 1991 821 2027 figura.
846 1992 907 2026 Exi,
924 1994 962 2020 in-

173 2033 243 2067 quit,
258 2038 286 2060 tu
300 2034 326 2060 in
345 2035 460 2070 uestigiis
477 2043 594 2069 gregum.
614 2034 697 2068 Quasi
721 2035 754 2061 ad
768 2043 828 2062 eam
841 2037 962 2070 loquitur

173 2078 228 2114 59
244 2087 304 2114 qua
332 2079 406 2106 intus
428 2079 484 2114 jam
508 2079 545 2106 sit
569 2080 670 2112 anima,
697 2085 724 2107 et
745 2080 817 2109 intra
834 2083 962 2117 mysteria

174 2124 326 2157 collocata;
347 2132 396 2159 pro
408 2132 441 2152 eo
464 2129 554 2153 tamen
571 2126 643 2160 quod
655 2127 772 2161 negligat
787 2128 962 2162 semetipsam

174 2177 341 2204 cognoscere
362 2174 390 2196 et
411 2170 552 2204 requirere
567 2178 629 2205 quae
643 2171 696 2204 sit,
713 2175 740 2198 et
757 2172 821 2206 quid
836 2172 878 2199 vel
894 2179 962 2207 quo-

174 2215 258 2243 modo
285 2223 366 2250 agere
397 2216 504 2248 debeat,
525 2217 624 2251 quidve
652 2225 706 2244 non
736 2225 838 2253 agere,
863 2218 963 2246 dicitur

173 2262 199 2289 ei
216 2271 223 2289 :
242 2261 294 2288 Exi
309 2267 348 2293 tu,
363 2262 442 2296 quasi
455 2270 516 2296 quae
534 2263 569 2290 ob
584 2263 655 2290 hanc
669 2263 780 2291 desidite
795 2264 902 2299 culpam
918 2264 962 2292 fo-

174 2315 221 2335 ras
239 2307 363 2335 mittatur
380 2307 414 2334 ab
435 2315 468 2334 eo
490 2308 536 2342 qui
554 2313 662 2342 prmest.
686 2309 731 2337 Sic
753 2309 849 2344 ingens
864 2310 962 2337 animat

174 2353 325 2389 periculum
348 2357 390 2381 est
405 2353 547 2381 scientiam
572 2354 614 2381 sui
640 2355 861 2391 agnitionemque
877 2356 962 2391 negli-

173 2407 247 2436 gere.
268 2399 319 2426 Sed
337 2399 452 2427 fortasse
470 2400 532 2435 quia
549 2400 683 2436 duplicent
701 2402 898 2437 expositionem
915 2402 962 2430 de.

173 2446 265 2473 dirnus
282 2445 429 2480 agnitionis
448 2454 504 2474 suae
516 2446 615 2474 animae
631 2447 767 2475 videbitur
777 2448 896 2483 cuipiam
915 2455 961 2475 se-

173 2491 295 2519 cundum
309 2499 369 2518 eam
384 2491 495 2526 quidem
510 2500 570 2527 qua:
585 2492 619 2520 de
636 2493 759 2520 moribus
771 2493 840 2520 etde
854 2493 961 2520 actibus

172 2538 231 2565 suis
252 2537 389 2565 discutere
411 2538 537 2573 negligit,
554 2542 581 2565 et
597 2538 735 2573 inquirere
746 2539 778 2566 de
793 2539 961 2572 profectibus

173 2583 242 2615 suis,
262 2587 310 2610 aut
322 2584 487 2618 perscrutari
505 2584 538 2611 de
551 2583 635 2616 vitiis,
649 2584 747 2612 merito
763 2584 789 2611 ei
805 2584 858 2611 dici
873 2593 879 2611 :
895 2583 960 2616 Εεὶ,

173 2635 222 2662 per
235 2628 309 2662 quod
332 2629 457 2656 videatur
469 2629 548 2664 quasi
565 2630 598 2657 de
613 2629 790 2657 interioribus
804 2628 878 2656 foras
895 2637 960 2664 pro-

176 2673 248 2708 pelli.
267 2673 296 2701 Si
312 2682 376 2702 vero
391 2675 543 2702 secundum
554 2675 701 2702 editi-:ncm
716 2674 810 2708 aliam,
823 2683 876 2710 qua
894 2675 961 2702 (lixi-

211 2731 233 2748 ³³
246 2731 333 2759 Levit.
353 2741 400 2766 xx,
421 2733 471 2767 10;
492 2734 587 2767 “1,9.
626 2734 647 2749 ³⁸
659 2733 725 2761 Gen.
744 2742 859 2766 xxxviii,
878 2734 905 2762 9.

213 2791 271 2842 (50)-
286 2809 345 2837 Lib.
363 2810 426 2838 cditi
439 2821 444 2837 :
456 2794 579 2838 scducla‘.
599 2810 662 2838 Mss.
678 2800 807 2838 deductum

1011 890 1128 917 multum
1145 898 1181 917 ex
1199 890 1240 918 eis
1260 891 1389 926 exigitur.
1411 890 1444 918 Et
1461 891 1573 918 humilis
1588 891 1696 926 quidem
1719 891 1801 918 venia

1009 939 1037 962 et
1053 934 1239 963 misericordia
1260 935 1359 970 dignus
1374 936 1445 969 erit,
1464 940 1587 971 potentes
1599 941 1689 964 autem
1703 941 1802 972 potet:-

1011 985 1051 1008 ler
1074 981 1282 1009 cruciabuntur.
1311 981 1339 1008 Si
1357 989 1421 1018 ergo
1445 986 1472 1009 et
1495 986 1522 1009 tu
1545 982 1635 1009 anima
1656 990 1718 1017 qua:
1736 983 1802 1018 pul-

1009 1026 1104 1054 cbrior
1123 1033 1153 1054 es
1173 1030 1201 1054 et
1217 1027 1380 1055 eminentior
1401 1027 1470 1054 inter
1490 1032 1601 1055 caeteras
1617 1028 1693 1055 verbi
1712 1030 1801 1063 gratia

1010 1072 1153 1105 doctrinis,
1183 1073 1305 1108 negligas
1331 1073 1513 1108 temetipsam,
1541 1078 1568 1100 et
1588 1074 1616 1100 in
1646 1074 1802 1108 ignorantia

1011 1119 1050 1146 tui
1065 1127 1189 1151 maneas,
1206 1119 1344 1154 quomodo
1359 1123 1487 1154 poterunt
1503 1119 1545 1147 vel
1562 1119 1588 1146 bi
1607 1120 1653 1154 qui
1671 1120 1800 1147 aedificari

1010 1164 1166 1192 desiderant
1192 1165 1303 1196 instrui,
1329 1165 1371 1192 vcl
1393 1165 1518 1192 convinci
1531 1170 1558 1192 et
1571 1165 1648 1200 argui
1661 1165 1802 1193 contradi-

1011 1210 1122 1238 eentcs?
1145 1209 1229 1245 Digne
1247 1217 1311 1245 ergo
1327 1217 1390 1237 cum
1406 1210 1617 1237 comminatione
1631 1209 1749 1245 quatiant
1767 1211 1802 1237 ad

1012 1264 1071 1284 eam
1084 1257 1183 1284 dicitur
1204 1265 1211 1283 :
1230 1256 1283 1283 Ea‘i
1304 1261 1332 1283 ιιι
1354 1257 1381 1282 iu
1402 1256 1516 1290 uestigiis
1542 1263 1660 1291 gregum,
1674 1260 1699 1283 et
1723 1264 1804 1291 pasce

1014 1303 1102 1330 haedos
1119 1307 1176 1329 tuos
1192 1303 1219 1329 in
1232 1301 1409 1332 tabernaculis
1427 1306 1574 1337 pastorum.

1047 1348 1141 1376 Potest
1150 1349 1183 1376 ad
1198 1349 1250 1376 boc
1263 1348 1333 1376 trahi
1348 1349 1429 1376 etiam
1445 1349 1511 1376 illud
1528 1348 1600 1384 quod
1612 1347 1718 1383 Moyses
1730 1348 1803 1376 scri-

1013 1393 1074 1420 bit:
1090 1392 1168 1426 Quod
1189 1392 1213 1420 si
1236 1401 1289 1428 qua
1313 1392 1461 1420 Israelitica
1481 1393 1579 1420 mulier
1596 1393 1801 1426 adulteraverit,

1014 1439 1167 1475 lapidetur;
1194 1439 1217 1466 si
1241 1447 1307 1466 vero
1324 1440 1377 1467 lilia
1393 1439 1555 1473 sacerdotis,
1578 1439 1687 1475 ignibus
1701 1447 1802 1467 exura-

1015 1489 1060 1513 tur
1071 1485 1103 1512 ³³.
1126 1485 1172 1513 Sic
1186 1492 1251 1520 ergo
1265 1485 1341 1520 justa
1355 1484 1491 1513 videbitur
1505 1492 1566 1513 esse
1579 1485 1758 1512 comminatio
1774 1484 1803 1511 in

1011 1538 1059 1558 eos
1085 1530 1132 1565 qui
1158 1537 1272 1565 capaces
1296 1537 1356 1558 esse
1380 1535 1496 1565 possunt
1522 1530 1556 1557 ad
1584 1530 1751 1565 agnitionem
1776 1534 1803 1556 ct

1011 1576 1166 1609 scientiam,
1191 1577 1238 1604 sed
1254 1583 1303 1611 per
1317 1576 1448 1604 desidiam
1467 1576 1621 1612 negligunt;
1634 1576 1660 1603 in
1675 1583 1746 1611 quos
1758 1577 1804 1611 ju-

1012 1622 1133 1650 stissima
1153 1621 1304 1656 indignatio
1322 1621 1416 1656 sponsi
1438 1626 1488 1653 est,
1506 1621 1568 1656 quia
1585 1621 1637 1648 scit
1656 1621 1739 1648 unius
1755 1629 1804 1648 ne-

1013 1668 1168 1704 gligentiam
1193 1667 1288 1695 cedere
1320 1667 1354 1695 ad
1381 1667 1481 1695 damna
1506 1667 1663 1694 multorum.
1697 1666 1804 1695 Similis

1013 1713 1086 1741 enim
1098 1713 1235 1740 videbitur
1249 1713 1407 1748 bujusmodi
1422 1713 1513 1740 anima
1523 1732 1530 1744 ,
1547 1712 1589 1739 vel
1600 1712 1644 1748 “illi
1660 1720 1707 1747 qut
1723 1721 1804 1740 accc-

1014 1764 1091 1795 ptum
1110 1759 1254 1786 denarium
1269 1759 1413 1786 abscondit
1430 1759 1456 1786 in
1479 1763 1595 1791 terram,
1618 1766 1651 1786 ne
1667 1759 1735 1785 lucri
1752 1759 1805 1785 ali-

1012 1805 1079 1841 quid
1093 1813 1124 1832 ex
1146 1813 1179 1832 eo
1205 1805 1328 1840 pecunia;
1349 1805 1477 1832 dominus
1494 1806 1664 1840 acquireret;
1690 1805 1734 1833 vel
1764 1805 1804 1832 illi

1012 1859 1094 1886 quem
1111 1851 1246 1878 occidisse
1273 1851 1373 1879 dicitur
1397 1851 1480 1884 Deus,
1497 1851 1544 1886 qui
1571 1851 1707 1886 malignus
1731 1855 1802 1884 erat,

1012 1897 1090 1925 Ouan
1114 1897 1155 1924 vel
1172 1896 1225 1924 ller
1238 1897 1353 1930 scilicet,
1377 1897 1423 1932 qui
1437 1902 1546 1932 accepta
1559 1897 1662 1925 semina
1680 1897 1804 1924 scicntize

1012 1942 1146 1970 naturalis
1161 1942 1312 1977 posteritati
1326 1942 1449 1970 invidens
1458 1942 1638 1978 profundebat
1648 1942 1674 1970 in
1687 1947 1758 1970 terra
1767 1943 1802 1970 ³⁸.

1011 1986 1141 2014 Pustores
1158 1994 1267 2022 quoque
1279 2007 1286 2019 ,
1301 1986 1372 2014 sicut
1383 1991 1410 2013 et
1425 1991 1488 2014 ante
1501 1987 1557 2022 jam
1571 1987 1700 2020 diximus,
1714 1987 1804 2022 siqui-

1013 2035 1074 2063 dem
1096 2035 1130 2062 ad
1155 2035 1304 2063 Ecclesiam
1327 2035 1551 2063 comminationis
1577 2036 1621 2064 hic
1643 2040 1735 2063 sermo
1762 2036 1803 2069 fit,

1013 2081 1109 2108 mundi
1124 2081 1206 2116 hujus
1222 2082 1359 2116 principes
1371 2082 1521 2116 accipiendi
1541 2085 1622 2113 sunt,
1638 2082 1679 2109 vel
1695 2081 1734 2108 illi
1752 2089 1804 2108 an-

1013 2127 1065 2162 grli
1087 2127 1139 2154 sub
1166 2134 1285 2161 quorum
1309 2135 1374 2155 cura
1402 2128 1514 2163 reliquae
1541 2132 1634 2162 gentes
1657 2128 1802 2159 habentur,

1014 2172 1072 2200 sive
1097 2177 1170 2200 sorte
1189 2173 1216 2200 in
1239 2173 1310 2206 hoc,
1339 2173 1396 2201 sive
1416 2173 1610 2202 secretioribus
1627 2173 1720 2200 causis
1739 2173 1804 2208 qui-

1015 2217 1130 2245 busdam
1145 2217 1268 2245 deducta:
1285 2218 1353 2253 (50).
1379 2218 1408 2245 Si
1435 2225 1499 2245 vero
1522 2218 1556 2246 ad
1580 2225 1805 2253 unamquamque

1015 2262 1135 2290 animam
1157 2262 1336 2290 comminatio
1359 2262 1411 2290 ista
1427 2262 1561 2290 referatur
1572 2282 1580 2294 ,
1595 2269 1656 2297 quae
1671 2262 1805 2297 semetip-

1014 2315 1072 2335 sam
1087 2308 1199 2343 negligit
1212 2315 1369 2342 agnoscere,
1386 2308 1522 2343 sapientes
1538 2312 1565 2335 et
1583 2307 1706 2343 magistri
1721 2307 1805 2342 hujus

1015 2356 1106 2384 sazculi
1123 2355 1291 2391 intelligendi
1310 2360 1384 2388 sunt,
1401 2357 1529 2383 docentes
1546 2355 1706 2389 sapientiam
1720 2354 1806 2388 hujus

1016 2401 1109 2428 mundi
1129 2410 1136 2428 :
1157 2407 1187 2428 ut
1209 2402 1235 2428 in
1260 2409 1366 2429 summa
1391 2401 1442 2429 hoc
1470 2401 1645 2435 intelligatur,
1666 2400 1730 2435 quia
1755 2408 1806 2427 ne-

1015 2454 1092 2475 cesse
1107 2450 1149 2474 est
1165 2447 1284 2474 animam
1303 2455 1362 2474 eam
1384 2447 1519 2482 praecipue
1542 2454 1603 2481 quae
1617 2445 1687 2473 bona
1701 2449 1725 2472 et
1743 2446 1806 2480 pul-

1015 2492 1081 2520 cbra
1099 2497 1141 2520 est
1157 2493 1283 2520 sensibus
1293 2513 1301 2524 ,
1316 2497 1342 2520 et
1358 2493 1466 2528 ingenio
1481 2492 1597 2527 vigilans
1609 2512 1616 2524 ,
1637 2498 1806 2526 cognoscere

1014 2539 1204 2573 semetipsam,
1223 2543 1249 2565 et
1265 2538 1330 2566 dare
1342 2546 1451 2574 operam
1467 2539 1499 2565 ad
1514 2537 1679 2572 agnitionem
1696 2536 1738 2563 sui
1756 2544 1806 2571 per

1013 2583 1144 2610 exercitia
1160 2583 1302 2616 doctrinae,
1319 2587 1346 2610 et
1361 2581 1451 2609 studia
1467 2581 1570 2614 divina,
1581 2588 1614 2608 ac
1629 2587 1676 2615 per
1691 2579 1744 2607 hoc
1760 2580 1805 2615 agi

1016 2628 1120 2664 Spiritu
1139 2628 1186 2655 Dei
1201 2634 1228 2656 et
1248 2629 1345 2663 spiritu
1364 2627 1528 2662 adoptionis.
1548 2627 1602 2654 Aut
1620 2626 1643 2653 si
1663 2625 1724 2653 talis
1745 2625 1807 2652 batc

1015 2676 1106 2703 anima
1123 2675 1298 2710 scmelipsam
1324 2673 1482 2708 neglexerit,
1507 2676 1536 2700 et
1555 2680 1570 2699 a
1589 2670 1689 2700 divinis
1706 2669 1808 2698 studiis
