1892 3050
194 113 242 146 l3!

741 113 902 142 ORIGENIS
921 112 955 140 ΙΝ
974 112 1151 142 CANTICUM
1170 112 1306 141 CANTIC.

1777 115 1828 142 132

193 184 223 206 ιιι
240 184 405 213 quocunque
422 177 480 212 Ipse
499 177 617 205 voluerit
630 177 721 205 ﬂectat
736 185 794 210 cas,
811 182 838 205 et
856 181 919 212 agat
935 176 986 204 ha-
1001 178 1023 207 Α
1040 176 1103 203 uiris
1123 176 1179 202 suis
1194 176 1221 203 in
1237 175 1368 202 omnibus.
1395 175 1463 207 Viri,
1480 175 1584 211 diligite
1603 183 1699 205 uxores
1717 181 1828 210 uestras,

194 224 272 252 benis
286 228 483 259 przcceptorum
499 231 613 251 suorum
629 233 636 252 :
655 224 719 259 quia
732 224 788 259 jam
804 231 858 250 non
874 223 985 258 propria

199 271 335 298 voluntate
350 271 497 303 incedunt,
522 271 568 298 sed
584 270 616 298 ad
633 271 725 298 omnia
744 271 882 298 ducuntur
899 275 927 298 et
941 278 986 298 re-

194 316 335 344 ducunlur
350 319 490 345 voluntate
504 317 632 345 sessoris.
654 316 688 343 Et
705 316 831 344 fortassis
846 316 985 344 videbitur

195 363 346 390 secundum
369 363 422 390 hoc
447 362 520 398 quod
536 370 570 390 ex
587 362 681 389 multis
705 361 850 389 animabus
870 369 986 397 congre-

196 414 257 445 gata
275 415 316 437 cst
326 409 459 442 Ecclesia,
478 414 505 437 et
520 409 672 444 exemplum
685 409 748 435 vitae
761 408 866 442 accepit
879 415 893 434 a
905 408 986 435 Chri-

195 461 249 488 sto,
267 456 338 491 quod
361 464 415 484 non
438 461 491 483 tam
508 456 542 483 ab
562 456 618 490 ipsa
633 454 731 483 deitate
745 454 826 482 Verbi
843 454 891 482 Dei
905 463 985 482 acce-

195 499 275 534 perit,
302 507 363 535 qua:
389 500 483 535 utique
508 499 692 534 supereminet
706 507 754 527 eos
770 504 848 527 actus
865 499 907 527 vel
922 499 985 527 atie-

195 550 267 578 ctus,
293 546 339 580 qui
358 546 392 573 ad
414 545 566 580 exemplum
591 545 651 572 dari
673 545 829 574 hominibus
850 546 984 579 debeant;

195 592 242 618 sed
265 591 309 618 illa
333 591 423 619 anima
450 599 511 626 qua:
537 596 679 626 assumpta
703 597 744 620 est
765 592 799 619 ab
816 599 865 627 eo,
886 593 913 620 in
930 600 984 628 qua

194 636 246 664 fuit
261 643 366 664 summa
381 636 520 671 perfectio,
539 637 584 664 illa
600 637 636 664 sit
657 637 690 664 ad
707 637 862 673 exemplum
880 638 983 672 posita,

194 685 222 707 ct
235 681 292 716 ipsa
310 681 417 708 dicatur
433 681 477 710 hic
493 683 618 717 proxima
635 690 712 716 mea;
730 683 810 718 cujus
827 683 985 711 similitudi-

194 733 255 752 nem
271 725 370 753 habere
385 727 482 754 debeat
497 727 580 754 etiam
603 726 736 761 Ecclesia,
760 736 821 763 qua:
841 736 874 756 ex
892 729 985 757 multis

194 775 375 806 congregatur
390 771 551 804 animabus,
566 771 621 799 iiiis
638 772 743 800 scilicet
755 781 816 808 quae
833 775 910 808 prius
925 774 983 802 fue-

193 820 254 843 rant
272 817 324 844 sub
344 816 412 852 jugo
427 821 454 844 et
473 817 600 845 curribus
617 817 778 850 Pharaonis,
804 823 831 846 et
845 820 984 854 equitatus

1036 222 1106 248 sicut
1130 226 1156 248 et
1170 221 1291 248 Christus
1313 222 1407 248 dilexit
1423 221 1569 249 Ecclesium
1586 230 1663 249 suam
1686 228 1710 250 et
1733 228 1828 250 semct-

1036 267 1122 302 ipsum
1140 267 1252 294 tradidit
1269 274 1316 301 pro
1332 275 1378 298 eu,
1397 271 1426 293 ut
1443 275 1501 294 eam
1521 268 1702 302 sunctiﬁearet
1721 267 1828 295 lauacro

1036 321 1112 346 aqua
1130 313 1158 339 in
1177 312 1268 346 verbo,
1288 317 1317 339 ut
1343 313 1398 345 ipse
1423 312 1474 339 sibi
1495 318 1658 347 praepararet
1682 313 1828 348 gloriosam

1037 357 1184 386 Ecclesium
1200 366 1251 385 nou
1272 358 1409 385 habentem
1426 358 1568 391 maculam,
1590 363 1637 386 aut
1659 367 1766 394 rugam,
1778 365 1825 386 aut

1036 403 1139 438 aliquid
1160 403 1323 438 hujusmodi,
1343 403 1389 430 sed
1405 408 1434 430 ut
1451 408 1517 431 esset
1538 409 1633 430 sancta
1648 408 1673 430 et
1695 404 1829 431 immacu-

1037 448 1139 476 lata".
1164 448 1197 476 Et
1219 453 1281 484 post.
1302 457 1413 484 pauca:
1441 449 1535 482 Nemo,
1556 449 1656 485 inquit,
1678 450 1748 477 enim
1777 449 1829 476 ali-

1035 493 1143 529 quando
1158 502 1263 521 carnem
1279 502 1354 521 suum
1369 494 1430 521 odio
1444 494 1548 526 habuit,
1563 494 1608 522 sed
1623 494 1706 521 nutrit
1720 498 1744 521 et
1758 494 1829 529 fouet

1035 548 1093 567 eam
1106 541 1174 567 sicut
1187 545 1210 567 et
1221 539 1343 568 Christus
1355 539 1514 573 Ecclesium,
1529 540 1593 575 quia
1606 540 1723 567 membra
1734 549 1829 568 sumus

1035 587 1154 620 corporis
1167 586 1223 620 ejus
1237 586 1271 618 “,
1285 590 1312 613 et
1325 586 1439 620 reliqua.

1073 631 1126 658 Per
1140 632 1196 659 haec
1207 638 1272 666 ergo
1283 631 1441 663 edocemur,
1453 630 1596 666 quomodo
1610 638 1711 666 sponsa
1724 630 1828 658 Christi

1036 685 1097 712 quae
1112 681 1154 704 est
1166 676 1298 710 Ecclesia,
1312 677 1395 704 etiam
1410 676 1445 704 sit
1462 684 1561 711 corpus
1577 676 1637 711 ejus
1649 681 1677 704 ct
1689 677 1828 704 membra.

1037 721 1065 749 Si
1083 730 1147 758 ergo
1168 723 1265 750 audias
1281 722 1375 757 sponsi
1390 721 1511 749 membra
1538 722 1685 752 nominari.
1696 721 1829 750 Ecclesia

1036 767 1159 795 membra
1182 767 1235 795 dici
1254 767 1384 803 intellige.
1404 767 1432 794 In
1453 767 1554 802 quibus
1571 767 1643 795 sicut
1665 772 1730 795 sunt
1742 767 1828 803 aliqui

1035 814 1081 849 qui
1095 814 1224 842 dicuntur
1240 813 1323 846 oeuli,
1336 820 1386 849 pro
1407 812 1591 849 intelligentiae
1609 813 1669 841 sine
1692 813 1778 841 dubio
1797 820 1830 840 ac

194 861 304 888 Domini
320 862 502 896 appellantur.
518 862 585 896 Quae
599 867 690 891 autem
707 872 739 891 ex
751 864 859 892 duabus
876 866 984 900 exposi.
1001 855 1022 886 Β
1036 860 1158 887 scientia
1180 859 1295 891 lumine,
1307 863 1335 886 ct
1354 859 1401 886 alii
1422 866 1503 887 aures
1516 867 1566 894 pro
1582 859 1719 887 audiendo
1742 859 1828 886 verbo

195 906 234 933 tio
255 907 403 934 convenire
425 908 512 942 magis
533 909 673 943 propesito
694 909 830 937 versiculo
849 910 983 944 videatur,

194 951 323 987 probabis
335 953 417 980 etiam
431 957 460 980 tu
475 954 523 988 qui
536 954 613 989 legis.

235 996 312 1024 Vers.
335 997 380 1025 10.
408 997 496 1030 Quum
520 999 643 1033 speciosa
664 999 743 1034 factu:
765 1004 826 1027 sunt
849 1005 985 1036 genistam:

196 1047 323 1078 tanquam
340 1044 464 1076 turturis,
480 1044 567 1071 cervis:
585 1049 631 1071 tua
644 1045 712 1072 sicut
728 1045 893 1074 redimicula.
910 1046 984 1075 Ordo

195 1089 326 1117 dramatis
341 1089 498 1124 huiusmodi
513 1090 729 1118 videturhabere
744 1093 983 1126 consequentiam,

195 1135 269 1171 quod
296 1139 473 1170 posteaquam
503 1136 653 1164 austeriorc
677 1143 746 1164 usus
765 1141 807 1165 est
833 1139 984 1167 commina-

195 1182 269 1210 tione
280 1189 399 1217 sponsus
416 1182 450 1209 ad
467 1189 608 1217 sponsam,
622 1187 792 1218 protestatus
806 1184 831 1212 ei
844 1185 918 1220 quod
931 1185 983 1213 nisi

193 1232 370 1263 cognosceret
392 1229 568 1263 semetipsum
592 1229 699 1257 exitura
722 1234 797 1257 esset
818 1230 846 1257 in
861 1231 984 1266 vestigiis

193 1280 316 1308 gregum,
331 1277 359 1300 et
376 1277 501 1308 pasceret
515 1281 571 1300 non
589 1281 665 1307 oves,
679 1274 727 1301 sed
741 1274 853 1308 haedos,
866 1276 986 1303 erubue-

193 1318 230 1344 rit
244 1325 327 1352 super
344 1317 504 1344 austeritate
520 1318 658 1353 praecepti,
680 1318 728 1346 sed
751 1323 778 1346 et
804 1319 887 1347 rubor
911 1327 986 1348 verc-

193 1363 302 1391 cundia:
325 1363 441 1392 diﬂusus
463 1363 490 1391 in
505 1364 582 1391 vultu
605 1364 744 1399 speciosas
762 1365 883 1393 ell‘ecerit
901 1373 985 1402 genas

194 1409 264 1444 ejus,
289 1412 316 1436 ct
332 1409 418 1437 multo
441 1417 523 1444 quam
539 1409 646 1437 fuerant
662 1410 833 1445 pulchriores
849 1419 924 1439 :non
940 1420 985 1439 so.

194 1456 251 1483 lum
268 1461 358 1484 autem
383 1464 469 1492 gente,
497 1457 544 1485 sed
573 1461 601 1484 et
620 1456 711 1485 cervix
734 1457 794 1492 ejus
813 1462 868 1485 tam
885 1459 984 1486 decora

194 1503 230 1531 sit
245 1502 361 1535 reddita,
385 1502 465 1538 quasi
483 1503 626 1530 monilium
647 1503 816 1532 redimiculis
838 1504 982 1532 adornata.

193 1547 372 1575 Pulchritudo
388 1555 453 1582 ergo
475 1555 605 1583 genarum
623 1548 777 1576 turturibus
797 1554 984 1585 comparatur,

192 1593 266 1629 quod
288 1601 337 1629 per
363 1593 521 1628 huiusmodi
546 1600 611 1621 aves
633 1593 714 1621 simul
738 1593 867 1623 honestas
892 1595 985 1623 vultus

192 1644 220 1667 et
246 1640 375 1667 alacritas
396 1639 543 1667 indicetur.
570 1638 633 1667 llaec
649 1644 693 1667 est
713 1639 836 1667 historici
852 1640 985 1669 dramatis

191 1686 244 1722 61
266 1685 430 1720 explanatio.
452 1684 504 1712 Sed
520 1685 660 1713 veniamus
685 1685 718 1713 ad
733 1693 800 1713 rem.
814 1685 916 1714 Paulus
928 1686 983 1722 (5t)

193 1732 333 1767 apostolus
342 1732 464 1760 scribens
475 1731 507 1759 ad
516 1731 663 1760 Ecclesium
669 1731 873 1761 Corinthiorum
884 1734 920 1761 ita
927 1734 965 1761 ait
975 1742 982 1762 ε

193 1777 294 1812 Corpus
315 1781 404 1803 autem
424 1784 474 1804 non
495 1781 533 1804 est
551 1778 695 1805 membrum
712 1786 805 1811 unum,
824 1779 869 1806 sed
885 1779 981 1808 multa.

193 1822 228 1850 Et
246 1823 268 1849 si
284 1823 382 1849 dixerit
397 1830 440 1857 pes
456 1823 518 1858 quia
538 1831 590 1851 non
611 1832 670 1851 sum
686 1832 789 1858 manus,
808 1833 860 1852 non
873 1833 932 1852 sum
951 1826 983 1854 de

192 1877 310 1904 corpore,
332 1877 382 1896 non
399 1874 536 1904 propterea
554 1877 605 1896 non
620 1873 659 1896 est
676 1870 708 1897 dc
724 1877 849 1904 corpore;
863 1876 886 1898 et
901 1872 924 1899 si
937 1871 978 1898 di-

191 1915 262 1941 :serit
285 1914 425 1948 auricula,
448 1915 511 1950 quia
535 1922 585 1942 non
605 1922 663 1942 sum
686 1915 789 1948 oculus,
810 1923 862 1943 non
876 1924 935 1943 sum
949 1916 983 1944 de

190 1968 309 1995 corpore,
325 1969 375 1987 non
386 1965 522 1996 propterea
538 1969 589 1988 non
603 1966 641 1988 est
657 1961 690 1988 de
699 1969 818 1996 corpore.
849 1961 880 1989 Si
896 1967 982 1990 tatam

191 2015 284 2042 corpus
294 2012 332 2034 est
344 2007 445 2040 oculus,
461 2006 506 2033 ubi
518 2011 557 2034 est
572 2007 704 2034 auditus?
720 2007 750 2034 Si
762 2011 844 2035 totum
858 2008 980 2042 auditus,

190 2054 236 2082 ubi
246 2055 371 2081 odoratus
381 2053 393 2080 2’
403 2053 481 2080 Nunc
499 2058 586 2080 autent
596 2053 664 2081 Deus
677 2055 764 2088 posuit
779 2055 982 2090 unumquodque

191 2100 336 2126 membrum
359 2100 387 2126 in
408 2107 517 2134 corpore
538 2099 705 2126 sicut-uoluit
719 2099 752 2126 ".
774 2099 807 2126 Et
825 2108 886 2127 cum
902 2101 981 2135 plura

191 2145 225 2172 dc
243 2145 296 2172 hoc
309 2144 486 2179 disputasset,
510 2144 542 2172 ad
557 2143 683 2171 ultimum
700 2144 767 2171 dicit
785 2153 791 2171 :
818 2143 869 2171 Vos
891 2150 980 2172 autem

1035 904 1178 938 docti-inte,
1196 904 1242 931 alii
1259 912 1357 931 manus
1370 911 1419 938 pro
1435 904 1516 932 bonis
1529 904 1657 939 operibus
1676 904 1829 939 rerigiosis-

1034 958 1088 985 que
1109 950 1278 983 ministeriis,
1297 951 1334 977 ita
1352 955 1417 978 sunt
1428 950 1474 977 alii
1494 954 1522 978 et
1538 950 1587 985 qui
1608 957 1683 985 genae
1699 950 1761 985 ejus
1777 957 1827 985 ap-

1034 997 1179 1032 pellentur.
1204 996 1287 1024 Genu:
1307 1001 1398 1024 autem
1420 1001 1509 1031 partes
1527 997 1618 1024 vultus
1635 997 1776 1030 dicuntur,
1800 996 1827 1023 in

1034 1042 1135 1077 quibus
1141 1042 1272 1070 honestas
1278 1047 1304 1070 et
1316 1042 1478 1069 verecundia
1486 1042 1583 1069 anima
1589 1042 1748 1077 agnoscitur
1758 1051 1766 1069 :
1778 1049 1828 1077 per

1034 1089 1109 1124 quod
1127 1088 1188 1116 sine
1200 1088 1285 1115 dubio
1298 1088 1337 1115 illi
1355 1088 1383 1115 in
1396 1087 1527 1115 membris
1541 1087 1669 1115 Ecclesiae.
1683 1087 1828 1115 declaran-

1036 1139 1091 1168 tur,
1103 1134 1150 1170 qui
1162 1134 1297 1162 castitatis
1310 1138 1338 1162 et
1350 1134 1487 1169 pudicitiae
1501 1133 1630 1161 excolunt
1642 1134 1826 1162 honestatem.

1034 1179 1088 1208 Pro
1115 1180 1158 1208 his
1181 1187 1248 1215 ergo
1273 1179 1308 1206 ad
1332 1185 1413 1206 omne
1437 1186 1539 1214 corpus
1574 1186 1682 1214 sponsa:
1704 1179 1823 1207 dicitur:

1035 1224 1122 1258 Quam
1145 1225 1271 1259 speciosa:
1290 1224 1370 1259 {actm
1387 1228 1449 1250 sunt
1470 1232 1542 1259 gena
1558 1224 1632 1250 tutu!
1653 1223 1686 1251 Et
1709 1224 1826 1251 observa

1035 1271 1100 1307 quia
1124 1279 1180 1298 non
1202 1271 1282 1304 dixit,
1306 1277 1388 1306 quam
1414 1270 1545 1306 speciosa
1567 1274 1632 1298 sunt
1652 1277 1728 1305 genae
1755 1275 1824 1297 tua}:

1036 1319 1105 1347 sed:
1119 1317 1206 1351 Quam
1226 1318 1351 1352 speciosi:
1371 1318 1449 1353 [πίω
1465 1321 1544 1349 sunt;
1565 1321 1594 1344 ut
1607 1316 1732 1345 ostendat
1749 1317 1825 1352 prius

1036 1363 1149 1400 quidem
1176 1370 1232 1391 non
1255 1371 1302 1391 cas
1319 1363 1356 1391 ita
1377 1363 1463 1390 fuisse
1479 1363 1636 1398 speciosus,
1655 1362 1702 1390 sed
1715 1367 1825 1398 postea-

1034 1417 1120 1446 quam
1144 1409 1264 1444 suscepit
1287 1408 1382 1436 oscula
1405 1408 1518 1443 sponsi,
1540 1412 1567 1436 et
1587 1409 1643 1443 ipse
1657 1408 1703 1444 qui
1728 1408 1824 1444 loque-

1035 1459 1116 1487 batur
1130 1466 1178 1494 per
1193 1458 1340 1494 prophetas
1357 1457 1434 1492 prius
1450 1456 1547 1489 adfuit,
1565 1461 1591 1484 et
1610 1454 1753 1483 mundavit
1773 1454 1824 1482 sibi

1039 1504 1090 1540 ipsi
1106 1503 1257 1532 Ecclesiam
1277 1510 1356 1531 suam
1384 1502 1493 1530 lavacro
1518 1509 1606 1537 aquae,
1627 1505 1655 1528 et
1675 1500 1740 1528 fecit
1761 1507 1823 1528 eam

1036 1557 1091 1578 non
1116 1549 1218 1577 habere
1239 1550 1375 1577 maculam
1401 1552 1448 1576 aut
1469 1555 1577 1583 rugam,
1604 1551 1632 1575 et
1656 1547 1824 1582 agnitionem

1033 1595 1078 1623 sui
1091 1595 1214 1631 praestitit
1226 1594 1262 1628 ei,
1273 1599 1339 1623 tunc
1352 1594 1431 1622 factae
1443 1598 1508 1621 sunt
1522 1592 1653 1628 speciosa:
1664 1599 1740 1627 gena:
1750 1591 1823 1626 ejus.

1033 1639 1114 1669 Tunc
1136 1641 1210 1668 enim
1229 1640 1342 1669 castitas
1362 1644 1390 1667 et
1410 1638 1542 1674 pudicitia
1563 1642 1591 1665 et
1605 1637 1747 1674 virginitas
1763 1645 1825 1672 qua:

1035 1686 1112 1721 prius
1132 1692 1188 1713 non
1206 1685 1312 1719 fuerat,
1323 1692 1371 1720 per
1385 1684 1514 1712 Ecclesiae
1529 1691 1612 1719 genas
1632 1683 1759 1719 specioso
1775 1683 1825 1711 de-

1033 1737 1099 1758 core
1116 1730 1214 1758 diﬂ‘usa
1225 1735 1278 1758 est.
1303 1730 1369 1764 Quae
1393 1735 1484 1758 tamen
1508 1737 1640 1765 genarum
1657 1730 1777 1764 species,
1797 1729 1825 1756 id

1032 1780 1076 1804 est
1089 1776 1228 1811 pudicitiae
1249 1780 1275 1804 et
1289 1776 1424 1804 castitatis
1435 1795 1443 1808 ,
1467 1776 1619 1803 turturibus
1637 1779 1823 1810 comparatur.

1034 1822 1186 1850 Turturum
1210 1822 1303 1850 ferunt
1317 1822 1475 1857 bujusmodi
1495 1826 1620 1849 naturam
1640 1828 1710 1855 esse,
1727 1825 1758 1848 ut
1774 1829 1824 1848 nc-

1032 1875 1087 1905 que
1107 1869 1247 1897 masculus
1263 1873 1361 1904 praeter
1380 1875 1463 1896 unam
1483 1869 1612 1897 feminam
1634 1868 1714 1897 adeat
1727 1869 1822 1900 aliam.

1034 1922 1086 1943 nec
1098 1915 1198 1943 femina
1207 1915 1268 1950 plus
1278 1922 1362 1950 quam
1370 1921 1455 1942 unum
1470 1914 1590 1951 patiatur
1601 1922 1720 1948 marem;
1739 1914 1780 1942 ita
1794 1919 1824 1941 ut

1032 1961 1056 1989 si
1070 1960 1176 1989 accidat
1192 1962 1277 1989 altero
1300 1962 1450 1996 intercepto
1473 1968 1618 1997 superesse
1635 1960 1763 1993 alterum,
1775 1968 1824 1996 pa-

1032 2007 1099 2034 riter
1114 2014 1176 2034 cum
1191 2007 1306 2042 conjuge
1321 2007 1473 2034 exstinctus
1489 2007 1525 2034 sit
1533 2006 1558 2034 ei
1570 2006 1731 2034 concubitus
1738 2013 1830 2035 amor.

1030 2051 1231 2079 Convenienter
1245 2059 1309 2087 ergo
1320 2052 1471 2080 similitudo
1482 2052 1595 2080 turturis
1608 2056 1718 2087 aptatur
1729 2052 1825 2080 Eccle-

1032 2098 1092 2129 slzc,
1103 2098 1176 2132 quod
1190 2098 1232 2125 vel
1249 2098 1362 2126 alterius
1374 2098 1424 2125 viri
1436 2102 1499 2133 post
1509 2097 1648 2125 Christum
1661 2098 1824 2133 conjugium

1032 2145 1155 2178 nesciat,
1171 2146 1213 2174 vel
1235 2146 1308 2181 quod
1331 2146 1507 2174 continentia:
1533 2151 1561 2173 et
1580 2146 1717 2181 pudicitiae
1738 2146 1768 2174 in
1791 2154 1823 2174 ca

190 2191 254 2217 estis
270 2198 363 2224 corpus
375 2189 475 2217 Christi
490 2195 514 2216 et
530 2190 643 2217 membra
659 2197 691 2216 ea:
703 2194 780 2224 parte
792 2189 825 2217 “.
837 2189 870 2217 Et
883 2191 980 2219 iterum
999 2196 1020 2224 ι)
1034 2196 1163 2226 tanquam
1190 2195 1328 2220 turturum
1353 2192 1447 2220 volitet
1478 2192 1634 2220 multitudo.
1663 2191 1822 2220 Secundum

191 2236 226 2263 ad
242 2234 374 2271 Ephesios
393 2234 515 2263 scribens
535 2235 618 2263 dicit:
637 2234 755 2270 Subjecti
775 2236 885 2263 inuicem
901 2237 929 2264 in
945 2237 980 2264 ti—

191 2290 262 2309 more
274 2280 385 2309 Christi.
403 2280 527 2308 Mulieres
545 2281 609 2308 viris
630 2282 685 2308 suis
699 2281 823 2316 subjecti:
838 2283 891 2310 sint
912 2284 981 2310 sicut

192 2327 304 2354 Domino
320 2335 328 2354 :
346 2327 409 2362 quia
427 2327 466 2354 uir
484 2331 563 2362 caput
578 2331 615 2354 est
632 2328 760 2361 mulieris,
776 2329 845 2356 sicut
860 2333 884 2356 et
902 2329 980 2357 Chri-

190 2379 248 2401 stus
263 2377 301 2400 εει
320 2379 399 2408 caput
413 2372 548 2405 Ecclesia,
572 2375 626 2407 ipsc
639 2373 762 2401 Salvator
773 2375 906 2410 corporis.
926 2375 980 2403 Sed

189 2419 259 2446 sicut
273 2417 393 2445 Ecclesia
412 2417 529 2453 subjecta
550 2422 588 2445 est
602 2417 725 2451 Christo,
749 2419 788 2446 ita
810 2424 835 2447 et
854 2420 979 2447 mulieres

243 2478 266 2494 υ
277 2476 363 2514 icor.
382 2484 432 2514 Ill,
446 2476 489 2511 tt,
503 2476 602 2511 15,16,
616 2477 658 2511 t7,
672 2478 716 2506 is.
744 2479 767 2495 υ
778 2479 845 2507 ibid.
864 2478 910 2506 27.
950 2479 972 2495 ιι

1047 2501 1055 2508 .
1075 2486 1102 2512 v,
1113 2478 1159 2512 2|,
1169 2478 1216 2513 22,
1228 2478 1274 2513 25,
1286 2479 1333 2514 24,
1343 2479 1389 2513 25,
1400 2479 1446 2513 26,
1458 2478 1504 2507 27.

189 2514 212 2530 ⁸⁷
224 2513 320 2542 Matth.
334 2520 371 2545 st,
386 2512 431 2540 29.

225 2572 475 2618 (5l)_Pr2cop'i‘us‘
489 2581 528 2618 ei
546 2574 661 2616 Origene
683 2583 689 2601 :
716 2574 876 2618 .‘Azt‘iir‘uat
906 2575 974 2610 μέλη

189 2608 307 2646 Χριστὺῦ
331 2608 381 2644 τῆς
400 2608 562 2644 Ἐκκλησίας
579 2609 688 2645 νύμφης
711 2610 725 2635 ὁ
751 2608 857 2641 Παῦλός
883 2608 974 2645 φὴσινέ

189 2642 224 2671 ἧς
244 2644 325 2671 οἱονεὶ
350 2643 495 2671 πρόσωπον
516 2645 540 2670 ol
564 2644 603 2671 τῶ
621 2643 712 2671 κάλλει
728 2644 783 2670 τῶν
807 2644 907 2671 λοιπῶν
921 2645 978 2671 δια-

188 2642 224 2680 ἧέ
244 2644 325 2671 οἱονεὶ
350 2642 498 2679 τὲρόσωπονὶ
516 2645 540 2670 ol
564 2644 603 2678 τῷ
614 2642 712 2671 ⁷κᾶλλει
728 2644 783 2670 τῶν
807 2642 907 2671 λοιπῶν
915 2642 978 2671 ota-

190 2680 328 2721 φέροιςτες,
346 2679 458 2714 αἰσχρὸν
480 2679 555 2718 οῆὲν
575 2679 841 2721 ὲννορῇχτεςδιτὴνρὲ
857 2679 978 2721 τῆςῠσω-

191 2713 326 2756 φρὸσύνης
355 2713 591 2754 καρλποφορρῦντες
617 2713 692 2740 αἰδῶ.
716 2715 746 2740 0i
765 2713 895 2755 τέρότεροὺ
913 2714 978 2746 ἴσως

190 2757 242 2786 oux
253 2749 418 2786 bvtegr‘xaloi.
431 2757 557 2786 ῖοσουτον
572 2749 728 2786 μετέϐαλᾳν,
751 2749 788 2781 ὡς
805 2749 930 2786 εἰρησθᾳι
943 2751 976 2786 τῇ

192 2783 295 2819 νύμφῃ·
313 2784 342 2809 Τι’
360 2783 553 2833 ἀέραιώιωσαν
567 2786 596 2810 al
610 2784 750 2818 σιαγόνες
767 2783 837 2811 σουί
903 2783 977 2820 ἐχονῖ

192 2827 238 2833 ---
262 2818 354 2833 ι-ΐιλυ
406 2819 506 2833 sin—[2...
522 2820 590 2833 -L..-
606 2819 633 2833 ιλ
651 2819 688 2833 -.⁸.
702 2819 747 2833 -λιι
763 2819 810 2833 Ξ..-
836 2820 914 2833 ..λι-ι...
935 2828 960 2833 υ.

192 2827 238 2850 τες
261 2818 354 2845 άπῖλον
371 2818 387 2853 ἢ
405 2819 506 2854 ρυτίδα-
522 2820 592 2854 τάχα
605 2819 634 2845 δὲ
651 2819 684 2845 τ’
702 2819 747 2846 τὸν
763 2819 812 2846 ἕνα
835 2818 978 2854 navem-

192 2854 306 2881 vdnustv
319 2853 395 2880 Θεόν·
414 2854 460 2880 καὶ
488 2855 504 2881 ἡ
529 2854 635 2881 τρυγὼν
652 2829 705 2881 γῒο
722 2855 761 2881 ἑνὶ
790 2855 863 2881 nova)
884 2855 978 2881 συνέρ-

192 2854 306 2881 νώσκειν
319 2853 395 2880 Θεόν·
414 2854 460 2880 καὶ
488 2855 505 2888 ἡ
529 2854 635 2890 τρυγὼν
652 2853 705 2890 γὰρ
722 2855 761 2881 ἑνὶ
790 2853 863 2890 μόιίῳ
884 2855 978 2891 συνέρ-

1033 2237 1105 2265 hanc
1125 2238 1330 2273 intelligentiam
1351 2239 1435 2266 etiam
1456 2239 1591 2266 cervicem
1612 2245 1721 2273 sponsa
1747 2239 1824 2266 acci-

1032 2284 1152 2319 piamus.
1164 2283 1230 2317 Quae
1241 2284 1300 2312 sine
1314 2284 1399 2312 dubio
1410 2284 1463 2311 ilhc
1474 2284 1586 2320 intelligi
1599 2283 1696 2311 debent
1709 2284 1822 2314 animm,

1032 2337 1094 2364 quae
1105 2329 1205 2357 Christi
1227 2329 1323 2365 jugum
1348 2330 1502 2365 suscipiunt
1523 2329 1638 2357 dicentis
1664 2338 1671 2355 :
1689 2328 1824 2364 Suscipite

1032 2382 1111 2409 super
1134 2382 1177 2402 nos
1197 2375 1291 2410 jugum
1317 2383 1413 2408 meum,
1436 2376 1499 2411 quia
1517 2375 1612 2410 jugum
1634 2383 1719 2402 meum
1741 2383 1824 2402 suave

1032 2426 1071 2448 est
1083 2420 1116 2448 δ’.
1131 2420 1292 2448 Obedientia
1310 2428 1375 2456 ergo
1391 2421 1451 2456 ejus
1469 2421 1588 2448 cervices
1604 2420 1663 2455 ejus
1681 2420 1825 2454 appellau-

1560 2479 1585 2495 “
1593 2478 1658 2506 ibid.
1673 2478 1710 2506 29
1727 2483 1755 2507 et
1775 2479 1821 2507 50.

1028 2583 1120 2610 χεται.
1142 2573 1213 2607 Quin
1242 2580 1267 2602 et
1295 2576 1411 2602 membra
1438 2575 1550 2606 Christi,
1566 2574 1692 2602 Ecclesiae
1714 2583 1822 2609 sponse

1029 2610 1132 2636 Paulus
1150 2615 1224 2636 uocat
1237 2619 1246 2637 :
1265 2610 1341 2644 cujus
1362 2611 1439 2645 quasi
1460 2611 1547 2637 vultus
1569 2615 1642 2641 sunt,
1659 2610 1704 2644 qui
1725 2610 1822 2637 decore

1029 2645 1137 2680 reliquis
1155 2645 1325 2675 antecellunt.
1347 2645 1412 2671 nihil
1429 2645 1548 2672 videlicet
1569 2650 1643 2679 turpe
1659 2645 1820 2680 cogitantes,

1029 2688 1060 2706 ac
1076 2680 1202 2714 pudorem
1221 2681 1355 2706 castitatis
1378 2680 1494 2714 fructum
1521 2681 1642 2714 ferentes.
1671 2679 1738 2707 Cum
1763 2680 1820 2714 for-

1030 2715 1109 2742 tassis
1136 2715 1210 2748 prius
1233 2713 1320 2741 decori
1345 2713 1396 2741 non
1418 2719 1503 2742 essent
1513 2713 1525 2748 ,⁷
1545 2715 1584 2741 sic
1615 2715 1712 2741 mutati
1743 2713 1818 2746 sunt,

1030 2756 1058 2776 ut
1074 2750 1174 2776 dictum
1192 2750 1224 2776 sit
1241 2757 1343 2784 sponsu:
1356 2760 1365 2777 :
1379 2759 1388 2775 ι
1404 2749 1490 2782 Quum
1514 2750 1638 2783 speciosae
1657 2749 1739 2783 {uetat
1756 2754 1820 2777 sunt

1028 2792 1100 2819 gena:
1116 2784 1189 2811 tuae!
1204 2794 1213 2810 ι
1231 2784 1296 2817 Qum
1309 2784 1408 2811 scilicet
1429 2784 1559 2810 maculam
1575 2792 1625 2810 non
1638 2784 1753 2811 habeant
1772 2790 1820 2810 aut

1028 2827 1133 2854 rugam.
1154 2820 1253 2846 idcirco
1276 2819 1405 2854 forsitan,
1427 2820 1497 2854 quod
1520 2827 1600 2845 unum
1614 2819 1697 2845 Deum
1720 2827 1819 2854 cogno-

1028 2860 1114 2884 scant.
1134 2854 1205 2882 Nam
1217 2860 1240 2883 et
1256 2859 1345 2883 turtur
1360 2862 1419 2882 cum
1436 2861 1488 2881 uno
1501 2856 1558 2882 solo
1573 2854 1754 2889 congreditur.
