1892 3050
214 103 266 132 135

738 99 900 128 ORIGENIS
919 98 952 126 IN
969 97 1146 126 CANTICUM
1165 97 1300 138 QANTIC.

1789 99 1836 126 I26

248 161 326 189 Nunc
350 166 441 190 autem
471 160 549 189 nobis
579 159 755 195 propositum
779 164 822 187 est
846 159 999 191 ostendere,
1015 161 1037 190 Α
1052 167 1153 192 rerum,
1170 163 1198 186 et,
1210 164 1378 194 quiscunque
1392 156 1652 193 contingeban’t'illis
1668 158 1715 193 qui
1735 157 1763 185 in
1780 158 1838 194 lege

213 207 352 242 quomodo
368 206 454 234 sancti
477 206 564 241 angeli
582 206 629 241 qui
652 211 714 232 ante
739 205 883 232 adventum
895 204 999 232 Christi

213 252 288 279 velut
301 253 421 286 parvulae
440 252 530 279 adhuc
548 259 656 286 sponsae
678 251 786 278 tutelam
804 250 998 285 procurabant,

214 297 266 332 ipsi
281 297 336 324 sint
348 297 428 325 amici
443 302 469 324 et
482 297 588 324 sodales
605 296 699 331 sponsi
719 296 764 330 qui
782 296 816 322 ad
833 302 892 322 eam
908 294 999 322 dicere

214 343 357 370 videantur
377 350 385 369 :
402 342 543 369 Faciemus
569 342 617 368 tibi
641 341 827 368 similitudines
853 341 912 366 auri
939 348 999 367 cum

213 388 425 415 distinctionibus
445 388 546 423 argenti
567 394 698 422 atqueque
713 394 758 412 ru:
780 387 815 412 sit
836 385 862 412 in
882 386 997 412 recubitu

213 443 271 462 suo.
295 434 418 462 Indicant
436 442 500 468 ergo
520 433 590 468 quod
613 433 664 467 ipsi
689 432 791 460 faciant
812 440 920 467 sponsae
944 440 997 460 non

217 488 315 507 aurum
343 481 441 515 (neque
462 480 534 507 enim
560 479 694 506 habebant
718 479 770 505 tale
794 486 891 506 aurum
917 478 999 513 quale

213 525 324 561 dignum
341 530 399 553 erat
413 525 501 552 offerri
518 526 646 559 sponsae),
663 523 710 551 sed
725 531 773 558 pro
787 531 854 550 auro
867 523 998 550 similitu-

215 569 294 597 dines
311 569 371 596 auri
393 577 421 596 se
439 569 526 595 facere
545 568 721 603 promittunt,
740 573 766 594 et
786 576 839 594 non
860 576 941 594 unam
961 568 1000 595 si-

212 615 402 646 militudinem,
425 614 472 641 sed
497 614 606 640 multas.
632 614 669 640 lla
692 614 775 640 etiam
799 613 893 640 dicunt
908 613 941 640 de
954 621 998 640 ar—

213 665 312 695 gento,
334 660 381 687 sed
405 659 482 694 quasi
514 659 645 686 habentes
670 659 733 686 licet
756 666 867 693 parvam
893 659 997 693 argenti

212 706 362 737 materiam,
379 705 540 739 promittunt
555 712 584 731 se
605 704 629 731 ei
650 704 739 732 facere
764 713 818 732 non
841 705 997 732 similitudi-

212 759 270 784 nes,
292 752 338 779 sed
352 751 541 778 distinctiones
560 751 681 784 argenti;
709 755 801 785 utpote
821 751 920 785 quibus
944 758 997 777 non

213 802 290 825 tanta
305 797 457 824 abundaret
469 796 573 831 argenti
593 795 716 829 materia,
731 800 760 823 ut
774 803 926 823 connexum
944 795 995 822 ali-

211 843 279 877 quid
305 846 332 870 et
356 842 474 869 solidum
499 849 567 875 opus
591 848 623 868 et
647 848 680 868 eo
698 840 848 876 producere
874 844 995 876 possent,

213 889 262 916 sed
282 888 473 915 distinctiones
494 887 582 918 solas,
608 894 641 914 ac
667 886 743 920 signa
765 887 887 921 quzedam
914 893 996 920 parva

212 934 288 961 velut
306 937 406 967 puncta
433 932 625 959 inter-sererent
649 932 687 958 illi
710 931 794 966 operi,
822 932 892 965 quod
916 932 940 958 ei
963 939 997 959 ex

212 977 273 1004 auri
290 976 465 1004 similitudine
482 975 626 1002 faciebant.
643 975 704 1003 Haec
717 983 781 1010 ergo
796 976 875 1003 amici
892 977 995 1011 sponsi,

213 1022 251 1050 illi
268 1022 301 1049 de
313 1022 412 1057 quibus
423 1029 504 1056 supra
521 1021 649 1054 diximus,
665 1029 772 1057 sponsae
791 1021 895 1049 faciunt
914 1030 996 1050 orna—

213 1073 315 1096 menta.
336 1068 387 1095 Sed
401 1068 465 1102 quid
482 1068 509 1094 in
523 1067 565 1095 his
584 1067 680 1095 secreti
697 1068 877 1100 contineatur,
894 1073 920 1095 et
931 1069 996 1103 quid

209 1114 376 1142 elocutionis
401 1114 508 1142 novitas
537 1114 595 1148 ipsa
619 1113 774 1148 parturiat,
802 1114 996 1148 omnipotentis

214 1158 294 1187 Verbi
319 1167 350 1187 ac
372 1160 463 1194 sponsi
487 1159 593 1187 Patrem
616 1166 768 1194 precemur,
791 1164 820 1186 ut
844 1160 901 1194 ipse
917 1160 996 1188 nobis

209 1205 302 1232 arcani
319 1206 400 1240 hujus
417 1206 534 1234 claustra
551 1204 705 1240 patelaciat,
723 1213 778 1238 quo
791 1205 928 1239 possimus
942 1214 996 1233 non

211 1249 297 1277 solum
314 1249 347 1276 ad
363 1250 535 1284 intelligenda
549 1250 606 1276 huic
626 1249 784 1281 illuminari,
803 1257 897 1276 verum
913 1251 995 1277 etiam

210 1294 243 1321 ad
258 1294 433 1328 proferenda,
448 1303 480 1322 ac
493 1294 642 1322 secundum
667 1300 823 1321 mensuram
840 1302 934 1322 eorum
950 1297 996 1330 qui

210 1340 307 1368 lecturi
319 1345 392 1372 sunt,
407 1341 593 1368 moderatione
606 1341 706 1376 eloquii
719 1340 848 1375 spiritalis
862 1342 996 1376 accipere.

209 1385 277 1412 Auri
304 1386 419 1420 speciem
444 1386 471 1412 in
493 1386 585 1413 multis
607 1394 679 1421 saepe
697 1386 866 1414 ostendimus
883 1387 996 1422 ﬁgurant

211 1436 303 1459 tenere
325 1431 468 1460 invisibilis
483 1437 510 1459 et
527 1432 694 1467 incorporea:
717 1436 837 1466 naturae;
855 1439 995 1469 argentum

211 1483 276 1504 vero
289 1477 415 1504 virtutem
429 1477 501 1504 verbi
522 1484 554 1504 ac
569 1477 700 1510 rationis;
722 1478 871 1506 secundum
884 1479 956 1513 quod
970 1484 997 1506 et

210 1521 343 1551 Dominus
357 1523 421 1550 dicit
433 1530 481 1558 per
496 1523 654 1558 prophetam
668 1532 675 1550 :
689 1523 755 1550 Dedi
771 1524 840 1551 vobis
857 1530 996 1560 argentum

208 1573 234 1597 ct
248 1577 343 1596 aurum
361 1577 371 1596 :
387 1577 430 1596 vos
449 1575 536 1596 autem
550 1569 650 1604 fecistis
663 1575 784 1605 argentea
799 1577 824 1597 et
836 1579 917 1598 aurea
926 1571 997 1598 Βαα-

209 1615 257 1641 lim
270 1615 309 1648 ⁶⁸;
328 1615 475 1642 ostendens
492 1622 539 1649 per
552 1614 649 1651 haecet
665 1615 768 1648 dicens,
783 1615 837 1650 63
855 1616 918 1650 quia
935 1616 996 1643 dedi

209 1660 287 1687 vobis
305 1667 414 1687 sensum
436 1663 464 1686 et
481 1659 612 1686 rationem
633 1668 685 1694 qua
700 1668 743 1687 me
759 1659 842 1687 Deum
856 1665 881 1688 et
895 1661 997 1689 sentire

209 1706 326 1741 possetis
347 1709 375 1733 et
397 1705 485 1732 colere
498 1715 504 1732 ι
518 1713 567 1732 vos
589 1710 679 1732 autem
702 1710 729 1733 et
742 1713 853 1733 sensum
872 1710 899 1734 et
912 1706 996 1734 ratio-

210 1758 272 1777 nem
283 1758 344 1785 quae
358 1750 385 1777 in
398 1750 476 1777 vobis
487 1754 538 1783 est,
555 1750 588 1777 ad
606 1750 717 1777 colenda
728 1749 861 1777 daemonia
875 1754 996 1778 transtu-

209 1796 292 1824 listis.
310 1795 364 1824 Sed
378 1800 406 1824 et
420 1796 525 1831 eloquia
539 1795 656 1829 Domini,
678 1796 782 1831 eloquia
801 1801 885 1829 casta,
901 1804 996 1832 argen-

211 1846 267 1868 tum
287 1842 345 1877 igne
357 1842 499 1877 probatum
521 1841 665 1870 dicitur“.
683 1841 714 1869 Et
738 1842 804 1868 item
828 1842 854 1869 in
875 1843 936 1870 aliis
952 1851 996 1870 ar-

208 1892 315 1923 gentum
336 1888 448 1923 ignitum
459 1887 528 1922 justi
548 1887 639 1922 lingua
654 1891 821 1915 memoratur
840 1888 871 1914 ⁸⁸.
888 1887 995 1915 Cheru-

208 1933 263 1960 bim
287 1940 352 1961 vero
386 1941 469 1961 aurea
504 1933 630 1960 dicuntur
650 1933 691 1966 ⁸⁷,
729 1933 858 1968 quoniam
886 1933 995 1968 quidem

208 1977 347 2012 plenitudo
370 1977 490 2005 scientia:
503 1976 550 2004 Dei
565 1977 788 2010 interpretantur.
815 1976 866 2004 Sed
889 1982 916 2004 et
931 1985 996 2005 can-

211 2021 352 2049 delabrum
374 2022 400 2048 in
419 2021 594 2048 tabernaculo
613 2021 762 2048 testimonii
781 2029 893 2048 aureum
909 2027 935 2048 et
949 2029 994 2049 so-

209 2066 293 2095 lidum
307 2067 371 2101 poni
387 2066 534 2101 jubebatur
552 2075 558 2093 :
581 2065 653 2100 quod
672 2066 739 2092 mihi
753 2066 859 2093 videtur
879 2066 993 2093 formam

210 2117 301 2139 tenere
316 2112 448 2139 naturalis
467 2111 545 2146 legis,
565 2111 592 2137 in
604 2119 657 2146 qua
674 2111 718 2138 lex
733 2112 854 2139 scientize
868 2111 993 2140 habetur.

246 2155 298 2183 Sed
315 2155 379 2190 quid
395 2163 464 2190 opus
481 2161 521 2182 est
538 2156 622 2182 multa
644 2163 807 2190 congregare
829 2157 993 2188 testimonia,

209 2209 271 2229 cum
288 2201 315 2228 in
329 2206 454 2236 promptu
472 2201 507 2227 sit
525 2201 595 2228 scire
611 2200 763 2227 volentibus
775 2201 803 2227 in
816 2201 909 2229 multis
918 2200 992 2229 Seri-

209 2253 295 2284 ptura:
313 2248 379 2275 locis
395 2247 446 2274 hoc
470 2247 594 2278 indicari,
612 2247 685 2282 quod
709 2255 805 2274 aurum
824 2248 856 2276 ad
880 2255 991 2276 sensum

211 2299 383 2328 mentemque
399 2298 549 2324 revocetur,
575 2298 716 2327 argentum
741 2301 805 2320 VCI‘O
829 2293 862 2321 ad
880 2293 990 2321 verbum

209 2344 291 2374 atque
305 2339 411 2373 eloquia
427 2338 579 2366 referatur?
593 2337 670 2365 Nunc
682 2345 745 2373 ergo
766 2346 942 2373 properemus
958 2339 991 2366 ad

209 2384 449 2419 coutemplandum
473 2383 611 2418 quomodo
627 2384 776 2410 secundum
791 2391 822 2410 ea
843 2392 903 2418 quae
924 2392 993 2419 prte-

210 2430 347 2463 misimus,
362 2430 442 2458 amici
459 2429 552 2464 sponsi
568 2430 660 2457 dicant
681 2437 709 2457 se
728 2430 920 2458 similitudines
935 2431 994 2458 auri

209 2476 299 2504 facere
317 2483 423 2510 sponsa:
436 2484 497 2503 cum
509 2475 730 2504 distinctionibus
746 2476 862 2511 argenti.
883 2476 995 2504 Videtur

209 2529 274 2556 ergo
289 2521 355 2548 mihi
373 2521 445 2555 quod
465 2521 507 2547 lex
528 2529 588 2555 quae
611 2528 659 2556 per
674 2521 786 2555 angelos
803 2521 934 2555 disposita
952 2526 993 2548 est

210 2567 236 2594 in
255 2575 336 2594 manu
361 2567 528 2599 mediatoris,
552 2566 768 2601 quandoquidem
793 2567 917 2594 umbram
943 2567 992 2593 ha-

209 2614 272 2642 beat
295 2614 451 2641 l'uturorum
476 2613 609 2640 bonorum
624 2632 631 2644 ,
658 2620 711 2639 non
736 2612 822 2646 ipsam
847 2612 991 2646 imaginem

243 2671 265 2687 ⁸⁸
276 2671 337 2698 Ose.
353 2679 383 2702 tt,
400 2671 426 2698 8.
475 2670 577 2698 “Psal.
595 2678 631 2702 χι,
644 2671 670 2697 ti.
717 2670 738 2686 ⁸⁵
748 2669 827 2696 Prov.
849 2677 877 2700 x,
891 2669 935 2696 ‘20.

209 2705 253 2731 νει
268 2706 331 2733 Cor.
349 2715 376 2738 Χ.
398 2706 441 2733 Η.

258 2764 300 2797 32)
318 2764 393 2797 Mss.,
407 2765 583 2799 temporalem.
601 2764 675 2791 Finis
692 2766 760 2791 cnim
776 2764 936 2799 temporalis.

258 2764 300 2797 32)
318 2764 393 2797 Mss.,
407 2765 583 2799 temporalem.
601 2764 675 2791 Finis
692 2766 760 2791 cnim
776 2764 936 2799 temporalis.

243 2764 302 2836 £55)
318 2800 384 2826 Ante
401 2801 538 2827 adt-cntum
552 2807 671 2834 namque,
689 2805 741 2827 etc.
761 2800 799 2826 Ad
815 2800 886 2827 hunc
898 2801 986 2827 locum

994 2670 1014 2685 ⁸⁷
1026 2669 1111 2698 Exod.
1127 2679 1232 2698 xxmt.

1051 203 1217 236 referuntur,
1234 204 1260 231 in
1285 203 1369 238 ﬁgura
1389 207 1417 230 et
1435 210 1488 230 non
1511 203 1538 230 in
1557 204 1673 231 veritate
1697 204 1838 239 continge-

1050 250 1127 282 bant,
1151 250 1202 276 ista
1227 249 1319 276 omnia
1341 248 1531 276 similitudines
1555 250 1615 277 auri
1639 249 1768 282 fuerunt,
1786 258 1836 277 non

1050 301 1147 321 aurum
1163 302 1268 321 verum.
1285 293 1364 326 Quod
1384 294 1487 321 scilicet
1510 301 1607 320 aurum
1625 302 1720 322 verum
1740 295 1768 322 in
1785 294 1836 322 illis

1049 347 1111 374 qua:
1126 339 1284 374 incorporea
1307 344 1371 366 sunt
1390 344 1417 366 et
1437 339 1584 366 invisibilia
1601 348 1633 367 ac
1646 341 1780 375 spiritalia
1795 343 1836 368 in-

1050 385 1209 419 telligatur:
1232 384 1381 412 similitudo
1404 392 1469 411 vero
1495 385 1553 411 auri
1583 385 1609 411 in
1636 393 1691 420 quo
1713 393 1769 413 non
1797 392 1837 414 est

1049 430 1106 465 ipsa
1123 431 1232 463 veritas,
1248 430 1295 457 sed
1318 430 1413 457 umbra
1441 430 1577 462 veritatis,
1595 431 1647 458 ista
1662 439 1792 466 corporea
1812 437 1839 460 et

1049 475 1166 503 visibilia
1190 476 1370 510 accipiantur.
1387 475 1468 502 Verbi
1493 475 1589 510 gratia,
1612 476 1763 505 similitudo
1778 478 1839 506 auri

1049 520 1100 547 l'uit
1114 520 1185 547 istud
1200 520 1406 548 tabernaculum
1424 528 1506 547 manu
1522 521 1633 555 factum,
1650 522 1683 550 de
1699 530 1755 558 quo
1770 523 1836 551 dicit

1049 565 1193 601 Apostolus
1209 573 1215 591 :
1235 565 1296 592 Non
1307 561 1375 593 c'mm
1391 567 1417 593 in
1430 572 1522 594 sancta
1535 576 1614 594 manu
1628 568 1701 602 facta
1718 569 1838 596 introivit

1048 609 1126 637 Jesus
1150 610 1310 645 exetnplaria
1334 619 1464 644 verorum,
1485 613 1529 639 sed
1552 613 1578 639 in
1592 614 1679 647 ipsum
1692 614 1786 640 malum
1803 615 1835 641 ⁸⁸.

1049 655 1121 691 Ergo
1137 664 1197 691 qua:
1222 657 1248 683 in
1274 657 1351 685 eti-lis
1367 662 1431 685 sunt
1456 657 1601 685 inuisibilia
1617 664 1643 686 et
1662 659 1835 694 incorporea,

1049 701 1093 728 illa
1112 705 1175 728 sunt
1192 709 1277 735 vera;
1292 701 1345 729 ista
1368 706 1457 729 autem
1476 711 1536 738 qua:
1551 703 1578 730 in
1595 705 1675 732 terris
1691 710 1757 732 sunt
1772 705 1837 732 visi-

1048 746 1112 773 bilia
1136 750 1163 773 et
1184 754 1334 782 corporea,
1360 749 1525 782 exemplaria
1551 757 1678 777 verorum
1708 751 1837 778 dicuntur

1048 799 1123 826 esse,
1140 800 1194 820 non
1218 801 1292 820 vera.
1310 792 1363 820 lsta
1385 801 1449 828 ergo
1473 799 1537 821 sunt
1559 803 1619 828 quae
1643 795 1837 825 similitudines

1012 836 1033 863 Β
1048 837 1107 864 auri
1124 837 1314 872 appellantur:
1330 839 1356 865 in
1371 839 1469 874 quibus
1485 844 1525 867 est
1542 844 1568 867 ct
1587 848 1649 867 arca
1668 843 1836 875 testamenti,

1049 887 1076 910 et
1089 883 1325 918 propitiatorium,
1347 889 1373 911 et
1395 885 1547 918 cherubim,
1570 890 1596 913 et
1618 886 1703 914 altare
1719 887 1836 920 incensi,

1049 932 1075 954 et
1089 936 1180 955 mensa
1199 929 1402 963 propositionis,
1419 934 1446 957 et
1469 937 1567 965 panes,
1585 931 1631 958 sed
1651 936 1678 958 et
1699 932 1835 962 velamen,

1049 977 1075 1000 et
1087 973 1220 1000 columnae
1244 981 1276 1001 ac
1301 982 1385 1007 serae,
1407 979 1433 1002 et
1456 975 1539 1002 altare
1564 975 1838 1009 holocaustorum,et

1050 1018 1138 1053 ipsum
1155 1019 1284 1053 templum
1296 1039 1304 1050 ,
1325 1024 1407 1054 atque
1427 1020 1518 1048 omnia
1538 1028 1597 1056 quae
1619 1021 1646 1048 in
1663 1022 1722 1057 lege
1735 1023 1836 1057 scripta

1050 1069 1124 1091 sunt.
1141 1064 1239 1092 Omnia
1257 1065 1314 1092 haec
1339 1065 1531 1093 similitudines
1553 1072 1630 1094 erant
1649 1069 1720 1095 auri.
1739 1067 1792 1095 Sed
1809 1074 1837 1096 et

1049 1108 1139 1143 ipsum
1166 1118 1261 1137 aurum
1279 1110 1392 1142 visibile,
1421 1118 1471 1146 pro
1497 1118 1529 1139 eo
1552 1112 1624 1147 quod
1639 1113 1744 1141 visibilc
1765 1118 1835 1146 erat,

1050 1162 1103 1182 non
1127 1160 1185 1182 erat
1207 1163 1304 1182 aurum
1322 1164 1427 1190 verum,
1450 1157 1497 1184 sed
1518 1157 1667 1186 similitudo
1690 1164 1749 1186 erat
1762 1159 1836 1186 illius

1049 1199 1105 1226 veri
1130 1200 1189 1227 auri
1215 1200 1368 1228 invisibilis.
1391 1200 1459 1228 Istas
1482 1209 1546 1237 ergo
1563 1202 1757 1230 similitudines
1774 1203 1834 1230 auri

1050 1245 1172 1274 iecerunt
1185 1254 1292 1282 sponsze
1304 1247 1433 1275 Ecclesiae
1454 1248 1546 1282 sponsi
1563 1248 1642 1275 amici
1658 1248 1748 1283 angeli
1763 1249 1835 1276 vide-

1050 1290 1114 1318 licet
1128 1296 1154 1319 et
1168 1293 1306 1327 propheta;
1319 1301 1325 1318 :
1339 1293 1384 1328 qui
1403 1293 1624 1321 ministraverunt
1639 1294 1666 1321 in
1685 1294 1743 1329 lege
1756 1299 1835 1322 caete-

1051 1337 1143 1371 risque
1159 1339 1303 1374 mysteriis.
1319 1338 1391 1372 llmc,
1408 1341 1515 1375 opinor,
1527 1345 1553 1368 et
1565 1340 1667 1368 Paulus
1682 1340 1836 1376 intelligens

1050 1382 1176 1410 dicebat:
1196 1383 1230 1410 In
1253 1384 1377 1420 religione
1402 1386 1565 1420 angelorum,
1587 1386 1614 1413 in
1630 1387 1670 1412 Itis
1694 1394 1753 1421 qua:
1768 1386 1836 1413 ridet

1051 1427 1152 1462 frustra
1168 1430 1277 1464 inﬂatus
1290 1438 1366 1458 sensu
1380 1432 1467 1458 carnis
1480 1439 1534 1458 suae
1552 1432 1584 1458 °‘.
1599 1431 1695 1459 Omnis
1712 1439 1778 1467 ergo
1790 1430 1836 1458 Ju-

1051 1474 1145 1502 daicns
1167 1475 1256 1503 cultus
1279 1481 1305 1504 et
1328 1477 1441 1512 religio,
1460 1477 1650 1505 similitudines
1675 1482 1741 1505 sunt
1765 1478 1835 1506 auri.

1010 1511 1031 1541 (ἶ
1048 1518 1116 1546 Cum
1131 1524 1222 1547 autem
1236 1511 1388 1550 conversus
1407 1522 1488 1549 fuerit
1510 1523 1572 1557 quis
1588 1523 1620 1549 ad
1637 1522 1797 1555 Dominum,
1811 1528 1836 1551 et

1048 1565 1168 1592 ablatum
1184 1565 1265 1594 fuerit
1287 1567 1321 1594 ab
1336 1575 1369 1594 eo
1382 1568 1515 1600 velamen,
1530 1571 1595 1596 tunc
1614 1568 1717 1595 videbit
1737 1577 1833 1596 aurum

1047 1618 1140 1638 verum
1154 1621 1160 1639 :
1178 1612 1255 1647 cujus
1270 1613 1328 1640 auri
1345 1618 1490 1649 antequam
1507 1614 1615 1642 adesset
1629 1619 1656 1642 et
1668 1623 1836 1650 cognoscen-

1047 1656 1111 1684 dum
1131 1665 1159 1685 se
1185 1658 1337 1693 praeberet,
1361 1659 1554 1688 similitudines
1578 1660 1701 1688 iecerunt
1729 1669 1838 1696 sponsa

1047 1702 1127 1730 amici
1145 1703 1215 1738 ejus,
1234 1709 1265 1731 ut
1288 1712 1321 1731 ex
1339 1704 1392 1732 illis
1419 1705 1642 1733 similitudinibus
1668 1707 1835 1734 commonita

1047 1753 1074 1774 et
1090 1753 1253 1783 provocata,
1277 1750 1333 1777 veri
1360 1750 1419 1777 auri
1445 1750 1610 1778 desiderium
1635 1756 1754 1786 caperet.
1780 1751 1836 1780 Hoc

1046 1794 1118 1821 enim
1135 1794 1236 1822 factum
1249 1796 1351 1823 indicat
1366 1795 1475 1828 Paulus,
1489 1805 1550 1824 eum
1565 1798 1648 1825 dicit:
1666 1797 1734 1826 ιιωσ
1749 1804 1835 1826 autem

1046 1840 1073 1866 in
1091 1841 1176 1876 ﬁgura
1192 1841 1373 1877 contingebant
1394 1842 1458 1870 illis.
1474 1841 1578 1877 Scripta
1595 1849 1680 1870 autent
1697 1850 1760 1871 sunt
1775 1853 1837 1879 pro-

1046 1891 1102 1921 pter
1115 1896 1173 1921 nos,
1189 1888 1214 1914 in
1229 1896 1293 1922 quos
1308 1888 1370 1922 ﬁnis
1394 1888 1550 1915 surculorum
1571 1890 1672 1916 devertit
1685 1890 1719 1918 "°.
1738 1890 1791 1917 Sed
1809 1896 1835 1918 et

1046 1932 1127 1959 ﬁnem
1143 1941 1223 1967 quem
1241 1933 1306 1960 dicit
1328 1932 1440 1967 Paulus,
1467 1941 1519 1960 non
1543 1934 1677 1969 intelligas
1703 1943 1833 1970 corpora-

1045 1977 1097 2004 lem
1114 1977 1180 2013 (5‘2).
1194 1977 1269 2005 Finis
1285 1978 1357 2006 enim
1374 1979 1524 2014 corporalis
1538 1980 1637 2007 multos
1652 1980 1772 2008 inveniet
1787 1989 1836 2016 pro

1046 2021 1146 2056 quibus
1162 2030 1213 2049 non
1228 2027 1292 2050 sunt
1309 2023 1409 2058 scripta
1433 2024 1490 2051 lucc
1508 2033 1514 2050 :
1532 2032 1619 2058 neque
1639 2025 1712 2051 enim
1737 2025 1834 2060 hujus-

1048 2067 1121 2094 modi
1139 2067 1172 2094 de
1188 2067 1230 2095 his
1243 2068 1374 2102 recipient
1387 2069 1562 2096 intellectum.
1577 2069 1628 2096 Sed
1647 2070 1728 2097 ﬁnem
1748 2078 1835 2098 sa-en-

1045 2111 1145 2146 lorum,
1168 2112 1360 2147 perfectionem
1385 2121 1476 2141 rerum
1500 2114 1630 2149 intelligo,
1656 2123 1717 2150 qua:
1740 2117 1836 2151 utique

1044 2156 1129 2185 Paulo
1144 2163 1170 2185 et
1183 2159 1318 2187 similibus
1340 2159 1399 2194 ejus
1421 2160 1573 2192 advenisse,
1591 2164 1617 2187 et
1634 2166 1745 2195 propter
1761 2162 1836 2196 ipsos

1045 2203 1145 2238 scripta
1160 2203 1217 2231 lucc
1232 2212 1291 2231 esse
1305 2204 1442 2232 dicuntur.

1082 2250 1133 2278 Sed
1155 2252 1213 2278 haec
1234 2252 1261 2278 in
1277 2259 1393 2280 excursu
1409 2253 1537 2286 diximus,
1553 2253 1674 2280 volentes
1690 2253 1836 2281 ostendere

1045 2297 1183 2331 quomodo
1200 2297 1279 2323 amici
1297 2298 1390 2331 sponsi
1419 2298 1510 2325 dicant
1534 2298 1566 2324 ad
1592 2305 1720 2332 sponsam
1745 2297 1837 2326 facere

1045 2349 1074 2368 se
1092 2342 1117 2369 ei
1134 2341 1324 2369 similitudines
1339 2343 1397 2369 auri
1412 2350 1474 2369 cum
1490 2343 1711 2370 distinctionibus
1726 2343 1836 2378 argenti

1044 2392 1093 2419 per
1107 2392 1137 2411 ea
1151 2385 1253 2412 scilicet
1272 2393 1331 2420 qua:
1346 2386 1374 2426 in
1392 2386 1450 2421 lege
1467 2393 1493 2414 et
1515 2387 1654 2421 prophetis
1669 2395 1717 2421 per
1732 2387 1836 2422 ﬁguras

1045 2433 1072 2456 et
1096 2430 1228 2464 imagines
1251 2435 1279 2457 et
1303 2431 1494 2459 similitudines
1513 2438 1539 2458 et
1559 2432 1714 2466 parabolas,
1732 2433 1836 2467 scripta

1045 2475 1227 2502 tradiderunt.
1245 2475 1314 2503 Sunt
1338 2481 1428 2503 tamen
1450 2477 1477 2503 in
1501 2477 1543 2504 his
1558 2482 1585 2504 et
1607 2485 1696 2512 patrne
1708 2477 1836 2512 quaedam

1048 2519 1236 2548 distinctiones
1250 2522 1369 2556 argenti,
1389 2522 1486 2550 indicia
1505 2522 1609 2550 scilicet
1631 2530 1729 2550 sensus
1753 2523 1837 2558 spiri-

1046 2566 1108 2593 talis
1126 2567 1200 2594 verbi
1217 2572 1243 2594 et
1268 2568 1499 2603 interpretationis
1524 2569 1785 2600 rationabilis,rlicet
1809 2574 1838 2597 et

1044 2611 1124 2639 valde
1138 2619 1199 2639 rara
1216 2618 1241 2640 et
1261 2614 1367 2649 exigua.
1384 2614 1454 2642 Ante
1477 2616 1619 2643 adventum
1643 2623 1763 2651 namque
1777 2617 1837 2652 (5‘5)

1290 2671 1312 2687 ⁸⁸
1328 2671 1408 2699 l‘lebr.
1427 2680 1464 2703 xx,
1477 2673 1522 2700 Ἡ.
1580 2674 1601 2692 ⁸ο
1617 2673 1724 2706 Culoss,
1741 2681 1774 2706 ιι,
1789 2673 1835 2701 l8.

1047 2765 1180 2802 pertinere
1196 2767 1320 2794 videntur
1332 2775 1362 2794 ea
1380 2775 1440 2802 quae
1460 2768 1543 2795 rel'ert
1559 2767 1708 2802 Procopius
1725 2775 1758 2795 ex
1774 2768 1836 2795 Ori-

1041 2808 1107 2835 gene
1123 2809 1128 2826 :
1143 2801 1208 2828 Τότε
1224 2802 1251 2828 δὲ
1273 2803 1303 2828 οὐ
1323 2800 1404 2834 mlta;
1419 2800 1453 2838 ἦν
1469 2803 1528 2830 οὐδὲ
1550 2800 1700 2837 κεγυμένος
1717 2804 1731 2830 ὁ
1751 2804 1837 2838 ἄργυ-
