1892 3050
201 78 214 105 Ι
218 79 251 106 39

728 74 894 102 ORIGENIS
914 75 946 102 IN
966 75 1142 123 CaNTlCl’M
1160 49 1295 104 CAN'TIC.

1774 67 1802 94 Li
1807 68 1829 95 0.

199 137 278 163 nibus
305 134 448 167 imbuitur,
470 138 497 160 et
515 133 585 160 liunt
606 133 637 159 ei.
654 133 775 168 parvulaa
800 134 986 161 distinctiones
1002 135 1023 164 Δ
1038 135 1138 162 obtinet
1153 135 1253 161 locum.
1278 134 1335 161 Tali
1349 142 1414 169 ergo
1429 134 1510 162 ntodo
1523 136 1603 163 etiam
1620 137 1698 164 tcrtla
1716 138 1822 172 exposi—

198 182 312 216 argcnti.
331 180 497 215 Aperiuntur
514 179 588 206 enim
611 178 747 205 interdum
764 183 791 205 ct
814 178 854 205 bis
869 179 914 212 qui
937 179 987 205 im-

198 226 320 252 buuntur
333 232 416 260 parva
437 224 527 259 aliqua
541 228 567 251 et
583 230 643 251 rara
665 222 698 250 de
720 223 911 250 secretioribus
928 231 986 258 my—

200 272 301 304 sten‘is,
317 275 347 297 ut
368 269 533 297 desiderium
557 269 713 304 concipiant
731 268 876 303 majorum.
894 267 987 303 Neque

200 317 272 343 enim
294 315 442 343 desiderari
468 315 532 350 quid
555 319 643 350 potest
667 315 690 342 si
711 314 818 349 penitus
837 315 985 349 ignoretur.

161 380 166 394 ε
203 363 234 390 Et
251 363 312 390 ideo
323 362 516 397 incipientibus
531 367 557 388 ct
573 361 667 396 primis
684 361 710 387 in
724 361 924 389 eruditionibus
938 370 987 398 po-

203 409 273 442 sitis,
287 409 357 436 sicut
372 416 425 435 non
443 413 504 436 sunt
523 408 555 435 ad
577 407 696 435 subitunt
715 412 813 435 cuncta
831 409 986 443 pandenda,

204 454 240 481 ita
254 462 340 489 neque
353 454 459 489 penitus
471 453 658 480 abscondenda
671 457 735 480 sunt
746 453 879 488 spiritalia
891 459 989 490 myste-

203 501 260 533 ria;
275 500 332 532 sed,
350 504 380 527 ut
394 499 432 526 ait
455 506 544 526 sermo
560 498 680 531 divinus,
705 498 837 527 faciendae
861 504 926 527 sunt
947 500 987 528 eis

202 546 391 573 distinctiones
406 545 519 580 argenti,
533 549 560 572 et
572 544 697 572 scintillae
715 545 841 580 quaedam
858 546 989 580 spiritalis

202 591 386 626 intelligentiae
405 591 504 617 animis
520 598 615 617 eorum
640 591 778 618 initiandaa
797 595 872 624 sunt,
890 596 919 618 ut
940 599 990 627 gu-

202 643 273 665 stutn
290 636 491 671 quodammodo
503 636 690 664 desideranda;
700 636 854 664 dulcedinis
867 642 988 670 sumant,

202 690 245 713 ne,
262 688 290 709 ut
310 681 439 714 diximus,
456 682 479 709 si
500 682 608 716 penitus
627 682 784 717 ignoretur,
809 689 860 709 nec
878 682 990 710 omnino

200 728 377 756 desideretur.

235 772 334 800 Verum
349 772 422 807 quod
438 772 579 806 parvulam
597 772 773 800 nominamus
789 773 920 805 animam.
939 781 989 801 ne-

200 826 246 845 mo
257 819 293 845 ita
303 818 419 852 accipiat
430 817 508 853 quasi
518 816 669 844 secundum
679 817 861 846 substantiam
875 818 987 853 parvula

200 865 324 898 dicatur;
340 865 385 892 sed
400 865 422 892 si
436 864 480 891 ctti
497 864 573 891 deest
585 864 714 897 eruditio,
729 869 755 891 et
769 865 795 891 in
810 872 864 900 qua
879 869 921 893 est
931 865 989 892 exi-

202 919 273 945 guus
289 911 441 938 intellectus
461 918 494 938 ac
508 910 620 937 minima
631 910 727 945 peritia
740 930 747 943 ,
764 911 836 938 hanc
848 911 987 947 parvulam

202 956 321 983 dicimus
334 956 463 983 animam.
479 956 563 991 Igitur
574 955 630 983 haec
644 955 701 983 ﬁeri
717 956 843 983 convenit
856 964 988 992 usquequo

203 1010 250 1028 res;
264 1003 299 1028 sit
313 1003 340 1028 in
358 1002 475 1028 recubitu
488 1010 547 1035 suo,
572 1001 597 1028 id
612 1005 654 1028 est
668 1005 811 1036 usq’uequo
825 1002 852 1029 in
867 1002 892 1029 id
906 1003 989 1036 proli-

201 1048 259 1076 ciat
270 1048 426 1083 hujusmodi
441 1048 547 1080 anima,
569 1051 599 1075 ut
612 1048 702 1083 capiat
723 1056 828 1084 regem,
851 1052 880 1076 et.
891 1048 989 1075 habeat

198 1094 407 1121 recumbentetn
423 1094 449 1120 in
463 1093 622 1128 semetipsa.
646 1094 692 1122 Sic
703 1094 776 1121 enim
791 1094 856 1122 dictt
872 1093 915 1120 hic
929 1101 988 1126 rex,

195 1140 267 1176 quia
283 1139 407 1167 habitabo
422 1140 449 1166 in
461 1140 498 1166 eis
513 1143 539 1165 et
556 1139 727 1166 iuambulabo
742 1139 769 1165 in
783 1140 820 1166 eis
835 1140 857 1156 ⁷³
867 1159 876 1172 ,
899 1138 989 1174 prole-

200 1190 248 1214 cto
268 1186 313 1221 qui
338 1189 440 1212 tantatn
464 1184 552 1213 Verbo
574 1185 619 1213 Dei
642 1185 733 1212 cordis
757 1185 800 1213 sui
816 1185 988 1213 latitudinem

193 1233 342 1268 praebent,
358 1237 387 1259 ut
403 1232 486 1259 etiam
500 1232 527 1259 itt
542 1232 583 1259 eis
596 1232 772 1259 deambulare
787 1231 911 1265 dicatur,
927 1239 990 1266 spa-

198 1280 248 1307 tiis
263 1279 366 1306 scilicet
386 1278 565 1313 amplioribus
581 1278 766 1312 intelligentia
788 1278 991 1313 sgnitionisque

202 1325 364 1353 diti‘usioris.
394 1324 433 1351 ita
449 1331 514 1359 ergo
536 1328 562 1350 et
588 1324 722 1351 recubare
743 1323 842 1351 dicitur
857 1324 883 1351 in
899 1324 989 1351 anima

198 1372 249 1398 tilla
264 1372 322 1398 sine
334 1370 418 1397 dubio
432 1370 466 1396 de
479 1377 532 1404 qua
553 1369 612 1404 ipse
632 1368 766 1397 Dominus
787 1369 853 1397 dicit
867 1376 915 1405 per
928 1377 991 1404 pro-

205 1418 311 1451 phetam
327 1425 334 1443 :
356 1416 440 1449 Super
450 1423 524 1449 quem
541 1414 718 1449 requiescam,
741 1414 792 1441 nisi
808 1422 887 1449 super
899 1414 989 1442 Itumi-

1038 180 1111 207 tione
1123 180 1157 206 ad
1172 188 1393 215 unamquamque
1414 178 1533 207 animam
1548 181 1643 208 referri
1658 189 1741 216 posse
1752 182 1824 209 \-i.lc-

1038 225 1129 258 bitur,
1153 226 1225 259 quod
1252 226 1312 253 ait:
1330 225 1522 253 Similitudines
1548 228 1608 254 auri
1633 228 1763 261 [ιη-ὅππως
1779 229 1825 255 tibi

1037 279 1097 297 cum
1114 271 1328 299 distinctionibus
1342 273 1455 307 argenti,
1471 272 1552 300 donec
1567 281 1613 300 res;
1626 273 1661 300 sit
1681 273 1708 300 in
1722 273 1825 301 recubi-

1039 321 1066 342 ιιι
1086 324 1145 343 8140.

1074 361 1152 389 Vcrs.
1166 362 1210 393 Η,
1224 361 1266 389 12.
1282 361 1391 389 Nardus
1403 370 1460 388 mea
1471 362 1542 389 dedit
1553 363 1658 390 odorem
1669 372 1758 396 suum,
1768 364 1825 391 sive

1039 408 1143 434 adorent
1158 408 1223 442 ejus.
1247 407 1275 434 ln
1290 409 1380 442 specie
1395 408 1526 435 dramatis
1543 408 1650 436 videtur
1664 409 1718 436 hoc
1733 414 1826 437 osten-

1039 452 1083 484 di,
1107 453 1179 487 quod
1202 457 1263 488 post
1289 453 1345 481 hanc
1363 452 1446 479 verba
1464 453 1584 488 ingressa
1609 453 1645 481 sit
1669 462 1770 489 sponsa
1793 455 1826 481 ad

1039 505 1169 532 sponsum
1180 518 1188 531 ,
1214 504 1241 526 et
1254 498 1400 533 unguentis
1415 498 1473 526 suis
1488 499 1596 526 tinxerit
1610 507 1670 527 eum
1682 521 1689 533 ,
1709 508 1741 527 ac
1756 501 1828 528 miro

1039 544 1158 578 quodam
1183 551 1298 579 genere,
1327 544 1406 579 quasi
1431 544 1534 572 nardus
1548 553 1609 580 quae
1623 546 1699 581 prius
1714 547 1829 574 odorem

1040 597 1093 617 non
1107 590 1220 617 dederat
1235 597 1296 617 cum
1309 593 1383 617 esset
1395 589 1467 624 apud
1485 597 1625 624 sponsam,
1643 595 1706 618 tunc
1722 591 1831 619 dederit

1040 634 1150 662 odorem
1167 642 1266 668 suum,
1280 642 1343 662 cum
1355 642 1455 669 corpus
1471 636 1581 672 contigit
1597 637 1709 671 sponsi,
1727 642 1755 663 ut
1773 646 1828 664 non

1041 684 1097 708 tam
1121 680 1165 707 ille
1187 687 1220 707 ex
1242 680 1328 707 nardo
1351 679 1461 707 odorem
1487 689 1569 715 quant
1594 681 1695 708 nardus
1718 690 1752 708 ex
1768 682 1830 716 ipso

1040 726 1189 761 sumpsisse
1205 727 1338 754 videatur.
1375 727 1404 755 Si
1418 734 1482 754 vero
1495 727 1644 755 secundum
1666 728 1737 755 hanc
1749 727 1830 756 dilIe-

1040 773 1155 800 rentiatn
1182 780 1243 806 qua!
1261 772 1286 799 in
1314 772 1374 800 aliis
1386 773 1522 800 invenitur
1537 773 1737 808 exemplaribus
1759 773 1830 809 legi-

1043 825 1126 845 mus:
1145 817 1255 854 Nardus
1279 825 1337 844 mea
1361 818 1434 844 dedit
1459 819 1564 845 adorent
1588 818 1664 853 ejus,
1691 819 1832 847 invenitur

1042 862 1245 897 adhuc‘aliquid
1258 862 1377 890 divinius
1390 871 1397 890 :
1414 867 1443 890 ut
1458 863 1579 891 videlicet
1593 868 1760 899 unguentum
1777 865 1832 892 hoc

1043 909 1121 936 nardi
1139 916 1194 943 quo
1211 912 1310 936 unctus
1333 913 1375 936 cst
1391 916 1523 944 sponsus,
1549 916 1603 936 non
1625 914 1728 937 tantum
1746 918 1831 938 suum

1043 955 1090 990 qui
1104 955 1189 982 nardo
1207 955 1295 982 inesse
1307 954 1465 982 naturaliter
1482 954 1561 987 solet,
1578 955 1625 982 sed
1640 955 1726 989 ipsius
1745 963 1831 991 spon-

1043 1000 1067 1029 si
1088 999 1199 1027 odorem
1217 999 1335 1034 ceperit,
1361 1004 1388 1026 et
1406 999 1490 1034 ipsius
1506 1000 1616 1027 odorem
1643 1001 1676 1027 ad
1699 1009 1832 1035 sponsam

1043 1045 1221 1080 reportaverit
1234 1044 1336 1072 nardus
1352 1054 1358 1071 :
1378 1050 1408 1072 ut
1422 1046 1448 1072 in
1463 1053 1496 1073 eo
1511 1054 1566 1081 quo
1580 1046 1658 1073 unxit
1672 1055 1745 1078 eum,
1762 1046 1832 1074 odo-

1043 1099 1100 1120 rem
1116 1091 1208 1126 sponsi
1222 1098 1269 1126 per
1287 1091 1374 1126 ipsius
1390 1091 1519 1126 unguenti
1530 1099 1630 1118 tnunus
1641 1092 1788 1126 acceperit,
1805 1096 1832 1120 et

1044 1138 1096 1166 boc
1120 1137 1156 1165 sit
1177 1137 1250 1171 quod
1272 1136 1362 1164 dicere
1384 1136 1506 1163 videatur
1526 1136 1583 1171 (55)
1602 1144 1608 1162 :
1627 1135 1732 1164 Nardus
1757 1145 1831 1169 mea,

1043 1192 1097 1219 qua
1120 1183 1185 1210 unxi
1208 1189 1358 1217 sponsum,
1386 1189 1505 1216 regressa
1527 1182 1560 1209 ad
1580 1189 1622 1209 me
1636 1182 1745 1210 odorem
1762 1183 1829 1210 mihi

1043 1229 1140 1257 detulit
1155 1228 1260 1263 sponsi,
1277 1232 1303 1254 et
1318 1227 1391 1255 velut
1406 1231 1534 1262 superato
1547 1227 1662 1254 naturali
1682 1234 1732 1255 suo
1745 1227 1831 1255 odore

1044 1274 1192 1310 fragrantia
1218 1274 1329 1309 sponsi,
1353 1273 1438 1308 ipsius
1454 1273 1520 1300 mihi
1535 1273 1631 1300 detulit
1653 1272 1827 1300 suavitatem.

1043 1321 1107 1349 Haec
1128 1320 1210 1357 habet
1231 1319 1354 1347 historici
1375 1319 1505 1346 dramatis
1523 1319 1677 1354 explanatio
1694 1328 1701 1346 :
1719 1319 1768 1347 sed
1784 1327 1830 1346 ve-

1044 1366 1152 1394 ttiamus
1165 1366 1222 1401 jam
1236 1373 1307 1393 nunc
1322 1365 1355 1392 ad
1369 1364 1571 1399 intelligentiam
1588 1364 1745 1400 spiritalem.
1777 1363 1830 1391 Po-

1044 1420 1143 1440 namus
1168 1412 1211 1439 ltic
1234 1418 1361 1446 sponsam
1386 1410 1535 1437 Ecclesium
1553 1409 1579 1436 in
1596 1417 1710 1444 persona
1735 1409 1830 1437 Maria:

204 1464 255 1490 lem
271 1467 294 1490 et
309 1463 436 1498 quietum,
448 1465 473 1487 ιιι
488 1465 637 1488 trementem
648 1468 779 1488 sermones
794 1468 865 1488 meos
877 1461 920 1487 ⁸⁰ἳ
936 1460 990 1488 Ha-
1006 1479 1027 1508 Ο
1044 1467 1104 1495 quae
1118 1458 1246 1486 decenter
1258 1457 1351 1492 utique
1361 1457 1461 1484 dicitur
1475 1456 1570 1483 alIerre
1582 1456 1679 1483 librant
1696 1456 1829 1491 unguenti

205 1509 251 1536 bet
264 1516 328 1543 ergo
341 1516 388 1535 rex
408 1508 458 1534 istc
471 1507 518 1541 qui
540 1511 582 1533 est
595 1514 686 1534 sermo
702 1506 767 1539 Dci,
791 1506 819 1533 in
839 1506 884 1534 illa
901 1506 992 1534 anima

202 1562 269 1590 qua!
278 1554 335 1589 jam
349 1553 382 1581 ad
395 1552 544 1588 perfectum
558 1552 673 1584 venerit,
685 1551 839 1579 recubitum
853 1560 934 1579 suum
948 1561 954 1579 :
970 1552 994 1580 si

201 1600 258 1637 65
268 1605 358 1627 tamen
372 1602 428 1626 non
440 1598 475 1625 sit
490 1598 517 1624 itt
531 1605 562 1625 ea
579 1597 687 1633 aliquod
695 1596 803 1629 vitium,
813 1597 859 1624 sed
871 1597 950 1632 plena
960 1597 995 1625 sit

201 1647 366 1676 sanctitate,
393 1645 472 1679 plena
495 1644 611 1679 pietate,
638 1643 711 1675 ﬁde,
741 1642 889 1675 cltaritale,
916 1649 993 1677 pace,

201 1691 390 1725 omnibusque
416 1690 572 1717 virtutibus.
606 1689 684 1716 Tunc
696 1689 769 1716 enim
784 1688 901 1716 delectat
919 1689 946 1715 in
962 1696 994 1716 ea

206 1737 337 1765 recubare
348 1744 438 1772 regem
453 1740 480 1763 et
492 1736 593 1763 habere
601 1735 766 1763 recubitum.
783 1734 823 1763 Ad
836 1735 906 1763 hanc
921 1735 993 1763 enim

205 1783 325 1809 animam
342 1781 474 1809 Dominus
491 1781 614 1814 dicebat,
637 1780 700 1815 quia
716 1788 762 1815 ego
776 1785 801 1807 et
826 1779 906 1807 Pater
922 1788 994 1807 meus

202 1828 347 1860 veniemus,
360 1832 385 1854 et
397 1827 558 1854 mttubimus
574 1835 634 1854 cum
645 1835 686 1860 eo,
696 1831 722 1854 et
736 1827 898 1853 mansionem
911 1827 994 1861 facie-

210 1883 267 1902 mus
282 1874 353 1909 apud
367 1882 426 1901 eum
443 1874 477 1901 δι.
494 1873 543 1901 Ubi
560 1881 624 1909 ergo
634 1873 857 1901 cmnatChristns
870 1881 932 1900 cum
945 1872 996 1901 Pa-

204 1926 255 1954 tre,
267 1925 294 1948 et
307 1920 352 1948 ubi
371 1920 540 1948 mansionem
552 1919 628 1953 facit,
646 1918 743 1954 quidni
763 1918 914 1946 recumbit?
926 1918 994 1946 Bea-

205 1972 231 1994 ta
250 1967 322 1994 illius
346 1966 460 1994 latitudo
483 1966 590 1998 anitum,
605 1965 684 1993 beata
698 1968 783 1993 strata
799 1964 873 1992 illius
884 1964 993 1997 mentis,

203 2012 251 2040 ubi
262 2011 342 2039 Pater
354 2017 382 2039 et
393 2011 491 2044 Filius,
509 2015 538 2038 ut
551 2018 604 2039 non
618 2011 713 2039 dubito
722 2031 728 2042 .
742 2018 795 2038 una
810 2018 872 2038 cunt
891 2009 994 2044 Spiritu

203 2062 302 2086 sancto
319 2057 465 2089 recumbit,
480 2061 570 2084 coenat
591 2061 618 2084 et
636 2057 806 2084 mansionem
821 2055 896 2083 facit.
925 2054 993 2087 Qui-

203 2104 267 2137 bus,
283 2108 373 2138 putas,
388 2103 498 2138 opibus,
515 2103 615 2137 quibus
627 2102 712 2137 copiis
728 2103 795 2129 tales
809 2101 930 2129 convivas
943 2108 993 2135 pa-

1045 1507 1122 1536 nardi
1137 1506 1225 1541 pistici
1239 1506 1365 1542 pretiosi,
1382 1511 1406 1534 et
1429 1513 1529 1540 ungere
1550 1506 1630 1540 pedes
1643 1505 1706 1533 Jesu
1717 1526 1724 1538 ,
1738 1511 1767 1533 et
1784 1506 1831 1533 tle-

1046 1558 1150 1589 tergere
1165 1553 1270 1588 capillis
1282 1553 1350 1584 suis,
1363 1557 1390 1580 et
1402 1553 1522 1587 recipere
1533 1552 1733 1586 quodammodo
1747 1560 1781 1580 ac
1793 1560 1833 1579 rc-

1044 1607 1177 1635 cuperare
1194 1607 1240 1633 per
1253 1599 1356 1627 crinem
1367 1599 1464 1633 capitis
1480 1599 1522 1625 sui
1537 1598 1569 1625 ad
1586 1598 1760 1632 semetipsam
1776 1605 1830 1624 un-

1044 1650 1175 1681 guentum
1191 1652 1223 1672 es
1241 1644 1371 1679 qualitate
1386 1651 1418 1671 ac
1438 1644 1535 1671 virtute
1549 1643 1672 1678 corporis
1685 1642 1745 1677 ejus
1760 1642 1832 1671 inie-

1038 1697 1135 1723 ctum;
1159 1695 1187 1726 et
1208 1690 1318 1718 odorem
1335 1697 1389 1717 non
1405 1694 1459 1717 tam
1475 1689 1552 1716 nardi
1574 1697 1621 1724 per
1648 1691 1831 1724 unguentum,

1044 1745 1127 1772 quam
1145 1737 1231 1772 ipsius
1249 1735 1330 1763 Verbi
1345 1735 1392 1762 Dei
1407 1735 1441 1763 ad
1454 1743 1483 1763 se
1496 1736 1645 1763 trahentem
1659 1742 1705 1770 per
1717 1735 1832 1770 capillos

1044 1784 1143 1819 quibus
1168 1783 1339 1818 abstergebat
1355 1783 1449 1817 pedes,
1475 1788 1501 1810 et
1526 1783 1655 1817 imposuit
1671 1783 1752 1816 capiti
1769 1790 1832 1814 suo,

1045 1838 1098 1858 non
1112 1835 1166 1858 tant
1181 1830 1270 1863 nardi,
1286 1837 1367 1865 quant
1382 1829 1483 1857 Christi
1499 1829 1690 1865 fragrantiam;
1716 1833 1744 1856 et
1758 1829 1834 1856 dice-

1046 1882 1084 1908 rc,
1101 1874 1165 1909 quia
1180 1874 1282 1902 nardus
1298 1882 1358 1903 mea
1372 1874 1455 1901 missa
1471 1874 1498 1901 in
1512 1881 1613 1908 corpus
1623 1874 1725 1902 Christi
1742 1874 1834 1903 reddi-

1044 1921 1084 1947 dit
1098 1920 1211 1948 odorem
1234 1919 1304 1954 ejus.
1332 1919 1453 1954 Denique
1470 1919 1530 1947 vide
1543 1921 1680 1954 quomodo
1697 1920 1757 1949 hate
1774 1921 1833 1956 ipsa

1045 1966 1211 1994 referuntur.
1244 1965 1344 1998 Maria,
1363 1965 1467 2000 inquit,
1493 1966 1584 1993 attulit
1597 1966 1692 1993 librant
1705 1968 1834 2001 unguenti

1045 2013 1122 2040 nardi
1135 2013 1225 2046 pistici
1235 2012 1355 2046 pretiosi,
1377 2016 1401 2039 et
1414 2012 1490 2039 unxit
1502 2012 1578 2046 pedes
1589 2012 1664 2043 Iesu,
1682 2017 1707 2039 et
1722 2015 1835 2040 extersit

1045 2058 1148 2091 capillis
1163 2057 1259 2091 capitis
1272 2057 1324 2084 sui.
1358 2057 1458 2085 Domus
1471 2062 1558 2084 autem
1570 2078 1577 2090 ,
1592 2058 1696 2093 inquit,
1717 2063 1776 2086 tota
1793 2068 1835 2086 re-

1045 2105 1115 2138 pleta
1136 2107 1175 2131 est
1200 2102 1278 2130 odore
1301 2104 1428 2138 unguenti
1441 2103 1473 2130 ⁸⁵.
1503 2103 1580 2136 Quod
1604 2104 1697 2139 utique
1718 2104 1834 2138 indicat,

207 2149 340 2177 senatur?
355 2148 411 2176 Pax
425 2149 462 2176 ibi
477 2149 581 2183 primus
600 2148 678 2175 cibus
693 2151 744 2180 est,
757 2147 897 2175 humilitas
911 2146 994 2174 simul
1008 2157 1033 2187 ι)
1045 2149 1109 2184 quia
1124 2149 1191 2177 odor
1206 2149 1337 2177 doctrina:
1352 2149 1399 2183 qui
1413 2150 1534 2184 procedit
1551 2149 1584 2177 de
1602 2150 1712 2177 Christo
1729 2155 1758 2177 et
1771 2159 1836 2178 san-

204 2194 350 2229 ttpponitur
364 2202 397 2221 ac
411 2193 540 2229 patientia
552 2212 559 2224 ,
578 2192 759 2219 mansuetudo
779 2199 889 2227 quoque
904 2195 932 2219 et
951 2191 991 2219 lc-

205 2241 287 2273 nitas,
303 2245 330 2267 ct
342 2239 414 2275 quod
429 2246 543 2267 summae
557 2238 581 2265 ei
597 2238 740 2266 suavitatis
749 2242 800 2271 est,
814 2238 920 2273 puritas
931 2245 992 2265 cor-

204 2286 257 2314 dis.
287 2286 413 2313 (tharitas
435 2290 525 2312 autem
551 2285 577 2311 in
602 2284 653 2311 ltoc
666 2283 792 2311 convivio
810 2284 990 2320 principalem

243 2389 263 2404 ⁷⁸
281 2389 364 2416 chit.
380 2396 452 2420 xxvr,
467 2388 508 2414 12.
545 2388 566 2402 ⁸⁸
580 2388 632 2414 lsa.
649 2395 720 2419 LXVI,
736 2387 763 2414 2.

240 2495 295 2530 (55)
311 2493 380 2534 _Huc
396 2494 531 2534 .videntur
554 2493 695 2534 referenda
716 2493 807 2534 Greca
833 2501 894 2534 quae
916 2494 988 2534 apud

204 2528 365 2564 Procopium
380 2529 421 2557 sic
436 2529 625 2563 exprimuntur
641 2537 647 2555 :
664 2529 720 2564 Τῂν
736 2529 790 2564 γὰρ
802 2528 848 2564 τοῦ
860 2528 986 2564 νυμφίῳ,

204 2537 365 2564 γτοεοῃιυιη
380 2537 421 2557 Slc
436 2537 625 2563 exprimuntur
641 2537 647 2555 Σ
665 2537 682 2555 ἰ
706 2538 720 2555 ν
736 2537 772 2563 γα
802 2537 848 2555 τοι)
860 2537 986 2563 νυμφιου,

204 2566 294 2601 φησὶν,
313 2565 398 2601 ὀσμὴν
416 2565 431 2598 ἡ
449 2565 501 2599 ἐμὴ
512 2564 624 2601 ννάρδφςι
635 2565 664 2590 ἀν
684 2537 710 2601 3.
721 2537 806 2601 αὺτῶ
823 2562 930 2601 ueste.-
946 2562 989 2590 δέ·

202 2582 283 2627 ἆὲἔέἷ
288 2586 294 2596 ’
303 2582 342 2635 ἔῇ
347 2582 431 2635 “#59”
442 2582 663 2635 gestique:
674 2582 988 2635 ἐέῖέῖἐέάόαὲἶὶέΐῴαέἶα

204 2635 249 2661 τοῦ
272 2632 357 2670 una;
371 2632 421 2661 'de
435 2636 493 2665 ταῖς
511 2632 788 2670 θριξὶσάὦεομάξασᾳ,
807 2640 990 2670 permagnam-

225 2671 287 2703 ένην
302 2667 337 2695 "ex
352 2670 400 2704 τῆς
421 2670 507 2703 ὀσμῆς
529 2667 576 2695 ἑοῦ
592 2667 709 2704 νυμφίου
730 2667 986 2704 τᾳιξτηνμᾲνέλασενς

225 2679 287 2703 ενην
305 2679 337 2695 εκ
352 2679 400 2704 της
421 2679 507 2703 οσμης
530 2679 576 2695 του
592 2679 709 2704 νυμφιου
730 2679 832 2702 ταυτην
847 2679 986 2694 ανεΛαοεν·

204 2679 235 2738 ξς
249 2704 437 2738 αἰσθαιημένη,
456 2703 546 2738 φησὶν,
562 2703 607 2738 ἐπὶ
619 2702 668 2738 τὴν
684 2702 803 2737 κεφαλὴν
818 2701 957 2738 ἐλθούσης,

206 2736 256 2773 ἐμὴ
274 2736 366 2778 uir/3o:
487 2736 534 2771 ’μοι
550 2736 599 2778 τῂν
619 2736 666 2778 ’ξξῦ
686 2736 804 2778 νμμᾳξίόυ
821 2736 988 2778 (ieiunii-F64

205 2772 256 2803 1:25}
282 2772 317 2803 ὼζ
343 2774 394 2799 ἀπὸ
418 2774 470 2798 τῶν
493 2772 603 2806 κωπῶν
625 2772 712 2806 Ἰησοῦ
739 2773 788 2806 τὴν
812 2772 898 2798 οὶκίαν
924 2772 986 2806 ὃλην

1045 2195 1082 2222 cli
1099 2194 1215 2230 Spiritus
1228 2194 1375 2230 fragrantia
1390 2195 1502 2229 replevit
1515 2203 1622 2225 omnem
1640 2196 1735 2223 muttdi
1751 2197 1836 2231 hujus

1046 2240 1157 2267 domum
1171 2248 1203 2268 ac
1217 2240 1300 2268 totius
1313 2239 1441 2268 Ecclesiae
1454 2240 1577 2268 domum.
1596 2240 1643 2269 Vel
1657 2246 1732 2269 certe
1746 2243 1836 2276 replc~

1045 2287 1083 2314 vit
1097 2293 1208 2314 omnem
1217 2286 1329 2314 domum
1343 2286 1441 2314 anima:
1466 2286 1550 2319 illius,
1567 2295 1628 2322 qua:
1640 2287 1735 2315 odoris
1749 2289 1835 2316 Chri-

805 2387 827 2403 ⁸¹
847 2386 925 2414 Joan.
943 2394 1001 2419 xw,
1017 2385 1062 2412 25.
1101 2386 1122 2400 θ’
1140 2385 1220 2412 Joan.
1240 2392 1291 2417 xu,
1306 2385 1334 2413 ’5.

1041 2493 1186 2530 enlﬁrpmoar
1200 2493 1250 2528 τῆς
1264 2493 1416 2530 μαθητρίας
1427 2493 1457 2520 τὸ
1469 2494 1563 2530 μύρον,
1580 2494 1673 2529 Sponsi
1684 2495 1757 2521 enim
1768 2496 1834 2530 mei,

1042 2529 1135 2564 inquit,
1153 2529 1259 2555 adorent
1274 2528 1372 2555 nardus
1387 2537 1453 2562 mea,
1470 2528 1524 2564 qua
1537 2529 1613 2556 illum
1627 2537 1765 2564 unxerunt,
1783 2528 1833 2557 de;

1042 2562 1244 2606 tlit.”S'ua_enim
1268 2562 1516 2606 nord'operungéns
1540 2564 1617 2606 pedes
1641 2563 1724 2597 Iesu,
1752 2562 1834 2606 atque

1041 2598 1145 2634 rupillt’s
1161 2603 1271 2632 tergens,
1288 2598 1415 2624 imbutam
1427 2598 1516 2633 sponsi
1532 2599 1609 2626 odore
1628 2607 1685 2625 eam
1708 2598 1807 2634 recepit
1822 2607 1833 2628 :

1041 2633 1116 2667 cujus
1130 2640 1206 2659 sensit
1223 2637 1323 2668 recepto
1336 2633 1370 2659 ad
1381 2638 1459 2668 caput
1473 2634 1632 2666 emltalantis,
1644 2634 1745 2661 nardus
1760 2633 1834 2666 nica.

1041 2668 1137 2704 inquit,
1152 2668 1241 2701 sponsi
1252 2668 1358 2704 adorent
1375 2668 1467 2696 dedit:
1481 2675 1639 2704 quapropter
1652 2674 1783 2702 tanquam
1798 2676 1833 2697 at

1040 2702 1104 2729 Iesu
1119 2707 1175 2729 cute
1189 2707 1328 2739 contracta
1339 2702 1491 2738 fragrantia
1504 2702 1586 2730 totum
1598 2709 1704 2736 (tantum
1721 2704 1831 2739 repleuit

1040 2742 1200 2772 unguentum
1214 2737 1362 2772 discipula'.
