  <div class='ocr_page' id='page_1' title='image "/cluster/home/n/w/nwhite01/storage/ocr_20150623/13/njp.32101077772430/095.png"; bbox 0 0 1892 3050; ppageno 0'>
   <div class='ocr_carea' id='block_1_1' title="bbox 153 111 203 139">
    <p class='ocr_par' dir='ltr' id='par_1_1' title="bbox 153 111 203 139">
     <span class='ocr_line' id='line_1_1' title="bbox 153 111 203 139; baseline -0.04 0"><span class='ocrx_word' id='word_1_1' title='bbox 153 111 203 139; x_wconf 68' lang='grc'><strong>12⁸1</strong></span> 
     </span>
    </p>
   </div>
   <div class='ocr_carea' id='block_1_2' title="bbox 685 104 1254 136">
    <p class='ocr_par' dir='ltr' id='par_1_2' title="bbox 685 104 1254 136">
     <span class='ocr_line' id='line_1_2' title="bbox 685 104 1254 136; baseline -0.007 0"><span class='ocrx_word' id='word_1_2' title='bbox 685 107 848 136; x_wconf 80' lang='lat' dir='ltr'><strong>ORIGENIS</strong></span> <span class='ocrx_word' id='word_1_3' title='bbox 868 105 901 133; x_wconf 88' lang='lat' dir='ltr'><strong>IN</strong></span> <span class='ocrx_word' id='word_1_4' title='bbox 920 104 1098 134; x_wconf 83' lang='lat' dir='ltr'><strong>CANTICUM</strong></span> <span class='ocrx_word' id='word_1_5' title='bbox 1117 104 1254 133; x_wconf 78' lang='lat' dir='ltr'><strong>CANTIC.</strong></span> 
     </span>
    </p>
   </div>
   <div class='ocr_carea' id='block_1_3' title="bbox 1732 103 1782 132">
    <p class='ocr_par' dir='ltr' id='par_1_3' title="bbox 1732 103 1782 132">
     <span class='ocr_line' id='line_1_3' title="bbox 1732 103 1782 132; baseline 0.02 -2"><span class='ocrx_word' id='word_1_6' title='bbox 1732 103 1782 132; x_wconf 65' lang='lat'><strong>£28</strong></span> 
     </span>
    </p>
   </div>
   <div class='ocr_carea' id='block_1_4' title="bbox 153 165 1782 205">
    <p class='ocr_par' dir='ltr' id='par_1_4' title="bbox 153 165 1782 205">
     <span class='ocr_line' id='line_1_4' title="bbox 153 165 1782 205; baseline -0.002 -9"><span class='ocrx_word' id='word_1_7' title='bbox 153 170 199 197; x_wconf 83' lang='lat' dir='ltr'><strong>alii</strong></span> <span class='ocrx_word' id='word_1_8' title='bbox 215 176 279 197; x_wconf 82' lang='lat' dir='ltr'><strong>vero</strong></span> <span class='ocrx_word' id='word_1_9' title='bbox 294 177 348 197; x_wconf 90' lang='lat' dir='ltr'><strong>non</strong></span> <span class='ocrx_word' id='word_1_10' title='bbox 364 169 498 205; x_wconf 90' lang='lat' dir='ltr'><strong>ejusdem,</strong></span> <span class='ocrx_word' id='word_1_11' title='bbox 515 170 561 198; x_wconf 83' lang='lat' dir='ltr'><strong>sed</strong></span> <span class='ocrx_word' id='word_1_12' title='bbox 578 169 680 198; x_wconf 82' lang='lat' dir='ltr'><strong>diversi</strong></span> <span class='ocrx_word' id='word_1_13' title='bbox 703 170 739 196; x_wconf 91' lang='lat' dir='ltr'><strong>ab</strong></span> <span class='ocrx_word' id='word_1_14' title='bbox 768 176 810 201; x_wconf 87' lang='lat' dir='ltr'><strong>ea,</strong></span> <span class='ocrx_word' id='word_1_15' title='bbox 824 168 849 195; x_wconf 93' lang='lat' dir='ltr'><strong>id</strong></span> <span class='ocrx_word' id='word_1_16' title='bbox 866 171 908 195; x_wconf 91' lang='lat' dir='ltr'><strong>cst</strong></span> <span class='ocrx_word' id='word_1_17' title='bbox 921 168 942 195; x_wconf 83' lang='lat' dir='ltr'><strong>si</strong></span> <span class='ocrx_word' id='word_1_18' title='bbox 958 170 980 197; x_wconf 75' lang='grc' dir='ltr'><strong>Α</strong></span> <span class='ocrx_word' id='word_1_19' title='bbox 996 174 1058 193; x_wconf 91' lang='lat' dir='ltr'><strong>mus</strong></span> <span class='ocrx_word' id='word_1_20' title='bbox 1069 166 1141 200; x_wconf 90' lang='lat' dir='ltr'><strong>quod</strong></span> <span class='ocrx_word' id='word_1_21' title='bbox 1158 168 1285 193; x_wconf 86' lang='lat' dir='ltr'><strong>naturam</strong></span> <span class='ocrx_word' id='word_1_22' title='bbox 1293 165 1528 201; x_wconf 83' lang='lat' dir='ltr'><strong>substantiamque</strong></span> <span class='ocrx_word' id='word_1_23' title='bbox 1544 173 1620 193; x_wconf 81' lang='lat' dir='ltr'><strong>suam</strong></span> <span class='ocrx_word' id='word_1_24' title='bbox 1633 172 1782 201; x_wconf 80' lang='lat' dir='ltr'><strong>agnoscere</strong></span> 
     </span>
    </p>
   </div>
   <div class='ocr_carea' id='block_1_5' title="bbox 153 214 939 251">
    <p class='ocr_par' dir='ltr' id='par_1_5' title="bbox 153 214 939 251">
     <span class='ocr_line' id='line_1_5' title="bbox 153 214 939 251; baseline -0.004 -8"><span class='ocrx_word' id='word_1_25' title='bbox 153 221 219 243; x_wconf 86' lang='lat' dir='ltr'><strong>sunt</strong></span> <span class='ocrx_word' id='word_1_26' title='bbox 232 221 258 243; x_wconf 92' lang='lat' dir='ltr'><strong>et</strong></span> <span class='ocrx_word' id='word_1_27' title='bbox 275 216 320 243; x_wconf 91' lang='lat' dir='ltr'><strong>alii</strong></span> <span class='ocrx_word' id='word_1_28' title='bbox 334 217 447 251; x_wconf 72' lang='lat' dir='ltr'><strong>spiritus</strong></span> <span class='ocrx_word' id='word_1_29' title='bbox 475 217 654 244; x_wconf 72' lang='lat' dir='ltr'><strong>rationabiles</strong></span> <span class='ocrx_word' id='word_1_30' title='bbox 667 220 697 242; x_wconf 91' lang='lat' dir='ltr'><strong>nt</strong></span> <span class='ocrx_word' id='word_1_31' title='bbox 712 216 770 250; x_wconf 87' lang='lat' dir='ltr'><strong>ipsa</strong></span> <span class='ocrx_word' id='word_1_32' title='bbox 784 219 835 246; x_wconf 83' lang='lat' dir='ltr'><strong>est,</strong></span> <span class='ocrx_word' id='word_1_33' title='bbox 854 219 881 241; x_wconf 90' lang='lat' dir='ltr'><strong>et</strong></span> <span class='ocrx_word' id='word_1_34' title='bbox 894 214 939 240; x_wconf 88' lang='lat' dir='ltr'><strong>alii</strong></span> 
     </span>
    </p>
   </div>
   <div class='ocr_carea' id='block_1_6' title="bbox 154 261 942 295">
    <p class='ocr_par' dir='ltr' id='par_1_6' title="bbox 154 261 942 295">
     <span class='ocr_line' id='line_1_6' title="bbox 154 261 942 295; baseline -0.004 -6"><span class='ocrx_word' id='word_1_35' title='bbox 154 267 279 289; x_wconf 90' lang='lat' dir='ltr'><strong>carentes</strong></span> <span class='ocrx_word' id='word_1_36' title='bbox 296 263 418 294; x_wconf 87' lang='lat' dir='ltr'><strong>ratione;</strong></span> <span class='ocrx_word' id='word_1_37' title='bbox 434 266 460 289; x_wconf 91' lang='lat' dir='ltr'><strong>et</strong></span> <span class='ocrx_word' id='word_1_38' title='bbox 485 262 508 290; x_wconf 90' lang='lat' dir='ltr'><strong>si</strong></span> <span class='ocrx_word' id='word_1_39' title='bbox 523 262 618 289; x_wconf 83' lang='lat' dir='ltr'><strong>eadem</strong></span> <span class='ocrx_word' id='word_1_40' title='bbox 632 265 673 288; x_wconf 85' lang='lat' dir='ltr'><strong>est</strong></span> <span class='ocrx_word' id='word_1_41' title='bbox 689 261 774 295; x_wconf 87' lang='lat' dir='ltr'><strong>ipsius</strong></span> <span class='ocrx_word' id='word_1_42' title='bbox 784 268 844 294; x_wconf 62' lang='lat' dir='ltr'><strong>quae</strong></span> <span class='ocrx_word' id='word_1_43' title='bbox 855 265 882 287; x_wconf 85' lang='lat' dir='ltr'><strong>et</strong></span> <span class='ocrx_word' id='word_1_44' title='bbox 894 269 942 286; x_wconf 89' lang='lat' dir='ltr'><strong>an-</strong></span> 
     </span>
    </p>
   </div>
   <div class='ocr_carea' id='block_1_7' title="bbox 154 305 943 342">
    <p class='ocr_par' dir='ltr' id='par_1_7' title="bbox 154 305 943 342">
     <span class='ocr_line' id='line_1_7' title="bbox 154 305 943 342; baseline -0.004 -8"><span class='ocrx_word' id='word_1_45' title='bbox 154 307 277 342; x_wconf 84' lang='lat' dir='ltr'><strong>gelorum</strong></span> <span class='ocrx_word' id='word_1_46' title='bbox 291 307 454 340; x_wconf 89' lang='lat' dir='ltr'><strong>substantia,</strong></span> <span class='ocrx_word' id='word_1_47' title='bbox 472 307 601 341; x_wconf 84' lang='lat' dir='ltr'><strong>quoniam</strong></span> <span class='ocrx_word' id='word_1_48' title='bbox 617 305 780 334; x_wconf 89' lang='lat' dir='ltr'><strong>rationabile</strong></span> <span class='ocrx_word' id='word_1_49' title='bbox 793 313 810 332; x_wconf 87' lang='lat' dir='ltr'><strong>a</strong></span> <span class='ocrx_word' id='word_1_50' title='bbox 825 305 943 332; x_wconf 87' lang='lat' dir='ltr'><strong>rationa-</strong></span> 
     </span>
    </p>
   </div>
   <div class='ocr_carea' id='block_1_8' title="bbox 155 351 943 387">
    <p class='ocr_par' dir='ltr' id='par_1_8' title="bbox 155 351 943 387">
     <span class='ocr_line' id='line_1_8' title="bbox 155 351 943 387; baseline -0.003 -8"><span class='ocrx_word' id='word_1_51' title='bbox 155 353 203 379; x_wconf 89' lang='lat' dir='ltr'><strong>bili</strong></span> <span class='ocrx_word' id='word_1_52' title='bbox 231 360 402 387; x_wconf 86' lang='lat' dir='ltr'><strong>nequaquam</strong></span> <span class='ocrx_word' id='word_1_53' title='bbox 430 352 538 380; x_wconf 72' lang='lat' dir='ltr'><strong>differre</strong></span> <span class='ocrx_word' id='word_1_54' title='bbox 564 352 692 379; x_wconf 91' lang='lat' dir='ltr'><strong>creditur.</strong></span> <span class='ocrx_word' id='word_1_55' title='bbox 715 351 769 377; x_wconf 82' lang='lat' dir='ltr'><strong>Aut</strong></span> <span class='ocrx_word' id='word_1_56' title='bbox 781 351 805 378; x_wconf 88' lang='lat' dir='ltr'><strong>si</strong></span> <span class='ocrx_word' id='word_1_57' title='bbox 822 358 877 378; x_wconf 92' lang='lat' dir='ltr'><strong>non</strong></span> <span class='ocrx_word' id='word_1_58' title='bbox 901 355 943 378; x_wconf 81' lang='lat' dir='ltr'><strong>est</strong></span> 
     </span>
    </p>
   </div>
   <div class='ocr_carea' id='block_1_9' title="bbox 155 395 944 431">
    <p class='ocr_par' dir='ltr' id='par_1_9' title="bbox 155 395 944 431">
     <span class='ocr_line' id='line_1_9' title="bbox 155 395 944 431; baseline 0 -9"><span class='ocrx_word' id='word_1_59' title='bbox 155 396 266 430; x_wconf 79' lang='lat' dir='ltr'><strong>quidem</strong></span> <span class='ocrx_word' id='word_1_60' title='bbox 283 397 345 424; x_wconf 90' lang='lat' dir='ltr'><strong>talis</strong></span> <span class='ocrx_word' id='word_1_61' title='bbox 361 405 409 431; x_wconf 91' lang='lat' dir='ltr'><strong>per</strong></span> <span class='ocrx_word' id='word_1_62' title='bbox 419 396 612 427; x_wconf 87' lang='lat' dir='ltr'><strong>substantiam,</strong></span> <span class='ocrx_word' id='word_1_63' title='bbox 625 396 670 423; x_wconf 93' lang='lat' dir='ltr'><strong>sed</strong></span> <span class='ocrx_word' id='word_1_64' title='bbox 683 396 735 422; x_wconf 89' lang='lat' dir='ltr'><strong>erit</strong></span> <span class='ocrx_word' id='word_1_65' title='bbox 749 395 813 423; x_wconf 89' lang='lat' dir='ltr'><strong>talis</strong></span> <span class='ocrx_word' id='word_1_66' title='bbox 824 404 872 430; x_wconf 91' lang='lat' dir='ltr'><strong>per</strong></span> <span class='ocrx_word' id='word_1_67' title='bbox 885 403 944 431; x_wconf 81' lang='lat' dir='ltr'><strong>gra-</strong></span> 
     </span>
    </p>
   </div>
   <div class='ocr_carea' id='block_1_10' title="bbox 156 441 943 476">
    <p class='ocr_par' dir='ltr' id='par_1_10' title="bbox 156 441 943 476">
     <span class='ocr_line' id='line_1_10' title="bbox 156 441 943 476; baseline -0.001 -7"><span class='ocrx_word' id='word_1_68' title='bbox 156 442 232 475; x_wconf 89' lang='lat' dir='ltr'><strong>tiam,</strong></span> <span class='ocrx_word' id='word_1_69' title='bbox 257 442 281 469; x_wconf 90' lang='lat' dir='ltr'><strong>si</strong></span> <span class='ocrx_word' id='word_1_70' title='bbox 310 443 458 475; x_wconf 82' lang='lat' dir='ltr'><strong>meruerit;</strong></span> <span class='ocrx_word' id='word_1_71' title='bbox 484 449 574 469; x_wconf 88' lang='lat' dir='ltr'><strong>annon</strong></span> <span class='ocrx_word' id='word_1_72' title='bbox 596 441 682 476; x_wconf 86' lang='lat' dir='ltr'><strong>possit</strong></span> <span class='ocrx_word' id='word_1_73' title='bbox 706 442 820 468; x_wconf 91' lang='lat' dir='ltr'><strong>omnino</strong></span> <span class='ocrx_word' id='word_1_74' title='bbox 845 442 943 469; x_wconf 87' lang='lat' dir='ltr'><strong>similis</strong></span> 
     </span>
    </p>
   </div>
   <div class='ocr_carea' id='block_1_11' title="bbox 154 486 943 521">
    <p class='ocr_par' dir='ltr' id='par_1_11' title="bbox 154 486 943 521">
     <span class='ocr_line' id='line_1_11' title="bbox 154 486 943 521; baseline -0.001 -8"><span class='ocrx_word' id='word_1_75' title='bbox 154 486 222 513; x_wconf 81' lang='lat' dir='ltr'><strong>etliei</strong></span> <span class='ocrx_word' id='word_1_76' title='bbox 238 487 351 521; x_wconf 75' lang='lat' dir='ltr'><strong>angelis,</strong></span> <span class='ocrx_word' id='word_1_77' title='bbox 366 487 418 514; x_wconf 84' lang='lat' dir='ltr'><strong>nisi</strong></span> <span class='ocrx_word' id='word_1_78' title='bbox 430 487 481 514; x_wconf 92' lang='lat' dir='ltr'><strong>hoc</strong></span> <span class='ocrx_word' id='word_1_79' title='bbox 496 493 599 514; x_wconf 75' lang='lat' dir='ltr'><strong>naturze</strong></span> <span class='ocrx_word' id='word_1_80' title='bbox 610 494 667 513; x_wconf 70' lang='lat' dir='ltr'><strong>sua:</strong></span> <span class='ocrx_word' id='word_1_81' title='bbox 679 486 797 521; x_wconf 81' lang='lat' dir='ltr'><strong>qualitas</strong></span> <span class='ocrx_word' id='word_1_82' title='bbox 809 491 856 514; x_wconf 87' lang='lat' dir='ltr'><strong>aut</strong></span> <span class='ocrx_word' id='word_1_83' title='bbox 866 487 943 514; x_wconf 81' lang='lat' dir='ltr'><strong>sitni-</strong></span> 
     </span>
    </p>
   </div>
   <div class='ocr_carea' id='block_1_12' title="bbox 156 531 943 567">
    <p class='ocr_par' dir='ltr' id='par_1_12' title="bbox 156 531 943 567">
     <span class='ocr_line' id='line_1_12' title="bbox 156 531 943 567; baseline 0.001 -9"><span class='ocrx_word' id='word_1_84' title='bbox 156 532 244 559; x_wconf 93' lang='lat' dir='ltr'><strong>litudo</strong></span> <span class='ocrx_word' id='word_1_85' title='bbox 269 532 409 567; x_wconf 81' lang='lat' dir='ltr'><strong>receperit.</strong></span> <span class='ocrx_word' id='word_1_86' title='bbox 436 531 521 559; x_wconf 83' lang='lat' dir='ltr'><strong>Reddi</strong></span> <span class='ocrx_word' id='word_1_87' title='bbox 535 532 607 559; x_wconf 92' lang='lat' dir='ltr'><strong>enim</strong></span> <span class='ocrx_word' id='word_1_88' title='bbox 627 539 708 566; x_wconf 82' lang='lat' dir='ltr'><strong>posse</strong></span> <span class='ocrx_word' id='word_1_89' title='bbox 720 532 856 559; x_wconf 83' lang='lat' dir='ltr'><strong>videbitur</strong></span> <span class='ocrx_word' id='word_1_90' title='bbox 868 531 943 566; x_wconf 88' lang='lat' dir='ltr'><strong>quod</strong></span> 
     </span>
    </p>
   </div>
   <div class='ocr_carea' id='block_1_13' title="bbox 155 576 944 611">
    <p class='ocr_par' dir='ltr' id='par_1_13' title="bbox 155 576 944 611">
     <span class='ocr_line' id='line_1_13' title="bbox 155 576 944 611; baseline -0.001 -7"><span class='ocrx_word' id='word_1_91' title='bbox 155 577 288 605; x_wconf 85' lang='lat' dir='ltr'><strong>amissum</strong></span> <span class='ocrx_word' id='word_1_92' title='bbox 303 581 354 610; x_wconf 87' lang='lat' dir='ltr'><strong>est,</strong></span> <span class='ocrx_word' id='word_1_93' title='bbox 372 585 425 604; x_wconf 89' lang='lat' dir='ltr'><strong>non</strong></span> <span class='ocrx_word' id='word_1_94' title='bbox 442 581 530 604; x_wconf 87' lang='lat' dir='ltr'><strong>tamen</strong></span> <span class='ocrx_word' id='word_1_95' title='bbox 543 576 660 604; x_wconf 86' lang='lat' dir='ltr'><strong>conferri</strong></span> <span class='ocrx_word' id='word_1_96' title='bbox 686 577 713 604; x_wconf 88' lang='lat' dir='ltr'><strong>id</strong></span> <span class='ocrx_word' id='word_1_97' title='bbox 730 577 804 611; x_wconf 91' lang='lat' dir='ltr'><strong>quod</strong></span> <span class='ocrx_word' id='word_1_98' title='bbox 819 584 852 604; x_wconf 80' lang='lat' dir='ltr'><strong>ex</strong></span> <span class='ocrx_word' id='word_1_99' title='bbox 865 577 944 604; x_wconf 93' lang='lat' dir='ltr'><strong>initio</strong></span> 
     </span>
    </p>
   </div>
   <div class='ocr_carea' id='block_1_14' title="bbox 157 622 944 650">
    <p class='ocr_par' dir='ltr' id='par_1_14' title="bbox 157 622 944 650">
     <span class='ocr_line' id='line_1_14' title="bbox 157 622 944 650; baseline 0 0"><span class='ocrx_word' id='word_1_100' title='bbox 157 622 284 650; x_wconf 85' lang='lat' dir='ltr'><strong>cenditor</strong></span> <span class='ocrx_word' id='word_1_101' title='bbox 310 630 364 649; x_wconf 87' lang='lat' dir='ltr'><strong>non</strong></span> <span class='ocrx_word' id='word_1_102' title='bbox 390 622 503 649; x_wconf 84' lang='lat' dir='ltr'><strong>dederit.</strong></span> <span class='ocrx_word' id='word_1_103' title='bbox 529 622 582 650; x_wconf 90' lang='lat' dir='ltr'><strong>Sed</strong></span> <span class='ocrx_word' id='word_1_104' title='bbox 609 627 636 650; x_wconf 87' lang='lat' dir='ltr'><strong>et</strong></span> <span class='ocrx_word' id='word_1_105' title='bbox 659 623 711 650; x_wconf 91' lang='lat' dir='ltr'><strong>hoc</strong></span> <span class='ocrx_word' id='word_1_106' title='bbox 735 623 825 650; x_wconf 86' lang='lat' dir='ltr'><strong>adhuc</strong></span> <span class='ocrx_word' id='word_1_107' title='bbox 849 623 882 649; x_wconf 90' lang='lat' dir='ltr'><strong>ad</strong></span> <span class='ocrx_word' id='word_1_108' title='bbox 896 630 944 650; x_wconf 90' lang='lat' dir='ltr'><strong>co-</strong></span> 
     </span>
    </p>
   </div>
   <div class='ocr_carea' id='block_1_15' title="bbox 156 668 945 703">
    <p class='ocr_par' dir='ltr' id='par_1_15' title="bbox 156 668 945 703">
     <span class='ocr_line' id='line_1_15' title="bbox 156 668 945 703; baseline 0.003 -9"><span class='ocrx_word' id='word_1_109' title='bbox 156 668 337 702; x_wconf 87' lang='lat' dir='ltr'><strong>gnosccndam</strong></span> <span class='ocrx_word' id='word_1_110' title='bbox 369 668 542 702; x_wconf 89' lang='lat' dir='ltr'><strong>semetipsam</strong></span> <span class='ocrx_word' id='word_1_111' title='bbox 573 669 664 695; x_wconf 86' lang='lat' dir='ltr'><strong>anima</strong></span> <span class='ocrx_word' id='word_1_112' title='bbox 681 669 802 703; x_wconf 85' lang='lat' dir='ltr'><strong>requirat</strong></span> <span class='ocrx_word' id='word_1_113' title='bbox 819 669 843 696; x_wconf 96' lang='lat' dir='ltr'><strong>si</strong></span> <span class='ocrx_word' id='word_1_114' title='bbox 858 669 945 696; x_wconf 89' lang='lat' dir='ltr'><strong>virtus</strong></span> 
     </span>
    </p>
   </div>
   <div class='ocr_carea' id='block_1_16' title="bbox 155 713 946 748">
    <p class='ocr_par' dir='ltr' id='par_1_16' title="bbox 155 713 946 748">
     <span class='ocr_line' id='line_1_16' title="bbox 155 713 946 748; baseline 0.001 -8"><span class='ocrx_word' id='word_1_115' title='bbox 155 714 253 740; x_wconf 73' lang='lat' dir='ltr'><strong>anima:</strong></span> <span class='ocrx_word' id='word_1_116' title='bbox 267 713 327 747; x_wconf 87' lang='lat' dir='ltr'><strong>ejus</strong></span> <span class='ocrx_word' id='word_1_117' title='bbox 341 714 471 741; x_wconf 87' lang='lat' dir='ltr'><strong>accedere</strong></span> <span class='ocrx_word' id='word_1_118' title='bbox 485 718 575 748; x_wconf 85' lang='lat' dir='ltr'><strong>potest</strong></span> <span class='ocrx_word' id='word_1_119' title='bbox 588 718 614 741; x_wconf 88' lang='lat' dir='ltr'><strong>et</strong></span> <span class='ocrx_word' id='word_1_120' title='bbox 626 714 766 741; x_wconf 81' lang='lat' dir='ltr'><strong>decedere.</strong></span> <span class='ocrx_word' id='word_1_121' title='bbox 780 714 820 741; x_wconf 86' lang='lat' dir='ltr'><strong>An</strong></span> <span class='ocrx_word' id='word_1_122' title='bbox 836 719 878 742; x_wconf 91' lang='lat' dir='ltr'><strong>est</strong></span> <span class='ocrx_word' id='word_1_123' title='bbox 894 714 946 741; x_wconf 88' lang='lat' dir='ltr'><strong>im-</strong></span> 
     </span>
    </p>
   </div>
   <div class='ocr_carea' id='block_1_17' title="bbox 155 758 946 793">
    <p class='ocr_par' dir='ltr' id='par_1_17' title="bbox 155 758 946 793">
     <span class='ocr_line' id='line_1_17' title="bbox 155 758 946 793; baseline 0.005 -9"><span class='ocrx_word' id='word_1_124' title='bbox 155 758 306 790; x_wconf 80' lang='lat' dir='ltr'><strong>mutabilis,</strong></span> <span class='ocrx_word' id='word_1_125' title='bbox 329 766 363 785; x_wconf 93' lang='lat' dir='ltr'><strong>an</strong></span> <span class='ocrx_word' id='word_1_126' title='bbox 380 759 515 793; x_wconf 79' lang='lat' dir='ltr'><strong>acquisita</strong></span> <span class='ocrx_word' id='word_1_127' title='bbox 535 759 618 786; x_wconf 88' lang='lat' dir='ltr'><strong>semel</strong></span> <span class='ocrx_word' id='word_1_128' title='bbox 635 760 706 787; x_wconf 88' lang='lat' dir='ltr'><strong>ultra</strong></span> <span class='ocrx_word' id='word_1_129' title='bbox 729 767 784 787; x_wconf 91' lang='lat' dir='ltr'><strong>non</strong></span> <span class='ocrx_word' id='word_1_130' title='bbox 799 759 902 788; x_wconf 82' lang='lat' dir='ltr'><strong>deﬂuit.</strong></span> <span class='ocrx_word' id='word_1_131' title='bbox 913 760 946 788; x_wconf 83' lang='grc' dir='ltr'>Ει</span> 
     </span>
    </p>
   </div>
   <div class='ocr_carea' id='block_1_18' title="bbox 155 803 945 841">
    <p class='ocr_par' dir='ltr' id='par_1_18' title="bbox 155 803 945 841">
     <span class='ocr_line' id='line_1_18' title="bbox 155 803 945 841; baseline 0.006 -11"><span class='ocrx_word' id='word_1_132' title='bbox 155 803 220 838; x_wconf 92' lang='lat' dir='ltr'><strong>quid</strong></span> <span class='ocrx_word' id='word_1_133' title='bbox 236 812 304 838; x_wconf 87' lang='lat' dir='ltr'><strong>opus</strong></span> <span class='ocrx_word' id='word_1_134' title='bbox 318 808 361 832; x_wconf 87' lang='lat' dir='ltr'><strong>est</strong></span> <span class='ocrx_word' id='word_1_135' title='bbox 375 805 451 839; x_wconf 82' lang='lat' dir='ltr'><strong>plura</strong></span> <span class='ocrx_word' id='word_1_136' title='bbox 464 812 690 838; x_wconf 86' lang='lat' dir='ltr'><strong>commemorare,</strong></span> <span class='ocrx_word' id='word_1_137' title='bbox 716 806 816 841; x_wconf 88' lang='lat' dir='ltr'><strong>quibus</strong></span> <span class='ocrx_word' id='word_1_138' title='bbox 829 814 862 834; x_wconf 81' lang='lat' dir='ltr'><strong>ex</strong></span> <span class='ocrx_word' id='word_1_139' title='bbox 877 814 945 834; x_wconf 87' lang='lat' dir='ltr'><strong>cau-</strong></span> 
     </span>
    </p>
   </div>
   <div class='ocr_carea' id='block_1_19' title="bbox 993 211 1782 246">
    <p class='ocr_par' dir='ltr' id='par_1_19' title="bbox 993 211 1782 246">
     <span class='ocr_line' id='line_1_19' title="bbox 993 211 1782 246; baseline 0 -8"><span class='ocrx_word' id='word_1_140' title='bbox 993 211 1099 243; x_wconf 89' lang='lat' dir='ltr'><strong>deheat,</strong></span> <span class='ocrx_word' id='word_1_141' title='bbox 1109 215 1135 238; x_wconf 90' lang='lat' dir='ltr'><strong>et</strong></span> <span class='ocrx_word' id='word_1_142' title='bbox 1148 215 1249 238; x_wconf 89' lang='lat' dir='ltr'><strong>statum</strong></span> <span class='ocrx_word' id='word_1_143' title='bbox 1263 211 1305 238; x_wconf 89' lang='lat' dir='ltr'><strong>vel</strong></span> <span class='ocrx_word' id='word_1_144' title='bbox 1325 212 1352 238; x_wconf 93' lang='lat' dir='ltr'><strong>in</strong></span> <span class='ocrx_word' id='word_1_145' title='bbox 1368 219 1422 246; x_wconf 89' lang='lat' dir='ltr'><strong>quo</strong></span> <span class='ocrx_word' id='word_1_146' title='bbox 1434 211 1516 238; x_wconf 84' lang='lat' dir='ltr'><strong>fuerit</strong></span> <span class='ocrx_word' id='word_1_147' title='bbox 1528 232 1535 244; x_wconf 91' lang='lat'><strong>,</strong></span> <span class='ocrx_word' id='word_1_148' title='bbox 1551 211 1592 238; x_wconf 90' lang='lat' dir='ltr'><strong>vel</strong></span> <span class='ocrx_word' id='word_1_149' title='bbox 1610 212 1637 238; x_wconf 90' lang='lat' dir='ltr'><strong>in</strong></span> <span class='ocrx_word' id='word_1_150' title='bbox 1649 219 1706 246; x_wconf 88' lang='lat' dir='ltr'><strong>quo</strong></span> <span class='ocrx_word' id='word_1_151' title='bbox 1720 211 1782 243; x_wconf 87' lang='lat' dir='ltr'><strong>erit,</strong></span> 
     </span>
    </p>
   </div>
   <div class='ocr_carea' id='block_1_20' title="bbox 993 256 1782 291">
    <p class='ocr_par' dir='ltr' id='par_1_20' title="bbox 993 256 1782 291">
     <span class='ocr_line' id='line_1_20' title="bbox 993 256 1782 291; baseline 0.003 -9"><span class='ocrx_word' id='word_1_152' title='bbox 993 264 1074 291; x_wconf 86' lang='lat' dir='ltr'><strong>grave</strong></span> <span class='ocrx_word' id='word_1_153' title='bbox 1091 257 1228 284; x_wconf 84' lang='lat' dir='ltr'><strong>credetur.</strong></span> <span class='ocrx_word' id='word_1_154' title='bbox 1247 256 1313 289; x_wconf 81' lang='lat' dir='ltr'><strong>Quae</strong></span> <span class='ocrx_word' id='word_1_155' title='bbox 1327 258 1399 284; x_wconf 90' lang='lat' dir='ltr'><strong>enim</strong></span> <span class='ocrx_word' id='word_1_156' title='bbox 1417 258 1496 285; x_wconf 83' lang='lat' dir='ltr'><strong>facile</strong></span> <span class='ocrx_word' id='word_1_157' title='bbox 1515 258 1577 285; x_wconf 84' lang='lat' dir='ltr'><strong>talis</strong></span> <span class='ocrx_word' id='word_1_158' title='bbox 1598 259 1690 285; x_wconf 87' lang='lat' dir='ltr'><strong>anima</strong></span> <span class='ocrx_word' id='word_1_159' title='bbox 1708 258 1782 284; x_wconf 90' lang='lat' dir='ltr'><strong>inve-</strong></span> 
     </span>
    </p>
   </div>
   <div class='ocr_carea' id='block_1_21' title="bbox 994 302 1783 339">
    <p class='ocr_par' dir='ltr' id='par_1_21' title="bbox 994 302 1783 339">
     <span class='ocr_line' id='line_1_21' title="bbox 994 302 1783 339; baseline 0.003 -11"><span class='ocrx_word' id='word_1_160' title='bbox 994 302 1095 333; x_wconf 86' lang='lat' dir='ltr'><strong>nietur,</strong></span> <span class='ocrx_word' id='word_1_161' title='bbox 1119 302 1155 329; x_wconf 91' lang='lat' dir='ltr'><strong>ita</strong></span> <span class='ocrx_word' id='word_1_162' title='bbox 1177 302 1307 337; x_wconf 82' lang='lat' dir='ltr'><strong>perfecta,</strong></span> <span class='ocrx_word' id='word_1_163' title='bbox 1321 303 1358 330; x_wconf 88' lang='lat' dir='ltr'><strong>ita</strong></span> <span class='ocrx_word' id='word_1_164' title='bbox 1375 308 1538 339; x_wconf 80' lang='lat' dir='ltr'><strong>praepotens,</strong></span> <span class='ocrx_word' id='word_1_165' title='bbox 1551 304 1595 331; x_wconf 91' lang='lat' dir='ltr'><strong>cui</strong></span> <span class='ocrx_word' id='word_1_166' title='bbox 1610 304 1709 330; x_wconf 90' lang='lat' dir='ltr'><strong>horum</strong></span> <span class='ocrx_word' id='word_1_167' title='bbox 1724 311 1783 330; x_wconf 86' lang='lat' dir='ltr'><strong>om-</strong></span> 
     </span>
    </p>
   </div>
   <div class='ocr_carea' id='block_1_22' title="bbox 994 347 1784 384">
    <p class='ocr_par' dir='ltr' id='par_1_22' title="bbox 994 347 1784 384">
     <span class='ocr_line' id='line_1_22' title="bbox 994 347 1784 384; baseline 0.003 -10"><span class='ocrx_word' id='word_1_168' title='bbox 994 347 1072 374; x_wconf 90' lang='lat' dir='ltr'><strong>nium</strong></span> <span class='ocrx_word' id='word_1_169' title='bbox 1093 348 1162 376; x_wconf 88' lang='lat' dir='ltr'><strong>ratio</strong></span> <span class='ocrx_word' id='word_1_170' title='bbox 1180 353 1207 375; x_wconf 92' lang='lat' dir='ltr'><strong>et</strong></span> <span class='ocrx_word' id='word_1_171' title='bbox 1222 348 1399 384; x_wconf 80' lang='lat' dir='ltr'><strong>intelligentia</strong></span> <span class='ocrx_word' id='word_1_172' title='bbox 1417 350 1527 384; x_wconf 83' lang='lat' dir='ltr'><strong>pateat?</strong></span> <span class='ocrx_word' id='word_1_173' title='bbox 1546 350 1585 377; x_wconf 82' lang='lat' dir='ltr'><strong>Ad</strong></span> <span class='ocrx_word' id='word_1_174' title='bbox 1603 350 1654 377; x_wconf 88' lang='lat' dir='ltr'><strong>hoc</strong></span> <span class='ocrx_word' id='word_1_175' title='bbox 1668 357 1784 384; x_wconf 87' lang='lat' dir='ltr'><strong>respon-</strong></span> 
     </span>
    </p>
   </div>
   <div class='ocr_carea' id='block_1_23' title="bbox 995 393 1783 431">
    <p class='ocr_par' dir='ltr' id='par_1_23' title="bbox 995 393 1783 431">
     <span class='ocr_line' id='line_1_23' title="bbox 995 393 1783 431; baseline 0 -10"><span class='ocrx_word' id='word_1_176' title='bbox 995 393 1132 426; x_wconf 85' lang='lat' dir='ltr'><strong>debimus,</strong></span> <span class='ocrx_word' id='word_1_177' title='bbox 1153 395 1283 429; x_wconf 89' lang='lat' dir='ltr'><strong>quoniam</strong></span> <span class='ocrx_word' id='word_1_178' title='bbox 1301 403 1393 423; x_wconf 85' lang='lat' dir='ltr'><strong>sermo</strong></span> <span class='ocrx_word' id='word_1_179' title='bbox 1408 396 1455 431; x_wconf 88' lang='lat' dir='ltr'><strong>qui</strong></span> <span class='ocrx_word' id='word_1_180' title='bbox 1467 396 1582 423; x_wconf 86' lang='lat' dir='ltr'><strong>habetur</strong></span> <span class='ocrx_word' id='word_1_181' title='bbox 1599 395 1626 422; x_wconf 94' lang='lat' dir='ltr'><strong>in</strong></span> <span class='ocrx_word' id='word_1_182' title='bbox 1644 396 1783 427; x_wconf 87' lang='lat' dir='ltr'><strong>manibus,</strong></span> 
     </span>
    </p>
   </div>
   <div class='ocr_carea' id='block_1_24' title="bbox 994 440 1786 476">
    <p class='ocr_par' dir='ltr' id='par_1_24' title="bbox 994 440 1786 476">
     <span class='ocr_line' id='line_1_24' title="bbox 994 440 1786 476; baseline 0 -10"><span class='ocrx_word' id='word_1_183' title='bbox 994 447 1049 466; x_wconf 90' lang='lat' dir='ltr'><strong>non</strong></span> <span class='ocrx_word' id='word_1_184' title='bbox 1068 440 1101 466; x_wconf 89' lang='lat' dir='ltr'><strong>ad</strong></span> <span class='ocrx_word' id='word_1_185' title='bbox 1116 446 1210 467; x_wconf 88' lang='lat' dir='ltr'><strong>omnes</strong></span> <span class='ocrx_word' id='word_1_186' title='bbox 1226 440 1334 468; x_wconf 85' lang='lat' dir='ltr'><strong>animas</strong></span> <span class='ocrx_word' id='word_1_187' title='bbox 1350 441 1391 474; x_wconf 80' lang='lat' dir='ltr'><strong>fit,</strong></span> <span class='ocrx_word' id='word_1_188' title='bbox 1418 448 1506 476; x_wconf 87' lang='lat' dir='ltr'><strong>neque</strong></span> <span class='ocrx_word' id='word_1_189' title='bbox 1520 441 1553 468; x_wconf 88' lang='lat' dir='ltr'><strong>ad</strong></span> <span class='ocrx_word' id='word_1_190' title='bbox 1567 440 1786 468; x_wconf 83' lang='lat' dir='ltr'><strong>adolescentulas</strong></span> 
     </span>
    </p>
   </div>
   <div class='ocr_carea' id='block_1_25' title="bbox 995 484 1786 521">
    <p class='ocr_par' dir='ltr' id='par_1_25' title="bbox 995 484 1786 521">
     <span class='ocr_line' id='line_1_25' title="bbox 995 484 1786 521; baseline 0.001 -10"><span class='ocrx_word' id='word_1_191' title='bbox 995 484 1097 519; x_wconf 86' lang='lat' dir='ltr'><strong>quibus</strong></span> <span class='ocrx_word' id='word_1_192' title='bbox 1114 485 1158 512; x_wconf 92' lang='lat' dir='ltr'><strong>hic</strong></span> <span class='ocrx_word' id='word_1_193' title='bbox 1168 485 1289 520; x_wconf 89' lang='lat' dir='ltr'><strong>loquitur</strong></span> <span class='ocrx_word' id='word_1_194' title='bbox 1304 493 1432 520; x_wconf 84' lang='lat' dir='ltr'><strong>sponsus,</strong></span> <span class='ocrx_word' id='word_1_195' title='bbox 1449 494 1537 521; x_wconf 89' lang='lat' dir='ltr'><strong>neque</strong></span> <span class='ocrx_word' id='word_1_196' title='bbox 1550 487 1583 514; x_wconf 91' lang='lat' dir='ltr'><strong>ad</strong></span> <span class='ocrx_word' id='word_1_197' title='bbox 1597 491 1709 514; x_wconf 67' lang='lat' dir='ltr'><strong>caeteras</strong></span> <span class='ocrx_word' id='word_1_198' title='bbox 1724 494 1786 513; x_wconf 91' lang='lat' dir='ltr'><strong>mu-</strong></span> 
     </span>
    </p>
   </div>
   <div class='ocr_carea' id='block_1_26' title="bbox 996 530 1786 568">
    <p class='ocr_par' dir='ltr' id='par_1_26' title="bbox 996 530 1786 568">
     <span class='ocr_line' id='line_1_26' title="bbox 996 530 1786 568; baseline 0.003 -11"><span class='ocrx_word' id='word_1_199' title='bbox 996 530 1184 566; x_wconf 84' lang='lat' dir='ltr'><strong>lieres,neque</strong></span> <span class='ocrx_word' id='word_1_200' title='bbox 1195 532 1228 559; x_wconf 85' lang='lat' dir='ltr'><strong>ad</strong></span> <span class='ocrx_word' id='word_1_201' title='bbox 1244 532 1381 568; x_wconf 87' lang='lat' dir='ltr'><strong>octoginta</strong></span> <span class='ocrx_word' id='word_1_202' title='bbox 1396 533 1573 566; x_wconf 85' lang='lat' dir='ltr'><strong>concubinas,</strong></span> <span class='ocrx_word' id='word_1_203' title='bbox 1585 537 1632 560; x_wconf 90' lang='lat' dir='ltr'><strong>aut</strong></span> <span class='ocrx_word' id='word_1_204' title='bbox 1642 533 1786 567; x_wconf 82' lang='lat' dir='ltr'><strong>sexaginta</strong></span> 
     </span>
    </p>
   </div>
   <div class='ocr_carea' id='block_1_27' title="bbox 996 576 1785 613">
    <p class='ocr_par' dir='ltr' id='par_1_27' title="bbox 996 576 1785 613">
     <span class='ocr_line' id='line_1_27' title="bbox 996 576 1785 613; baseline 0.004 -11"><span class='ocrx_word' id='word_1_205' title='bbox 996 576 1113 610; x_wconf 85' lang='lat' dir='ltr'><strong>reginas,</strong></span> <span class='ocrx_word' id='word_1_206' title='bbox 1136 577 1182 604; x_wconf 89' lang='lat' dir='ltr'><strong>sed</strong></span> <span class='ocrx_word' id='word_1_207' title='bbox 1205 578 1238 605; x_wconf 88' lang='lat' dir='ltr'><strong>ad</strong></span> <span class='ocrx_word' id='word_1_208' title='bbox 1264 578 1351 611; x_wconf 83' lang='lat' dir='ltr'><strong>illam,</strong></span> <span class='ocrx_word' id='word_1_209' title='bbox 1371 586 1432 613; x_wconf 69' lang='lat' dir='ltr'><strong>quae</strong></span> <span class='ocrx_word' id='word_1_210' title='bbox 1450 578 1520 606; x_wconf 89' lang='lat' dir='ltr'><strong>inter</strong></span> <span class='ocrx_word' id='word_1_211' title='bbox 1534 586 1630 606; x_wconf 92' lang='lat' dir='ltr'><strong>omnes</strong></span> <span class='ocrx_word' id='word_1_212' title='bbox 1651 579 1785 606; x_wconf 84' lang='lat' dir='ltr'><strong>mulieres</strong></span> 
     </span>
    </p>
   </div>
   <div class='ocr_carea' id='block_1_28' title="bbox 996 621 1787 658">
    <p class='ocr_par' dir='ltr' id='par_1_28' title="bbox 996 621 1787 658">
     <span class='ocr_line' id='line_1_28' title="bbox 996 621 1787 658; baseline 0.005 -11"><span class='ocrx_word' id='word_1_213' title='bbox 996 621 1055 648; x_wconf 79' lang='lat' dir='ltr'><strong>sola</strong></span> <span class='ocrx_word' id='word_1_214' title='bbox 1075 622 1188 656; x_wconf 88' lang='lat' dir='ltr'><strong>pulchra</strong></span> <span class='ocrx_word' id='word_1_215' title='bbox 1203 623 1303 650; x_wconf 87' lang='lat' dir='ltr'><strong>dicitur</strong></span> <span class='ocrx_word' id='word_1_216' title='bbox 1324 627 1351 651; x_wconf 87' lang='lat' dir='ltr'><strong>et</strong></span> <span class='ocrx_word' id='word_1_217' title='bbox 1374 623 1505 658; x_wconf 82' lang='lat' dir='ltr'><strong>perfecta.</strong></span> <span class='ocrx_word' id='word_1_218' title='bbox 1523 623 1601 651; x_wconf 88' lang='lat' dir='ltr'><strong>Unde</strong></span> <span class='ocrx_word' id='word_1_219' title='bbox 1622 628 1736 658; x_wconf 83' lang='lat' dir='ltr'><strong>apparet</strong></span> <span class='ocrx_word' id='word_1_220' title='bbox 1750 624 1787 652; x_wconf 91' lang='lat' dir='ltr'><strong>ad</strong></span> 
     </span>
    </p>
   </div>
   <div class='ocr_carea' id='block_1_29' title="bbox 995 666 1788 705">
    <p class='ocr_par' dir='ltr' id='par_1_29' title="bbox 995 666 1788 705">
     <span class='ocr_line' id='line_1_29' title="bbox 995 666 1788 705; baseline 0.004 -12"><span class='ocrx_word' id='word_1_221' title='bbox 995 666 1109 694; x_wconf 89' lang='lat' dir='ltr'><strong>dilectas</strong></span> <span class='ocrx_word' id='word_1_222' title='bbox 1122 675 1246 702; x_wconf 87' lang='lat' dir='ltr'><strong>quasque</strong></span> <span class='ocrx_word' id='word_1_223' title='bbox 1261 669 1367 696; x_wconf 85' lang='lat' dir='ltr'><strong>animas</strong></span> <span class='ocrx_word' id='word_1_224' title='bbox 1379 669 1436 696; x_wconf 58' lang='lat' dir='ltr'><strong>haec</strong></span> <span class='ocrx_word' id='word_1_225' title='bbox 1451 668 1516 701; x_wconf 90' lang='lat' dir='ltr'><strong>dici,</strong></span> <span class='ocrx_word' id='word_1_226' title='bbox 1529 669 1629 704; x_wconf 90' lang='lat' dir='ltr'><strong>quibus</strong></span> <span class='ocrx_word' id='word_1_227' title='bbox 1642 677 1704 697; x_wconf 89' lang='lat' dir='ltr'><strong>cum</strong></span> <span class='ocrx_word' id='word_1_228' title='bbox 1720 677 1788 705; x_wconf 76' lang='lat' dir='ltr'><strong>gra-</strong></span> 
     </span>
    </p>
   </div>
   <div class='ocr_carea' id='block_1_30' title="bbox 997 712 1786 749">
    <p class='ocr_par' dir='ltr' id='par_1_30' title="bbox 997 712 1786 749">
     <span class='ocr_line' id='line_1_30' title="bbox 997 712 1786 749; baseline 0.001 -9"><span class='ocrx_word' id='word_1_229' title='bbox 997 712 1035 740; x_wconf 84' lang='lat' dir='ltr'><strong>tia</strong></span> <span class='ocrx_word' id='word_1_230' title='bbox 1060 713 1145 740; x_wconf 89' lang='lat' dir='ltr'><strong>multa</strong></span> <span class='ocrx_word' id='word_1_231' title='bbox 1165 713 1301 741; x_wconf 83' lang='lat' dir='ltr'><strong>sentiendi</strong></span> <span class='ocrx_word' id='word_1_232' title='bbox 1315 719 1342 741; x_wconf 88' lang='lat' dir='ltr'><strong>et</strong></span> <span class='ocrx_word' id='word_1_233' title='bbox 1357 713 1527 749; x_wconf 82' lang='lat' dir='ltr'><strong>intelligendi</strong></span> <span class='ocrx_word' id='word_1_234' title='bbox 1548 722 1563 742; x_wconf 87' lang='lat' dir='ltr'><strong>a</strong></span> <span class='ocrx_word' id='word_1_235' title='bbox 1584 714 1638 741; x_wconf 91' lang='lat' dir='ltr'><strong>Deo</strong></span> <span class='ocrx_word' id='word_1_236' title='bbox 1656 715 1720 741; x_wconf 84' lang='lat' dir='ltr'><strong>data</strong></span> <span class='ocrx_word' id='word_1_237' title='bbox 1736 714 1786 747; x_wconf 86' lang='lat' dir='ltr'><strong>sit,</strong></span> 
     </span>
    </p>
   </div>
   <div class='ocr_carea' id='block_1_31' title="bbox 997 757 1788 794">
    <p class='ocr_par' dir='ltr' id='par_1_31' title="bbox 997 757 1788 794">
     <span class='ocr_line' id='line_1_31' title="bbox 997 757 1788 794; baseline 0.003 -8"><span class='ocrx_word' id='word_1_238' title='bbox 997 757 1137 793; x_wconf 82' lang='lat' dir='ltr'><strong>negligunt</strong></span> <span class='ocrx_word' id='word_1_239' title='bbox 1150 763 1240 786; x_wconf 89' lang='lat' dir='ltr'><strong>tamen</strong></span> <span class='ocrx_word' id='word_1_240' title='bbox 1257 759 1377 787; x_wconf 79' lang='lat' dir='ltr'><strong>scientiae</strong></span> <span class='ocrx_word' id='word_1_241' title='bbox 1391 764 1492 794; x_wconf 82' lang='lat' dir='ltr'><strong>partes,</strong></span> <span class='ocrx_word' id='word_1_242' title='bbox 1507 764 1534 788; x_wconf 92' lang='lat' dir='ltr'><strong>et</strong></span> <span class='ocrx_word' id='word_1_243' title='bbox 1544 760 1725 794; x_wconf 82' lang='lat' dir='ltr'><strong>cognoscendi</strong></span> <span class='ocrx_word' id='word_1_244' title='bbox 1741 769 1788 788; x_wconf 84' lang='lat' dir='ltr'><strong>se-</strong></span> 
     </span>
    </p>
   </div>
   <div class='ocr_carea' id='block_1_32' title="bbox 999 802 1789 838">
    <p class='ocr_par' dir='ltr' id='par_1_32' title="bbox 999 802 1789 838">
     <span class='ocr_line' id='line_1_32' title="bbox 999 802 1789 838; baseline 0.003 -10"><span class='ocrx_word' id='word_1_245' title='bbox 999 802 1130 837; x_wconf 88' lang='lat' dir='ltr'><strong>metipsas</strong></span> <span class='ocrx_word' id='word_1_246' title='bbox 1148 803 1251 830; x_wconf 91' lang='lat' dir='ltr'><strong>nullum</strong></span> <span class='ocrx_word' id='word_1_247' title='bbox 1273 803 1403 831; x_wconf 80' lang='lat' dir='ltr'><strong>adhibent</strong></span> <span class='ocrx_word' id='word_1_248' title='bbox 1416 803 1547 831; x_wconf 90' lang='lat' dir='ltr'><strong>studium.</strong></span> <span class='ocrx_word' id='word_1_249' title='bbox 1565 802 1612 831; x_wconf 80' lang='lat' dir='ltr'><strong>llis</strong></span> <span class='ocrx_word' id='word_1_250' title='bbox 1629 811 1694 838; x_wconf 88' lang='lat' dir='ltr'><strong>ergo</strong></span> <span class='ocrx_word' id='word_1_251' title='bbox 1709 811 1789 831; x_wconf 65' lang='lat' dir='ltr'><strong>coma</strong></span> 
     </span>
    </p>
   </div>
   <div class='ocr_carea' id='block_1_33' title="bbox 155 845 1787 887">
    <p class='ocr_par' dir='ltr' id='par_1_33' title="bbox 155 845 1787 887">
     <span class='ocr_line' id='line_1_33' title="bbox 155 845 1787 887; baseline 0.001 -12"><span class='ocrx_word' id='word_1_252' title='bbox 155 849 195 877; x_wconf 90' lang='lat' dir='ltr'><strong>sis</strong></span> <span class='ocrx_word' id='word_1_253' title='bbox 212 850 388 885; x_wconf 83' lang='lat' dir='ltr'><strong>semetipsam</strong></span> <span class='ocrx_word' id='word_1_254' title='bbox 401 855 549 886; x_wconf 75' lang='lat' dir='ltr'><strong>cognoscat</strong></span> <span class='ocrx_word' id='word_1_255' title='bbox 560 851 662 883; x_wconf 72' lang='lat' dir='ltr'><strong>anima,</strong></span> <span class='ocrx_word' id='word_1_256' title='bbox 680 859 714 879; x_wconf 76' lang='lat' dir='ltr'><strong>ne</strong></span> <span class='ocrx_word' id='word_1_257' title='bbox 731 851 802 879; x_wconf 60' lang='lat' dir='ltr'><strong>forte</strong></span> <span class='ocrx_word' id='word_1_258' title='bbox 814 852 837 880; x_wconf 76' lang='lat' dir='ltr'><strong>si</strong></span> <span class='ocrx_word' id='word_1_259' title='bbox 855 853 946 887; x_wconf 58' lang='lat' dir='ltr'><strong>&quot;este-</strong></span> <span class='ocrx_word' id='word_1_260' title='bbox 963 845 983 873; x_wconf 84' lang='grc' dir='ltr'><strong>Β</strong></span> <span class='ocrx_word' id='word_1_261' title='bbox 997 848 1119 875; x_wconf 86' lang='lat' dir='ltr'><strong>minatur</strong></span> <span class='ocrx_word' id='word_1_262' title='bbox 1133 856 1223 876; x_wconf 88' lang='lat' dir='ltr'><strong>sermo</strong></span> <span class='ocrx_word' id='word_1_263' title='bbox 1235 849 1343 877; x_wconf 91' lang='lat' dir='ltr'><strong>divinus</strong></span> <span class='ocrx_word' id='word_1_264' title='bbox 1357 858 1364 876; x_wconf 85' lang='lat'><strong>:</strong></span> <span class='ocrx_word' id='word_1_265' title='bbox 1380 850 1444 885; x_wconf 92' lang='lat' dir='ltr'><strong>quia</strong></span> <span class='ocrx_word' id='word_1_266' title='bbox 1457 850 1557 884; x_wconf 90' lang='lat' dir='ltr'><strong>quibus</strong></span> <span class='ocrx_word' id='word_1_267' title='bbox 1567 850 1681 877; x_wconf 91' lang='lat' dir='ltr'><strong>multum</strong></span> <span class='ocrx_word' id='word_1_268' title='bbox 1693 849 1787 882; x_wconf 88' lang='lat' dir='ltr'><strong>datur,</strong></span> 
     </span>
    </p>
   </div>
   <div class='ocr_carea' id='block_1_34' title="bbox 155 894 943 932">
    <p class='ocr_par' dir='ltr' id='par_1_34' title="bbox 155 894 943 932">
     <span class='ocr_line' id='line_1_34' title="bbox 155 894 943 932; baseline 0.005 -11"><span class='ocrx_word' id='word_1_269' title='bbox 155 895 228 922; x_wconf 79' lang='lat' dir='ltr'><strong>xerit</strong></span> <span class='ocrx_word' id='word_1_270' title='bbox 244 894 364 930; x_wconf 82' lang='lat' dir='ltr'><strong>perfecte</strong></span> <span class='ocrx_word' id='word_1_271' title='bbox 376 896 553 931; x_wconf 86' lang='lat' dir='ltr'><strong>semetipsam</strong></span> <span class='ocrx_word' id='word_1_272' title='bbox 566 903 742 931; x_wconf 84' lang='lat' dir='ltr'><strong>cognoscere,</strong></span> <span class='ocrx_word' id='word_1_273' title='bbox 757 897 831 925; x_wconf 78' lang='lat' dir='ltr'><strong>exire</strong></span> <span class='ocrx_word' id='word_1_274' title='bbox 845 897 943 932; x_wconf 87' lang='lat' dir='ltr'><strong>jubea—</strong></span> 
     </span>
    </p>
   </div>
   <div class='ocr_carea' id='block_1_35' title="bbox 156 940 943 977">
    <p class='ocr_par' dir='ltr' id='par_1_35' title="bbox 156 940 943 977">
     <span class='ocr_line' id='line_1_35' title="bbox 156 940 943 977; baseline 0.006 -10"><span class='ocrx_word' id='word_1_275' title='bbox 156 945 200 967; x_wconf 90' lang='lat' dir='ltr'><strong>tur</strong></span> <span class='ocrx_word' id='word_1_276' title='bbox 215 940 243 967; x_wconf 92' lang='lat' dir='ltr'><strong>in</strong></span> <span class='ocrx_word' id='word_1_277' title='bbox 256 941 377 976; x_wconf 83' lang='lat' dir='ltr'><strong>vestigiis</strong></span> <span class='ocrx_word' id='word_1_278' title='bbox 399 949 523 977; x_wconf 85' lang='lat' dir='ltr'><strong>gregum,</strong></span> <span class='ocrx_word' id='word_1_279' title='bbox 545 947 573 969; x_wconf 91' lang='lat' dir='ltr'><strong>et</strong></span> <span class='ocrx_word' id='word_1_280' title='bbox 589 950 700 977; x_wconf 88' lang='lat' dir='ltr'><strong>pascere</strong></span> <span class='ocrx_word' id='word_1_281' title='bbox 720 943 828 976; x_wconf 65' lang='lat' dir='ltr'><strong>haedos,</strong></span> <span class='ocrx_word' id='word_1_282' title='bbox 843 948 870 971; x_wconf 87' lang='lat' dir='ltr'><strong>et</strong></span> <span class='ocrx_word' id='word_1_283' title='bbox 890 944 943 972; x_wconf 85' lang='lat' dir='ltr'><strong>hoc</strong></span> 
     </span>
    </p>
   </div>
   <div class='ocr_carea' id='block_1_36' title="bbox 156 986 943 1022">
    <p class='ocr_par' dir='ltr' id='par_1_36' title="bbox 156 986 943 1022">
     <span class='ocr_line' id='line_1_36' title="bbox 156 986 943 1022; baseline 0.008 -10"><span class='ocrx_word' id='word_1_284' title='bbox 156 993 210 1013; x_wconf 91' lang='lat' dir='ltr'><strong>non</strong></span> <span class='ocrx_word' id='word_1_285' title='bbox 226 986 253 1013; x_wconf 93' lang='lat' dir='ltr'><strong>iu</strong></span> <span class='ocrx_word' id='word_1_286' title='bbox 282 987 393 1022; x_wconf 89' lang='lat' dir='ltr'><strong>proprio</strong></span> <span class='ocrx_word' id='word_1_287' title='bbox 422 988 609 1020; x_wconf 87' lang='lat' dir='ltr'><strong>tabernaculo,</strong></span> <span class='ocrx_word' id='word_1_288' title='bbox 632 989 678 1016; x_wconf 91' lang='lat' dir='ltr'><strong>sed</strong></span> <span class='ocrx_word' id='word_1_289' title='bbox 702 989 728 1016; x_wconf 92' lang='lat' dir='ltr'><strong>in</strong></span> <span class='ocrx_word' id='word_1_290' title='bbox 758 990 943 1018; x_wconf 86' lang='lat' dir='ltr'><strong>tabernaculis</strong></span> 
     </span>
    </p>
   </div>
   <div class='ocr_carea' id='block_1_37' title="bbox 156 1034 944 1071">
    <p class='ocr_par' dir='ltr' id='par_1_37' title="bbox 156 1034 944 1071">
     <span class='ocr_line' id='line_1_37' title="bbox 156 1034 944 1071; baseline 0.008 -14"><span class='ocrx_word' id='word_1_291' title='bbox 156 1036 314 1066; x_wconf 84' lang='lat' dir='ltr'><strong>pastorum;</strong></span> <span class='ocrx_word' id='word_1_292' title='bbox 329 1040 390 1059; x_wconf 90' lang='lat' dir='ltr'><strong>cum</strong></span> <span class='ocrx_word' id='word_1_293' title='bbox 405 1038 502 1068; x_wconf 68' lang='lat' dir='ltr'><strong>praesto</strong></span> <span class='ocrx_word' id='word_1_294' title='bbox 518 1035 554 1062; x_wconf 89' lang='lat' dir='ltr'><strong>sit</strong></span> <span class='ocrx_word' id='word_1_295' title='bbox 565 1035 664 1062; x_wconf 88' lang='lat' dir='ltr'><strong>volenti</strong></span> <span class='ocrx_word' id='word_1_296' title='bbox 678 1034 735 1062; x_wconf 72' lang='lat' dir='ltr'><strong>haec</strong></span> <span class='ocrx_word' id='word_1_297' title='bbox 748 1036 874 1071; x_wconf 79' lang='lat' dir='ltr'><strong>persequi</strong></span> <span class='ocrx_word' id='word_1_298' title='bbox 890 1037 944 1064; x_wconf 91' lang='lat' dir='ltr'><strong>lar-</strong></span> 
     </span>
    </p>
   </div>
   <div class='ocr_carea' id='block_1_38' title="bbox 157 1077 944 1116">
    <p class='ocr_par' dir='ltr' id='par_1_38' title="bbox 157 1077 944 1116">
     <span class='ocr_line' id='line_1_38' title="bbox 157 1077 944 1116; baseline 0.008 -12"><span class='ocrx_word' id='word_1_299' title='bbox 157 1077 286 1112; x_wconf 86' lang='lat' dir='ltr'><strong>gissimas</strong></span> <span class='ocrx_word' id='word_1_300' title='bbox 301 1079 458 1107; x_wconf 85' lang='lat' dir='ltr'><strong>occasiones</strong></span> <span class='ocrx_word' id='word_1_301' title='bbox 477 1087 511 1107; x_wconf 79' lang='lat' dir='ltr'><strong>ex</strong></span> <span class='ocrx_word' id='word_1_302' title='bbox 539 1081 582 1109; x_wconf 91' lang='lat' dir='ltr'><strong>bis</strong></span> <span class='ocrx_word' id='word_1_303' title='bbox 596 1089 657 1116; x_wconf 75' lang='lat' dir='ltr'><strong>qua:</strong></span> <span class='ocrx_word' id='word_1_304' title='bbox 684 1089 767 1116; x_wconf 89' lang='lat' dir='ltr'><strong>supra</strong></span> <span class='ocrx_word' id='word_1_305' title='bbox 784 1083 944 1110; x_wconf 84' lang='lat' dir='ltr'><strong>memoravi-</strong></span> 
     </span>
    </p>
   </div>
   <div class='ocr_carea' id='block_1_39' title="bbox 159 1124 944 1160">
    <p class='ocr_par' dir='ltr' id='par_1_39' title="bbox 159 1124 944 1160">
     <span class='ocr_line' id='line_1_39' title="bbox 159 1124 944 1160; baseline 0.008 -10"><span class='ocrx_word' id='word_1_306' title='bbox 159 1131 221 1151; x_wconf 90' lang='lat' dir='ltr'><strong>mus</strong></span> <span class='ocrx_word' id='word_1_307' title='bbox 235 1131 354 1157; x_wconf 90' lang='lat' dir='ltr'><strong>sumere,</strong></span> <span class='ocrx_word' id='word_1_308' title='bbox 382 1124 409 1151; x_wconf 92' lang='lat' dir='ltr'><strong>in</strong></span> <span class='ocrx_word' id='word_1_309' title='bbox 426 1125 526 1160; x_wconf 88' lang='lat' dir='ltr'><strong>quibus</strong></span> <span class='ocrx_word' id='word_1_310' title='bbox 550 1134 611 1154; x_wconf 90' lang='lat' dir='ltr'><strong>sese</strong></span> <span class='ocrx_word' id='word_1_311' title='bbox 623 1135 751 1155; x_wconf 82' lang='lat' dir='ltr'><strong>exercere</strong></span> <span class='ocrx_word' id='word_1_312' title='bbox 774 1127 801 1155; x_wconf 91' lang='lat' dir='ltr'><strong>in</strong></span> <span class='ocrx_word' id='word_1_313' title='bbox 816 1136 944 1156; x_wconf 85' lang='lat' dir='ltr'><strong>sermone</strong></span> 
     </span>
    </p>
   </div>
   <div class='ocr_carea' id='block_1_40' title="bbox 158 1170 944 1207">
    <p class='ocr_par' dir='ltr' id='par_1_40' title="bbox 158 1170 944 1207">
     <span class='ocr_line' id='line_1_40' title="bbox 158 1170 944 1207; baseline 0.009 -11"><span class='ocrx_word' id='word_1_314' title='bbox 158 1170 279 1197; x_wconf 62' lang='lat' dir='ltr'><strong>scientiae</strong></span> <span class='ocrx_word' id='word_1_315' title='bbox 292 1178 342 1205; x_wconf 92' lang='lat' dir='ltr'><strong>pro</strong></span> <span class='ocrx_word' id='word_1_316' title='bbox 366 1171 469 1199; x_wconf 88' lang='lat' dir='ltr'><strong>viribus</strong></span> <span class='ocrx_word' id='word_1_317' title='bbox 490 1173 595 1207; x_wconf 87' lang='lat' dir='ltr'><strong>possit?</strong></span> <span class='ocrx_word' id='word_1_318' title='bbox 620 1173 751 1201; x_wconf 88' lang='lat' dir='ltr'><strong>Dicantur</strong></span> <span class='ocrx_word' id='word_1_319' title='bbox 773 1183 839 1202; x_wconf 89' lang='lat' dir='ltr'><strong>vero</strong></span> <span class='ocrx_word' id='word_1_320' title='bbox 854 1175 911 1203; x_wconf 65' lang='lat' dir='ltr'><strong>haec</strong></span> <span class='ocrx_word' id='word_1_321' title='bbox 928 1184 944 1204; x_wconf 90' lang='lat' dir='ltr'><strong>a</strong></span> 
     </span>
    </p>
   </div>
   <div class='ocr_carea' id='block_1_41' title="bbox 96 1215 945 1254">
    <p class='ocr_par' dir='ltr' id='par_1_41' title="bbox 96 1215 945 1254">
     <span class='ocr_line' id='line_1_41' title="bbox 96 1215 945 1254; baseline 0.008 -13"><span class='ocrx_word' id='word_1_322' title='bbox 96 1238 108 1247; x_wconf 30' lang='grc' dir='ltr'><strong>Α,</strong></span> <span class='ocrx_word' id='word_1_323' title='bbox 157 1215 247 1244; x_wconf 85' lang='lat' dir='ltr'><strong>Verbo</strong></span> <span class='ocrx_word' id='word_1_324' title='bbox 266 1216 313 1243; x_wconf 88' lang='lat' dir='ltr'><strong>Dei</strong></span> <span class='ocrx_word' id='word_1_325' title='bbox 338 1218 420 1245; x_wconf 88' lang='lat' dir='ltr'><strong>etiam</strong></span> <span class='ocrx_word' id='word_1_326' title='bbox 446 1219 478 1245; x_wconf 91' lang='lat' dir='ltr'><strong>ad</strong></span> <span class='ocrx_word' id='word_1_327' title='bbox 500 1219 618 1246; x_wconf 87' lang='lat' dir='ltr'><strong>animam</strong></span> <span class='ocrx_word' id='word_1_328' title='bbox 644 1227 705 1254; x_wconf 73' lang='lat' dir='ltr'><strong>qua:</strong></span> <span class='ocrx_word' id='word_1_329' title='bbox 731 1221 759 1247; x_wconf 89' lang='lat' dir='ltr'><strong>ln</strong></span> <span class='ocrx_word' id='word_1_330' title='bbox 777 1220 945 1254; x_wconf 74' lang='lat' dir='ltr'><strong>profectibus</strong></span> 
     </span>
    </p>
   </div>
   <div class='ocr_carea' id='block_1_42' title="bbox 156 1262 946 1301">
    <p class='ocr_par' dir='ltr' id='par_1_42' title="bbox 156 1262 946 1301">
     <span class='ocr_line' id='line_1_42' title="bbox 156 1262 946 1301; baseline 0.006 -13"><span class='ocrx_word' id='word_1_331' title='bbox 156 1262 266 1297; x_wconf 90' lang='lat' dir='ltr'><strong>quidem</strong></span> <span class='ocrx_word' id='word_1_332' title='bbox 279 1263 366 1298; x_wconf 84' lang='lat' dir='ltr'><strong>posita</strong></span> <span class='ocrx_word' id='word_1_333' title='bbox 382 1264 567 1296; x_wconf 88' lang='lat' dir='ltr'><strong>est,nondum</strong></span> <span class='ocrx_word' id='word_1_334' title='bbox 583 1269 673 1292; x_wconf 90' lang='lat' dir='ltr'><strong>tamen</strong></span> <span class='ocrx_word' id='word_1_335' title='bbox 686 1265 719 1292; x_wconf 87' lang='lat' dir='ltr'><strong>ad</strong></span> <span class='ocrx_word' id='word_1_336' title='bbox 736 1273 871 1293; x_wconf 89' lang='lat' dir='ltr'><strong>summam</strong></span> <span class='ocrx_word' id='word_1_337' title='bbox 888 1274 946 1301; x_wconf 85' lang='lat' dir='ltr'><strong>per-</strong></span> 
     </span>
    </p>
   </div>
   <div class='ocr_carea' id='block_1_43' title="bbox 157 1308 947 1347">
    <p class='ocr_par' dir='ltr' id='par_1_43' title="bbox 157 1308 947 1347">
     <span class='ocr_line' id='line_1_43' title="bbox 157 1308 947 1347; baseline 0.006 -13"><span class='ocrx_word' id='word_1_338' title='bbox 157 1308 283 1335; x_wconf 86' lang='lat' dir='ltr'><strong>fectionis</strong></span> <span class='ocrx_word' id='word_1_339' title='bbox 298 1309 432 1337; x_wconf 90' lang='lat' dir='ltr'><strong>ascendit.</strong></span> <span class='ocrx_word' id='word_1_340' title='bbox 448 1309 514 1342; x_wconf 70' lang='lat' dir='ltr'><strong>Quae</strong></span> <span class='ocrx_word' id='word_1_341' title='bbox 535 1318 585 1344; x_wconf 88' lang='lat' dir='ltr'><strong>pro</strong></span> <span class='ocrx_word' id='word_1_342' title='bbox 609 1318 641 1338; x_wconf 89' lang='lat' dir='ltr'><strong>eo</strong></span> <span class='ocrx_word' id='word_1_343' title='bbox 655 1311 766 1345; x_wconf 81' lang='lat' dir='ltr'><strong>quidem</strong></span> <span class='ocrx_word' id='word_1_344' title='bbox 780 1312 853 1346; x_wconf 87' lang='lat' dir='ltr'><strong>quod</strong></span> <span class='ocrx_word' id='word_1_345' title='bbox 867 1313 947 1347; x_wconf 79' lang='lat' dir='ltr'><strong>proti-</strong></span> 
     </span>
    </p>
   </div>
   <div class='ocr_carea' id='block_1_44' title="bbox 157 1353 946 1393">
    <p class='ocr_par' dir='ltr' id='par_1_44' title="bbox 157 1353 946 1393">
     <span class='ocr_line' id='line_1_44' title="bbox 157 1353 946 1393; baseline 0.006 -13"><span class='ocrx_word' id='word_1_346' title='bbox 157 1353 195 1380; x_wconf 85' lang='lat' dir='ltr'><strong>cit</strong></span> <span class='ocrx_word' id='word_1_347' title='bbox 211 1354 324 1388; x_wconf 88' lang='lat' dir='ltr'><strong>pulchra</strong></span> <span class='ocrx_word' id='word_1_348' title='bbox 346 1355 466 1382; x_wconf 88' lang='lat' dir='ltr'><strong>dicitur:</strong></span> <span class='ocrx_word' id='word_1_349' title='bbox 486 1359 515 1382; x_wconf 93' lang='lat' dir='ltr'><strong>ut</strong></span> <span class='ocrx_word' id='word_1_350' title='bbox 538 1360 629 1383; x_wconf 89' lang='lat' dir='ltr'><strong>autem</strong></span> <span class='ocrx_word' id='word_1_351' title='bbox 649 1357 792 1391; x_wconf 89' lang='lat' dir='ltr'><strong>pervenire</strong></span> <span class='ocrx_word' id='word_1_352' title='bbox 819 1358 905 1393; x_wconf 86' lang='lat' dir='ltr'><strong>possit</strong></span> <span class='ocrx_word' id='word_1_353' title='bbox 919 1362 946 1385; x_wconf 86' lang='lat' dir='ltr'><strong>et</strong></span> 
     </span>
    </p>
   </div>
   <div class='ocr_carea' id='block_1_45' title="bbox 157 1399 945 1434">
    <p class='ocr_par' dir='ltr' id='par_1_45' title="bbox 157 1399 945 1434">
     <span class='ocr_line' id='line_1_45' title="bbox 157 1399 945 1434; baseline 0.008 -9"><span class='ocrx_word' id='word_1_354' title='bbox 157 1399 191 1426; x_wconf 92' lang='lat' dir='ltr'><strong>ad</strong></span> <span class='ocrx_word' id='word_1_355' title='bbox 205 1400 410 1434; x_wconf 79' lang='lat' dir='ltr'><strong>perfectionem,</strong></span> <span class='ocrx_word' id='word_1_356' title='bbox 435 1400 483 1428; x_wconf 88' lang='lat' dir='ltr'><strong>ﬁat</strong></span> <span class='ocrx_word' id='word_1_357' title='bbox 503 1401 536 1428; x_wconf 89' lang='lat' dir='ltr'><strong>ad</strong></span> <span class='ocrx_word' id='word_1_358' title='bbox 551 1409 610 1429; x_wconf 90' lang='lat' dir='ltr'><strong>eam</strong></span> <span class='ocrx_word' id='word_1_359' title='bbox 626 1403 803 1430; x_wconf 86' lang='lat' dir='ltr'><strong>comminatio</strong></span> <span class='ocrx_word' id='word_1_360' title='bbox 817 1411 945 1432; x_wconf 86' lang='lat' dir='ltr'><strong>necessa-</strong></span> 
     </span>
    </p>
   </div>
   <div class='ocr_carea' id='block_1_46' title="bbox 159 1445 946 1483">
    <p class='ocr_par' dir='ltr' id='par_1_46' title="bbox 159 1445 946 1483">
     <span class='ocr_line' id='line_1_46' title="bbox 159 1445 946 1483; baseline 0.008 -12"><span class='ocrx_word' id='word_1_361' title='bbox 159 1445 218 1478; x_wconf 85' lang='lat' dir='ltr'><strong>ria;</strong></span> <span class='ocrx_word' id='word_1_362' title='bbox 232 1446 304 1480; x_wconf 91' lang='lat' dir='ltr'><strong>quod</strong></span> <span class='ocrx_word' id='word_1_363' title='bbox 320 1446 371 1473; x_wconf 89' lang='lat' dir='ltr'><strong>nisi</strong></span> <span class='ocrx_word' id='word_1_364' title='bbox 385 1454 433 1481; x_wconf 86' lang='lat' dir='ltr'><strong>per</strong></span> <span class='ocrx_word' id='word_1_365' title='bbox 449 1447 501 1474; x_wconf 88' lang='lat' dir='ltr'><strong>ista</strong></span> <span class='ocrx_word' id='word_1_366' title='bbox 518 1447 624 1483; x_wconf 87' lang='lat' dir='ltr'><strong>singula</strong></span> <span class='ocrx_word' id='word_1_367' title='bbox 644 1456 704 1483; x_wconf 60' lang='lat' dir='ltr'><strong>quae</strong></span> <span class='ocrx_word' id='word_1_368' title='bbox 729 1456 811 1483; x_wconf 86' lang='lat' dir='ltr'><strong>supra</strong></span> <span class='ocrx_word' id='word_1_369' title='bbox 827 1449 946 1478; x_wconf 78' lang='lat' dir='ltr'><strong>diximus</strong></span> 
     </span>
    </p>
   </div>
   <div class='ocr_carea' id='block_1_47' title="bbox 159 1491 944 1529">
    <p class='ocr_par' dir='ltr' id='par_1_47' title="bbox 159 1491 944 1529">
     <span class='ocr_line' id='line_1_47' title="bbox 159 1491 944 1529; baseline 0.005 -11"><span class='ocrx_word' id='word_1_370' title='bbox 159 1491 331 1526; x_wconf 86' lang='lat' dir='ltr'><strong>semetipsam</strong></span> <span class='ocrx_word' id='word_1_371' title='bbox 346 1493 513 1528; x_wconf 84' lang='lat' dir='ltr'><strong>cognoverit,</strong></span> <span class='ocrx_word' id='word_1_372' title='bbox 526 1497 554 1520; x_wconf 84' lang='lat' dir='ltr'><strong>et</strong></span> <span class='ocrx_word' id='word_1_373' title='bbox 577 1493 718 1529; x_wconf 84' lang='lat' dir='ltr'><strong>vigilanter</strong></span> <span class='ocrx_word' id='word_1_374' title='bbox 740 1495 892 1522; x_wconf 78' lang='lat' dir='ltr'><strong>exercuerit</strong></span> <span class='ocrx_word' id='word_1_375' title='bbox 918 1496 944 1523; x_wconf 91' lang='lat' dir='ltr'><strong>in</strong></span> 
     </span>
    </p>
   </div>
   <div class='ocr_carea' id='block_1_48' title="bbox 159 1537 947 1577">
    <p class='ocr_par' dir='ltr' id='par_1_48' title="bbox 159 1537 947 1577">
     <span class='ocr_line' id='line_1_48' title="bbox 159 1537 947 1577; baseline 0.008 -14"><span class='ocrx_word' id='word_1_376' title='bbox 159 1537 243 1564; x_wconf 89' lang='lat' dir='ltr'><strong>verbo</strong></span> <span class='ocrx_word' id='word_1_377' title='bbox 259 1537 304 1565; x_wconf 89' lang='lat' dir='ltr'><strong>Dei</strong></span> <span class='ocrx_word' id='word_1_378' title='bbox 320 1542 347 1565; x_wconf 90' lang='lat' dir='ltr'><strong>et</strong></span> <span class='ocrx_word' id='word_1_379' title='bbox 360 1538 418 1573; x_wconf 83' lang='lat' dir='ltr'><strong>iege</strong></span> <span class='ocrx_word' id='word_1_380' title='bbox 433 1539 535 1572; x_wconf 80' lang='lat' dir='ltr'><strong>divina,</strong></span> <span class='ocrx_word' id='word_1_381' title='bbox 549 1540 688 1574; x_wconf 83' lang='lat' dir='ltr'><strong>continget</strong></span> <span class='ocrx_word' id='word_1_382' title='bbox 705 1540 729 1568; x_wconf 88' lang='lat' dir='ltr'><strong>ei</strong></span> <span class='ocrx_word' id='word_1_383' title='bbox 746 1541 780 1568; x_wconf 88' lang='lat' dir='ltr'><strong>de</strong></span> <span class='ocrx_word' id='word_1_384' title='bbox 796 1541 839 1569; x_wconf 89' lang='lat' dir='ltr'><strong>his</strong></span> <span class='ocrx_word' id='word_1_385' title='bbox 853 1541 947 1577; x_wconf 89' lang='lat' dir='ltr'><strong>singu-</strong></span> 
     </span>
    </p>
   </div>
   <div class='ocr_carea' id='block_1_49' title="bbox 160 1582 947 1622">
    <p class='ocr_par' dir='ltr' id='par_1_49' title="bbox 160 1582 947 1622">
     <span class='ocr_line' id='line_1_49' title="bbox 160 1582 947 1622; baseline 0.009 -13"><span class='ocrx_word' id='word_1_386' title='bbox 160 1582 195 1610; x_wconf 87' lang='lat' dir='ltr'><strong>lis</strong></span> <span class='ocrx_word' id='word_1_387' title='bbox 210 1583 352 1618; x_wconf 86' lang='lat' dir='ltr'><strong>opiniones</strong></span> <span class='ocrx_word' id='word_1_388' title='bbox 367 1584 495 1619; x_wconf 90' lang='lat' dir='ltr'><strong>colligere</strong></span> <span class='ocrx_word' id='word_1_389' title='bbox 521 1585 704 1619; x_wconf 82' lang='lat' dir='ltr'><strong>diversorum,</strong></span> <span class='ocrx_word' id='word_1_390' title='bbox 722 1591 750 1614; x_wconf 85' lang='lat' dir='ltr'><strong>et</strong></span> <span class='ocrx_word' id='word_1_391' title='bbox 765 1588 842 1622; x_wconf 89' lang='lat' dir='ltr'><strong>sequi</strong></span> <span class='ocrx_word' id='word_1_392' title='bbox 858 1588 947 1616; x_wconf 83' lang='lat' dir='ltr'><strong>homi—</strong></span> 
     </span>
    </p>
   </div>
   <div class='ocr_carea' id='block_1_50' title="bbox 159 1629 945 1666">
    <p class='ocr_par' dir='ltr' id='par_1_50' title="bbox 159 1629 945 1666">
     <span class='ocr_line' id='line_1_50' title="bbox 159 1629 945 1666; baseline 0.009 -11"><span class='ocrx_word' id='word_1_393' title='bbox 159 1637 208 1656; x_wconf 86' lang='lat' dir='ltr'><strong>nes</strong></span> <span class='ocrx_word' id='word_1_394' title='bbox 223 1629 292 1656; x_wconf 87' lang='lat' dir='ltr'><strong>nihil</strong></span> <span class='ocrx_word' id='word_1_395' title='bbox 303 1630 452 1664; x_wconf 83' lang='lat' dir='ltr'><strong>egregium,</strong></span> <span class='ocrx_word' id='word_1_396' title='bbox 466 1630 533 1657; x_wconf 89' lang='lat' dir='ltr'><strong>nihil</strong></span> <span class='ocrx_word' id='word_1_397' title='bbox 545 1639 579 1659; x_wconf 84' lang='lat' dir='ltr'><strong>ex</strong></span> <span class='ocrx_word' id='word_1_398' title='bbox 602 1631 704 1666; x_wconf 86' lang='lat' dir='ltr'><strong>Spiritu</strong></span> <span class='ocrx_word' id='word_1_399' title='bbox 721 1637 815 1661; x_wconf 87' lang='lat' dir='ltr'><strong>sancto</strong></span> <span class='ocrx_word' id='word_1_400' title='bbox 828 1634 945 1662; x_wconf 84' lang='lat' dir='ltr'><strong>locutos.</strong></span> 
     </span>
    </p>
   </div>
   <div class='ocr_carea' id='block_1_51' title="bbox 160 1673 946 1714">
    <p class='ocr_par' dir='ltr' id='par_1_51' title="bbox 160 1673 946 1714">
     <span class='ocr_line' id='line_1_51' title="bbox 160 1673 946 1714; baseline 0.009 -14"><span class='ocrx_word' id='word_1_401' title='bbox 160 1673 219 1701; x_wconf 84' lang='lat' dir='ltr'><strong>Hoc</strong></span> <span class='ocrx_word' id='word_1_402' title='bbox 235 1679 277 1702; x_wconf 87' lang='lat' dir='ltr'><strong>est</strong></span> <span class='ocrx_word' id='word_1_403' title='bbox 293 1675 366 1702; x_wconf 90' lang='lat' dir='ltr'><strong>enim</strong></span> <span class='ocrx_word' id='word_1_404' title='bbox 380 1676 455 1703; x_wconf 78' lang='lat' dir='ltr'><strong>exire</strong></span> <span class='ocrx_word' id='word_1_405' title='bbox 479 1676 506 1703; x_wconf 91' lang='lat' dir='ltr'><strong>in</strong></span> <span class='ocrx_word' id='word_1_406' title='bbox 522 1678 642 1712; x_wconf 80' lang='lat' dir='ltr'><strong>vestigiis</strong></span> <span class='ocrx_word' id='word_1_407' title='bbox 665 1686 788 1714; x_wconf 80' lang='lat' dir='ltr'><strong>gregum,</strong></span> <span class='ocrx_word' id='word_1_408' title='bbox 811 1684 946 1707; x_wconf 88' lang='lat' dir='ltr'><strong>eteorum</strong></span> 
     </span>
    </p>
   </div>
   <div class='ocr_carea' id='block_1_52' title="bbox 160 1719 946 1757">
    <p class='ocr_par' dir='ltr' id='par_1_52' title="bbox 160 1719 946 1757">
     <span class='ocr_line' id='line_1_52' title="bbox 160 1719 946 1757; baseline 0.006 -12"><span class='ocrx_word' id='word_1_409' title='bbox 160 1719 315 1746; x_wconf 89' lang='lat' dir='ltr'><strong>doctrinam</strong></span> <span class='ocrx_word' id='word_1_410' title='bbox 330 1719 440 1753; x_wconf 88' lang='lat' dir='ltr'><strong>sectari,</strong></span> <span class='ocrx_word' id='word_1_411' title='bbox 454 1721 500 1754; x_wconf 90' lang='lat' dir='ltr'><strong>qui</strong></span> <span class='ocrx_word' id='word_1_412' title='bbox 518 1726 545 1748; x_wconf 88' lang='lat' dir='ltr'><strong>et</strong></span> <span class='ocrx_word' id='word_1_413' title='bbox 571 1721 620 1755; x_wconf 84' lang='lat' dir='ltr'><strong>ipsi</strong></span> <span class='ocrx_word' id='word_1_414' title='bbox 635 1722 835 1756; x_wconf 82' lang='lat' dir='ltr'><strong>permanserint</strong></span> <span class='ocrx_word' id='word_1_415' title='bbox 850 1731 946 1757; x_wconf 87' lang='lat' dir='ltr'><strong>pecea-</strong></span> 
     </span>
    </p>
   </div>
   <div class='ocr_carea' id='block_1_53' title="bbox 144 1765 948 1803">
    <p class='ocr_par' dir='ltr' id='par_1_53' title="bbox 144 1765 948 1803">
     <span class='ocr_line' id='line_1_53' title="bbox 144 1765 948 1803; baseline 0.009 -13"><span class='ocrx_word' id='word_1_416' title='bbox 144 1768 246 1797; x_wconf 17' lang='lat' dir='ltr'><strong>Vtores,</strong></span> <span class='ocrx_word' id='word_1_417' title='bbox 265 1769 292 1792; x_wconf 89' lang='lat' dir='ltr'><strong>et</strong></span> <span class='ocrx_word' id='word_1_418' title='bbox 304 1765 408 1792; x_wconf 88' lang='lat' dir='ltr'><strong>nullum</strong></span> <span class='ocrx_word' id='word_1_419' title='bbox 424 1767 599 1800; x_wconf 85' lang='lat' dir='ltr'><strong>peccantibus</strong></span> <span class='ocrx_word' id='word_1_420' title='bbox 627 1768 777 1795; x_wconf 89' lang='lat' dir='ltr'><strong>remedium</strong></span> <span class='ocrx_word' id='word_1_421' title='bbox 805 1769 948 1803; x_wconf 85' lang='lat' dir='ltr'><strong>providere</strong></span> 
     </span>
    </p>
   </div>
   <div class='ocr_carea' id='block_1_54' title="bbox 160 1810 949 1849">
    <p class='ocr_par' dir='ltr' id='par_1_54' title="bbox 160 1810 949 1849">
     <span class='ocr_line' id='line_1_54' title="bbox 160 1810 949 1849; baseline 0.009 -13"><span class='ocrx_word' id='word_1_422' title='bbox 160 1810 306 1844; x_wconf 85' lang='lat' dir='ltr'><strong>potuerint.</strong></span> <span class='ocrx_word' id='word_1_423' title='bbox 321 1810 395 1843; x_wconf 86' lang='lat' dir='ltr'><strong>Quos</strong></span> <span class='ocrx_word' id='word_1_424' title='bbox 406 1811 453 1846; x_wconf 90' lang='lat' dir='ltr'><strong>qui</strong></span> <span class='ocrx_word' id='word_1_425' title='bbox 467 1812 601 1846; x_wconf 84' lang='lat' dir='ltr'><strong>sequitur,</strong></span> <span class='ocrx_word' id='word_1_426' title='bbox 616 1813 712 1840; x_wconf 77' lang='lat' dir='ltr'><strong>lnedos</strong></span> <span class='ocrx_word' id='word_1_427' title='bbox 726 1814 819 1849; x_wconf 89' lang='lat' dir='ltr'><strong>utique</strong></span> <span class='ocrx_word' id='word_1_428' title='bbox 831 1815 876 1849; x_wconf 92' lang='lat' dir='ltr'><strong>qui</strong></span> <span class='ocrx_word' id='word_1_429' title='bbox 889 1823 949 1849; x_wconf 88' lang='lat' dir='ltr'><strong>pec-</strong></span> 
     </span>
    </p>
   </div>
   <div class='ocr_carea' id='block_1_55' title="bbox 161 1856 948 1895">
    <p class='ocr_par' dir='ltr' id='par_1_55' title="bbox 161 1856 948 1895">
     <span class='ocr_line' id='line_1_55' title="bbox 161 1856 948 1895; baseline 0.009 -13"><span class='ocrx_word' id='word_1_430' title='bbox 161 1860 284 1883; x_wconf 88' lang='lat' dir='ltr'><strong>catorum</strong></span> <span class='ocrx_word' id='word_1_431' title='bbox 294 1856 424 1884; x_wconf 84' lang='lat' dir='ltr'><strong>indicium</strong></span> <span class='ocrx_word' id='word_1_432' title='bbox 437 1862 538 1890; x_wconf 86' lang='lat' dir='ltr'><strong>tenent,</strong></span> <span class='ocrx_word' id='word_1_433' title='bbox 548 1858 682 1886; x_wconf 88' lang='lat' dir='ltr'><strong>videbitur</strong></span> <span class='ocrx_word' id='word_1_434' title='bbox 695 1867 816 1895; x_wconf 83' lang='lat' dir='ltr'><strong>pascere,</strong></span> <span class='ocrx_word' id='word_1_435' title='bbox 828 1861 948 1889; x_wconf 86' lang='lat' dir='ltr'><strong>circum-</strong></span> 
     </span>
    </p>
   </div>
   <div class='ocr_carea' id='block_1_56' title="bbox 160 1901 948 1938">
    <p class='ocr_par' dir='ltr' id='par_1_56' title="bbox 160 1901 948 1938">
     <span class='ocr_line' id='line_1_56' title="bbox 160 1901 948 1938; baseline 0.009 -10"><span class='ocrx_word' id='word_1_436' title='bbox 160 1901 219 1929; x_wconf 90' lang='lat' dir='ltr'><strong>iens</strong></span> <span class='ocrx_word' id='word_1_437' title='bbox 248 1902 422 1930; x_wconf 84' lang='lat' dir='ltr'><strong>tabernacula</strong></span> <span class='ocrx_word' id='word_1_438' title='bbox 446 1905 726 1938; x_wconf 87' lang='lat' dir='ltr'><strong>pastorum,diversas</strong></span> <span class='ocrx_word' id='word_1_439' title='bbox 740 1907 844 1935; x_wconf 87' lang='lat' dir='ltr'><strong>scilicet</strong></span> <span class='ocrx_word' id='word_1_440' title='bbox 859 1912 948 1935; x_wconf 84' lang='lat' dir='ltr'><strong>sectas</strong></span> 
     </span>
    </p>
   </div>
   <div class='ocr_carea' id='block_1_57' title="bbox 161 1947 949 1986">
    <p class='ocr_par' dir='ltr' id='par_1_57' title="bbox 161 1947 949 1986">
     <span class='ocr_line' id='line_1_57' title="bbox 161 1947 949 1986; baseline 0.008 -13"><span class='ocrx_word' id='word_1_441' title='bbox 161 1947 399 1982; x_wconf 86' lang='lat' dir='ltr'><strong>philosophorum.</strong></span> <span class='ocrx_word' id='word_1_442' title='bbox 421 1948 529 1976; x_wconf 75' lang='lat' dir='ltr'><strong>Intuere</strong></span> <span class='ocrx_word' id='word_1_443' title='bbox 549 1957 614 1985; x_wconf 86' lang='lat' dir='ltr'><strong>ergo</strong></span> <span class='ocrx_word' id='word_1_444' title='bbox 639 1949 746 1984; x_wconf 89' lang='lat' dir='ltr'><strong>plenius</strong></span> <span class='ocrx_word' id='word_1_445' title='bbox 772 1959 855 1986; x_wconf 87' lang='lat' dir='ltr'><strong>quam</strong></span> <span class='ocrx_word' id='word_1_446' title='bbox 870 1952 949 1979; x_wconf 84' lang='lat' dir='ltr'><strong>terri-</strong></span> 
     </span>
    </p>
   </div>
   <div class='ocr_carea' id='block_1_58' title="bbox 163 1992 949 2031">
    <p class='ocr_par' dir='ltr' id='par_1_58' title="bbox 163 1992 949 2031">
     <span class='ocr_line' id='line_1_58' title="bbox 163 1992 949 2031; baseline 0.006 -12"><span class='ocrx_word' id='word_1_447' title='bbox 163 1992 217 2020; x_wconf 90' lang='lat' dir='ltr'><strong>bile</strong></span> <span class='ocrx_word' id='word_1_448' title='bbox 230 1997 272 2021; x_wconf 86' lang='lat' dir='ltr'><strong>est</strong></span> <span class='ocrx_word' id='word_1_449' title='bbox 285 1994 357 2028; x_wconf 90' lang='lat' dir='ltr'><strong>quod</strong></span> <span class='ocrx_word' id='word_1_450' title='bbox 372 1994 423 2021; x_wconf 91' lang='lat' dir='ltr'><strong>sub</strong></span> <span class='ocrx_word' id='word_1_451' title='bbox 449 1994 501 2022; x_wconf 89' lang='lat' dir='ltr'><strong>hac</strong></span> <span class='ocrx_word' id='word_1_452' title='bbox 515 1995 695 2023; x_wconf 89' lang='lat' dir='ltr'><strong>adumbratur</strong></span> <span class='ocrx_word' id='word_1_453' title='bbox 711 1996 808 2031; x_wconf 82' lang='lat' dir='ltr'><strong>ﬁgura.</strong></span> <span class='ocrx_word' id='word_1_454' title='bbox 833 1996 895 2030; x_wconf 72' lang='lat' dir='ltr'><strong>Exi,</strong></span> <span class='ocrx_word' id='word_1_455' title='bbox 911 1998 949 2024; x_wconf 93' lang='lat' dir='ltr'><strong>in-</strong></span> 
     </span>
    </p>
   </div>
   <div class='ocr_carea' id='block_1_59' title="bbox 160 2037 950 2074">
    <p class='ocr_par' dir='ltr' id='par_1_59' title="bbox 160 2037 950 2074">
     <span class='ocr_line' id='line_1_59' title="bbox 160 2037 950 2074; baseline 0.004 -10"><span class='ocrx_word' id='word_1_456' title='bbox 160 2037 230 2072; x_wconf 83' lang='lat' dir='ltr'><strong>quit,</strong></span> <span class='ocrx_word' id='word_1_457' title='bbox 245 2042 273 2064; x_wconf 95' lang='lat' dir='ltr'><strong>tu</strong></span> <span class='ocrx_word' id='word_1_458' title='bbox 288 2039 314 2064; x_wconf 83' lang='lat' dir='ltr'><strong>in</strong></span> <span class='ocrx_word' id='word_1_459' title='bbox 332 2039 448 2074; x_wconf 80' lang='lat' dir='ltr'><strong>vestigiis</strong></span> <span class='ocrx_word' id='word_1_460' title='bbox 464 2047 581 2074; x_wconf 79' lang='lat' dir='ltr'><strong>gregum.</strong></span> <span class='ocrx_word' id='word_1_461' title='bbox 601 2039 684 2072; x_wconf 85' lang='lat' dir='ltr'><strong>Quasi</strong></span> <span class='ocrx_word' id='word_1_462' title='bbox 709 2039 741 2066; x_wconf 90' lang='lat' dir='ltr'><strong>ad</strong></span> <span class='ocrx_word' id='word_1_463' title='bbox 755 2048 815 2066; x_wconf 85' lang='lat' dir='ltr'><strong>eam</strong></span> <span class='ocrx_word' id='word_1_464' title='bbox 829 2040 950 2074; x_wconf 90' lang='lat' dir='ltr'><strong>loquitur</strong></span> 
     </span>
    </p>
   </div>
   <div class='ocr_carea' id='block_1_60' title="bbox 161 2083 950 2121">
    <p class='ocr_par' dir='ltr' id='par_1_60' title="bbox 161 2083 950 2121">
     <span class='ocr_line' id='line_1_60' title="bbox 161 2083 950 2121; baseline 0.004 -11"><span class='ocrx_word' id='word_1_465' title='bbox 161 2083 216 2118; x_wconf 78' lang='lat'><strong>59</strong></span> <span class='ocrx_word' id='word_1_466' title='bbox 231 2091 291 2118; x_wconf 60' lang='lat' dir='ltr'><strong>qua</strong></span> <span class='ocrx_word' id='word_1_467' title='bbox 319 2083 393 2111; x_wconf 90' lang='lat' dir='ltr'><strong>intus</strong></span> <span class='ocrx_word' id='word_1_468' title='bbox 415 2084 471 2118; x_wconf 90' lang='lat' dir='ltr'><strong>jam</strong></span> <span class='ocrx_word' id='word_1_469' title='bbox 495 2084 532 2111; x_wconf 90' lang='lat' dir='ltr'><strong>sit</strong></span> <span class='ocrx_word' id='word_1_470' title='bbox 556 2084 658 2116; x_wconf 85' lang='lat' dir='ltr'><strong>anima,</strong></span> <span class='ocrx_word' id='word_1_471' title='bbox 684 2089 711 2111; x_wconf 87' lang='lat' dir='ltr'><strong>et</strong></span> <span class='ocrx_word' id='word_1_472' title='bbox 733 2085 804 2112; x_wconf 90' lang='lat' dir='ltr'><strong>intra</strong></span> <span class='ocrx_word' id='word_1_473' title='bbox 822 2087 950 2121; x_wconf 80' lang='lat' dir='ltr'><strong>mysteria</strong></span> 
     </span>
    </p>
   </div>
   <div class='ocr_carea' id='block_1_61' title="bbox 161 2128 949 2166">
    <p class='ocr_par' dir='ltr' id='par_1_61' title="bbox 161 2128 949 2166">
     <span class='ocr_line' id='line_1_61' title="bbox 161 2128 949 2166; baseline 0.004 -11"><span class='ocrx_word' id='word_1_474' title='bbox 161 2128 314 2161; x_wconf 88' lang='lat' dir='ltr'><strong>collocata;</strong></span> <span class='ocrx_word' id='word_1_475' title='bbox 334 2136 383 2163; x_wconf 90' lang='lat' dir='ltr'><strong>pro</strong></span> <span class='ocrx_word' id='word_1_476' title='bbox 395 2137 428 2156; x_wconf 88' lang='lat' dir='ltr'><strong>eo</strong></span> <span class='ocrx_word' id='word_1_477' title='bbox 451 2134 541 2157; x_wconf 88' lang='lat' dir='ltr'><strong>tamen</strong></span> <span class='ocrx_word' id='word_1_478' title='bbox 558 2130 630 2164; x_wconf 90' lang='lat' dir='ltr'><strong>quod</strong></span> <span class='ocrx_word' id='word_1_479' title='bbox 642 2131 759 2165; x_wconf 83' lang='lat' dir='ltr'><strong>negligat</strong></span> <span class='ocrx_word' id='word_1_480' title='bbox 774 2131 949 2166; x_wconf 88' lang='lat' dir='ltr'><strong>semetipsam</strong></span> 
     </span>
    </p>
   </div>
   <div class='ocr_carea' id='block_1_62' title="bbox 162 2175 949 2211">
    <p class='ocr_par' dir='ltr' id='par_1_62' title="bbox 162 2175 949 2211">
     <span class='ocr_line' id='line_1_62' title="bbox 162 2175 949 2211; baseline 0.001 -9"><span class='ocrx_word' id='word_1_481' title='bbox 162 2181 328 2208; x_wconf 72' lang='lat' dir='ltr'><strong>cognoscere</strong></span> <span class='ocrx_word' id='word_1_482' title='bbox 350 2178 377 2201; x_wconf 92' lang='lat' dir='ltr'><strong>et</strong></span> <span class='ocrx_word' id='word_1_483' title='bbox 398 2175 540 2209; x_wconf 87' lang='lat' dir='ltr'><strong>requirere</strong></span> <span class='ocrx_word' id='word_1_484' title='bbox 555 2182 616 2209; x_wconf 81' lang='lat' dir='ltr'><strong>quae</strong></span> <span class='ocrx_word' id='word_1_485' title='bbox 631 2175 682 2208; x_wconf 89' lang='lat' dir='ltr'><strong>sit,</strong></span> <span class='ocrx_word' id='word_1_486' title='bbox 701 2179 728 2202; x_wconf 91' lang='lat' dir='ltr'><strong>et</strong></span> <span class='ocrx_word' id='word_1_487' title='bbox 744 2176 808 2210; x_wconf 89' lang='lat' dir='ltr'><strong>quid</strong></span> <span class='ocrx_word' id='word_1_488' title='bbox 824 2176 865 2203; x_wconf 90' lang='lat' dir='ltr'><strong>vel</strong></span> <span class='ocrx_word' id='word_1_489' title='bbox 882 2183 949 2211; x_wconf 91' lang='lat' dir='ltr'><strong>quo-</strong></span> 
     </span>
    </p>
   </div>
   <div class='ocr_carea' id='block_1_63' title="bbox 161 2220 950 2257">
    <p class='ocr_par' dir='ltr' id='par_1_63' title="bbox 161 2220 950 2257">
     <span class='ocr_line' id='line_1_63' title="bbox 161 2220 950 2257; baseline 0.003 -9"><span class='ocrx_word' id='word_1_490' title='bbox 161 2220 245 2248; x_wconf 88' lang='lat' dir='ltr'><strong>modo</strong></span> <span class='ocrx_word' id='word_1_491' title='bbox 272 2227 353 2255; x_wconf 84' lang='lat' dir='ltr'><strong>agere</strong></span> <span class='ocrx_word' id='word_1_492' title='bbox 384 2220 491 2253; x_wconf 87' lang='lat' dir='ltr'><strong>debeat,</strong></span> <span class='ocrx_word' id='word_1_493' title='bbox 512 2221 611 2255; x_wconf 85' lang='lat' dir='ltr'><strong>quidve</strong></span> <span class='ocrx_word' id='word_1_494' title='bbox 639 2229 693 2249; x_wconf 91' lang='lat' dir='ltr'><strong>non</strong></span> <span class='ocrx_word' id='word_1_495' title='bbox 723 2229 825 2257; x_wconf 83' lang='lat' dir='ltr'><strong>agere,</strong></span> <span class='ocrx_word' id='word_1_496' title='bbox 851 2222 950 2250; x_wconf 86' lang='lat' dir='ltr'><strong>dicitur</strong></span> 
     </span>
    </p>
   </div>
   <div class='ocr_carea' id='block_1_64' title="bbox 160 2265 950 2302">
    <p class='ocr_par' dir='ltr' id='par_1_64' title="bbox 160 2265 950 2302">
     <span class='ocr_line' id='line_1_64' title="bbox 160 2265 950 2302; baseline 0.001 -8"><span class='ocrx_word' id='word_1_497' title='bbox 160 2266 186 2294; x_wconf 82' lang='lat' dir='ltr'><strong>ei</strong></span> <span class='ocrx_word' id='word_1_498' title='bbox 203 2275 210 2293; x_wconf 86' lang='lat'>:</span> <span class='ocrx_word' id='word_1_499' title='bbox 229 2265 281 2292; x_wconf 67' lang='lat' dir='ltr'><strong>Emi</strong></span> <span class='ocrx_word' id='word_1_500' title='bbox 296 2271 335 2298; x_wconf 84' lang='lat' dir='ltr'><strong>tu,</strong></span> <span class='ocrx_word' id='word_1_501' title='bbox 350 2266 429 2301; x_wconf 88' lang='lat' dir='ltr'><strong>quasi</strong></span> <span class='ocrx_word' id='word_1_502' title='bbox 442 2274 502 2301; x_wconf 66' lang='lat' dir='ltr'><strong>quae</strong></span> <span class='ocrx_word' id='word_1_503' title='bbox 521 2267 556 2294; x_wconf 93' lang='lat' dir='ltr'><strong>oh</strong></span> <span class='ocrx_word' id='word_1_504' title='bbox 572 2267 642 2294; x_wconf 82' lang='lat' dir='ltr'><strong>hanc</strong></span> <span class='ocrx_word' id='word_1_505' title='bbox 656 2267 768 2295; x_wconf 69' lang='lat' dir='ltr'><strong>desidiae</strong></span> <span class='ocrx_word' id='word_1_506' title='bbox 783 2268 889 2302; x_wconf 88' lang='lat' dir='ltr'><strong>culpam</strong></span> <span class='ocrx_word' id='word_1_507' title='bbox 905 2267 950 2296; x_wconf 82' lang='lat' dir='ltr'><strong>fo-</strong></span> 
     </span>
    </p>
   </div>
   <div class='ocr_carea' id='block_1_65' title="bbox 161 2311 949 2348">
    <p class='ocr_par' dir='ltr' id='par_1_65' title="bbox 161 2311 949 2348">
     <span class='ocr_line' id='line_1_65' title="bbox 161 2311 949 2348; baseline 0.003 -10"><span class='ocrx_word' id='word_1_508' title='bbox 161 2319 209 2339; x_wconf 87' lang='lat' dir='ltr'><strong>ras</strong></span> <span class='ocrx_word' id='word_1_509' title='bbox 227 2311 350 2339; x_wconf 89' lang='lat' dir='ltr'><strong>mittatur</strong></span> <span class='ocrx_word' id='word_1_510' title='bbox 367 2311 401 2338; x_wconf 92' lang='lat' dir='ltr'><strong>ab</strong></span> <span class='ocrx_word' id='word_1_511' title='bbox 422 2319 455 2339; x_wconf 90' lang='lat' dir='ltr'><strong>eo</strong></span> <span class='ocrx_word' id='word_1_512' title='bbox 477 2312 523 2346; x_wconf 91' lang='lat' dir='ltr'><strong>qui</strong></span> <span class='ocrx_word' id='word_1_513' title='bbox 541 2317 649 2347; x_wconf 71' lang='lat' dir='ltr'><strong>prmest.</strong></span> <span class='ocrx_word' id='word_1_514' title='bbox 673 2313 718 2341; x_wconf 89' lang='lat' dir='ltr'><strong>Sic</strong></span> <span class='ocrx_word' id='word_1_515' title='bbox 741 2313 836 2348; x_wconf 88' lang='lat' dir='ltr'><strong>ingens</strong></span> <span class='ocrx_word' id='word_1_516' title='bbox 852 2314 949 2341; x_wconf 68' lang='lat' dir='ltr'><strong>anima:</strong></span> 
     </span>
    </p>
   </div>
   <div class='ocr_carea' id='block_1_66' title="bbox 161 2358 950 2395">
    <p class='ocr_par' dir='ltr' id='par_1_66' title="bbox 161 2358 950 2395">
     <span class='ocr_line' id='line_1_66' title="bbox 161 2358 950 2395; baseline 0.004 -11"><span class='ocrx_word' id='word_1_517' title='bbox 161 2358 312 2393; x_wconf 90' lang='lat' dir='ltr'><strong>periculum</strong></span> <span class='ocrx_word' id='word_1_518' title='bbox 335 2362 378 2385; x_wconf 81' lang='lat' dir='ltr'><strong>est</strong></span> <span class='ocrx_word' id='word_1_519' title='bbox 392 2358 534 2386; x_wconf 88' lang='lat' dir='ltr'><strong>scientiam</strong></span> <span class='ocrx_word' id='word_1_520' title='bbox 559 2358 602 2385; x_wconf 90' lang='lat' dir='ltr'><strong>sui</strong></span> <span class='ocrx_word' id='word_1_521' title='bbox 627 2359 849 2395; x_wconf 87' lang='lat' dir='ltr'><strong>agnitionemque</strong></span> <span class='ocrx_word' id='word_1_522' title='bbox 864 2360 950 2395; x_wconf 87' lang='lat' dir='ltr'><strong>negli-</strong></span> 
     </span>
    </p>
   </div>
   <div class='ocr_carea' id='block_1_67' title="bbox 161 2403 949 2440">
    <p class='ocr_par' dir='ltr' id='par_1_67' title="bbox 161 2403 949 2440">
     <span class='ocr_line' id='line_1_67' title="bbox 161 2403 949 2440; baseline 0.003 -8"><span class='ocrx_word' id='word_1_523' title='bbox 161 2412 235 2440; x_wconf 91' lang='lat' dir='ltr'><strong>gere.</strong></span> <span class='ocrx_word' id='word_1_524' title='bbox 255 2403 307 2431; x_wconf 89' lang='lat' dir='ltr'><strong>Sed</strong></span> <span class='ocrx_word' id='word_1_525' title='bbox 324 2404 439 2431; x_wconf 76' lang='lat' dir='ltr'><strong>fortasse</strong></span> <span class='ocrx_word' id='word_1_526' title='bbox 457 2404 519 2439; x_wconf 89' lang='lat' dir='ltr'><strong>quia</strong></span> <span class='ocrx_word' id='word_1_527' title='bbox 537 2405 671 2439; x_wconf 88' lang='lat' dir='ltr'><strong>duplicem</strong></span> <span class='ocrx_word' id='word_1_528' title='bbox 689 2406 885 2440; x_wconf 81' lang='lat' dir='ltr'><strong>expositionem</strong></span> <span class='ocrx_word' id='word_1_529' title='bbox 902 2407 949 2434; x_wconf 89' lang='lat' dir='ltr'><strong>de-</strong></span> 
     </span>
    </p>
   </div>
   <div class='ocr_carea' id='block_1_68' title="bbox 160 2450 948 2486">
    <p class='ocr_par' dir='ltr' id='par_1_68' title="bbox 160 2450 948 2486">
     <span class='ocr_line' id='line_1_68' title="bbox 160 2450 948 2486; baseline 0.001 -8"><span class='ocrx_word' id='word_1_530' title='bbox 160 2450 252 2478; x_wconf 81' lang='lat' dir='ltr'><strong>dimus</strong></span> <span class='ocrx_word' id='word_1_531' title='bbox 269 2450 416 2485; x_wconf 72' lang='lat' dir='ltr'><strong>agnitionis</strong></span> <span class='ocrx_word' id='word_1_532' title='bbox 435 2458 492 2478; x_wconf 73' lang='lat' dir='ltr'><strong>suae</strong></span> <span class='ocrx_word' id='word_1_533' title='bbox 504 2450 603 2478; x_wconf 74' lang='lat' dir='ltr'><strong>anima:</strong></span> <span class='ocrx_word' id='word_1_534' title='bbox 619 2451 755 2479; x_wconf 88' lang='lat' dir='ltr'><strong>videbitur</strong></span> <span class='ocrx_word' id='word_1_535' title='bbox 765 2452 883 2486; x_wconf 86' lang='lat' dir='ltr'><strong>cuipiam</strong></span> <span class='ocrx_word' id='word_1_536' title='bbox 902 2459 948 2479; x_wconf 88' lang='lat' dir='ltr'><strong>se-</strong></span> 
     </span>
    </p>
   </div>
   <div class='ocr_carea' id='block_1_69' title="bbox 161 2496 948 2530">
    <p class='ocr_par' dir='ltr' id='par_1_69' title="bbox 161 2496 948 2530">
     <span class='ocr_line' id='line_1_69' title="bbox 161 2496 948 2530; baseline 0.003 -8"><span class='ocrx_word' id='word_1_537' title='bbox 161 2496 282 2523; x_wconf 88' lang='lat' dir='ltr'><strong>cundum</strong></span> <span class='ocrx_word' id='word_1_538' title='bbox 296 2503 356 2523; x_wconf 87' lang='lat' dir='ltr'><strong>eam</strong></span> <span class='ocrx_word' id='word_1_539' title='bbox 371 2496 482 2530; x_wconf 80' lang='lat' dir='ltr'><strong>quidem</strong></span> <span class='ocrx_word' id='word_1_540' title='bbox 497 2504 558 2530; x_wconf 79' lang='lat' dir='ltr'><strong>qua:</strong></span> <span class='ocrx_word' id='word_1_541' title='bbox 573 2496 607 2523; x_wconf 86' lang='lat' dir='ltr'><strong>de</strong></span> <span class='ocrx_word' id='word_1_542' title='bbox 623 2496 746 2524; x_wconf 86' lang='lat' dir='ltr'><strong>moribus</strong></span> <span class='ocrx_word' id='word_1_543' title='bbox 758 2497 828 2524; x_wconf 87' lang='lat' dir='ltr'><strong>etde</strong></span> <span class='ocrx_word' id='word_1_544' title='bbox 841 2497 948 2524; x_wconf 87' lang='lat' dir='ltr'><strong>aclibus</strong></span> 
     </span>
    </p>
   </div>
   <div class='ocr_carea' id='block_1_70' title="bbox 161 2542 948 2577">
    <p class='ocr_par' dir='ltr' id='par_1_70' title="bbox 161 2542 948 2577">
     <span class='ocr_line' id='line_1_70' title="bbox 161 2542 948 2577; baseline 0 -7"><span class='ocrx_word' id='word_1_545' title='bbox 161 2542 219 2570; x_wconf 82' lang='lat' dir='ltr'><strong>suis</strong></span> <span class='ocrx_word' id='word_1_546' title='bbox 240 2542 376 2570; x_wconf 84' lang='lat' dir='ltr'><strong>discutere</strong></span> <span class='ocrx_word' id='word_1_547' title='bbox 398 2542 525 2577; x_wconf 86' lang='lat' dir='ltr'><strong>ncgligit,</strong></span> <span class='ocrx_word' id='word_1_548' title='bbox 542 2546 569 2568; x_wconf 92' lang='lat' dir='ltr'><strong>et</strong></span> <span class='ocrx_word' id='word_1_549' title='bbox 584 2542 722 2577; x_wconf 87' lang='lat' dir='ltr'><strong>inquirere</strong></span> <span class='ocrx_word' id='word_1_550' title='bbox 734 2543 766 2570; x_wconf 85' lang='lat' dir='ltr'><strong>de</strong></span> <span class='ocrx_word' id='word_1_551' title='bbox 780 2543 948 2577; x_wconf 82' lang='lat' dir='ltr'><strong>profectibus</strong></span> 
     </span>
    </p>
   </div>
   <div class='ocr_carea' id='block_1_71' title="bbox 161 2587 947 2622">
    <p class='ocr_par' dir='ltr' id='par_1_71' title="bbox 161 2587 947 2622">
     <span class='ocr_line' id='line_1_71' title="bbox 161 2587 947 2622; baseline -0.001 -7"><span class='ocrx_word' id='word_1_552' title='bbox 161 2587 229 2620; x_wconf 78' lang='lat' dir='ltr'><strong>suis,</strong></span> <span class='ocrx_word' id='word_1_553' title='bbox 250 2591 297 2614; x_wconf 88' lang='lat' dir='ltr'><strong>aut</strong></span> <span class='ocrx_word' id='word_1_554' title='bbox 309 2588 475 2622; x_wconf 83' lang='lat' dir='ltr'><strong>perscrutari</strong></span> <span class='ocrx_word' id='word_1_555' title='bbox 493 2588 526 2615; x_wconf 91' lang='lat' dir='ltr'><strong>de</strong></span> <span class='ocrx_word' id='word_1_556' title='bbox 539 2587 622 2620; x_wconf 83' lang='lat' dir='ltr'><strong>vitiis,</strong></span> <span class='ocrx_word' id='word_1_557' title='bbox 637 2589 734 2616; x_wconf 86' lang='lat' dir='ltr'><strong>merito</strong></span> <span class='ocrx_word' id='word_1_558' title='bbox 750 2589 776 2616; x_wconf 87' lang='lat' dir='ltr'><strong>ei</strong></span> <span class='ocrx_word' id='word_1_559' title='bbox 793 2589 845 2616; x_wconf 91' lang='lat' dir='ltr'><strong>diei</strong></span> <span class='ocrx_word' id='word_1_560' title='bbox 861 2598 866 2615; x_wconf 92' lang='lat'>:</span> <span class='ocrx_word' id='word_1_561' title='bbox 882 2588 947 2620; x_wconf 74' lang='lat' dir='ltr'><strong>Exi,</strong></span> 
     </span>
    </p>
   </div>
   <div class='ocr_carea' id='block_1_72' title="bbox 161 2632 947 2668">
    <p class='ocr_par' dir='ltr' id='par_1_72' title="bbox 161 2632 947 2668">
     <span class='ocr_line' id='line_1_72' title="bbox 161 2632 947 2668; baseline 0.001 -9"><span class='ocrx_word' id='word_1_562' title='bbox 161 2639 210 2666; x_wconf 84' lang='lat' dir='ltr'><strong>per</strong></span> <span class='ocrx_word' id='word_1_563' title='bbox 223 2632 296 2666; x_wconf 91' lang='lat' dir='ltr'><strong>quod</strong></span> <span class='ocrx_word' id='word_1_564' title='bbox 320 2633 445 2660; x_wconf 89' lang='lat' dir='ltr'><strong>videatur</strong></span> <span class='ocrx_word' id='word_1_565' title='bbox 457 2633 535 2667; x_wconf 85' lang='lat' dir='ltr'><strong>quasi</strong></span> <span class='ocrx_word' id='word_1_566' title='bbox 552 2633 586 2662; x_wconf 88' lang='lat' dir='ltr'><strong>dc</strong></span> <span class='ocrx_word' id='word_1_567' title='bbox 600 2634 777 2662; x_wconf 90' lang='lat' dir='ltr'><strong>interioribus</strong></span> <span class='ocrx_word' id='word_1_568' title='bbox 791 2633 865 2661; x_wconf 84' lang='lat' dir='ltr'><strong>foras</strong></span> <span class='ocrx_word' id='word_1_569' title='bbox 882 2641 947 2668; x_wconf 90' lang='lat' dir='ltr'><strong>pro-</strong></span> 
     </span>
    </p>
   </div>
   <div class='ocr_carea' id='block_1_73' title="bbox 164 2677 948 2713">
    <p class='ocr_par' dir='ltr' id='par_1_73' title="bbox 164 2677 948 2713">
     <span class='ocr_line' id='line_1_73' title="bbox 164 2677 948 2713; baseline 0.001 -9"><span class='ocrx_word' id='word_1_570' title='bbox 164 2678 235 2712; x_wconf 90' lang='lat' dir='ltr'><strong>pelli.</strong></span> <span class='ocrx_word' id='word_1_571' title='bbox 254 2677 284 2705; x_wconf 92' lang='lat' dir='ltr'><strong>Si</strong></span> <span class='ocrx_word' id='word_1_572' title='bbox 299 2687 363 2706; x_wconf 90' lang='lat' dir='ltr'><strong>vero</strong></span> <span class='ocrx_word' id='word_1_573' title='bbox 379 2679 530 2706; x_wconf 86' lang='lat' dir='ltr'><strong>secundum</strong></span> <span class='ocrx_word' id='word_1_574' title='bbox 542 2679 688 2707; x_wconf 56' lang='lat' dir='ltr'><strong>editiisnem</strong></span> <span class='ocrx_word' id='word_1_575' title='bbox 703 2680 797 2712; x_wconf 89' lang='lat' dir='ltr'><strong>aliam,</strong></span> <span class='ocrx_word' id='word_1_576' title='bbox 810 2687 864 2713; x_wconf 87' lang='lat' dir='ltr'><strong>qua</strong></span> <span class='ocrx_word' id='word_1_577' title='bbox 881 2679 948 2706; x_wconf 81' lang='lat' dir='ltr'><strong>(lixi-</strong></span> 
     </span>
    </p>
   </div>
   <div class='ocr_carea' id='block_1_74' title="bbox 198 2735 892 2772">
    <p class='ocr_par' dir='ltr' id='par_1_74' title="bbox 198 2735 892 2772">
     <span class='ocr_line' id='line_1_74' title="bbox 198 2735 892 2772; baseline 0.003 -9"><span class='ocrx_word' id='word_1_578' title='bbox 198 2736 220 2752; x_wconf 83' lang='lat'><strong>&quot;</strong></span> <span class='ocrx_word' id='word_1_579' title='bbox 234 2735 321 2764; x_wconf 78' lang='lat' dir='ltr'><strong>Levit.</strong></span> <span class='ocrx_word' id='word_1_580' title='bbox 341 2745 387 2770; x_wconf 79' lang='lat' dir='ltr'><strong>xx,</strong></span> <span class='ocrx_word' id='word_1_581' title='bbox 408 2737 458 2772; x_wconf 74' lang='lat'><strong>10;</strong></span> <span class='ocrx_word' id='word_1_582' title='bbox 479 2739 574 2772; x_wconf 65' lang='lat'><strong>“1,9.</strong></span> <span class='ocrx_word' id='word_1_583' title='bbox 613 2738 634 2754; x_wconf 77' lang='lat'><strong>“</strong></span> <span class='ocrx_word' id='word_1_584' title='bbox 646 2738 713 2766; x_wconf 85' lang='lat' dir='ltr'><strong>Gen.</strong></span> <span class='ocrx_word' id='word_1_585' title='bbox 731 2746 846 2770; x_wconf 74' lang='lat' dir='ltr'><strong>xxmn,</strong></span> <span class='ocrx_word' id='word_1_586' title='bbox 866 2737 892 2765; x_wconf 84' lang='lat'><strong>9.</strong></span> 
     </span>
    </p>
   </div>
   <div class='ocr_carea' id='block_1_75' title="bbox 200 2799 795 2846">
    <p class='ocr_par' dir='ltr' id='par_1_75' title="bbox 200 2799 795 2846">
     <span class='ocr_line' id='line_1_75' title="bbox 200 2799 795 2846; baseline -0.003 -3"><span class='ocrx_word' id='word_1_587' title='bbox 200 2813 256 2846; x_wconf 63' lang='lat'><strong>(50;</strong></span> <span class='ocrx_word' id='word_1_588' title='bbox 273 2813 332 2842; x_wconf 88' lang='lat' dir='ltr'><strong>Lib.</strong></span> <span class='ocrx_word' id='word_1_589' title='bbox 351 2815 413 2842; x_wconf 86' lang='lat' dir='ltr'><strong>editi</strong></span> <span class='ocrx_word' id='word_1_590' title='bbox 427 2799 567 2842; x_wconf 68' lang='lat' dir='ltr'><strong>:smluriw.</strong></span> <span class='ocrx_word' id='word_1_591' title='bbox 586 2815 650 2843; x_wconf 76' lang='lat' dir='ltr'><strong>Mss.</strong></span> <span class='ocrx_word' id='word_1_592' title='bbox 665 2803 795 2842; x_wconf 63' lang='grc' dir='ltr'>ιιοιιιιι-ιέιε,</span> 
     </span>
    </p>
   </div>
   <div class='ocr_carea' id='block_1_76' title="bbox 998 894 1787 930">
    <p class='ocr_par' dir='ltr' id='par_1_76' title="bbox 998 894 1787 930">
     <span class='ocr_line' id='line_1_76' title="bbox 998 894 1787 930; baseline 0.001 -10"><span class='ocrx_word' id='word_1_593' title='bbox 998 894 1115 921; x_wconf 88' lang='lat' dir='ltr'><strong>multum</strong></span> <span class='ocrx_word' id='word_1_594' title='bbox 1133 902 1167 921; x_wconf 81' lang='lat' dir='ltr'><strong>ex</strong></span> <span class='ocrx_word' id='word_1_595' title='bbox 1187 894 1227 922; x_wconf 89' lang='lat' dir='ltr'><strong>eis</strong></span> <span class='ocrx_word' id='word_1_596' title='bbox 1247 895 1376 930; x_wconf 78' lang='lat' dir='ltr'><strong>exigitur.</strong></span> <span class='ocrx_word' id='word_1_597' title='bbox 1398 895 1431 923; x_wconf 86' lang='lat' dir='ltr'><strong>Et</strong></span> <span class='ocrx_word' id='word_1_598' title='bbox 1448 895 1559 922; x_wconf 89' lang='lat' dir='ltr'><strong>humilis</strong></span> <span class='ocrx_word' id='word_1_599' title='bbox 1575 895 1683 930; x_wconf 88' lang='lat' dir='ltr'><strong>quidem</strong></span> <span class='ocrx_word' id='word_1_600' title='bbox 1705 895 1787 922; x_wconf 83' lang='lat' dir='ltr'><strong>venia</strong></span> 
     </span>
    </p>
   </div>
   <div class='ocr_carea' id='block_1_77' title="bbox 996 939 1789 976">
    <p class='ocr_par' dir='ltr' id='par_1_77' title="bbox 996 939 1789 976">
     <span class='ocr_line' id='line_1_77' title="bbox 996 939 1789 976; baseline 0.001 -10"><span class='ocrx_word' id='word_1_601' title='bbox 996 943 1024 966; x_wconf 90' lang='lat' dir='ltr'><strong>et</strong></span> <span class='ocrx_word' id='word_1_602' title='bbox 1040 939 1226 967; x_wconf 89' lang='lat' dir='ltr'><strong>misericordia</strong></span> <span class='ocrx_word' id='word_1_603' title='bbox 1247 939 1346 974; x_wconf 86' lang='lat' dir='ltr'><strong>dignus</strong></span> <span class='ocrx_word' id='word_1_604' title='bbox 1361 940 1414 968; x_wconf 84' lang='lat' dir='ltr'><strong>erit</strong></span> <span class='ocrx_word' id='word_1_605' title='bbox 1425 961 1432 973; x_wconf 91' lang='lat'><strong>,</strong></span> <span class='ocrx_word' id='word_1_606' title='bbox 1451 944 1574 975; x_wconf 86' lang='lat' dir='ltr'><strong>potentes</strong></span> <span class='ocrx_word' id='word_1_607' title='bbox 1586 945 1676 968; x_wconf 88' lang='lat' dir='ltr'><strong>autem</strong></span> <span class='ocrx_word' id='word_1_608' title='bbox 1689 945 1789 976; x_wconf 73' lang='lat' dir='ltr'><strong>potet:-</strong></span> 
     </span>
    </p>
   </div>
   <div class='ocr_carea' id='block_1_78' title="bbox 998 985 1789 1022">
    <p class='ocr_par' dir='ltr' id='par_1_78' title="bbox 998 985 1789 1022">
     <span class='ocr_line' id='line_1_78' title="bbox 998 985 1789 1022; baseline 0.003 -10"><span class='ocrx_word' id='word_1_609' title='bbox 998 989 1038 1012; x_wconf 88' lang='lat' dir='ltr'><strong>ler</strong></span> <span class='ocrx_word' id='word_1_610' title='bbox 1061 985 1268 1013; x_wconf 85' lang='lat' dir='ltr'><strong>cruciabuntur.</strong></span> <span class='ocrx_word' id='word_1_611' title='bbox 1298 985 1326 1012; x_wconf 87' lang='lat' dir='ltr'><strong>Si</strong></span> <span class='ocrx_word' id='word_1_612' title='bbox 1344 993 1408 1022; x_wconf 86' lang='lat' dir='ltr'><strong>ergo</strong></span> <span class='ocrx_word' id='word_1_613' title='bbox 1432 990 1458 1013; x_wconf 87' lang='lat' dir='ltr'><strong>et</strong></span> <span class='ocrx_word' id='word_1_614' title='bbox 1481 991 1509 1013; x_wconf 93' lang='lat' dir='ltr'><strong>tu</strong></span> <span class='ocrx_word' id='word_1_615' title='bbox 1532 986 1622 1013; x_wconf 89' lang='lat' dir='ltr'><strong>anima</strong></span> <span class='ocrx_word' id='word_1_616' title='bbox 1643 994 1705 1021; x_wconf 72' lang='lat' dir='ltr'><strong>qua:</strong></span> <span class='ocrx_word' id='word_1_617' title='bbox 1724 987 1789 1022; x_wconf 86' lang='lat' dir='ltr'><strong>pui-</strong></span> 
     </span>
    </p>
   </div>
   <div class='ocr_carea' id='block_1_79' title="bbox 997 1030 1788 1067">
    <p class='ocr_par' dir='ltr' id='par_1_79' title="bbox 997 1030 1788 1067">
     <span class='ocr_line' id='line_1_79' title="bbox 997 1030 1788 1067; baseline 0.003 -9"><span class='ocrx_word' id='word_1_618' title='bbox 997 1030 1090 1058; x_wconf 89' lang='lat' dir='ltr'><strong>chrior</strong></span> <span class='ocrx_word' id='word_1_619' title='bbox 1110 1038 1140 1058; x_wconf 89' lang='lat' dir='ltr'><strong>es</strong></span> <span class='ocrx_word' id='word_1_620' title='bbox 1160 1034 1188 1058; x_wconf 81' lang='lat' dir='ltr'><strong>et</strong></span> <span class='ocrx_word' id='word_1_621' title='bbox 1204 1031 1367 1059; x_wconf 86' lang='lat' dir='ltr'><strong>eminentior</strong></span> <span class='ocrx_word' id='word_1_622' title='bbox 1388 1031 1458 1058; x_wconf 91' lang='lat' dir='ltr'><strong>inter</strong></span> <span class='ocrx_word' id='word_1_623' title='bbox 1477 1036 1588 1060; x_wconf 67' lang='lat' dir='ltr'><strong>caeteras</strong></span> <span class='ocrx_word' id='word_1_624' title='bbox 1604 1032 1680 1059; x_wconf 89' lang='lat' dir='ltr'><strong>verbi</strong></span> <span class='ocrx_word' id='word_1_625' title='bbox 1699 1033 1788 1067; x_wconf 83' lang='lat' dir='ltr'><strong>gratia</strong></span> 
     </span>
    </p>
   </div>
   <div class='ocr_carea' id='block_1_80' title="bbox 997 1077 1788 1113">
    <p class='ocr_par' dir='ltr' id='par_1_80' title="bbox 997 1077 1788 1113">
     <span class='ocr_line' id='line_1_80' title="bbox 997 1077 1788 1113; baseline 0 -9"><span class='ocrx_word' id='word_1_626' title='bbox 997 1077 1140 1109; x_wconf 88' lang='lat' dir='ltr'><strong>doctrinis,</strong></span> <span class='ocrx_word' id='word_1_627' title='bbox 1170 1077 1291 1113; x_wconf 77' lang='lat' dir='ltr'><strong>negligas</strong></span> <span class='ocrx_word' id='word_1_628' title='bbox 1318 1077 1500 1112; x_wconf 88' lang='lat' dir='ltr'><strong>tcmetipsam,</strong></span> <span class='ocrx_word' id='word_1_629' title='bbox 1528 1078 1604 1104; x_wconf 89' lang='lat' dir='ltr'><strong>etin</strong></span> <span class='ocrx_word' id='word_1_630' title='bbox 1632 1077 1788 1112; x_wconf 79' lang='lat' dir='ltr'><strong>ignorantia</strong></span> 
     </span>
    </p>
   </div>
   <div class='ocr_carea' id='block_1_81' title="bbox 998 1123 1787 1158">
    <p class='ocr_par' dir='ltr' id='par_1_81' title="bbox 998 1123 1787 1158">
     <span class='ocr_line' id='line_1_81' title="bbox 998 1123 1787 1158; baseline 0.001 -8"><span class='ocrx_word' id='word_1_631' title='bbox 998 1123 1038 1150; x_wconf 87' lang='lat' dir='ltr'><strong>tui</strong></span> <span class='ocrx_word' id='word_1_632' title='bbox 1052 1131 1175 1155; x_wconf 87' lang='lat' dir='ltr'><strong>maneas,</strong></span> <span class='ocrx_word' id='word_1_633' title='bbox 1193 1123 1330 1158; x_wconf 89' lang='lat' dir='ltr'><strong>quomodo</strong></span> <span class='ocrx_word' id='word_1_634' title='bbox 1346 1127 1474 1158; x_wconf 89' lang='lat' dir='ltr'><strong>poterunt</strong></span> <span class='ocrx_word' id='word_1_635' title='bbox 1490 1124 1532 1151; x_wconf 82' lang='lat' dir='ltr'><strong>vel</strong></span> <span class='ocrx_word' id='word_1_636' title='bbox 1549 1123 1576 1150; x_wconf 94' lang='lat' dir='ltr'><strong>hi</strong></span> <span class='ocrx_word' id='word_1_637' title='bbox 1593 1124 1640 1158; x_wconf 90' lang='lat' dir='ltr'><strong>qui</strong></span> <span class='ocrx_word' id='word_1_638' title='bbox 1657 1124 1787 1151; x_wconf 72' lang='lat' dir='ltr'><strong>aediﬁcari</strong></span> 
     </span>
    </p>
   </div>
   <div class='ocr_carea' id='block_1_82' title="bbox 997 1168 1788 1204">
    <p class='ocr_par' dir='ltr' id='par_1_82' title="bbox 997 1168 1788 1204">
     <span class='ocr_line' id='line_1_82' title="bbox 997 1168 1788 1204; baseline 0 -8"><span class='ocrx_word' id='word_1_639' title='bbox 997 1168 1154 1196; x_wconf 86' lang='lat' dir='ltr'><strong>desiderant</strong></span> <span class='ocrx_word' id='word_1_640' title='bbox 1179 1168 1290 1200; x_wconf 85' lang='lat' dir='ltr'><strong>instrui,</strong></span> <span class='ocrx_word' id='word_1_641' title='bbox 1316 1169 1357 1196; x_wconf 84' lang='lat' dir='ltr'><strong>vel</strong></span> <span class='ocrx_word' id='word_1_642' title='bbox 1380 1169 1505 1196; x_wconf 81' lang='lat' dir='ltr'><strong>convinci</strong></span> <span class='ocrx_word' id='word_1_643' title='bbox 1519 1174 1545 1196; x_wconf 88' lang='lat' dir='ltr'><strong>et</strong></span> <span class='ocrx_word' id='word_1_644' title='bbox 1559 1169 1635 1204; x_wconf 87' lang='lat' dir='ltr'><strong>argui</strong></span> <span class='ocrx_word' id='word_1_645' title='bbox 1648 1170 1788 1197; x_wconf 75' lang='lat' dir='ltr'><strong>contradi-</strong></span> 
     </span>
    </p>
   </div>
   <div class='ocr_carea' id='block_1_83' title="bbox 998 1213 1788 1249">
    <p class='ocr_par' dir='ltr' id='par_1_83' title="bbox 998 1213 1788 1249">
     <span class='ocr_line' id='line_1_83' title="bbox 998 1213 1788 1249; baseline -0.003 -7"><span class='ocrx_word' id='word_1_646' title='bbox 998 1214 1109 1242; x_wconf 76' lang='lat' dir='ltr'><strong>centes?</strong></span> <span class='ocrx_word' id='word_1_647' title='bbox 1132 1213 1216 1249; x_wconf 86' lang='lat' dir='ltr'><strong>Digne</strong></span> <span class='ocrx_word' id='word_1_648' title='bbox 1233 1221 1298 1249; x_wconf 88' lang='lat' dir='ltr'><strong>ergo</strong></span> <span class='ocrx_word' id='word_1_649' title='bbox 1314 1221 1377 1242; x_wconf 89' lang='lat' dir='ltr'><strong>cum</strong></span> <span class='ocrx_word' id='word_1_650' title='bbox 1393 1214 1604 1242; x_wconf 89' lang='lat' dir='ltr'><strong>comminatione</strong></span> <span class='ocrx_word' id='word_1_651' title='bbox 1618 1214 1736 1248; x_wconf 89' lang='lat' dir='ltr'><strong>quadam</strong></span> <span class='ocrx_word' id='word_1_652' title='bbox 1753 1214 1788 1241; x_wconf 92' lang='lat' dir='ltr'><strong>ad</strong></span> 
     </span>
    </p>
   </div>
   <div class='ocr_carea' id='block_1_84' title="bbox 999 1260 1790 1295">
    <p class='ocr_par' dir='ltr' id='par_1_84' title="bbox 999 1260 1790 1295">
     <span class='ocr_line' id='line_1_84' title="bbox 999 1260 1790 1295; baseline 0.001 -8"><span class='ocrx_word' id='word_1_653' title='bbox 999 1268 1058 1288; x_wconf 86' lang='lat' dir='ltr'><strong>eam</strong></span> <span class='ocrx_word' id='word_1_654' title='bbox 1071 1261 1170 1287; x_wconf 87' lang='lat' dir='ltr'><strong>dicitur</strong></span> <span class='ocrx_word' id='word_1_655' title='bbox 1191 1269 1198 1287; x_wconf 86' lang='lat'><strong>:</strong></span> <span class='ocrx_word' id='word_1_656' title='bbox 1217 1260 1270 1286; x_wconf 61' lang='grc' dir='ltr'><em>ΕΜ</em></span> <span class='ocrx_word' id='word_1_657' title='bbox 1291 1265 1319 1286; x_wconf 84' lang='grc' dir='ltr'><strong>ιιι</strong></span> <span class='ocrx_word' id='word_1_658' title='bbox 1342 1261 1368 1286; x_wconf 74' lang='lat' dir='ltr'><strong>in</strong></span> <span class='ocrx_word' id='word_1_659' title='bbox 1389 1260 1503 1294; x_wconf 72' lang='lat' dir='ltr'><strong>vestigiis</strong></span> <span class='ocrx_word' id='word_1_660' title='bbox 1529 1268 1646 1295; x_wconf 82' lang='lat' dir='ltr'><strong>gregum,</strong></span> <span class='ocrx_word' id='word_1_661' title='bbox 1661 1264 1686 1287; x_wconf 81' lang='lat' dir='ltr'><strong>et</strong></span> <span class='ocrx_word' id='word_1_662' title='bbox 1710 1267 1790 1295; x_wconf 70' lang='lat' dir='ltr'><strong>pasce</strong></span> 
     </span>
    </p>
   </div>
   <div class='ocr_carea' id='block_1_85' title="bbox 1001 1305 1561 1341">
    <p class='ocr_par' dir='ltr' id='par_1_85' title="bbox 1001 1305 1561 1341">
     <span class='ocr_line' id='line_1_85' title="bbox 1001 1305 1561 1341; baseline -0.002 -8"><span class='ocrx_word' id='word_1_663' title='bbox 1001 1307 1089 1334; x_wconf 60' lang='lat' dir='ltr'><strong>laedas</strong></span> <span class='ocrx_word' id='word_1_664' title='bbox 1106 1311 1163 1333; x_wconf 82' lang='lat' dir='ltr'><strong>tuos</strong></span> <span class='ocrx_word' id='word_1_665' title='bbox 1179 1307 1206 1333; x_wconf 78' lang='lat' dir='ltr'><strong>iu</strong></span> <span class='ocrx_word' id='word_1_666' title='bbox 1220 1305 1396 1335; x_wconf 74' lang='lat' dir='ltr'><strong>tabernaculis</strong></span> <span class='ocrx_word' id='word_1_667' title='bbox 1415 1310 1561 1341; x_wconf 76' lang='lat' dir='ltr'><strong>pastorum.</strong></span> 
     </span>
    </p>
   </div>
   <div class='ocr_carea' id='block_1_86' title="bbox 1035 1351 1789 1388">
    <p class='ocr_par' dir='ltr' id='par_1_86' title="bbox 1035 1351 1789 1388">
     <span class='ocr_line' id='line_1_86' title="bbox 1035 1351 1789 1388; baseline 0 -8"><span class='ocrx_word' id='word_1_668' title='bbox 1035 1353 1128 1380; x_wconf 80' lang='lat' dir='ltr'><strong>Potest</strong></span> <span class='ocrx_word' id='word_1_669' title='bbox 1137 1353 1170 1380; x_wconf 92' lang='lat' dir='ltr'><strong>ad</strong></span> <span class='ocrx_word' id='word_1_670' title='bbox 1185 1353 1236 1380; x_wconf 92' lang='lat' dir='ltr'><strong>hoc</strong></span> <span class='ocrx_word' id='word_1_671' title='bbox 1250 1353 1319 1380; x_wconf 88' lang='lat' dir='ltr'><strong>trahi</strong></span> <span class='ocrx_word' id='word_1_672' title='bbox 1335 1353 1416 1380; x_wconf 81' lang='lat' dir='ltr'><strong>etiam</strong></span> <span class='ocrx_word' id='word_1_673' title='bbox 1432 1353 1498 1380; x_wconf 90' lang='lat' dir='ltr'><strong>illud</strong></span> <span class='ocrx_word' id='word_1_674' title='bbox 1515 1353 1587 1388; x_wconf 91' lang='lat' dir='ltr'><strong>quod</strong></span> <span class='ocrx_word' id='word_1_675' title='bbox 1598 1351 1705 1388; x_wconf 75' lang='lat' dir='ltr'><strong>Moyses</strong></span> <span class='ocrx_word' id='word_1_676' title='bbox 1716 1353 1789 1381; x_wconf 87' lang='lat' dir='ltr'><strong>scri-</strong></span> 
     </span>
    </p>
   </div>
   <div class='ocr_carea' id='block_1_87' title="bbox 1000 1396 1788 1432">
    <p class='ocr_par' dir='ltr' id='par_1_87' title="bbox 1000 1396 1788 1432">
     <span class='ocr_line' id='line_1_87' title="bbox 1000 1396 1788 1432; baseline 0 -8"><span class='ocrx_word' id='word_1_677' title='bbox 1000 1397 1061 1424; x_wconf 92' lang='lat' dir='ltr'><strong>bit:</strong></span> <span class='ocrx_word' id='word_1_678' title='bbox 1078 1396 1155 1430; x_wconf 86' lang='lat' dir='ltr'><strong>Quod</strong></span> <span class='ocrx_word' id='word_1_679' title='bbox 1177 1397 1200 1424; x_wconf 90' lang='lat' dir='ltr'><strong>si</strong></span> <span class='ocrx_word' id='word_1_680' title='bbox 1222 1405 1277 1432; x_wconf 83' lang='lat' dir='ltr'><strong>qua</strong></span> <span class='ocrx_word' id='word_1_681' title='bbox 1300 1396 1448 1424; x_wconf 83' lang='lat' dir='ltr'><strong>Israelitica</strong></span> <span class='ocrx_word' id='word_1_682' title='bbox 1468 1398 1566 1424; x_wconf 88' lang='lat' dir='ltr'><strong>mulier</strong></span> <span class='ocrx_word' id='word_1_683' title='bbox 1583 1397 1788 1431; x_wconf 86' lang='lat' dir='ltr'><strong>adulteraverit,</strong></span> 
     </span>
    </p>
   </div>
   <div class='ocr_carea' id='block_1_88' title="bbox 1001 1443 1789 1479">
    <p class='ocr_par' dir='ltr' id='par_1_88' title="bbox 1001 1443 1789 1479">
     <span class='ocr_line' id='line_1_88' title="bbox 1001 1443 1789 1479; baseline 0 -9"><span class='ocrx_word' id='word_1_684' title='bbox 1001 1443 1155 1479; x_wconf 87' lang='lat' dir='ltr'><strong>lapidetur;</strong></span> <span class='ocrx_word' id='word_1_685' title='bbox 1181 1443 1204 1470; x_wconf 92' lang='lat' dir='ltr'><strong>si</strong></span> <span class='ocrx_word' id='word_1_686' title='bbox 1229 1451 1293 1470; x_wconf 90' lang='lat' dir='ltr'><strong>vero</strong></span> <span class='ocrx_word' id='word_1_687' title='bbox 1311 1443 1364 1471; x_wconf 84' lang='lat' dir='ltr'><strong>tilia</strong></span> <span class='ocrx_word' id='word_1_688' title='bbox 1381 1443 1542 1478; x_wconf 84' lang='lat' dir='ltr'><strong>sacerdotis,</strong></span> <span class='ocrx_word' id='word_1_689' title='bbox 1565 1443 1674 1479; x_wconf 81' lang='lat' dir='ltr'><strong>ignibus</strong></span> <span class='ocrx_word' id='word_1_690' title='bbox 1687 1451 1789 1471; x_wconf 48' lang='lat' dir='ltr'><strong>exora-</strong></span> 
     </span>
    </p>
   </div>
   <div class='ocr_carea' id='block_1_89' title="bbox 1003 1488 1789 1524">
    <p class='ocr_par' dir='ltr' id='par_1_89' title="bbox 1003 1488 1789 1524">
     <span class='ocr_line' id='line_1_89' title="bbox 1003 1488 1789 1524; baseline 0 -8"><span class='ocrx_word' id='word_1_691' title='bbox 1003 1493 1047 1516; x_wconf 89' lang='lat' dir='ltr'><strong>tur</strong></span> <span class='ocrx_word' id='word_1_692' title='bbox 1058 1489 1090 1516; x_wconf 80' lang='grc'><strong>⁸⁸.</strong></span> <span class='ocrx_word' id='word_1_693' title='bbox 1113 1489 1159 1516; x_wconf 83' lang='lat' dir='ltr'><strong>Sic</strong></span> <span class='ocrx_word' id='word_1_694' title='bbox 1173 1497 1238 1524; x_wconf 88' lang='lat' dir='ltr'><strong>ergo</strong></span> <span class='ocrx_word' id='word_1_695' title='bbox 1252 1489 1328 1524; x_wconf 88' lang='lat' dir='ltr'><strong>justa</strong></span> <span class='ocrx_word' id='word_1_696' title='bbox 1342 1489 1478 1516; x_wconf 91' lang='lat' dir='ltr'><strong>videbitur</strong></span> <span class='ocrx_word' id='word_1_697' title='bbox 1492 1496 1553 1517; x_wconf 91' lang='lat' dir='ltr'><strong>esse</strong></span> <span class='ocrx_word' id='word_1_698' title='bbox 1566 1489 1743 1517; x_wconf 89' lang='lat' dir='ltr'><strong>comminatio</strong></span> <span class='ocrx_word' id='word_1_699' title='bbox 1759 1488 1789 1516; x_wconf 88' lang='lat' dir='ltr'><strong>in</strong></span> 
     </span>
    </p>
   </div>
   <div class='ocr_carea' id='block_1_90' title="bbox 998 1534 1789 1569">
    <p class='ocr_par' dir='ltr' id='par_1_90' title="bbox 998 1534 1789 1569">
     <span class='ocr_line' id='line_1_90' title="bbox 998 1534 1789 1569; baseline -0.003 -7"><span class='ocrx_word' id='word_1_700' title='bbox 998 1542 1046 1562; x_wconf 90' lang='lat' dir='ltr'><strong>cos</strong></span> <span class='ocrx_word' id='word_1_701' title='bbox 1072 1534 1118 1569; x_wconf 93' lang='lat' dir='ltr'><strong>qui</strong></span> <span class='ocrx_word' id='word_1_702' title='bbox 1145 1542 1259 1569; x_wconf 84' lang='lat' dir='ltr'><strong>capaces</strong></span> <span class='ocrx_word' id='word_1_703' title='bbox 1283 1541 1343 1562; x_wconf 85' lang='lat' dir='ltr'><strong>esse</strong></span> <span class='ocrx_word' id='word_1_704' title='bbox 1367 1538 1483 1569; x_wconf 89' lang='lat' dir='ltr'><strong>possunt</strong></span> <span class='ocrx_word' id='word_1_705' title='bbox 1509 1534 1542 1561; x_wconf 89' lang='lat' dir='ltr'><strong>ad</strong></span> <span class='ocrx_word' id='word_1_706' title='bbox 1571 1534 1736 1569; x_wconf 80' lang='lat' dir='ltr'><strong>agnitionem</strong></span> <span class='ocrx_word' id='word_1_707' title='bbox 1761 1538 1789 1561; x_wconf 84' lang='lat' dir='ltr'><strong>et</strong></span> 
     </span>
    </p>
   </div>
   <div class='ocr_carea' id='block_1_91' title="bbox 998 1580 1790 1616">
    <p class='ocr_par' dir='ltr' id='par_1_91' title="bbox 998 1580 1790 1616">
     <span class='ocr_line' id='line_1_91' title="bbox 998 1580 1790 1616; baseline -0.003 -8"><span class='ocrx_word' id='word_1_708' title='bbox 998 1580 1153 1613; x_wconf 84' lang='lat' dir='ltr'><strong>scientiam,</strong></span> <span class='ocrx_word' id='word_1_709' title='bbox 1177 1581 1225 1608; x_wconf 91' lang='lat' dir='ltr'><strong>sed</strong></span> <span class='ocrx_word' id='word_1_710' title='bbox 1241 1587 1290 1615; x_wconf 88' lang='lat' dir='ltr'><strong>per</strong></span> <span class='ocrx_word' id='word_1_711' title='bbox 1304 1580 1436 1608; x_wconf 88' lang='lat' dir='ltr'><strong>desidiam</strong></span> <span class='ocrx_word' id='word_1_712' title='bbox 1454 1580 1607 1616; x_wconf 81' lang='lat' dir='ltr'><strong>negligunt;</strong></span> <span class='ocrx_word' id='word_1_713' title='bbox 1620 1580 1647 1607; x_wconf 93' lang='lat' dir='ltr'><strong>in</strong></span> <span class='ocrx_word' id='word_1_714' title='bbox 1661 1588 1732 1615; x_wconf 89' lang='lat' dir='ltr'><strong>quos</strong></span> <span class='ocrx_word' id='word_1_715' title='bbox 1744 1581 1790 1615; x_wconf 79' lang='lat' dir='ltr'><strong>ju-</strong></span> 
     </span>
    </p>
   </div>
   <div class='ocr_carea' id='block_1_92' title="bbox 999 1625 1790 1661">
    <p class='ocr_par' dir='ltr' id='par_1_92' title="bbox 999 1625 1790 1661">
     <span class='ocr_line' id='line_1_92' title="bbox 999 1625 1790 1661; baseline -0.001 -7"><span class='ocrx_word' id='word_1_716' title='bbox 999 1626 1120 1654; x_wconf 86' lang='lat' dir='ltr'><strong>stissima</strong></span> <span class='ocrx_word' id='word_1_717' title='bbox 1140 1625 1291 1660; x_wconf 86' lang='lat' dir='ltr'><strong>indignatio</strong></span> <span class='ocrx_word' id='word_1_718' title='bbox 1309 1626 1402 1661; x_wconf 82' lang='lat' dir='ltr'><strong>sponsi</strong></span> <span class='ocrx_word' id='word_1_719' title='bbox 1424 1630 1475 1657; x_wconf 86' lang='lat' dir='ltr'><strong>est,</strong></span> <span class='ocrx_word' id='word_1_720' title='bbox 1493 1625 1556 1661; x_wconf 84' lang='lat' dir='ltr'><strong>quia</strong></span> <span class='ocrx_word' id='word_1_721' title='bbox 1572 1625 1624 1652; x_wconf 90' lang='lat' dir='ltr'><strong>scit</strong></span> <span class='ocrx_word' id='word_1_722' title='bbox 1644 1626 1725 1653; x_wconf 88' lang='lat' dir='ltr'><strong>unius</strong></span> <span class='ocrx_word' id='word_1_723' title='bbox 1740 1634 1790 1653; x_wconf 92' lang='lat' dir='ltr'><strong>nc-</strong></span> 
     </span>
    </p>
   </div>
   <div class='ocr_carea' id='block_1_93' title="bbox 1000 1670 1790 1707">
    <p class='ocr_par' dir='ltr' id='par_1_93' title="bbox 1000 1670 1790 1707">
     <span class='ocr_line' id='line_1_93' title="bbox 1000 1670 1790 1707; baseline 0.001 -9"><span class='ocrx_word' id='word_1_724' title='bbox 1000 1672 1155 1707; x_wconf 81' lang='lat' dir='ltr'><strong>gligentiam</strong></span> <span class='ocrx_word' id='word_1_725' title='bbox 1180 1671 1274 1699; x_wconf 88' lang='lat' dir='ltr'><strong>cedere</strong></span> <span class='ocrx_word' id='word_1_726' title='bbox 1307 1671 1341 1699; x_wconf 85' lang='lat' dir='ltr'><strong>ad</strong></span> <span class='ocrx_word' id='word_1_727' title='bbox 1368 1671 1468 1699; x_wconf 88' lang='lat' dir='ltr'><strong>damna</strong></span> <span class='ocrx_word' id='word_1_728' title='bbox 1493 1671 1650 1698; x_wconf 90' lang='lat' dir='ltr'><strong>multorum.</strong></span> <span class='ocrx_word' id='word_1_729' title='bbox 1685 1670 1790 1699; x_wconf 86' lang='lat' dir='ltr'><strong>Similis</strong></span> 
     </span>
    </p>
   </div>
   <div class='ocr_carea' id='block_1_94' title="bbox 1000 1716 1789 1752">
    <p class='ocr_par' dir='ltr' id='par_1_94' title="bbox 1000 1716 1789 1752">
     <span class='ocr_line' id='line_1_94' title="bbox 1000 1716 1789 1752; baseline 0 -8"><span class='ocrx_word' id='word_1_730' title='bbox 1000 1718 1072 1745; x_wconf 90' lang='lat' dir='ltr'><strong>enim</strong></span> <span class='ocrx_word' id='word_1_731' title='bbox 1085 1717 1221 1744; x_wconf 86' lang='lat' dir='ltr'><strong>videbitur</strong></span> <span class='ocrx_word' id='word_1_732' title='bbox 1237 1717 1394 1752; x_wconf 88' lang='lat' dir='ltr'><strong>bujusmodi</strong></span> <span class='ocrx_word' id='word_1_733' title='bbox 1409 1717 1517 1748; x_wconf 85' lang='lat' dir='ltr'><strong>anima,</strong></span> <span class='ocrx_word' id='word_1_734' title='bbox 1534 1716 1576 1744; x_wconf 90' lang='lat' dir='ltr'><strong>vel</strong></span> <span class='ocrx_word' id='word_1_735' title='bbox 1587 1717 1631 1752; x_wconf 79' lang='lat' dir='ltr'><strong>illi</strong></span> <span class='ocrx_word' id='word_1_736' title='bbox 1647 1725 1693 1751; x_wconf 81' lang='lat' dir='ltr'><strong>qui</strong></span> <span class='ocrx_word' id='word_1_737' title='bbox 1710 1725 1789 1744; x_wconf 85' lang='lat' dir='ltr'><strong>acce-</strong></span> 
     </span>
    </p>
   </div>
   <div class='ocr_carea' id='block_1_95' title="bbox 1000 1763 1791 1799">
    <p class='ocr_par' dir='ltr' id='par_1_95' title="bbox 1000 1763 1791 1799">
     <span class='ocr_line' id='line_1_95' title="bbox 1000 1763 1791 1799; baseline -0.001 -9"><span class='ocrx_word' id='word_1_738' title='bbox 1000 1768 1078 1799; x_wconf 87' lang='lat' dir='ltr'><strong>ptum</strong></span> <span class='ocrx_word' id='word_1_739' title='bbox 1097 1763 1240 1791; x_wconf 85' lang='lat' dir='ltr'><strong>denarium</strong></span> <span class='ocrx_word' id='word_1_740' title='bbox 1256 1763 1400 1790; x_wconf 90' lang='lat' dir='ltr'><strong>abscondit</strong></span> <span class='ocrx_word' id='word_1_741' title='bbox 1416 1763 1443 1790; x_wconf 91' lang='lat' dir='ltr'><strong>in</strong></span> <span class='ocrx_word' id='word_1_742' title='bbox 1467 1767 1582 1796; x_wconf 86' lang='lat' dir='ltr'><strong>terram,</strong></span> <span class='ocrx_word' id='word_1_743' title='bbox 1605 1770 1638 1790; x_wconf 91' lang='lat' dir='ltr'><strong>ne</strong></span> <span class='ocrx_word' id='word_1_744' title='bbox 1654 1763 1722 1790; x_wconf 87' lang='lat' dir='ltr'><strong>lucri</strong></span> <span class='ocrx_word' id='word_1_745' title='bbox 1738 1763 1791 1790; x_wconf 89' lang='lat' dir='ltr'><strong>ali-</strong></span> 
     </span>
    </p>
   </div>
   <div class='ocr_carea' id='block_1_96' title="bbox 999 1809 1791 1845">
    <p class='ocr_par' dir='ltr' id='par_1_96' title="bbox 999 1809 1791 1845">
     <span class='ocr_line' id='line_1_96' title="bbox 999 1809 1791 1845; baseline 0 -9"><span class='ocrx_word' id='word_1_746' title='bbox 999 1809 1065 1844; x_wconf 89' lang='lat' dir='ltr'><strong>quid</strong></span> <span class='ocrx_word' id='word_1_747' title='bbox 1080 1817 1112 1836; x_wconf 82' lang='lat' dir='ltr'><strong>ex</strong></span> <span class='ocrx_word' id='word_1_748' title='bbox 1133 1817 1173 1836; x_wconf 47' lang='lat' dir='ltr'><strong>eo.</strong></span> <span class='ocrx_word' id='word_1_749' title='bbox 1192 1809 1315 1844; x_wconf 80' lang='lat' dir='ltr'><strong>pecuniae</strong></span> <span class='ocrx_word' id='word_1_750' title='bbox 1337 1809 1464 1837; x_wconf 90' lang='lat' dir='ltr'><strong>dominus</strong></span> <span class='ocrx_word' id='word_1_751' title='bbox 1481 1810 1651 1845; x_wconf 78' lang='lat' dir='ltr'><strong>acquireret;</strong></span> <span class='ocrx_word' id='word_1_752' title='bbox 1677 1809 1721 1837; x_wconf 82' lang='lat' dir='ltr'><strong>vel</strong></span> <span class='ocrx_word' id='word_1_753' title='bbox 1750 1810 1791 1837; x_wconf 91' lang='lat' dir='ltr'><strong>illi</strong></span> 
     </span>
    </p>
   </div>
   <div class='ocr_carea' id='block_1_97' title="bbox 999 1855 1790 1891">
    <p class='ocr_par' dir='ltr' id='par_1_97' title="bbox 999 1855 1790 1891">
     <span class='ocr_line' id='line_1_97' title="bbox 999 1855 1790 1891; baseline 0 -9"><span class='ocrx_word' id='word_1_754' title='bbox 999 1863 1081 1891; x_wconf 89' lang='lat' dir='ltr'><strong>quem</strong></span> <span class='ocrx_word' id='word_1_755' title='bbox 1098 1855 1233 1882; x_wconf 87' lang='lat' dir='ltr'><strong>occidisse</strong></span> <span class='ocrx_word' id='word_1_756' title='bbox 1259 1855 1360 1883; x_wconf 90' lang='lat' dir='ltr'><strong>dicitur</strong></span> <span class='ocrx_word' id='word_1_757' title='bbox 1385 1856 1467 1888; x_wconf 89' lang='lat' dir='ltr'><strong>Deus,</strong></span> <span class='ocrx_word' id='word_1_758' title='bbox 1484 1856 1531 1890; x_wconf 92' lang='lat' dir='ltr'><strong>qui</strong></span> <span class='ocrx_word' id='word_1_759' title='bbox 1558 1855 1694 1890; x_wconf 90' lang='lat' dir='ltr'><strong>malignus</strong></span> <span class='ocrx_word' id='word_1_760' title='bbox 1717 1859 1790 1888; x_wconf 89' lang='lat' dir='ltr'><strong>erat,</strong></span> 
     </span>
    </p>
   </div>
   <div class='ocr_carea' id='block_1_98' title="bbox 999 1901 1792 1936">
    <p class='ocr_par' dir='ltr' id='par_1_98' title="bbox 999 1901 1792 1936">
     <span class='ocr_line' id='line_1_98' title="bbox 999 1901 1792 1936; baseline -0.001 -7"><span class='ocrx_word' id='word_1_761' title='bbox 999 1901 1077 1929; x_wconf 85' lang='lat' dir='ltr'><strong>Onan</strong></span> <span class='ocrx_word' id='word_1_762' title='bbox 1101 1901 1143 1928; x_wconf 89' lang='lat' dir='ltr'><strong>vel</strong></span> <span class='ocrx_word' id='word_1_763' title='bbox 1159 1901 1212 1928; x_wconf 86' lang='lat' dir='ltr'><strong>Her</strong></span> <span class='ocrx_word' id='word_1_764' title='bbox 1226 1901 1340 1934; x_wconf 85' lang='lat' dir='ltr'><strong>scilicet,</strong></span> <span class='ocrx_word' id='word_1_765' title='bbox 1364 1901 1411 1936; x_wconf 92' lang='lat' dir='ltr'><strong>qui</strong></span> <span class='ocrx_word' id='word_1_766' title='bbox 1424 1906 1533 1936; x_wconf 87' lang='lat' dir='ltr'><strong>accepta</strong></span> <span class='ocrx_word' id='word_1_767' title='bbox 1547 1902 1650 1929; x_wconf 88' lang='lat' dir='ltr'><strong>semina</strong></span> <span class='ocrx_word' id='word_1_768' title='bbox 1668 1901 1792 1929; x_wconf 74' lang='lat' dir='ltr'><strong>scientiae</strong></span> 
     </span>
    </p>
   </div>
   <div class='ocr_carea' id='block_1_99' title="bbox 999 1946 1790 1982">
    <p class='ocr_par' dir='ltr' id='par_1_99' title="bbox 999 1946 1790 1982">
     <span class='ocr_line' id='line_1_99' title="bbox 999 1946 1790 1982; baseline 0.001 -9"><span class='ocrx_word' id='word_1_769' title='bbox 999 1946 1133 1974; x_wconf 89' lang='lat' dir='ltr'><strong>naturalis</strong></span> <span class='ocrx_word' id='word_1_770' title='bbox 1148 1946 1298 1981; x_wconf 87' lang='lat' dir='ltr'><strong>posteritati</strong></span> <span class='ocrx_word' id='word_1_771' title='bbox 1313 1946 1436 1974; x_wconf 89' lang='lat' dir='ltr'><strong>invidens</strong></span> <span class='ocrx_word' id='word_1_772' title='bbox 1445 1947 1625 1982; x_wconf 88' lang='lat' dir='ltr'><strong>profundebat</strong></span> <span class='ocrx_word' id='word_1_773' title='bbox 1635 1947 1661 1974; x_wconf 87' lang='lat' dir='ltr'><strong>in</strong></span> <span class='ocrx_word' id='word_1_774' title='bbox 1675 1951 1745 1974; x_wconf 87' lang='lat' dir='ltr'><strong>terra</strong></span> <span class='ocrx_word' id='word_1_775' title='bbox 1754 1947 1790 1974; x_wconf 75' lang='lat'><strong>&quot;.</strong></span> 
     </span>
    </p>
   </div>
   <div class='ocr_carea' id='block_1_100' title="bbox 999 1990 1791 2026">
    <p class='ocr_par' dir='ltr' id='par_1_100' title="bbox 999 1990 1791 2026">
     <span class='ocr_line' id='line_1_100' title="bbox 999 1990 1791 2026; baseline 0.001 -8"><span class='ocrx_word' id='word_1_776' title='bbox 999 1990 1128 2018; x_wconf 87' lang='lat' dir='ltr'><strong>Pastores</strong></span> <span class='ocrx_word' id='word_1_777' title='bbox 1145 1998 1254 2026; x_wconf 89' lang='lat' dir='ltr'><strong>quoque</strong></span> <span class='ocrx_word' id='word_1_778' title='bbox 1266 2011 1273 2024; x_wconf 93' lang='lat'><strong>,</strong></span> <span class='ocrx_word' id='word_1_779' title='bbox 1289 1990 1360 2018; x_wconf 86' lang='lat' dir='ltr'><strong>sicut</strong></span> <span class='ocrx_word' id='word_1_780' title='bbox 1371 1995 1398 2018; x_wconf 90' lang='lat' dir='ltr'><strong>et</strong></span> <span class='ocrx_word' id='word_1_781' title='bbox 1412 1995 1475 2019; x_wconf 88' lang='lat' dir='ltr'><strong>ante</strong></span> <span class='ocrx_word' id='word_1_782' title='bbox 1487 1992 1544 2026; x_wconf 84' lang='lat' dir='ltr'><strong>jam</strong></span> <span class='ocrx_word' id='word_1_783' title='bbox 1558 1992 1688 2024; x_wconf 79' lang='lat' dir='ltr'><strong>diximus,</strong></span> <span class='ocrx_word' id='word_1_784' title='bbox 1701 1992 1791 2026; x_wconf 88' lang='lat' dir='ltr'><strong>siqui-</strong></span> 
     </span>
    </p>
   </div>
   <div class='ocr_carea' id='block_1_101' title="bbox 1000 2039 1790 2073">
    <p class='ocr_par' dir='ltr' id='par_1_101' title="bbox 1000 2039 1790 2073">
     <span class='ocr_line' id='line_1_101' title="bbox 1000 2039 1790 2073; baseline 0 -6"><span class='ocrx_word' id='word_1_785' title='bbox 1000 2039 1061 2067; x_wconf 89' lang='lat' dir='ltr'><strong>dem</strong></span> <span class='ocrx_word' id='word_1_786' title='bbox 1083 2039 1117 2066; x_wconf 92' lang='lat' dir='ltr'><strong>ad</strong></span> <span class='ocrx_word' id='word_1_787' title='bbox 1142 2039 1291 2067; x_wconf 82' lang='lat' dir='ltr'><strong>Ecclesiam</strong></span> <span class='ocrx_word' id='word_1_788' title='bbox 1315 2039 1538 2067; x_wconf 83' lang='lat' dir='ltr'><strong>comminationis</strong></span> <span class='ocrx_word' id='word_1_789' title='bbox 1564 2040 1608 2068; x_wconf 91' lang='lat' dir='ltr'><strong>hic</strong></span> <span class='ocrx_word' id='word_1_790' title='bbox 1630 2045 1721 2067; x_wconf 87' lang='lat' dir='ltr'><strong>sermo</strong></span> <span class='ocrx_word' id='word_1_791' title='bbox 1749 2040 1790 2073; x_wconf 86' lang='lat' dir='ltr'><strong>ﬁt,</strong></span> 
     </span>
    </p>
   </div>
   <div class='ocr_carea' id='block_1_102' title="bbox 1000 2085 1792 2121">
    <p class='ocr_par' dir='ltr' id='par_1_102' title="bbox 1000 2085 1792 2121">
     <span class='ocr_line' id='line_1_102' title="bbox 1000 2085 1792 2121; baseline 0.001 -10"><span class='ocrx_word' id='word_1_792' title='bbox 1000 2085 1096 2112; x_wconf 89' lang='lat' dir='ltr'><strong>mundi</strong></span> <span class='ocrx_word' id='word_1_793' title='bbox 1111 2085 1193 2120; x_wconf 89' lang='lat' dir='ltr'><strong>hujus</strong></span> <span class='ocrx_word' id='word_1_794' title='bbox 1210 2086 1346 2121; x_wconf 87' lang='lat' dir='ltr'><strong>principes</strong></span> <span class='ocrx_word' id='word_1_795' title='bbox 1358 2086 1508 2120; x_wconf 88' lang='lat' dir='ltr'><strong>accipiendi</strong></span> <span class='ocrx_word' id='word_1_796' title='bbox 1528 2090 1610 2118; x_wconf 89' lang='lat' dir='ltr'><strong>sunt,</strong></span> <span class='ocrx_word' id='word_1_797' title='bbox 1625 2086 1666 2113; x_wconf 88' lang='lat' dir='ltr'><strong>vel</strong></span> <span class='ocrx_word' id='word_1_798' title='bbox 1681 2085 1721 2113; x_wconf 91' lang='lat' dir='ltr'><strong>illi</strong></span> <span class='ocrx_word' id='word_1_799' title='bbox 1739 2093 1792 2112; x_wconf 89' lang='lat' dir='ltr'><strong>an-</strong></span> 
     </span>
    </p>
   </div>
   <div class='ocr_carea' id='block_1_103' title="bbox 1000 2131 1789 2167">
    <p class='ocr_par' dir='ltr' id='par_1_103' title="bbox 1000 2131 1789 2167">
     <span class='ocr_line' id='line_1_103' title="bbox 1000 2131 1789 2167; baseline 0.001 -10"><span class='ocrx_word' id='word_1_800' title='bbox 1000 2131 1052 2166; x_wconf 66' lang='lat' dir='ltr'><strong>geli</strong></span> <span class='ocrx_word' id='word_1_801' title='bbox 1075 2131 1126 2158; x_wconf 90' lang='lat' dir='ltr'><strong>sub</strong></span> <span class='ocrx_word' id='word_1_802' title='bbox 1154 2139 1272 2165; x_wconf 88' lang='lat' dir='ltr'><strong>quorum</strong></span> <span class='ocrx_word' id='word_1_803' title='bbox 1296 2139 1361 2159; x_wconf 88' lang='lat' dir='ltr'><strong>cura</strong></span> <span class='ocrx_word' id='word_1_804' title='bbox 1390 2132 1501 2167; x_wconf 66' lang='lat' dir='ltr'><strong>reliquae</strong></span> <span class='ocrx_word' id='word_1_805' title='bbox 1529 2137 1622 2167; x_wconf 83' lang='lat' dir='ltr'><strong>gentes</strong></span> <span class='ocrx_word' id='word_1_806' title='bbox 1643 2132 1789 2164; x_wconf 87' lang='lat' dir='ltr'><strong>habentur,</strong></span> 
     </span>
    </p>
   </div>
   <div class='ocr_carea' id='block_1_104' title="bbox 1001 2177 1791 2212">
    <p class='ocr_par' dir='ltr' id='par_1_104' title="bbox 1001 2177 1791 2212">
     <span class='ocr_line' id='line_1_104' title="bbox 1001 2177 1791 2212; baseline 0 -8"><span class='ocrx_word' id='word_1_807' title='bbox 1001 2177 1060 2204; x_wconf 84' lang='lat' dir='ltr'><strong>sive</strong></span> <span class='ocrx_word' id='word_1_808' title='bbox 1084 2181 1158 2204; x_wconf 86' lang='lat' dir='ltr'><strong>sorte</strong></span> <span class='ocrx_word' id='word_1_809' title='bbox 1175 2177 1203 2204; x_wconf 91' lang='lat' dir='ltr'><strong>in</strong></span> <span class='ocrx_word' id='word_1_810' title='bbox 1226 2177 1297 2211; x_wconf 90' lang='lat' dir='ltr'><strong>hoc,</strong></span> <span class='ocrx_word' id='word_1_811' title='bbox 1326 2177 1384 2205; x_wconf 90' lang='lat' dir='ltr'><strong>sive</strong></span> <span class='ocrx_word' id='word_1_812' title='bbox 1403 2177 1597 2206; x_wconf 86' lang='lat' dir='ltr'><strong>secretioribus</strong></span> <span class='ocrx_word' id='word_1_813' title='bbox 1614 2177 1707 2205; x_wconf 88' lang='lat' dir='ltr'><strong>causis</strong></span> <span class='ocrx_word' id='word_1_814' title='bbox 1726 2178 1791 2212; x_wconf 89' lang='lat' dir='ltr'><strong>qui-</strong></span> 
     </span>
    </p>
   </div>
   <div class='ocr_carea' id='block_1_105' title="bbox 1002 2222 1792 2258">
    <p class='ocr_par' dir='ltr' id='par_1_105' title="bbox 1002 2222 1792 2258">
     <span class='ocr_line' id='line_1_105' title="bbox 1002 2222 1792 2258; baseline 0.001 -9"><span class='ocrx_word' id='word_1_815' title='bbox 1002 2222 1117 2249; x_wconf 90' lang='lat' dir='ltr'><strong>busdam</strong></span> <span class='ocrx_word' id='word_1_816' title='bbox 1132 2222 1256 2250; x_wconf 66' lang='lat' dir='ltr'><strong>deductae</strong></span> <span class='ocrx_word' id='word_1_817' title='bbox 1272 2222 1340 2258; x_wconf 81' lang='lat'><strong>(50).</strong></span> <span class='ocrx_word' id='word_1_818' title='bbox 1367 2222 1395 2250; x_wconf 91' lang='lat' dir='ltr'><strong>Si</strong></span> <span class='ocrx_word' id='word_1_819' title='bbox 1422 2230 1486 2250; x_wconf 87' lang='lat' dir='ltr'><strong>vero</strong></span> <span class='ocrx_word' id='word_1_820' title='bbox 1509 2222 1543 2250; x_wconf 90' lang='lat' dir='ltr'><strong>ad</strong></span> <span class='ocrx_word' id='word_1_821' title='bbox 1567 2230 1792 2257; x_wconf 88' lang='lat' dir='ltr'><strong>unamquamque</strong></span> 
     </span>
    </p>
   </div>
   <div class='ocr_carea' id='block_1_106' title="bbox 1002 2266 1791 2302">
    <p class='ocr_par' dir='ltr' id='par_1_106' title="bbox 1002 2266 1791 2302">
     <span class='ocr_line' id='line_1_106' title="bbox 1002 2266 1791 2302; baseline 0 -9"><span class='ocrx_word' id='word_1_822' title='bbox 1002 2266 1122 2294; x_wconf 86' lang='lat' dir='ltr'><strong>animam</strong></span> <span class='ocrx_word' id='word_1_823' title='bbox 1144 2266 1324 2294; x_wconf 87' lang='lat' dir='ltr'><strong>comminatio</strong></span> <span class='ocrx_word' id='word_1_824' title='bbox 1346 2267 1398 2294; x_wconf 85' lang='lat' dir='ltr'><strong>ista</strong></span> <span class='ocrx_word' id='word_1_825' title='bbox 1415 2266 1548 2294; x_wconf 86' lang='lat' dir='ltr'><strong>referatur</strong></span> <span class='ocrx_word' id='word_1_826' title='bbox 1559 2287 1567 2299; x_wconf 92' lang='lat'><strong>,</strong></span> <span class='ocrx_word' id='word_1_827' title='bbox 1582 2274 1642 2302; x_wconf 71' lang='lat' dir='ltr'><strong>quae</strong></span> <span class='ocrx_word' id='word_1_828' title='bbox 1658 2266 1791 2301; x_wconf 89' lang='lat' dir='ltr'><strong>semetip-</strong></span> 
     </span>
    </p>
   </div>
   <div class='ocr_carea' id='block_1_107' title="bbox 1002 2311 1791 2347">
    <p class='ocr_par' dir='ltr' id='par_1_107' title="bbox 1002 2311 1791 2347">
     <span class='ocr_line' id='line_1_107' title="bbox 1002 2311 1791 2347; baseline 0 -8"><span class='ocrx_word' id='word_1_829' title='bbox 1002 2319 1060 2339; x_wconf 89' lang='lat' dir='ltr'><strong>sam</strong></span> <span class='ocrx_word' id='word_1_830' title='bbox 1075 2312 1187 2347; x_wconf 84' lang='lat' dir='ltr'><strong>negligit</strong></span> <span class='ocrx_word' id='word_1_831' title='bbox 1199 2319 1356 2346; x_wconf 86' lang='lat' dir='ltr'><strong>agnoscere,</strong></span> <span class='ocrx_word' id='word_1_832' title='bbox 1374 2312 1510 2347; x_wconf 88' lang='lat' dir='ltr'><strong>sapientes</strong></span> <span class='ocrx_word' id='word_1_833' title='bbox 1526 2317 1552 2339; x_wconf 87' lang='lat' dir='ltr'><strong>et</strong></span> <span class='ocrx_word' id='word_1_834' title='bbox 1570 2311 1693 2347; x_wconf 85' lang='lat' dir='ltr'><strong>magistri</strong></span> <span class='ocrx_word' id='word_1_835' title='bbox 1708 2311 1791 2346; x_wconf 85' lang='lat' dir='ltr'><strong>hujus</strong></span> 
     </span>
    </p>
   </div>
   <div class='ocr_carea' id='block_1_108' title="bbox 1002 2358 1791 2395">
    <p class='ocr_par' dir='ltr' id='par_1_108' title="bbox 1002 2358 1791 2395">
     <span class='ocr_line' id='line_1_108' title="bbox 1002 2358 1791 2395; baseline -0.003 -7"><span class='ocrx_word' id='word_1_836' title='bbox 1002 2361 1093 2388; x_wconf 70' lang='lat' dir='ltr'><strong>smculi</strong></span> <span class='ocrx_word' id='word_1_837' title='bbox 1111 2360 1278 2395; x_wconf 85' lang='lat' dir='ltr'><strong>intelligendi</strong></span> <span class='ocrx_word' id='word_1_838' title='bbox 1297 2364 1371 2392; x_wconf 89' lang='lat' dir='ltr'><strong>sunt,</strong></span> <span class='ocrx_word' id='word_1_839' title='bbox 1389 2361 1517 2387; x_wconf 87' lang='lat' dir='ltr'><strong>docentes</strong></span> <span class='ocrx_word' id='word_1_840' title='bbox 1533 2359 1694 2393; x_wconf 72' lang='lat' dir='ltr'><strong>sapientiam</strong></span> <span class='ocrx_word' id='word_1_841' title='bbox 1707 2358 1791 2393; x_wconf 89' lang='lat' dir='ltr'><strong>hujus</strong></span> 
     </span>
    </p>
   </div>
   <div class='ocr_carea' id='block_1_109' title="bbox 1003 2404 1791 2439">
    <p class='ocr_par' dir='ltr' id='par_1_109' title="bbox 1003 2404 1791 2439">
     <span class='ocr_line' id='line_1_109' title="bbox 1003 2404 1791 2439; baseline -0.003 -6"><span class='ocrx_word' id='word_1_842' title='bbox 1003 2405 1097 2433; x_wconf 87' lang='lat' dir='ltr'><strong>mundi</strong></span> <span class='ocrx_word' id='word_1_843' title='bbox 1117 2415 1123 2432; x_wconf 90' lang='lat'><strong>:</strong></span> <span class='ocrx_word' id='word_1_844' title='bbox 1145 2411 1174 2432; x_wconf 88' lang='lat' dir='ltr'><strong>ut</strong></span> <span class='ocrx_word' id='word_1_845' title='bbox 1196 2406 1223 2433; x_wconf 92' lang='lat' dir='ltr'><strong>in</strong></span> <span class='ocrx_word' id='word_1_846' title='bbox 1247 2413 1354 2433; x_wconf 90' lang='lat' dir='ltr'><strong>summa</strong></span> <span class='ocrx_word' id='word_1_847' title='bbox 1378 2406 1429 2433; x_wconf 86' lang='lat' dir='ltr'><strong>hoc</strong></span> <span class='ocrx_word' id='word_1_848' title='bbox 1457 2405 1632 2439; x_wconf 83' lang='lat' dir='ltr'><strong>intelligatur,</strong></span> <span class='ocrx_word' id='word_1_849' title='bbox 1653 2404 1718 2439; x_wconf 86' lang='lat' dir='ltr'><strong>quia</strong></span> <span class='ocrx_word' id='word_1_850' title='bbox 1743 2412 1791 2431; x_wconf 91' lang='lat' dir='ltr'><strong>ne-</strong></span> 
     </span>
    </p>
   </div>
   <div class='ocr_carea' id='block_1_110' title="bbox 1002 2449 1792 2486">
    <p class='ocr_par' dir='ltr' id='par_1_110' title="bbox 1002 2449 1792 2486">
     <span class='ocr_line' id='line_1_110' title="bbox 1002 2449 1792 2486; baseline -0.003 -8"><span class='ocrx_word' id='word_1_851' title='bbox 1002 2459 1079 2479; x_wconf 90' lang='lat' dir='ltr'><strong>cesse</strong></span> <span class='ocrx_word' id='word_1_852' title='bbox 1094 2455 1137 2478; x_wconf 88' lang='lat' dir='ltr'><strong>est</strong></span> <span class='ocrx_word' id='word_1_853' title='bbox 1153 2451 1272 2478; x_wconf 89' lang='lat' dir='ltr'><strong>animam</strong></span> <span class='ocrx_word' id='word_1_854' title='bbox 1290 2458 1350 2478; x_wconf 87' lang='lat' dir='ltr'><strong>eam</strong></span> <span class='ocrx_word' id='word_1_855' title='bbox 1372 2451 1506 2486; x_wconf 69' lang='lat' dir='ltr'><strong>praecipue</strong></span> <span class='ocrx_word' id='word_1_856' title='bbox 1529 2458 1590 2486; x_wconf 74' lang='lat' dir='ltr'><strong>qua:</strong></span> <span class='ocrx_word' id='word_1_857' title='bbox 1605 2449 1674 2477; x_wconf 90' lang='lat' dir='ltr'><strong>bona</strong></span> <span class='ocrx_word' id='word_1_858' title='bbox 1688 2454 1713 2476; x_wconf 91' lang='lat' dir='ltr'><strong>et</strong></span> <span class='ocrx_word' id='word_1_859' title='bbox 1730 2450 1792 2484; x_wconf 91' lang='lat' dir='ltr'><strong>pul-</strong></span> 
     </span>
    </p>
   </div>
   <div class='ocr_carea' id='block_1_111' title="bbox 1003 2496 1792 2531">
    <p class='ocr_par' dir='ltr' id='par_1_111' title="bbox 1003 2496 1792 2531">
     <span class='ocr_line' id='line_1_111' title="bbox 1003 2496 1792 2531; baseline -0.004 -7"><span class='ocrx_word' id='word_1_860' title='bbox 1003 2497 1068 2524; x_wconf 85' lang='lat' dir='ltr'><strong>chra</strong></span> <span class='ocrx_word' id='word_1_861' title='bbox 1086 2501 1128 2524; x_wconf 83' lang='lat' dir='ltr'><strong>est</strong></span> <span class='ocrx_word' id='word_1_862' title='bbox 1145 2496 1270 2524; x_wconf 79' lang='lat' dir='ltr'><strong>sensibus</strong></span> <span class='ocrx_word' id='word_1_863' title='bbox 1281 2517 1288 2528; x_wconf 91' lang='lat'><strong>,</strong></span> <span class='ocrx_word' id='word_1_864' title='bbox 1303 2501 1330 2524; x_wconf 86' lang='lat' dir='ltr'><strong>et</strong></span> <span class='ocrx_word' id='word_1_865' title='bbox 1345 2497 1454 2531; x_wconf 89' lang='lat' dir='ltr'><strong>ingenio</strong></span> <span class='ocrx_word' id='word_1_866' title='bbox 1468 2496 1584 2531; x_wconf 85' lang='lat' dir='ltr'><strong>vigilans</strong></span> <span class='ocrx_word' id='word_1_867' title='bbox 1596 2516 1603 2528; x_wconf 94' lang='lat'><strong>,</strong></span> <span class='ocrx_word' id='word_1_868' title='bbox 1624 2502 1792 2530; x_wconf 81' lang='lat' dir='ltr'><strong>cognoscere</strong></span> 
     </span>
    </p>
   </div>
   <div class='ocr_carea' id='block_1_112' title="bbox 1002 2540 1791 2577">
    <p class='ocr_par' dir='ltr' id='par_1_112' title="bbox 1002 2540 1791 2577">
     <span class='ocr_line' id='line_1_112' title="bbox 1002 2540 1791 2577; baseline -0.005 -7"><span class='ocrx_word' id='word_1_869' title='bbox 1002 2542 1191 2576; x_wconf 85' lang='lat' dir='ltr'><strong>scmctipsam,</strong></span> <span class='ocrx_word' id='word_1_870' title='bbox 1210 2547 1237 2569; x_wconf 87' lang='lat' dir='ltr'><strong>et</strong></span> <span class='ocrx_word' id='word_1_871' title='bbox 1252 2542 1317 2569; x_wconf 87' lang='lat' dir='ltr'><strong>dare</strong></span> <span class='ocrx_word' id='word_1_872' title='bbox 1329 2550 1439 2577; x_wconf 88' lang='lat' dir='ltr'><strong>operam</strong></span> <span class='ocrx_word' id='word_1_873' title='bbox 1455 2543 1487 2569; x_wconf 86' lang='lat' dir='ltr'><strong>ad</strong></span> <span class='ocrx_word' id='word_1_874' title='bbox 1502 2541 1667 2576; x_wconf 88' lang='lat' dir='ltr'><strong>agnitionem</strong></span> <span class='ocrx_word' id='word_1_875' title='bbox 1683 2540 1726 2567; x_wconf 88' lang='lat' dir='ltr'><strong>sui</strong></span> <span class='ocrx_word' id='word_1_876' title='bbox 1743 2548 1791 2575; x_wconf 76' lang='lat' dir='ltr'><strong>per</strong></span> 
     </span>
    </p>
   </div>
   <div class='ocr_carea' id='block_1_113' title="bbox 1000 2583 1791 2620">
    <p class='ocr_par' dir='ltr' id='par_1_113' title="bbox 1000 2583 1791 2620">
     <span class='ocr_line' id='line_1_113' title="bbox 1000 2583 1791 2620; baseline -0.004 -7"><span class='ocrx_word' id='word_1_877' title='bbox 1000 2586 1131 2614; x_wconf 82' lang='lat' dir='ltr'><strong>exercitia</strong></span> <span class='ocrx_word' id='word_1_878' title='bbox 1147 2586 1289 2620; x_wconf 65' lang='lat' dir='ltr'><strong>doctrinm,</strong></span> <span class='ocrx_word' id='word_1_879' title='bbox 1306 2591 1334 2613; x_wconf 90' lang='lat' dir='ltr'><strong>et</strong></span> <span class='ocrx_word' id='word_1_880' title='bbox 1349 2585 1439 2613; x_wconf 86' lang='lat' dir='ltr'><strong>studia</strong></span> <span class='ocrx_word' id='word_1_881' title='bbox 1454 2585 1556 2618; x_wconf 88' lang='lat' dir='ltr'><strong>divina,</strong></span> <span class='ocrx_word' id='word_1_882' title='bbox 1568 2592 1601 2612; x_wconf 89' lang='lat' dir='ltr'><strong>ac</strong></span> <span class='ocrx_word' id='word_1_883' title='bbox 1615 2591 1663 2619; x_wconf 87' lang='lat' dir='ltr'><strong>per</strong></span> <span class='ocrx_word' id='word_1_884' title='bbox 1678 2583 1732 2611; x_wconf 84' lang='lat' dir='ltr'><strong>hoc</strong></span> <span class='ocrx_word' id='word_1_885' title='bbox 1747 2584 1791 2619; x_wconf 85' lang='lat' dir='ltr'><strong>agi</strong></span> 
     </span>
    </p>
   </div>
   <div class='ocr_carea' id='block_1_114' title="bbox 1003 2629 1793 2667">
    <p class='ocr_par' dir='ltr' id='par_1_114' title="bbox 1003 2629 1793 2667">
     <span class='ocr_line' id='line_1_114' title="bbox 1003 2629 1793 2667; baseline -0.003 -8"><span class='ocrx_word' id='word_1_886' title='bbox 1003 2632 1107 2667; x_wconf 88' lang='lat' dir='ltr'><strong>Spiritu</strong></span> <span class='ocrx_word' id='word_1_887' title='bbox 1126 2631 1174 2658; x_wconf 89' lang='lat' dir='ltr'><strong>Dei</strong></span> <span class='ocrx_word' id='word_1_888' title='bbox 1188 2637 1215 2659; x_wconf 87' lang='lat' dir='ltr'><strong>et</strong></span> <span class='ocrx_word' id='word_1_889' title='bbox 1235 2632 1332 2666; x_wconf 92' lang='lat' dir='ltr'><strong>spiritu</strong></span> <span class='ocrx_word' id='word_1_890' title='bbox 1351 2631 1515 2666; x_wconf 87' lang='lat' dir='ltr'><strong>adoptionis.</strong></span> <span class='ocrx_word' id='word_1_891' title='bbox 1535 2631 1590 2658; x_wconf 80' lang='lat' dir='ltr'><strong>Aut</strong></span> <span class='ocrx_word' id='word_1_892' title='bbox 1607 2630 1630 2657; x_wconf 92' lang='lat' dir='ltr'><strong>si</strong></span> <span class='ocrx_word' id='word_1_893' title='bbox 1650 2629 1711 2657; x_wconf 90' lang='lat' dir='ltr'><strong>talis</strong></span> <span class='ocrx_word' id='word_1_894' title='bbox 1732 2629 1793 2657; x_wconf 62' lang='lat' dir='ltr'><strong>haec</strong></span> 
     </span>
    </p>
   </div>
   <div class='ocr_carea' id='block_1_115' title="bbox 1003 2674 1794 2713">
    <p class='ocr_par' dir='ltr' id='par_1_115' title="bbox 1003 2674 1794 2713">
     <span class='ocr_line' id='line_1_115' title="bbox 1003 2674 1794 2713; baseline -0.005 -7"><span class='ocrx_word' id='word_1_895' title='bbox 1003 2679 1094 2706; x_wconf 89' lang='lat' dir='ltr'><strong>anima</strong></span> <span class='ocrx_word' id='word_1_896' title='bbox 1111 2678 1285 2713; x_wconf 86' lang='lat' dir='ltr'><strong>scmetipsam</strong></span> <span class='ocrx_word' id='word_1_897' title='bbox 1311 2677 1469 2712; x_wconf 80' lang='lat' dir='ltr'><strong>neglexerit,</strong></span> <span class='ocrx_word' id='word_1_898' title='bbox 1495 2681 1523 2704; x_wconf 89' lang='lat' dir='ltr'><strong>et</strong></span> <span class='ocrx_word' id='word_1_899' title='bbox 1542 2684 1557 2704; x_wconf 90' lang='lat' dir='ltr'><strong>a</strong></span> <span class='ocrx_word' id='word_1_900' title='bbox 1576 2674 1676 2704; x_wconf 87' lang='lat' dir='ltr'><strong>divinis</strong></span> <span class='ocrx_word' id='word_1_901' title='bbox 1693 2674 1794 2703; x_wconf 75' lang='lat' dir='ltr'><strong>studiis</strong></span> 
     </span>
    </p>
   </div>
  </div>
