1892 3050
73 128 119 156 ΙΞΒ

716 119 816 147 LIBER
834 117 1028 148 SECUNDUS.

1639 120 1696 148 £50

73 184 253 217 declinaverit,
279 191 392 212 necesse
404 187 446 211 est
468 189 527 209 eam
549 188 660 216 operam
678 182 743 209 dare
757 179 855 208 studiis
868 183 891 211 Δ
904 184 931 207 et
951 179 1047 214 iugum
1070 184 1179 214 portant
1201 179 1346 208 suavitatis
1366 179 1438 215 ejus,
1463 185 1490 208 et
1512 189 1573 216 qua:
1591 181 1694 217 spiritu.

73 232 213 261 mundanis
228 235 255 259 et
273 230 413 265 sapientia
426 229 530 261 muli,
546 232 573 255 et
589 228 632 263 agi
648 227 744 262 spiritu
757 226 851 254 mundi

73 279 147 313 hujus
166 277 266 304 iterum
291 276 316 303 in
335 276 442 303 timore.
463 274 542 308 Quod
560 274 687 308 designat
705 273 852 308 Apostolus

74 330 129 350 cum
151 322 239 349 dicit:
261 321 318 347 Νοι
338 325 425 347 autem
446 327 496 346 non
515 319 639 354 spiritum
657 318 734 352 hujus
759 319 851 349 mundi

75 368 222 402 accepimus,
237 367 284 393 sed
297 366 420 400 spiritum
435 365 479 400 qui
489 370 527 392 est
536 373 568 391 ea:
581 364 633 391 Deo
646 365 679 391 ³³.
694 364 727 391 Ει
736 365 849 392 iterum:

77 412 130 439 Non
149 412 289 446 accepistis
303 411 371 438 enim
384 411 479 437 iterum
494 410 622 437 intimare
635 410 758 444 spiritum
771 410 854 437 servi~

76 458 143 490 tutis,
161 458 205 485 sed
224 458 350 492 spiritum
365 456 502 491 accepistis
517 455 676 490 adoptionis,
691 456 719 482 in
733 464 784 490 quo
799 456 853 482 cla-

75 510 168 529 mamul
186 510 196 528 :
211 501 287 528 Abba
302 506 377 536 pater
391 501 423 527 ³⁸.
442 500 503 528 Haec
517 500 624 528 interim
640 500 720 528 nobis
735 500 769 528 de
783 508 853 535 pran-

76 547 137 574 senti
150 547 209 574 loco
222 554 370 574 eccm-rere
384 550 540 581 potuerunt,
555 553 628 573 nunc
642 545 698 581 jam
711 551 852 574 converta-

76 603 130 621 mur
144 595 176 621 ad
190 594 396 629 consequentia.

106 640 179 667 Vers.
199 640 226 667 9.
248 639 389 674 Equitatui
403 647 458 666 meo
472 640 498 666 in
517 640 637 667 curribus
652 639 799 666 Pharaonis
818 639 853 666 si-

75 685 154 711 milent
169 689 192 711 te
207 685 354 711 arbitratus
372 692 440 716 sum,
468 686 590 719 proxima
613 693 680 712 mea.
700 684 853 712 Historicus

76 732 175 767 quidem
189 738 289 758 sensus
302 731 354 758 hoc
366 730 471 758 videtur
486 730 637 758 ostendere.
651 730 737 763 Sicut,
753 730 851 765 inquit,

75 782 134 805 tunc
151 778 177 804 in
196 776 318 812 {Egyplo
336 784 397 803 cum
416 775 521 803 Pharao
537 783 704 811 persequens
719 776 851 811 populum

76 821 149 849 Israel
178 822 314 856 processit
343 821 370 848 in
402 821 530 848 curribus
553 825 580 848 et
611 822 734 856 equitatu
765 821 798 854 ³⁷,
825 826 853 848 et

76 875 154 900 meus,
177 869 228 894 hoe
244 872 287 895 est
300 866 408 893 Domini
425 867 477 894 mei
495 866 598 901 sponsi,
621 867 760 901 equitatus
771 867 852 900 longe

75 912 235 946 praecellebat
252 919 351 939 currus
366 911 528 944 Pharaonis,
555 917 582 939 ct
595 913 767 947 praistantior
782 915 851 944 erat,

76 964 160 994 utpote
174 960 220 994 qui
237 959 301 987 illos
319 959 488 994 superaverit
502 963 529 986 et
545 959 571 986 in
589 966 664 985 mare
676 959 851 991 demerserit;

76 1005 109 1031 ita
125 1009 150 1032 ct
172 1009 211 1037 tu,
238 1004 365 1039 proxima
384 1011 444 1031 mea
470 1011 581 1038 sponsa,
603 1003 734 1039 praecellis
758 1011 854 1031 omnes

77 1050 196 1076 mulieres
215 1048 316 1076 similis
329 1048 422 1075 eiieeta
439 1048 572 1082 equitatui
587 1055 657 1080 meo,
673 1046 721 1081 qui
736 1046 855 1073 Pharao-

76 1095 115 1122 nis
130 1095 256 1122 curribus
278 1097 470 1128 comparatus,
493 1093 629 1128 potentior
645 1092 740 1126 utique
764 1095 806 1118 est
828 1095 855 1118 et

78 1140 299 1175 magniﬁcentior.
316 1139 367 1166 Hie
386 1139 494 1166 interim
510 1138 577 1165 mihi
592 1137 699 1164 videtur
714 1143 774 1164 esse
788 1135 855 1163 Ordo

79 1193 226 1213 sermonum
245 1186 382 1220 ipsorum,
399 1185 601 1219 verbommque
617 1183 742 1210 directio.
761 1181 855 1209 Videao

79 1240 133 1260 tuus
151 1237 240 1260 autem
257 1240 291 1259 ne
314 1231 385 1258 forte
406 1230 555 1258 secundum
576 1229 781 1264 intelligentiam
797 1236 856 1263 my—

80 1279 166 1306 sticam
180 1279 290 1306 animos
301 1284 362 1313 qua!
377 1281 439 1304 sunt
453 1277 505 1304 sub
515 1277 561 1303 illo
573 1275 687 1311 spiritali
702 1275 854 1306 Pharaone,

78 1327 102 1351 et
121 1324 169 1351 sub
186 1323 359 1358 spiritalibus
376 1321 504 1357 nequitiis
522 1321 615 1356 positae
628 1341 637 1354 ,
662 1327 759 1348 currus
785 1320 856 1348 dicat

81 1377 136 1397 esse
148 1369 301 1397 Pharaonis
316 1373 343 1396 et
358 1369 502 1404 quadrigas
513 1368 587 1402 ejus,
604 1374 673 1401 quas
691 1367 749 1401 ipse
763 1367 818 1401 agit
829 1370 857 1394 et

78 1416 144 1443 ducit
160 1416 192 1443 ad
211 1415 431 1450 persequendum
452 1413 581 1449 populum
598 1412 657 1445 Dei,
673 1418 700 1439 et
715 1412 748 1440 ad
762 1412 855 1447 oppri-

78 1461 198 1489 mendum
215 1461 313 1489 Israel.
339 1460 449 1488 Certum
470 1459 542 1487 enim
559 1463 602 1487 est
616 1459 680 1494 quia
696 1459 856 1486 tentationes

77 1515 102 1536 et
122 1508 315 1536 tribulationes
343 1515 412 1541 quas
433 1506 552 1534 excitant
577 1506 713 1534 daemones
743 1505 854 1537 sanctis,

78 1562 120 1590 per
144 1555 248 1582 animas
268 1555 377 1589 aliquas
394 1553 513 1581 excitant
536 1552 570 1580 ad
598 1552 650 1579 hoc
672 1553 761 1586 ipsum
778 1555 856 1586 aptas

78 1605 102 1628 et
114 1601 318 1628 convenientes.
345 1599 449 1633 Quibus
468 1603 598 1633 tanquam
618 1597 744 1626 curribus
766 1604 857 1625 ascen-

77 1646 113 1673 sis
129 1646 266 1681 exagitant
277 1650 306 1673 et
322 1646 481 1680 impugnant
493 1665 500 1678 ,
520 1644 563 1671 vel
575 1643 725 1671 Ecclesiam
742 1641 799 1675 Dei,
814 1641 856 1670 vel

79 1691 193 1727 singulos
219 1698 351 1727 quosque
372 1690 503 1718 ﬁdelium.
522 1690 560 1716 De
578 1689 699 1724 equitatu
721 1695 786 1716 vero
803 1687 857 1715 Do.

79 1737 150 1769 mini,
164 1737 224 1772 quis
239 1738 278 1765 sit
295 1737 355 1772 ejus
369 1736 420 1763 iste
436 1736 583 1770 equitatus,
596 1734 624 1761 in
640 1733 733 1761 Exodo
747 1732 856 1768 quidem

81 1783 119 1810 ubi
139 1788 305 1818 superantur
313 1789 409 1810 currus
419 1781 567 1809 Pharaonis
579 1785 607 1808 et
620 1780 816 1815 demerguntur
829 1778 856 1806 in

80 1835 156 1860 mare,
180 1829 248 1856 nihil
281 1828 400 1863 legimus
428 1827 570 1862 scriptum,
598 1825 653 1861 eo
675 1825 729 1853 nisi
753 1828 856 1851 tantum

80 1875 144 1908 quod
173 1874 312 1902 Dominus
345 1881 444 1901 currus
476 1873 627 1900 Pharaonis
656 1876 684 1900 et
708 1872 857 1899 exercitum

79 1921 133 1954 ejus
152 1921 268 1956 proiecit
295 1921 322 1948 iu
341 1927 416 1948 mare
432 1919 567 1947 Rubrum.
592 1919 749 1947 Invenimus
767 1922 858 1947 tamen

82 1965 105 1992 iu
119 1972 211 2001 quarto
232 1967 395 2002 Regnorum
425 1966 507 1998 libro,
522 1966 595 2000 quod
615 1964 729 1992 Elismus
753 1964 787 1991 de
809 1963 859 1991 ad—

82 2017 154 2039 ventu
166 2013 291 2041 hostium
307 2013 354 2047 qui
373 2020 435 2039 cum
457 2012 580 2046 equitatu
596 2015 623 2038 et
640 2010 765 2037 curribus
778 2015 859 2036 vene-

82 2062 145 2089 rant.
162 2057 324 2086 fonnidauti
343 2064 428 2092 puero
444 2063 494 2083 suo
508 2056 574 2083 dicit
588 2064 595 2082 :
614 2054 655 2081 Ne
671 2055 774 2085 timeas,
791 2060 858 2088 quo-

82 2105 145 2130 niam
159 2105 247 2139 plures
261 2109 325 2131 sunt
341 2103 476 2130 nobiscum
493 2110 573 2137 quant
593 2109 650 2128 cum
667 2100 732 2127 illis.
753 2099 784 2126 Et
798 2107 859 2125 ora-

83 2151 124 2181 rit,
138 2151 232 2185 inquit,
249 2149 377 2181 Elisteus,
396 2153 421 2176 et
434 2149 503 2175 dixit
522 2156 531 2175 :
546 2148 664 2179 Domine,
681 2146 753 2180 aperi
771 2145 858 2172 oculos

903 225 950 252 Dei
965 229 1092 260 aguntur,
1107 229 1133 252 ct
1148 225 1175 251 iu
1194 224 1244 252 hoc
1256 229 1298 252 est
1313 226 1353 253 eis
1370 225 1455 253 salus.
1473 227 1502 253 In
1515 225 1690 255 Revelatione

902 268 1017 296 Joannis
1029 269 1146 304 legimus
1157 289 1163 301 ,
1180 268 1253 303 quod
1266 270 1392 303 apparuit
1403 269 1427 295 ei
1438 276 1536 303 equus,
1553 273 1579 296 et
1593 270 1690 297 sedens

902 323 985 350 super
997 323 1059 343 eum
1081 315 1191 350 quidam
1211 314 1298 342 ﬁdelis
1311 319 1338 342 et
1354 322 1443 347 verus,
1461 318 1489 342 et
1506 322 1567 342 cum
1584 315 1690 349 justitia

900 361 1039 396 judicans,
1062 360 1142 395 cujus
1165 368 1264 388 nomen
1279 364 1321 388 est
1336 359 1453 387 Verbum
1476 360 1532 387 Dei.
1547 360 1591 388 Ait
1601 368 1665 396 ergo
1681 370 1689 388 :

903 407 938 434 Et
955 406 1008 434 uidi
1033 406 1126 433 cwlum
1150 410 1280 440 apertum,
1294 410 1319 433 et
1334 414 1390 433 ecce
1404 414 1484 440 equus
1499 407 1585 441 albus,
1603 412 1626 434 et
1643 408 1688 442 qui

902 452 1008 480 sedebat
1028 460 1107 486 super
1119 459 1178 478 eum
1192 452 1335 478 vocabatur
1345 451 1431 486 ﬁdelis
1445 456 1469 478 et
1486 460 1571 486 uerus,
1589 456 1613 479 et
1630 461 1689 479 cum

898 499 1007 533 justitia
1026 498 1152 533 judicans
1181 503 1205 525 et
1234 506 1370 532 pugnam;
1395 503 1421 524 et
1441 498 1512 526 oculi
1542 498 1598 533 ejus
1622 500 1691 526 sicut

902 543 1013 577 ﬂamma
1028 543 1107 578 ignis,
1123 547 1148 570 et
1168 550 1246 577 super
1260 547 1339 578 caput
1359 544 1416 578 ejus
1437 543 1589 570 diademata
1605 545 1692 571 multa

903 589 1026 615 habentia
1047 596 1139 615 nomen
1150 589 1287 622 scriptum,
1303 590 1373 623 quod
1387 597 1459 616 nemo
1473 590 1543 616 novit
1558 591 1609 617 nisi
1623 591 1688 624 ipse,

902 640 927 660 et
950 635 1090 668 adopertus
1110 638 1167 660 erat
1186 634 1338 660 vestimento
1356 635 1482 669 sanguine
1496 643 1644 670 conspersa.
1664 641 1689 662 et

903 680 1044 707 vocabatur
1057 688 1150 706 nomen
1163 680 1220 714 ejus
1241 679 1351 706 Verbum
1370 680 1429 707 Dei.
1444 680 1479 707 Et
1493 681 1623 708 exercitus
1632 682 1689 715 ejus

903 729 959 752 erat
971 726 998 751 in
1010 725 1084 757 mlo,
1096 730 1120 752 et
1135 725 1309 760 sequebantur
1318 733 1376 752 eum
1386 726 1411 752 in
1423 727 1495 761 equis
1508 726 1588 760 albis,
1601 727 1689 754 induti

903 770 1009 806 byssina
1032 771 1091 797 albo
1109 779 1174 805 puro
1190 771 1222 798 ‘°.
1242 771 1295 798 Sed
1311 779 1379 806 opus
1394 776 1436 799 est
1452 771 1538 807 gratia
1554 771 1612 805 Dei,
1629 779 1691 807 qua:

904 817 1001 844 horum
1019 817 1098 844 nobis
1115 817 1224 851 aperiat
1236 817 1411 850 intellectum,
1426 825 1480 852 quo
1490 818 1627 852 possimus
1639 818 1689 845 ad-

868 857 889 884 Β
904 866 1008 889 vertere
1025 862 1091 897 quid
1112 862 1171 889 ista:
1187 863 1308 890 iudicent
1323 862 1442 889 visiones
1454 881 1462 895 ,
1482 863 1529 897 qui
1552 863 1587 890 sit
1601 870 1690 897 equus

902 909 991 939 albus,
1010 913 1037 936 ct
1048 909 1094 943 qui
1109 909 1145 936 sit
1157 909 1202 943 qui
1220 909 1295 936 sedet
1310 916 1390 943 super
1405 916 1479 941 eum,
1496 908 1574 943 cujus
1591 917 1690 938 nomen

903 958 945 982 est
964 954 1081 981 Verbum
1100 953 1157 981 Dei.
1177 952 1212 980 Et
1232 953 1302 982 forte
1322 954 1431 988 quidem
1449 954 1519 982 dicet
1532 955 1632 989 aliquis
1648 955 1689 982 aI-

905 1001 968 1028 butn
984 1008 1044 1028 esse
1056 1008 1156 1035 equum
1172 1007 1274 1034 corpus
1291 1000 1364 1034 quod
1382 1001 1531 1035 assumpsit
1545 1000 1688 1032 Dominus,

904 1053 931 1074 et
945 1054 1000 1081 quo
1018 1046 1062 1073 ille
1082 1046 1129 1081 qui
1153 1046 1181 1073 in
1198 1046 1331 1080 principio
1347 1050 1406 1073 erat
1425 1047 1495 1080 apud
1515 1046 1598 1075 Deum
1619 1047 1692 1074 Deus

906 1092 1023 1119 Verbum
1036 1092 1058 1109 “
1070 1111 1078 1123 ,
1094 1091 1136 1119 vel
1153 1092 1266 1119 vestitus
1285 1092 1326 1119 vel
1336 1097 1430 1120 vectus
1443 1096 1494 1120 est.
1511 1092 1586 1120 Alius
1600 1097 1689 1120 autem

905 1138 1023 1165 animam
1039 1137 1120 1169 dicet,
1133 1145 1215 1172 quam
1227 1137 1380 1172 assumpsit
1392 1137 1587 1172 primogenitus
1601 1137 1691 1164 omnis

905 1188 1048 1216 creaturae,
1068 1188 1096 1210 el
1112 1183 1146 1210 de
1158 1191 1212 1218 qua
1227 1183 1336 1210 dicebat
1350 1192 1358 1210 :
1375 1182 1536 1210 Potestatem
1546 1182 1627 1209 habeo
1644 1190 1693 1216 po-

905 1229 984 1257 rtendi
995 1237 1063 1262 eam,
1075 1234 1099 1256 et
1109 1233 1263 1263 potestatem
1271 1228 1352 1255 habeo
1362 1229 1457 1255 iterum
1468 1227 1586 1255 sumendi
1592 1228 1690 1256 eant”.

904 1275 983 1302 Alius
995 1281 1058 1301 vero
1074 1278 1219 1308 utrumque
1232 1273 1324 1306 simul,
1345 1280 1445 1308 corpus
1463 1277 1544 1307 atque
1559 1272 1692 1306 animam,

905 1319 984 1354 quasi
1005 1319 1050 1346 ubi
1074 1323 1215 1354 peceatum
1239 1326 1293 1345 non
1306 1317 1397 1350 fuerit,
1413 1324 1514 1351 equum
1531 1317 1584 1344 dici
1599 1317 1691 1344 album

905 1364 1022 1399 putabit.
1047 1364 1123 1391 Alius
1147 1363 1238 1391 adhuc
1250 1368 1348 1398 quarto
1370 1363 1430 1390 loco
1445 1362 1593 1390 Ecclesiam
1609 1362 1691 1395 dicet,

907 1417 968 1444 qua:
983 1414 1008 1437 et
1024 1417 1123 1444 corpus
1135 1409 1195 1444 ejus
1206 1409 1372 1441 nominatur,
1383 1409 1475 1435 album
1483 1408 1567 1435 videri
1577 1415 1689 1442 equum,

907 1455 987 1490 quasi
1011 1462 1066 1482 non
1092 1455 1236 1482 habentem
1258 1454 1393 1481 maculam
1418 1457 1465 1480 aut
1488 1461 1594 1488 rugam,
1609 1460 1691 1488 quam

907 1498 958 1525 sibi
978 1498 1035 1532 ipse
1053 1497 1231 1525 sanetiiicavit
1246 1498 1355 1524 lavacro
1367 1505 1455 1531 aquae.
1476 1496 1630 1524 Secundum
1643 1505 1693 1524 au-

908 1547 960 1570 tem
978 1543 1035 1570 hanc
1048 1543 1153 1577 singula
1170 1543 1251 1569 etiam
1265 1542 1309 1569 illa
1329 1542 1443 1576 accipiet
1453 1549 1512 1577 qua:
1527 1546 1691 1576 sequuntur,

907 1588 1031 1616 militiam
1045 1588 1116 1620 cceli,
1134 1592 1161 1615 et
1172 1588 1322 1615 exercitum
1340 1587 1420 1614 Verbi
1438 1587 1495 1620 Dei,
1513 1591 1541 1614 et
1554 1588 1692 1621 quomodo

907 1635 1007 1670 singuli
1023 1634 1125 1669 quique
1140 1641 1236 1662 eorum
1253 1638 1398 1669 sequentes
1416 1632 1535 1660 Verbum
1551 1632 1598 1659 Dei
1615 1633 1693 1667 equis

907 1681 978 1709 albis
997 1681 1109 1709 sedeant
1122 1701 1129 1713 ,
1147 1685 1175 1708 et
1194 1680 1314 1716 byssiuis
1328 1679 1396 1707 albis
1411 1680 1559 1707 induantur
1572 1683 1599 1706 et
1613 1686 1692 1706 mun-

908 1727 960 1755 dis.
974 1726 1043 1754 Huic
1056 1734 1120 1761 ergo
1133 1733 1204 1761 equo
1220 1726 1282 1753 albo
1296 1734 1350 1760 quo
1370 1725 1428 1760 ipse
1442 1725 1550 1752 vehitur
1563 1725 1609 1759 qui
1626 1724 1694 1752 Ver-

907 1773 973 1801 bum
987 1772 1035 1799 Dei
1050 1771 1211 1806 appellatur,
1226 1770 1269 1797 vel
1289 1769 1354 1797 huic
1376 1769 1510 1803 equitatui
1527 1768 1630 1796 ctelesti
1646 1768 1693 1802 qui

908 1826 971 1847 eum
991 1818 1115 1853 sequitur
1132 1817 1160 1844 in
1184 1816 1253 1844 albis
1278 1815 1454 1842 nihilominus
1474 1814 1562 1849 equis,
1584 1820 1695 1848 compa-

910 1868 951 1891 rat
975 1867 1002 1891 et
1015 1862 1131 1890 similem
1155 1861 1220 1888 facit
1243 1860 1367 1887 Christus
1389 1859 1537 1887 Ecclesiam
1558 1866 1646 1886 suam.
1664 1857 1692 1884 In

909 1907 1036 1936 curribus
1058 1911 1148 1934 autem
1165 1905 1316 1932 Pharaonis
1337 1904 1379 1931 vel
1399 1904 1435 1931 ita
1456 1911 1602 1938 possumus
1623 1903 1695 1930 acci-

909 1959 984 1988 pere,
1003 1956 1033 1978 ut
1054 1955 1186 1986 quantum
1204 1950 1249 1977 hic
1267 1948 1374 1976 Domini
1391 1948 1528 1982 equitatus
1543 1948 1694 1981 equitatum

910 2003 938 2026 et
960 2004 1058 2024 currus
1082 1995 1234 2022 Pharaonis
1261 1994 1361 2022 evincit
1377 1999 1402 2021 ct
1420 1992 1564 2028 praecellit,
1589 1997 1694 2019 tantum

910 2050 951 2078 tu,
968 2051 1028 2078 quae
1043 2041 1156 2077 pulchra
1167 2048 1196 2068 es
1210 2041 1236 2068 iu
1248 2040 1420 2072 mulieribus,
1435 2038 1567 2073 praecellis
1580 2042 1607 2065 et
1618 2038 1694 2065 evin-

910 2091 950 2119 cis
968 2096 1063 2117 omnes
1076 2087 1195 2122 reliquas
1212 2086 1328 2125 animas,
1339 2093 1399 2120 qua:
1413 2084 1500 2111 adhuc
1515 2083 1610 2119 jugum
1625 2082 1696 2110 Pha-

911 2137 1003 2164 raonis
1029 2137 1154 2170 portant,
1176 2137 1203 2159 et
1229 2139 1351 2159 sessores
1382 2131 1441 2165 ejus
1465 2130 1623 2165 patiuntur;
1653 2129 1696 2156 vel

82 2174 147 2230 τηιᾸή
167 2174 246 2232 hujtis
268 2202 298 2223 ut
323 2174 420 2222 videat.
441 2194 477 2221 Et
496 2194 598 2229 aperuit
621 2174 750 2220 Dominus
772 2190 859 2218 oculos
876 2186 898 2214 Ι)
913 2187 993 2232 οθηθ-
1008 2181 1081 2216 quo“
1103 2179 1241 2232 είιυίιειξυε
1264 2174 1604 2232 Ιιξῇηἱδιὶεχίιυὶὲξξινθςξξ)
1619 2183 1696 2232 ³.(1υἰιέ

83 2242 133 2275 ejus
146 2247 169 2269 et
188 2243 264 2269 uidit.
293 2241 329 2267 Et
346 2249 403 2268 ecce
419 2247 492 2267 mons
502 2239 593 2274 plenus
607 2238 736 2273 equitibus
746 2243 819 2269 erat,
837 2239 860 2262 et

85 2295 167 2315 currus
181 2289 250 2323 ignei
265 2288 294 2314 in
310 2287 423 2314 circuitu
443 2285 544 2317 Etiswi,
568 2285 613 2320 qui
629 2283 814 2311 descenderant
827 2281 861 2309 ad

85 2340 136 2359 eum
150 2334 181 2360 ³³.
210 2334 263 2361 Sed
280 2336 310 2360 et
329 2333 355 2359 in
374 2332 505 2367 propheta
526 2330 653 2358 Habacuc
671 2327 813 2356 manifeste
835 2331 863 2354 et

86 2377 213 2405 evidenter
236 2378 356 2413 legimus
381 2376 415 2402 de
444 2376 566 2410 equitatu
596 2373 721 2404 Domini,
742 2377 769 2399 et
790 2371 862 2407 quod

87 2423 205 2450 ascendat
227 2431 317 2458 equos
339 2429 414 2450 suos.
440 2420 510 2448 Sunt
529 2427 594 2455 ergo
618 2419 764 2454 Scriptura:
781 2417 863 2444 verba

67 2490 70 2504 ε
88 2467 156 2495 lucc:
172 2468 301 2504 Nunquid
318 2469 345 2494 in
362 2466 514 2502 ﬂuminibus
529 2465 662 2496 irasceris.
680 2463 800 2495 Domine,
817 2466 862 2488 aut

68 2506 69 2510 ¹
88 2514 112 2539 in
125 2514 274 2548 ﬂuminibus
289 2514 367 2548 [uror
385 2517 454 2545 tuus,
468 2517 512 2538 aut
528 2512 554 2538 in
566 2510 633 2537 mari
651 2509 739 2536 Rubro
752 2509 863 2542 impetus

89 2561 162 2586 tuus?
177 2560 228 2593 Qui
245 2559 367 2587 ascendis
389 2565 466 2592 equos
482 2561 550 2589 tuos,
566 2561 590 2583 et
602 2555 732 2591 equitatus
747 2558 807 2580 tuus
821 2561 865 2579 ia-

88 2604 123 2630 ιιιε
136 2605 168 2631 ³9.
189 2605 259 2632 Sunt
271 2612 338 2639 ergo
354 2603 416 2637 cqui
432 2601 555 2632 Domini,
572 2601 673 2636 quibus
687 2599 819 2631 ascendit,
837 2602 864 2625 ct

88 2649 216 2684 equitatus
233 2650 303 2684 ejus.
319 2648 395 2681 Quos
414 2653 465 2681 ego
478 2653 532 2673 non
551 2645 617 2672 alios
629 2651 689 2672 esse
703 2648 766 2678 puto
779 2649 867 2676 quam-

88 2695 140 2733 illas
154 2697 258 2724 animas
278 2703 341 2730 qua:
360 2693 466 2721 frenum
479 2691 627 2727 disciplina
639 2690 699 2724 ejus
715 2688 861 2723 accipiunt,

910 2227 1069 2260 mundatus,
1082 2232 1169 2261 purus
1183 2229 1210 2251 ct
1226 2223 1359 2250 candidus
1374 2221 1464 2249 factus
1478 2226 1529 2254 est,
1539 2226 1566 2249 et
1577 2221 1695 2249 Verbum

912 2273 959 2302 Dei
970 2273 1068 2300 meruit
1082 2272 1182 2300 habere
1190 2276 1336 2302 sessorem,
1351 2275 1384 2295 ex
1399 2267 1525 2294 curribus
1539 2271 1697 2301 assumptus

912 2325 954 2348 est
964 2318 1125 2346 Pharaonis.
1142 2316 1206 2343 Inde
1220 2315 1294 2342 enim
1307 2321 1402 2341 omnes
1417 2313 1529 2340 veniunt
1543 2313 1695 2343 credentes,

912 2367 976 2402 quia
1000 2364 1126 2392 Christus
1147 2363 1222 2390 venit
1241 2361 1269 2388 in
1295 2360 1367 2387 hunc
1388 2360 1519 2387 mundum
1542 2362 1698 2393 peccatores

914 2412 1004 2440 salvos
1021 2411 1120 2438 facere.
1134 2408 1192 2435 Hoc
1208 2414 1271 2442 ergo
1291 2406 1371 2433 modo
1384 2409 1474 2440 potest
1484 2404 1622 2439 explanari
1634 2411 1698 2431 vcr-

915 2458 993 2485 siculi
1010 2456 1092 2491 hujus
1107 2462 1222 2486 sensus,
1239 2451 1370 2487 equitatui
1386 2458 1447 2478 meo
1461 2451 1507 2485 qui
1525 2451 1575 2477 fuit
1590 2453 1652 2476 ante
1670 2449 1698 2475 iu

915 2502 1041 2531 curribus
1053 2501 1215 2534 Pharaonis,
1243 2505 1269 2528 et
1288 2507 1361 2526 nunc
1381 2499 1504 2533 sequitur
1519 2503 1562 2523 me
1577 2495 1602 2522 in
1620 2494 1698 2529 equis

916 2548 995 2580 albis,
1020 2546 1180 2582 puriﬁcatus
1198 2546 1225 2573 iu
1248 2546 1356 2579 lavacro
1373 2551 1460 2578 aquae,
1479 2541 1595 2570 similem
1613 2544 1639 2567 te
1653 2547 1697 2566 ar-

917 2593 1014 2624 bitror,
1024 2591 1150 2627 proxima
1173 2599 1243 2618 mea.
1269 2590 1358 2617 Beatze
1376 2596 1440 2623 ergo
1460 2590 1523 2614 sunt
1539 2585 1590 2611 illa:
1603 2583 1700 2610 anima:

917 2647 977 2674 quae
992 2638 1103 2666 dorsum
1125 2644 1204 2665 suutu
1218 2639 1397 2664 curraverunt
1410 2638 1438 2661 ut
1453 2631 1601 2666 suscipiant
1614 2636 1702 2656 sesso-

916 2693 974 2714 rem
988 2685 1106 2713 Verbum
1124 2683 1169 2711 Dei
1186 2690 1268 2717 super
1285 2688 1325 2713 se,
1342 2686 1367 2708 ct
1383 2680 1458 2707 frena
1475 2677 1533 2712 ejus
1550 2675 1702 2711 patiuntur,

119 2784 155 2810 “1
167 2784 231 2811 Cor.
246 2793 275 2816 ιι,
292 2784 338 2810 12.
377 2782 400 2798 ⁸⁵
416 2780 495 2809 Rom.
511 2779 625 2816 vul,15.
665 2778 685 2793 ⁵⁷
697 2776 782 2816 Ειιοι]ζ
799 2783 855 2804 xn'.
895 2773 949 2802 “Iv
966 2772 1032 2809 Iieg.
1048 2770 1196 2806 v1,16,17.
1236 2769 1256 2785 ³9
1273 2767 1373 2794 IIubac.
1389 2774 1430 2797 III,
1446 2765 1473 2793 8.
1511 2765 1533 2781 ⁵ο
1547 2763 1630 2798 Apoc.
1645 2769 1702 2796 nu,

91 2818 128 2850 ll,
146 2819 242 2853 12,13,
260 2812 304 2846 ιί.
344 2819 366 2834 δι
382 2816 459 2844 Joan.
477 2816 538 2848 1,1.
577 2816 598 2831 δ’
613 2814 690 2842 Joau.
710 2812 793 2846 x,18.
