1892 3050
195 111 243 144 tat

742 112 903 141 ORIGENIS
922 112 955 140 IN
976 112 1151 141 CANTICUM
1171 112 1308 141 CANTIC.

1779 115 1829 142 I32

194 182 224 204 ut
240 183 406 212 quocunque
423 176 481 211 Ipse
499 176 618 204 voluerit
631 175 722 205 ﬂectat
737 184 795 209 eas,
811 181 839 205 et
857 181 921 212 agat
936 175 987 204 ha-
1002 178 1024 206 Α
1041 175 1104 202 ciris
1124 175 1179 202 suis
1194 176 1222 202 in
1238 175 1369 202 omnibus.
1396 175 1464 208 Viri,
1481 175 1585 211 diligite
1603 183 1700 205 uxores
1717 181 1828 210 uestras,

194 223 272 250 benis
287 227 484 258 praeceptorum
500 230 614 250 suorum
630 232 637 251 :
656 223 720 258 quia
734 223 790 258 jam
805 230 859 250 non
875 223 985 257 propria

199 269 336 296 voluntate
351 269 498 302 incedunt,
523 270 570 297 sed
585 269 617 297 ad
634 270 725 297 omnia
745 270 882 297 ducuntur
900 274 928 297 et
942 277 986 297 re-

195 315 336 343 ducuntur
351 317 491 344 voluntate
505 315 633 344 sessoris.
655 315 689 342 Et
706 315 832 344 fortassis
847 315 986 343 videbitur

196 362 347 389 secundum
370 361 422 389 hoc
448 361 521 396 quod
537 369 571 389 ex
588 361 681 388 multis
706 360 851 389 animabus
871 369 986 396 congre-

197 413 257 444 gata
275 413 317 435 est
326 407 460 442 Ecclesia,
479 413 506 436 et
521 408 673 443 exemplum
686 408 748 434 vita:
762 408 867 442 accepit
879 415 893 434 a
906 407 986 435 Chri-

196 460 249 487 sto,
267 455 339 489 quod
362 463 415 482 non
438 459 492 482 tam
509 455 543 482 ab
563 454 619 489 ipsa
633 453 732 482 deitate
745 453 827 481 Verbi
844 453 891 482 Dei
905 462 985 482 acce-

195 498 276 532 perit,
302 506 364 533 qua:
390 499 484 534 utique
509 499 692 533 supereminet
706 506 754 526 eos
770 503 849 526 actus
866 499 908 527 vel
923 499 986 527 affe-

195 549 268 577 ctus,
293 545 339 579 qui
359 544 392 572 ad
415 544 567 579 exemplum
592 544 652 572 dari
673 545 830 573 hominibus
850 545 984 579 debeant;

195 591 242 617 sed
265 590 310 617 illa
333 591 423 618 anima
451 598 511 625 quas
538 595 679 626 assumpta
702 596 745 619 est
765 592 800 619 ab
817 599 865 626 eo,
887 591 913 619 in
931 599 985 627 qua

194 634 246 662 fuit
261 642 367 663 summa
381 635 520 670 perfectio,
539 635 584 663 illa
600 636 636 663 sit
657 636 690 663 ad
707 637 863 672 exemplum
881 637 983 672 posita,

194 684 221 706 et
235 680 292 714 ipsa
310 680 417 708 dicatur
433 680 477 708 hic
493 681 619 716 proxima
635 689 713 715 mea;
730 683 810 717 cujus
827 683 986 710 similitudi-

194 731 255 751 nem
271 725 370 752 habere
385 725 483 753 debeat
497 726 580 753 etiam
604 725 737 760 Ecclesia,
760 735 822 762 quae
841 736 875 755 ex
892 729 985 756 multis

194 774 375 805 congregatur
390 770 552 802 animabus,
567 771 621 798 illis
638 771 743 799 scilicet
756 779 817 807 quae
833 774 910 807 prius
925 773 983 801 fue-

193 818 254 842 rant
272 815 324 843 sub
345 815 412 851 jugo
427 820 454 843 et
473 816 601 844 curribus
617 816 778 849 Pharaonis,
805 822 832 845 et
845 819 984 854 equitatus

1037 221 1106 248 sicut
1131 225 1157 248 et
1171 221 1292 248 Christus
1314 221 1408 248 dilexit
1424 221 1570 249 Ecclesium
1586 230 1664 249 suam
1687 228 1711 250 et
1734 228 1829 250 semet-

1037 267 1123 301 ipsum
1141 267 1253 294 tradidit
1270 274 1317 301 pro
1333 275 1379 299 ea,
1397 271 1426 293 ut
1444 275 1502 294 eam
1522 268 1703 302 sancti/itaret
1722 268 1828 295 lavacra

1037 320 1112 346 aque
1131 313 1159 339 in
1178 313 1269 345 verbo,
1289 317 1318 339 ut
1343 312 1398 345 ipse
1423 312 1474 339 sibi
1496 318 1659 348 pra’pararet
1682 313 1828 348 gloriosam

1037 357 1185 385 Ecclesium
1201 366 1252 385 non
1272 358 1409 385 habentem
1426 358 1568 391 maculam,
1591 363 1638 386 aut
1660 367 1767 394 rugam,
1780 364 1825 386 aut

1037 403 1140 438 aliquid
1161 402 1324 437 hujusmodi,
1344 403 1389 430 sed
1406 407 1434 430 ut
1451 408 1518 430 esset
1539 409 1634 430 sancta
1649 408 1675 430 et
1697 404 1829 431 immacu-

1037 447 1139 475 lata“.
1164 448 1197 475 Et
1219 453 1282 484 post
1302 456 1414 483 pauca:
1442 449 1536 482 Nemo,
1556 449 1657 485 inquit,
1679 450 1752 477 enim
1778 449 1829 476 ali-

1036 493 1144 529 quando
1158 501 1263 520 carnem
1279 502 1354 521 suam
1370 494 1431 521 odio
1445 494 1548 526 habuit,
1563 495 1608 521 sed
1624 494 1707 521 nutrit
1721 499 1747 522 et
1761 494 1829 530 fouet

1036 548 1094 566 eam
1107 540 1174 566 sicut
1187 544 1211 566 et
1221 539 1343 567 Christus
1355 539 1515 572 Ecclesium,
1530 539 1594 575 quia
1607 540 1724 568 membra
1736 549 1829 568 sumus

1035 586 1154 620 corporis
1167 586 1224 620 ejus
1237 585 1271 617 ",
1285 590 1312 613 et
1325 586 1440 621 reliqua.

1073 630 1126 658 Per
1140 631 1197 658 haec
1207 638 1272 666 ergo
1284 631 1441 663 educentur,
1453 630 1596 665 quomodo
1610 638 1712 666 sponsa
1725 630 1828 658 Christi

1036 684 1097 712 quae
1111 681 1154 704 est
1166 676 1298 709 Ecclesia,
1312 676 1394 704 etiam
1410 676 1446 704 sit
1461 683 1562 711 corpus
1577 676 1637 711 ejus
1649 681 1677 704 et
1689 677 1828 704 membra.

1037 721 1066 749 Si
1083 730 1148 757 ergo
1168 723 1265 750 audias
1281 722 1375 756 sponsi
1390 721 1511 749 membra
1538 722 1685 751 nominari.
1697 721 1829 750 Ecclesiae

1036 767 1159 795 membra
1182 767 1235 795 dici
1254 767 1384 803 intellige.
1405 767 1432 794 In
1454 767 1554 802 quibus
1571 767 1643 795 sicut
1665 772 1730 795 sunt
1742 767 1829 803 aliqui

1035 814 1081 849 qui
1095 814 1224 841 dicuntur
1241 813 1323 846 oculi,
1335 820 1386 849 pro
1407 812 1591 849 intelligentiae
1610 813 1670 841 sine
1692 813 1777 841 dubio
1797 821 1830 840 ac

194 859 304 887 Domini
320 861 502 895 appellantur.
519 861 585 895 Quae
600 866 690 890 autem
707 871 739 890 ex
751 863 859 892 duabus
876 865 985 899 εχροεί-
1001 854 1022 885 Β
1036 859 1158 887 scientias
1181 859 1295 891 lumine,
1307 863 1335 886 et
1354 859 1400 886 alii
1422 866 1504 887 aures
1516 866 1566 894 pro
1582 859 1720 887 audiendo
1742 859 1829 886 verbo

195 905 233 932 tio
255 905 403 933 convenire
425 907 512 941 magis
533 907 674 942 proposito
694 908 830 936 versiculo
850 909 982 943 videatur,

195 950 323 985 probabis
335 951 417 979 etiam
431 956 460 979 tu
475 952 523 987 qui
536 953 613 988 legis.

235 995 312 1023 Vera.
335 995 380 1024 10.
408 995 495 1029 Quam
519 998 643 1032 speciosa:
664 999 743 1033 facta
765 1004 826 1026 sunt
849 1005 985 1035 gemeth

196 1045 323 1076 tanquam
340 1043 464 1075 turturis,
479 1043 566 1070 cervis:
585 1049 631 1070 tua
644 1044 711 1071 sicut
728 1044 892 1073 redimicula.
910 1045 984 1074 Ordo

195 1087 326 1116 dramatis
341 1088 498 1123 hujusmodi
513 1089 620 1116 videtur
629 1089 729 1117 habere
744 1092 983 1126 consequentiam,

195 1133 269 1170 quod
296 1138 472 1169 posteaquam
503 1135 653 1163 austeriorc
677 1143 746 1164 usus
764 1141 807 1164 est
833 1139 984 1166 commina-

195 1181 269 1209 tione
280 1188 398 1216 sponsus
416 1181 449 1208 ad
467 1188 608 1216 sponsam,
622 1187 792 1217 protestatus
805 1183 831 1211 ei
844 1184 918 1219 quod
931 1185 983 1213 nisi

193 1231 370 1262 cognosceret
392 1227 568 1262 semelipsam
591 1228 699 1256 exitura
722 1234 797 1256 esset
817 1229 845 1256 in
861 1230 984 1265 vestigiis

193 1279 316 1307 gregum,
331 1275 358 1299 et
376 1276 501 1306 pasceret
515 1279 570 1299 non
589 1280 665 1306 oves,
679 1273 727 1300 sed
741 1273 836 1302 Iucdos
845 1295 852 1308 ,
866 1275 986 1302 erubue-

193 1317 229 1343 rit
244 1324 327 1351 super
344 1316 503 1343 austeritate
520 1317 657 1352 praccepti,
680 1317 728 1345 sed
750 1322 778 1346 et
803 1319 887 1346 rubor
911 1327 986 1347 vere-

193 1362 301 1390 cundiae
325 1362 441 1391 ditiusus
462 1362 489 1390 in
505 1363 581 1390 vultu
605 1363 744 1398 speciosas
762 1364 883 1392 etl‘ecerit
901 1373 984 1402 genus

193 1408 264 1443 ejus,
288 1411 315 1435 et
332 1407 418 1436 multo
441 1416 523 1443 quam
538 1408 646 1436 fuerant
662 1409 833 1444 pulchriores
848 1419 855 1437 :
869 1418 923 1438 non
939 1419 984 1439 so-

194 1455 250 1482 lum
267 1459 358 1482 autem
383 1463 468 1491 gente,
497 1456 544 1484 sed
573 1460 600 1483 et
620 1455 710 1484 cervix
733 1456 794 1491 ejus
812 1462 868 1484 tam
885 1458 984 1486 decora

193 1501 230 1529 sit
245 1501 361 1534 reddita,
385 1501 465 1536 quasi
483 1501 626 1529 monilium
646 1502 815 1530 redimiculis
838 1504 982 1531 adornata.

193 1545 372 1574 Pulcbritudo
388 1554 453 1581 ergo
474 1554 604 1582 genarum
623 1547 777 1575 turturibus
796 1553 983 1584 comparatur,

192 1592 265 1628 quod
287 1600 336 1628 per
362 1591 520 1627 hujusmodi
546 1599 610 1620 aves
632 1592 714 1620 simul
738 1592 867 1622 honestas
891 1594 984 1623 vultus

192 1643 220 1666 ct
245 1638 374 1666 alacritas
396 1638 542 1666 indicetur.
569 1637 633 1666 llaec
649 1643 693 1666 est
713 1637 836 1667 historici
852 1639 984 1668 dramalis

191 1685 243 1720 61
265 1684 430 1719 explanatio.
451 1683 503 1711 Sed
519 1684 660 1712 veniamus
684 1685 717 1712 ad
732 1692 800 1713 rem.
813 1685 915 1714 Paulus
927 1686 982 1722 (51)

192 1731 332 1766 apostolus
341 1731 463 1758 scribens
474 1730 507 1758 ad
515 1730 662 1758 Ecclesiam
668 1730 872 1760 Corinthiorum
884 1733 920 1761 ita
927 1733 964 1761 ait
974 1742 981 1761 :

192 1776 294 1811 Carpus
315 1780 403 1802 autem
424 1783 474 1802 non
494 1780 532 1803 est
551 1777 694 1804 membrum
712 1785 804 1811 utrum,
823 1779 868 1806 sed
884 1779 980 1808 multa.

192 1821 228 1849 Et
245 1822 268 1848 si
283 1821 380 1848 dixerit
396 1829 439 1856 pes
456 1822 517 1857 quia
538 1831 590 1850 non
611 1831 669 1850 sum
685 1831 789 1858 manus,
807 1832 859 1852 non
873 1833 931 1852 sum
950 1825 982 1853 de

191 1876 310 1902 corpore,
331 1876 381 1894 non
398 1873 536 1903 propterea
553 1876 604 1895 non
620 1873 658 1896 est
675 1869 707 1896 de
724 1877 848 1904 corpore;
862 1876 886 1897 et
900 1872 923 1898 si
937 1871 977 1898 di-

190 1913 261 1940 :cerit
284 1913 424 1947 auricula,
447 1914 510 1949 quia
534 1922 584 1941 non
604 1922 662 1941 sum
685 1914 788 1948 oculus,
809 1923 861 1942 non
875 1924 934 1943 sum
949 1916 982 1944 de

189 1967 308 1994 corpore,
324 1967 374 1986 non
385 1964 522 1994 propterea
537 1968 588 1987 non
602 1965 641 1987 est
656 1960 688 1987 de
698 1969 817 1996 corpore.
849 1961 879 1989 Si
895 1967 981 1989 totum

190 2014 283 2041 corpus
293 2011 330 2033 est
342 2006 444 2038 oculus,
460 2005 506 2032 ubi
517 2010 556 2033 est
571 2007 703 2034 auditus?
719 2006 749 2034 Si
761 2011 843 2035 totum
858 2008 979 2042 auditus,

189 2053 234 2080 ubi
245 2052 392 2080 odoratus?
402 2052 481 2079 Nunc
498 2057 585 2080 autem
595 2052 663 2080 Deus
677 2054 763 2087 posuit
778 2054 981 2089 unumquodque

190 2099 334 2125 membrum
358 2099 386 2125 in
407 2107 515 2133 corpore
537 2099 704 2126 sicut-voluit
719 2098 752 2126 “.
774 2098 807 2126 Et
824 2107 885 2126 cum
901 2100 980 2135 plura

189 2144 223 2171 de
242 2144 294 2171 hoc
308 2143 485 2178 disputasset,
509 2143 542 2170 ad
557 2142 682 2170 ultimum
700 2143 766 2171 dicit
784 2152 791 2170 :
817 2142 868 2171 Vos
890 2150 979 2172 autem

1035 904 1178 937 doctrinae,
1196 904 1242 932 alii
1259 912 1357 931 manus
1370 911 1419 938 pro
1435 904 1516 932 bonis
1529 904 1657 939 operibus
1676 904 1830 939 religiosis-

1034 957 1088 985 quc
1108 949 1277 983 ministeriis,
1297 951 1334 977 ita
1352 955 1417 978 sunt
1428 949 1474 977 alii
1494 955 1522 977 et
1538 950 1587 985 qui
1607 957 1683 985 genae
1699 950 1761 985 ejus
1776 958 1828 985 ap-

1034 996 1179 1032 pellentur.
1204 996 1287 1024 Gcnaa
1307 1001 1398 1024 autem
1419 1001 1509 1031 partes
1527 997 1618 1024 vultus
1635 997 1776 1030 dicuntur,
1799 997 1828 1024 in

1034 1041 1135 1077 quibus
1142 1041 1272 1069 honestas
1278 1047 1304 1069 et
1317 1042 1478 1069 verecundia
1486 1043 1583 1069 animae
1590 1043 1747 1078 agnoscitur
1758 1051 1766 1069 :
1777 1050 1829 1077 per

1034 1088 1109 1123 quod
1127 1087 1187 1116 sine
1200 1087 1284 1115 dubio
1298 1087 1337 1115 illi
1355 1088 1382 1115 in
1396 1087 1527 1115 membris
1540 1087 1669 1115 Ecclesia.
1683 1087 1828 1116 declaran-

1036 1138 1091 1168 tur,
1103 1134 1149 1169 qui
1161 1133 1297 1161 ustilatis
1310 1138 1338 1162 et
1349 1134 1487 1169 pudicitia;
1501 1133 1629 1161 excolunt
1642 1134 1826 1162 honestatem.

1034 1179 1088 1207 Pro
1114 1179 1158 1207 bis
1181 1186 1247 1215 ergo
1273 1179 1308 1206 ad
1332 1186 1413 1206 omne
1437 1186 1538 1214 corpus
1574 1187 1682 1214 sponsas
1703 1179 1823 1207 dicitur:

1035 1223 1122 1257 Quam
1145 1225 1270 1259 speciosa:
1290 1223 1369 1258 factm
1388 1228 1449 1250 sunt
1470 1232 1542 1259 gcute
1558 1223 1632 1251 tuas!
1653 1223 1686 1251 Et
1709 1224 1826 1251 observa

1035 1271 1099 1306 quia
1124 1278 1179 1298 non
1202 1270 1281 1304 dixit,
1305 1277 1388 1306 quam
1414 1271 1545 1305 speciosa:
1567 1274 1632 1298 sunt
1651 1277 1727 1305 gena:
1755 1275 1824 1297 tuae:

1036 1318 1084 1347 sed
1097 1326 1105 1346 :
1119 1317 1206 1350 Quam
1226 1318 1351 1352 speciosw
1371 1318 1449 1352 facta
1465 1321 1544 1349 sunt;
1564 1321 1594 1344 ut
1606 1316 1732 1345 ostendat
1748 1317 1825 1352 prius

1035 1363 1148 1399 quidem
1176 1370 1232 1391 non
1254 1370 1302 1391 eas
1318 1363 1356 1390 ita
1377 1363 1463 1390 fuisse
1479 1363 1636 1398 speciosas,
1655 1362 1701 1390 sed
1714 1366 1825 1398 postea-

1034 1417 1119 1446 quam
1143 1408 1264 1444 suscepit
1287 1408 1381 1436 oscula
1405 1408 1517 1443 sponsi,
1539 1412 1567 1436 et
1586 1409 1642 1443 ipse
1657 1408 1703 1444 qui
1728 1408 1824 1444 loque-

1034 1458 1116 1486 batur
1129 1465 1178 1494 per
1192 1458 1340 1493 prophetas
1356 1457 1434 1492 prius
1450 1456 1547 1489 adfuit,
1564 1460 1591 1483 et
1610 1454 1753 1483 mandavit
1773 1454 1824 1482 sibi

1038 1503 1090 1539 ipsi
1106 1503 1256 1531 Ecclesiam
1277 1510 1355 1531 suam
1383 1502 1493 1530 lavacro
1517 1509 1606 1537 aquae,
1626 1505 1655 1528 et
1674 1500 1739 1528 fecit
1761 1508 1823 1528 eam

1035 1557 1091 1577 non
1116 1549 1218 1577 habere
1239 1550 1375 1577 maculam
1400 1552 1448 1576 aut
1469 1555 1576 1583 rugam.
1604 1551 1631 1575 et
1655 1547 1824 1582 agnitionem

1032 1595 1078 1622 sui
1090 1594 1214 1630 praestitit
1225 1594 1262 1627 ei,
1273 1599 1338 1622 tunc
1352 1594 1430 1622 facta:
1443 1598 1507 1621 sunt
1521 1592 1653 1627 speciosae
1664 1599 1740 1627 gena:
1749 1591 1822 1626 ejus.

1033 1639 1113 1668 Tunc
1136 1641 1209 1668 enim
1228 1640 1341 1669 castitas
1362 1643 1389 1667 et
1410 1639 1541 1674 pudicitia
1562 1642 1590 1665 et
1605 1638 1747 1674 virginitas
1762 1645 1825 1672 qua:

1034 1685 1112 1720 prius
1131 1692 1187 1713 non
1205 1685 1311 1719 fuerat,
1322 1692 1370 1720 per
1384 1684 1514 1712 Ecclesia:
1528 1692 1612 1720 genas
1631 1684 1758 1718 specioso
1775 1683 1825 1711 de-

1032 1737 1098 1758 core
1115 1730 1213 1758 ditl‘usa
1224 1735 1277 1758 est.
1303 1730 1369 1763 Qua:
1392 1734 1483 1758 tamen
1508 1737 1640 1765 genarum
1656 1730 1776 1764 species,
1797 1730 1825 1757 id

1032 1780 1075 1804 est
1088 1776 1227 1811 pudicitiae
1248 1780 1274 1804 et
1288 1775 1442 1808 castitatis,
1466 1775 1618 1803 turturibus
1636 1779 1823 1811 comparatur.

1033 1822 1185 1850 Turturum
1209 1821 1302 1850 ferunt
1316 1822 1474 1858 hujusmodi
1494 1826 1620 1849 naturam
1640 1829 1710 1855 esse,
1727 1826 1758 1848 ut
1773 1829 1823 1849 nc-

1031 1875 1086 1905 que
1106 1869 1246 1897 masculus
1262 1873 1360 1904 praeter
1379 1875 1462 1896 unam
1482 1869 1612 1897 feminam
1633 1868 1713 1896 adeat
1727 1869 1822 1901 aliam,

1033 1922 1085 1942 nec
1098 1914 1197 1942 femina
1206 1915 1268 1950 plus
1278 1921 1361 1950 quam
1369 1921 1454 1942 unum
1469 1914 1589 1950 patiatur
1601 1921 1720 1948 marem;
1740 1915 1779 1942 ita
1793 1919 1823 1942 ut

1031 1960 1055 1988 si
1069 1960 1175 1988 accidat
1191 1961 1277 1988 altero
1299 1961 1449 1996 intercepto
1473 1968 1617 1997 superesse
1634 1960 1762 1993 alterum,
1774 1968 1824 1996 pa-

1031 2006 1098 2034 riter
1113 2014 1175 2034 cum
1190 2006 1306 2042 conjuge
1320 2007 1472 2034 exstinctus
1488 2006 1558 2034 sitei
1569 2006 1731 2034 concubitus
1739 2014 1829 2036 amor.

1029 2050 1230 2079 Convenienter
1244 2059 1308 2087 ergo
1320 2052 1470 2080 similitudo
1481 2052 1595 2080 turturis
1606 2056 1717 2087 aptatur
1728 2053 1824 2081 Eccle-

1031 2097 1090 2129 εἴτε,
1102 2097 1174 2132 quod
1189 2097 1231 2124 vel
1248 2097 1360 2126 alterius
1373 2097 1423 2125 viri
1435 2101 1498 2133 post
1508 2097 1647 2126 Christum
1660 2098 1822 2133 conjugiu'm

1030 2145 1153 2178 nesciat,
1169 2146 1212 2173 vel
1235 2145 1307 2180 quod
1330 2146 1506 2174 continentis
1533 2151 1560 2173 et
1579 2146 1716 2181 pudicitiae
1738 2147 1767 2174 in
1789 2155 1822 2174 ca

189 2190 253 2216 estis
269 2197 362 2223 corpus
374 2188 474 2216 Christi
489 2194 514 2215 et
529 2189 642 2216 membra
658 2196 690 2215 ea:
703 2194 779 2223 parte
791 2189 824 2217 “.
836 2189 869 2217 Et
882 2190 979 2219 iterum
998 2195 1019 2224 ι)
1033 2195 1162 2226 tanquam
1189 2195 1327 2219 turturum
1352 2192 1446 2220 volitet
1477 2192 1633 2220 multitudo.
1662 2191 1821 2220 Secundum

190 2234 225 2262 ad
241 2233 373 2270 Ephesios
392 2233 514 2262 scribens
534 2234 617 2262 dicit:
636 2233 754 2269 Subjccti
775 2236 884 2263 inuicem
900 2237 927 2264 in
944 2237 978 2264 ti-

189 2289 261 2308 more
272 2279 384 2308 Christi.
402 2279 526 2307 Mulieres
544 2280 608 2307 viris
629 2281 684 2307 suis
698 2281 822 2316 subjecit:
836 2283 889 2309 sint
911 2284 979 2310 sicut

190 2326 302 2353 Domino
318 2334 327 2354 :
345 2326 408 2361 quia
426 2326 465 2353 vir
483 2330 562 2360 caput
577 2330 614 2353 est
631 2327 758 2361 mulieris,
775 2328 844 2356 sicut
859 2333 883 2356 et
900 2328 979 2356 Chri—

188 2377 247 2399 stus
261 2376 300 2399 est
319 2378 397 2406 caput
412 2371 547 2404 Ecclesim,
571 2375 625 2407 ipsa
637 2371 760 2400 Salvator
772 2375 905 2409 corporis.
924 2374 979 2402 Sed

187 2418 258 2444 sicut
271 2416 392 2444 Ecclesia
410 2416 527 2452 subjecta
549 2421 587 2444 est
601 2416 724 2450 Christo,
748 2419 787 2445 ita
809 2423 834 2446 et
853 2419 978 2446 mulieres

242 2478 264 2514 ξι
276 2475 361 2514 lCor.
380 2483 430 2514 ξι),
445 2475 488 2510 tt,
502 2475 600 2510 15,16,
614 2477 657 2510 ιτ,
671 2477 714 2506 l8.
743 2478 766 2494 ιδ
777 2477 844 2506 ibid.
863 2478 908 2505 27.
948 2478 971 2494 ιε

1048 2500 1053 2507 .
1073 2486 1100 2511 v,
1112 2477 1215 2513 21,22,
1226 2478 1273 2512 εδ,
1285 2478 1388 2513 24,25,
1399 2479 1444 2512 εδ,
1457 2478 1503 2506 27.

187 2513 210 2529 "
222 2512 318 2540 Matth.
332 2519 370 2544 xl,
385 2511 429 2539 i9.

223 2571 471 2609 (5l)_rPr9cop_i_us_
488 2580 526 2609 ex
545 2573 660 2609 Origene
681 2582 688 2600 :
720 2573 807 2609 una
827 2574 875 2601 καὶ
905 2574 973 2609 μέλη

187 2607 316 2645 ζίρὶσξέοῦἒ
330 2608 379 2643 τῆς
394 2607 560 2645 ΔἘκκληςι-ίᾳς
578 2608 686 2645 udum;
710 2609 724 2634 ό
748 2608 856 2645 neque;
875 2607 973 2645 νφήσινί

186 2641 222 2679 ἦέ
242 2643 323 2670 οἱονεὶ
348 2641 538 2679 ἡρόσῳποπίγρι
563 2643 602 2678 τῷ
613 2641 711 2679 uigilet
727 2643 782 2669 τῶν
806 2641 977 2671 λοιπῶν’δια-

189 2677 326 2720 ᾡέρογτες,
344 2677 456 2713 aiqu
479 2677 554 2717 οὒξὲν
574 2677 744 2722 ὲῡνοφρχτεςζ.
753 2679 801 2714 τὴν
808 2679 839 2722 ῥὲ
856 2678 977 2722 τῆς1σω-

188 2712 325 2756 creatam;
353 2712 589 2752 χαρπθφορρῦντες
615 2712 691 2739 αἰδῶ.
715 2714 745 2740 Oi
763 2712 893 2755 ﬁpérepov
912 2714 976 2746 ἴσως

188 2757 240 2785 oux
252 2748 326 2785 ὄντες
335 2748 416 2785 ualet
429 2756 556 2785 ῖοσουτον
570 2748 726 2785 μετέὸαλᾳν,
749 2748 787 2780 ὠς
804 2749 929 2785 εἰρησθᾳι
941 2751 974 2785 τῇ

190 2782 340 2820 νύμφῃιώτι
357 2782 552 2820 ἀψᾳιώζζησαιζ
566 2784 595 2810 al
607 2783 749 2820 glardrec
763 2782 836 2820 gov‘
849 2782 886 2820 μὴ
902 2782 976 2819 ἔχονῖ

190 2791 293 2819 νυμφῃι
312 2791 338 2808 ιι
399 2791 552 2815 αιωυησαν
566 2791 594 2810 αι
609 2791 749 2818 meq-arce
765 2791 834 2810 σου·
849 2791 886 2820 μη
902 2791 976 2819 excv-

190 2826 235 2850 τες
259 2791 504 2854 σπῖλρνέῆφρυτίδα·
520 2818 590 2852 τάχα
604 2818 632 2844 δὲ
649 2818 688 2854 τῷ
701 2818 746 2844 τὸν
762 2818 811 2846 ἕνα
833 2819 913 2854 μόνον
933 2827 976 2852 γι-

190 2828 235 2850 τες
259 2828 352 2844 σπιιον
369 2828 385 2852 η
403 2828 504 2853 ρυτιοα·
520 2828 590 2852 ταχα
604 2828 632 2844 οε
649 2828 688 2880 ἐἴ
701 2828 746 2844 τον
763 2828 811 2846 ενα
833 2828 913 2854 μῡνον
933 2828 976 2852 γι-

190 2853 303 2881 νώσκειν
317 2852 394 2880 Θεὸν·
412 2853 459 2879 καὶ
487 2854 503 2887 ἡ
527 2853 634 2889 τρυγὼν
650 2862 667 2888 γ
687 2862 703 2889 ρ
721 2854 759 2880 ἑνὶ
788 2854 861 2890 μόνῳ
882 2855 977 2890 συνέρ-

1032 2237 1103 2265 hanc
1123 2237 1329 2272 intelligentiam
1350 2238 1433 2266 etiam
1455 2239 1590 2266 cervicem
1612 2245 1721 2273 sponsa
1748 2239 1823 2266 acci-

1031 2284 1151 2318 piamus.
1163 2283 1229 2317 Quae
1240 2283 1299 2311 sine
1313 2284 1398 2312 dubio
1410 2284 1462 2311 illa:
1473 2283 1585 2320 intelligi
1597 2284 1696 2311 debent
1709 2284 1821 2314 animm,

1031 2336 1093 2364 qua:
1103 2328 1204 2356 Christi
1225 2329 1321 2365 jugum
1347 2330 1501 2365 suscipiunt
1522 2329 1637 2357 dicentis
1663 2338 1669 2355 :
1688 2328 1823 2364 Suscipite

1031 2382 1110 2408 super
1133 2381 1176 2401 vos
1195 2375 1290 2409 jugum
1315 2383 1412 2408 meum,
1435 2376 1497 2411 quia
1516 2374 1611 2410 jugum
1633 2383 1718 2402 meum
1740 2383 1823 2401 suave

1031 2425 1070 2447 est
1082 2419 1115 2447 δ”.
1130 2419 1291 2448 Obedientia
1309 2428 1374 2456 ergo
1390 2421 1450 2456 ejus
1467 2421 1588 2448 cervices
1603 2420 1662 2455 ejus
1680 2420 1824 2454 appellan-

1559 2478 1583 2495 “
1592 2478 1658 2506 ibid.
1672 2478 1709 2506 29
1726 2483 1755 2506 et
1773 2478 1820 2507 50.

1045 2583 1119 2601 εται.
1141 2573 1211 2607 Quin
1241 2580 1266 2602 et
1293 2575 1410 2602 membra
1437 2574 1549 2606 Christi,
1565 2573 1691 2602 Ecclesia,-
1714 2583 1821 2609 sponste

1045 2584 1119 2601 εται.
1141 2584 1211 2607 uuln
1241 2584 1266 2602 et
1293 2584 1410 2602 memora
1437 2584 1549 2606 annm,
1565 2584 1691 2602 nectes":
1714 2584 1821 2609 sponste

1027 2584 1131 2636 i’aulus
1149 2616 1244 2638 vocat:
1263 2610 1339 2644 cujus
1360 2610 1438 2645 quasi
1459 2610 1546 2637 vultus
1568 2615 1641 2641 sum,
1659 2610 1704 2644 qui
1724 2610 1821 2637 decore

1027 2645 1136 2680 reliquis
1154 2645 1324 2676 antecellunt,
1345 2645 1411 2671 nihil
1428 2645 1547 2672 t-idelicet
1568 2649 1642 2679 turpe
1659 2644 1819 2679 cogitantes,

1027 2688 1059 2706 ac
1074 2679 1200 2717 pudorem
1219 2681 1354 2717 castitatis
1376 2680 1493 2714 fructum
1520 2680 1641 2717 ferentes.
1670 2679 1736 2717 Cum
1762 2680 1820 2713 for-

1028 2715 1107 2742 tassis
1135 2715 1208 2748 prius
1231 2715 1319 2741 decori
1343 2722 1394 2741 non
1416 2719 1519 2747 essent,
1544 2715 1583 2740 sic
1614 2715 1711 2740 mutati
1741 2721 1818 2745 sunt,

1028 2756 1056 2776 ut
1072 2750 1172 2776 dictum
1190 2749 1222 2776 sit
1240 2757 1341 2784 sponsa:
1354 2759 1363 2777 :
1378 2758 1386 2774 ι
1402 2749 1489 2781 Quarti
1513 2750 1636 2783 speciosis
1657 2749 1737 2783 facta
1754 2754 1819 2776 sunt

1027 2792 1099 2819 gente
1114 2784 1187 2811 tuas!
1203 2793 1211 2809 ι
1229 2783 1294 2817 Qua!
1307 2784 1407 2811 scilicet
1428 2784 1558 2810 maculam
1574 2792 1626 2819 non
1637 2784 1750 2810 habeant
1771 2789 1819 2810 aut

1027 2818 1252 2854 rugamtidcirco
1274 2819 1404 2853 forsitan,
1425 2819 1496 2853 quod
1519 2826 1599 2845 unum
1612 2818 1695 2845 Deum
1718 2827 1818 2854 cogno-

1027 2859 1112 2882 scant.
1132 2853 1204 2882 Nam
1216 2859 1239 2882 ct
1255 2858 1344 2882 turtur
1359 2862 1418 2882 cum
1434 2861 1486 2881 uno
1499 2856 1556 2882 solo
1571 2854 1753 2889 congreditur.
