1892 3050
59 122 101 150 I35

706 119 807 148 LIBER
828 119 1021 150 SECUNDUS.

1621 130 1676 160 ιδι

59 187 103 210 tur.
116 180 213 209 Cervix
227 188 298 217 ergo
316 180 377 217 ejus
390 180 512 216 speciosa
529 180 600 209 facta
614 185 656 209 est
670 181 741 210 sicut
760 180 836 208 redi-
850 182 873 210 Α
886 188 940 216 que
956 181 1117 216 susciperet.
1139 183 1292 218 Antequam
1307 191 1372 220 ergo
1397 188 1504 220 tempus
1517 185 1615 214 horum
1631 188 1680 215 ad.

59 227 157 260 micula,
171 230 197 254 et
213 227 326 254 merito.
351 225 436 259 Quam
451 226 524 253 enim
542 226 619 261 prius
634 226 838 262 praevaricatio-

60 272 95 300 nis
112 271 299 299 inobedientia
322 276 427 307 turpem
451 271 571 305 fecerat,
592 280 665 300 nunc
685 272 838 300 obedientia

60 318 112 344 fidei
124 318 275 352 speciosam
293 316 355 345 fecit
371 322 399 345 et
419 318 571 352 pulchram.
594 318 693 346 Cervix
708 327 773 354 ergo
790 323 837 347 tua

59 364 171 400 speciosa
198 363 272 391 facta
290 368 331 391 est
354 364 425 391 sicut
440 363 610 391 redimicula.
636 364 676 392 Ad
692 371 839 400 utrumque

59 411 121 438 enim
142 410 321 442 subauditur,
345 410 469 445 speciosa
488 409 559 438 facta
576 415 627 438 est.
667 410 838 438 Redimicula

60 456 97 483 hic
113 456 175 484 dicit
186 457 399 485 constrictiones
412 458 455 485 vel
476 457 662 485 connexiones
693 457 837 484 monilium

59 510 111 536 quae
124 502 148 529 in
160 502 315 531 cervicibus
331 504 425 531 sedere
444 503 543 535 solent,
566 510 599 531 ex
612 502 711 538 quibus
726 502 843 530 deduci-'

58 554 106 582 tur,
115 554 139 576 et
151 549 294 577 descendit
308 558 355 585 per
367 557 449 577 omne
462 550 561 577 collum
575 549 698 584 reliquus
713 554 836 577 ornatus.

59 594 104 629 Ipsi
120 602 181 629 ergo
192 600 356 623 ornamento
369 595 440 631 quod
452 595 606 623 cervicibus
617 599 644 622 et
656 595 726 623 collo
734 595 837 630 imponi

60 642 128 675 solet,
150 641 284 669 cervicem
302 649 411 677 sponsae
431 641 610 676 comparavit.
637 639 714 673 Quod
735 640 837 668 dictum

60 689 90 715 ita
106 688 280 716 advertimus.
301 688 441 715 Cervicem
457 687 576 714 diximus
592 686 789 721 subjectionem
811 691 838 714 et

60 734 226 762 obedientiam
243 733 310 766 dici,
329 740 380 768 pro
397 740 431 761 eo
446 732 520 768 quod
534 732 612 768 quasi
625 732 723 767 jugum
735 731 837 760 Christi

60 779 188 814 suscipiat,
204 783 232 806 et
249 778 313 806 tidei
329 778 390 813 ejus
405 778 586 805 obedientiam
601 777 730 813 praebeat.
748 777 837 805 Orna-

62 830 169 852 mentum
192 832 259 861 ergo
282 824 399 852 cervicis
425 823 485 859 ejus
508 831 571 859 qua:
597 827 639 851 est
670 823 837 856 obedientia,

888 233 972 262 esset,
990 229 1017 256 in
1030 229 1125 258 multis
1149 231 1308 266 angelorum
1334 232 1487 260 ministerio
1504 234 1679 263 excolebatur

888 280 989 308 sponsa
1011 274 1058 308 qui
1082 275 1250 309 apparebant
1272 280 1338 304 tunc
1363 277 1521 305 hominibus
1540 283 1567 305 et
1587 278 1683 313 loque-

887 318 988 346 bantur
1008 325 1041 346 ea
1058 327 1120 354 quae
1144 327 1189 348 res
1200 321 1331 355 posrebat
1347 326 1374 349 et
1390 326 1508 357 tempus.
1528 321 1589 350 Non
1605 324 1678 351 enim

887 368 916 391 tu
938 364 1005 392 mihi
1022 372 1056 393 ex
1079 365 1196 394 adventu
1219 365 1370 395 Salvatoris
1397 369 1424 396 in
1445 376 1528 396 carne
1549 377 1679 404 sponsam

888 409 954 443 dici,
977 415 1024 438 aut
1039 410 1190 439 Ecclesiam
1216 416 1304 447 putes,
1325 413 1372 440 sed
1401 413 1435 441 ab
1460 414 1538 442 initio
1566 415 1679 442 humani

887 457 1006 491 generis,
1031 462 1058 485 et
1076 458 1111 485 ab
1128 458 1187 494 ipsa
1209 459 1407 487 constitutione
1434 460 1547 493 mundi,
1568 460 1634 493 imo,
1652 467 1682 489 ut
1703 459 1707 472 ⁵

890 499 976 528 Paulo
989 501 1058 530 duce
1073 502 1290 539 altiusmysterii
1305 504 1387 539 hujus
1401 504 1535 540 originem
1548 511 1682 540 repetam,

888 551 953 574 ante
973 547 1056 574 etiam
1075 548 1298 576 constitutionem
1324 550 1430 577 mundi.
1457 550 1503 578 Sic
1522 552 1594 578 enim
1615 552 1684 579 dicit

888 592 946 627 ipse
960 601 967 619 :
982 592 1059 620 Sicut
1075 593 1152 629 elegit
1168 603 1215 622 nos
1229 595 1257 621 in
1270 594 1376 622 Christo
1390 599 1452 623 ante
1468 597 1683 624 constitutionem

888 638 992 671 mundi,
1009 643 1037 666 ut
1052 647 1166 666 essemus
1187 641 1275 667 sancti
1288 644 1312 667 et
1327 641 1495 669 immaculati
1513 650 1602 669 coram
1623 643 1681 677 ipso

889 683 918 709 in
935 683 1082 716 charitate,
1099 685 1294 719 prtedestinans
1311 694 1359 713 nos
1379 687 1405 713 in
1424 687 1591 721 adoptionem
1612 688 1683 723 ﬁlio-

890 735 949 754 rum
962 727 997 754 ".
1015 727 1067 756 Sed
1082 733 1110 756 et
1127 729 1153 756 in
1165 728 1282 758 Psalmis
1300 731 1449 758 scribitur:
1470 731 1600 760 Memento
1619 742 1683 760 con-

890 773 1052 808 gregationis
1069 778 1138 808 tute,
1156 774 1278 808 Domine,
1290 784 1370 810 quam
1395 777 1560 812 congregasti
1578 778 1610 804 ab
1631 779 1684 805 ini-

891 819 928 846 tio
947 819 982 846 ".
1013 818 1105 847 Prima
1128 820 1228 848 etenim
1257 821 1433 849 fundamenta
1462 823 1682 858 congregationis

59 870 172 898 Christus
182 876 235 898 est.
250 870 312 906 Ipse
328 871 400 898 enim
412 869 487 905 prior
498 870 586 905 [actus
597 872 639 896 est
653 868 774 896 obediens
790 877 837 896 us-
854 862 874 889 Β
891 863 1019 893 Ecclesia:
1032 866 1123 893 statim
1143 866 1178 894 ab
1195 867 1273 894 initio
1291 872 1356 895 sunt
1369 868 1470 903 posita,
1485 868 1558 896 unde
1569 873 1596 897 et
1610 869 1684 904 Apo-

60 924 102 951 que
113 916 264 943 admoram
280 916 320 950 “;
338 921 365 946 et
379 916 447 944 sicut
464 922 511 950 per
531 915 620 948 unius,
644 915 709 942 Adae
723 913 838 946 scilicet,

61 961 250 988 inobedientiam
274 966 424 996 peccatores
445 961 582 989 constituti
603 965 665 988 sunt
683 960 761 987 multi
777 968 786 987 :
801 960 840 986 ita

63 1012 83 1033 et
101 1015 142 1041 per
161 1007 238 1033 unius
263 1006 451 1041 obedientiam,
477 1006 579 1034 Christi
605 1006 750 1038 duntaxat,
769 1004 839 1040 justi

58 1052 243 1078 constituuntur
256 1051 336 1079 multi
349 1051 383 1078 δ’.
400 1050 597 1079 Ornamentum
610 1058 675 1086 ergo
691 1054 718 1078 et
735 1051 839 1078 monile

62 1097 161 1124 cervicis
182 1096 331 1129 Ecclesiae,
357 1096 511 1124 obedientia
533 1096 636 1124 Christi
659 1101 711 1124 est.
737 1095 790 1124 Sed
812 1101 839 1124 et

62 1142 139 1169 cervix
149 1141 286 1175 Ecclesite,
303 1142 329 1170 id
345 1146 387 1170 est
400 1142 555 1170 obedientia
571 1142 641 1177 ejus,
657 1141 756 1169 similis
775 1141 840 1169 ct’t‘e.

59 1192 98 1214 cla
110 1192 146 1215 est
158 1188 320 1215 obedientize
335 1187 450 1222 Christi,
472 1187 546 1223 quod
561 1193 603 1215 est
624 1187 726 1215 monile
750 1188 839 1215 cervi-

62 1233 104 1260 cis.
125 1232 215 1268 Magna
240 1241 307 1269 ergo
332 1234 360 1260 in
384 1234 436 1261 hoc
458 1233 518 1261 laus
541 1241 648 1268 sponsae
667 1238 718 1267 est,
739 1241 839 1266 magna

61 1277 173 1305 Ecclesiae
188 1278 285 1314 gloria,
303 1278 350 1306 ubi
374 1277 491 1306 imitatio
520 1278 682 1307 obedientiae
701 1279 762 1314 ejus
791 1287 840 1307 ex-

63 1328 171 1358 equatur
180 1324 342 1353 obedientitc
352 1324 465 1358 Christi,
474 1332 557 1360 quam
574 1325 697 1353 imitatur
705 1324 837 1354 Ecclesia.

64 1368 117 1398 Haec
132 1371 186 1406 ipsa
203 1372 312 1407 species
327 1372 437 1400 monilis
449 1373 530 1400 etiam
547 1373 574 1401 in
587 1372 686 1401 Genesi
702 1380 839 1401 memora-

64 1422 100 1445 tur
117 1417 208 1446 aJuda
228 1419 387 1454 patriarcha
400 1419 521 1447 Thamar
536 1420 618 1447 nurui
643 1427 711 1454 suae,
727 1421 838 1456 quando

64 1470 116 1490 cum
136 1471 165 1491 ea
186 1465 263 1499 quasi
285 1472 349 1492 cum
370 1464 514 1493 meretrice
531 1465 693 1499 concubuit,
722 1465 785 1493 data
802 1465 836 1492 ".

62 1508 128 1541 Quod
147 1517 198 1537 non
221 1510 353 1538 omnibus
381 1515 455 1546 patet
478 1511 649 1547 mysterium.
675 1511 870 1557 Intelligiturc

62 1561 102 1588 per
117 1554 174 1589 hoc,
192 1556 263 1591 quod
278 1556 407 1585 Christus
421 1556 561 1590 Ecclesiae,
580 1565 663 1593 quam
685 1566 718 1586 ex
733 1559 833 1587 multo-

64 1606 114 1627 rum
137 1601 292 1637 dogmatum
317 1602 512 1637 prostitutione
537 1603 704 1639 collegerat,
734 1604 834 1633 futura:

65 1645 218 1678 perfectionis
231 1647 291 1676 haec
305 1648 380 1676 dedit
393 1649 517 1684 pignora,
532 1653 559 1676 et
578 1649 651 1677 istud
674 1650 835 1679 obedientiac

64 1690 149 1719 monile
162 1693 258 1720 cervici
276 1693 336 1728 ejus
351 1693 492 1728 imposuit.

90 1736 139 1771 62
151 1736 223 1765 Vers.
236 1739 282 1771 tl,
293 1738 336 1766 12,
359 1739 554 1767 Similitudines
572 1740 634 1767 auri
646 1740 773 1775 faciemus
788 1741 834 1768 tibi

63 1789 112 1808 cum
125 1783 337 1813 distinctionibus
348 1786 462 1821 argenti,
474 1786 644 1821 quoadusque
656 1795 702 1814 rea:
711 1788 745 1814 sit
757 1788 784 1814 in
795 1797 835 1815 re-

66 1827 140 1854 cutita
152 1837 207 1857 suo.
220 1830 310 1865 Supra
321 1831 441 1859 diximus
460 1831 532 1866 quod
545 1832 633 1866 specie
645 1831 777 1860 dratnatis
804 1832 836 1859 li-

66 1870 138 1901 bellus
145 1874 186 1902 hic
197 1875 342 1904 ordinatus
354 1883 534 1911 personarum
547 1877 736 1905 immutatione
746 1883 837 1905 conte-

66 1915 125 1944 xitur
137 1927 143 1944 :
155 1923 180 1946 et
195 1928 268 1948 nunc
285 1927 350 1955 ergo
363 1920 488 1948 videntur
500 1920 557 1948 haec
577 1920 658 1948 amici
667 1921 708 1949 vel
728 1922 836 1950 sodales

67 1963 145 1996 sponsi
159 1965 190 1992 ad
203 1972 335 2000 sponsam
350 1965 445 1998 locuti,
455 1965 502 2000 qui
518 1966 669 1993 secundum
684 1967 836 2002 intelligen-

67 2007 119 2035 tiam
134 2011 284 2046 mysticam,
301 2015 338 2043 et,
359 2015 389 2038 ut
404 2018 486 2046 supra
503 2011 560 2046 jam
573 2011 704 2045 diximus,
721 2017 768 2040 aut
786 2020 837 2039 an-

64 2053 160 2087 geli,vel
171 2057 249 2085 etiam
261 2057 414 2093 prophetae,
424 2062 472 2084 aut
481 2058 642 2092 patriarchae
658 2062 773 2093 possunt
790 2058 834 2086 in-

66 2099 142 2135 telligi.
158 2101 215 2130 Non
233 2103 309 2131 enim
325 2107 390 2131 tunc
407 2103 496 2131 solum
516 2111 578 2131 cum
591 2108 654 2139 post
666 2104 833 2139 baptismum

66 2143 160 2174 Joannis
182 2148 208 2176 in
235 2150 346 2177 deserto
370 2153 489 2177 tentatus
511 2154 553 2177 est
578 2157 592 2176 a
614 2149 724 2178 diabolo
738 2150 834 2178 Domi-

890 911 977 939 stolus
996 911 1062 939 dicit
1078 912 1207 940 aediﬁcari
1232 913 1382 941 Ecclesiam
1409 922 1462 942 non
1488 915 1577 942 solum
1601 923 1684 951 super

890 958 1078 992 apostolorum
1109 958 1334 994 fundamentum,
1360 960 1407 988 sed
1431 961 1512 988 etiam
1534 961 1682 996 propheta-

890 1010 952 1030 rum
964 1004 999 1030 ".

924 1048 998 1075 Inter
1012 1048 1159 1083 prophetas
1173 1053 1264 1077 autem
1285 1055 1446 1078 numeratur
1459 1055 1485 1078 ct
1502 1050 1600 1083 Adam,
1616 1051 1682 1087 quia

890 1101 1021 1129 magnum
1046 1094 1207 1129 mysterium
1235 1096 1408 1130 prophetavit
1435 1096 1462 1123 in
1485 1096 1595 1124 Christo
1609 1098 1681 1126 etin

889 1137 1022 1171 Ecclesia.
1036 1140 1131 1168 dicens
1143 1148 1150 1167 :
1164 1140 1277 1175 Propter
1288 1142 1337 1169 hoc
1350 1141 1478 1176 relinquet
1491 1142 1568 1169 homo
1581 1148 1683 1178 patrem

889 1193 966 1212 suum
988 1191 1014 1213 et
1034 1190 1147 1213 matrem
1168 1195 1255 1220 suam,
1270 1192 1295 1214 et
1312 1187 1458 1215 adhaerebit
1474 1189 1551 1215 uxori
1575 1197 1641 1221 sum,
1657 1195 1683 1216 ct

889 1236 966 1258 erunt
982 1232 1058 1259 umbo
1082 1233 1109 1259 in
1125 1240 1204 1260 carne
1221 1241 1274 1260 una
1288 1233 1324 1261 ⁸⁸.
1342 1233 1487 1262 Evidenter
1500 1234 1572 1260 enim
1592 1235 1683 1262 dehis

890 1278 972 1306 dictis
997 1278 1057 1313 ejus
1082 1279 1148 1307 dicit
1169 1279 1329 1315 Apostolus,
1354 1281 1418 1316 quia
1445 1283 1601 1317 mysterium
1633 1281 1682 1308 hoc

890 1331 1015 1359 magnum
1033 1324 1079 1352 sit.
1096 1324 1152 1360 Ego
1170 1329 1257 1352 autem
1270 1326 1329 1352 dico
1346 1326 1374 1353 in
1390 1326 1496 1354 Christo
1510 1332 1535 1355 et
1552 1328 1580 1354 in
1589 1327 1684 1355 Eccle—

890 1369 934 1396 sia
948 1370 982 1396 ".
1002 1369 1054 1397 Sed
1077 1375 1104 1397 et
1125 1370 1195 1397 idem
1209 1371 1357 1406 Apostolus
1379 1379 1441 1399 cum
1458 1373 1523 1400 dicit
1541 1382 1548 1400 :
1567 1372 1597 1400 Si
1613 1373 1683 1400 enim

892 1414 1042 1442 Ecclesium
1063 1415 1170 1450 dilexit,
1189 1421 1218 1443 ut
1242 1418 1409 1451 semetipsum
1435 1418 1550 1445 traderet
1575 1427 1624 1454 pro
1651 1427 1683 1446 en

890 1461 1062 1495 sancti/itane
1092 1461 1198 1489 lavacro
1215 1470 1290 1496 aqua
1306 1463 1349 1490 “z
1371 1471 1426 1491 non
1454 1464 1548 1499 utique
1564 1465 1684 1492 ostendit

889 1513 949 1534 eam
962 1507 1038 1542 prius
1050 1514 1104 1534 non
1119 1507 1214 1541 fuisse,
1228 1507 1367 1543 quomodo
1380 1509 1453 1537 enim
1467 1509 1605 1539 dilexisset
1621 1517 1682 1539 eam

886 1559 948 1587 qua:
960 1560 1014 1580 non
1029 1553 1107 1581 erat?
1120 1553 1168 1581 sed
1179 1561 1238 1581 eam
1256 1553 1315 1582 sine
1328 1554 1412 1583 dubio
1424 1555 1518 1583 dilexit
1533 1564 1594 1591 quae
1612 1562 1681 1584 erat.

884 1598 1051 1626 Eratautem
1072 1599 1101 1626 in
1121 1599 1250 1627 omnibus
1261 1599 1364 1627 sanctis
1373 1601 1420 1636 qui
1437 1601 1472 1629 ab
1486 1601 1564 1630 initio
1587 1603 1682 1630 sreculi

885 1643 996 1671 fuerunt
1021 1643 1096 1672 facti.
1118 1644 1238 1680 Diligens
1256 1645 1339 1681 igitur
1355 1654 1415 1675 eam
1428 1648 1503 1675 venit
1516 1648 1550 1676 ad
1564 1656 1634 1676 eam.
1649 1647 1683 1676 Et

885 1689 956 1718 sicut
970 1690 1046 1724 pueri
1065 1690 1108 1718 sui
1125 1692 1385 1720 communicaverunt
1399 1694 1475 1720 carni
1498 1699 1523 1721 et
1544 1695 1682 1730 sanguini,

886 1734 1011 1762 similiter
1024 1740 1049 1763 et
1066 1737 1121 1771 ipse
1134 1737 1266 1772 particeps
1280 1738 1367 1772 factus
1380 1743 1419 1766 est
1435 1741 1586 1767 earumdem
1598 1741 1631 1773 “,
1649 1749 1683 1769 ac

886 1780 1062 1816 semetipsum
1077 1789 1127 1816 pro
1141 1781 1182 1810 cis
1197 1782 1318 1810 tradidit.
1335 1784 1389 1818 Ipsi
1405 1785 1479 1812 enim
1491 1790 1570 1813 erant
1582 1785 1679 1814 Eccle-

890 1826 930 1854 sia
950 1835 1033 1862 quam
1053 1828 1158 1861 dilexit,
1174 1833 1203 1856 ut
1216 1836 1276 1857 eam
1289 1830 1332 1857 vcl
1347 1831 1544 1859 numerositate
1558 1839 1682 1868 augeret,

891 1872 934 1900 vel
950 1873 1097 1902 virtutibus
1113 1874 1259 1907 excoleret,
1283 1876 1325 1903 vel
1346 1876 1523 1912 perfectionis
1546 1879 1681 1907 charitatc

886 1918 921 1946 de
936 1919 1017 1946 terris
1035 1919 1196 1947 transferret
1211 1920 1244 1947 ad
1255 1922 1366 1949 coelum.
1380 1921 1602 1950 Ministraverunt
1615 1932 1681 1960 ergo

886 1967 914 1991 et
937 1964 1076 1999 propheta:
1099 1965 1133 1992 ab
1149 1965 1245 1997 initio,
1271 1967 1494 1995 ministraret-unt
1523 1973 1550 1995 et
1574 1970 1676 2005 angeli.

887 2009 959 2043 Quid
977 2010 1050 2037 enirn
1073 2010 1147 2038 aliud
1161 2011 1241 2038 fiebat
1259 2016 1324 2039 tunc
1339 2020 1402 2040 cum
1418 2018 1605 2048 apparuerunt
1621 2020 1677 2043 tres

889 2055 942 2082 viri
955 2055 1071 2083 Abrahae
1088 2056 1193 2084 sedenti
1209 2057 1242 2084 ad
1256 2065 1386 2092 quercum
1403 2058 1525 2087 Mambre
1538 2060 1580 2088 "3
1603 2059 1680 2089 Licet.

886 2101 932 2130 illa
946 2102 1104 2138 angelorum
1116 2103 1221 2138 species
1236 2104 1298 2139 plus
1311 2104 1414 2139 aliquid
1426 2113 1508 2140 quam
1524 2107 1679 2141 angelicum

888 2148 1039 2176 ostenderit
1054 2148 1236 2176 ministerium
1251 2157 1258 2177 :
1276 2158 1338 2177 nam
1354 2149 1495 2179 Trinitatis
1517 2151 1553 2179 ibi
1576 2157 1678 2188 myste-

67 2192 146 2224 uus",
162 2199 334 2223 recesserunt
349 2194 438 2230 angeli
455 2199 483 2222 et
497 2194 722 2222 ministraverunt
733 2195 770 2228 ei,
786 2196 833 2223 sed
850 2198 872 2226 ι)
887 2193 959 2221 rium
972 2193 1147 2229 prodebatur.
1158 2193 1215 2222 Hoc
1223 2200 1283 2223 erat
1293 2201 1319 2223 et
1329 2196 1355 2222 in
1371 2195 1475 2229 Exodo,
1492 2205 1554 2225 cum
1566 2199 1679 2234 angelus

66 2241 116 2264 ante
127 2238 263 2267 adventum
278 2241 430 2275 praesentia:
444 2239 596 2275 corporalis
610 2240 835 2268 ministraverunt

66 2289 163 2318 semper.
178 2284 243 2313 Nam
261 2291 289 2314 et
305 2286 349 2314 lex
360 2286 493 2322 disposita
508 2286 534 2313 in
554 2294 638 2314 manu
655 2294 704 2322 per
721 2287 833 2323 angelos

66 2327 148 2357 dicitur
158 2332 312 2360 mediatoris
327 2333 361 2360 ".
377 2331 410 2360 Et
425 2332 460 2359 ad
472 2331 601 2360 Hebraeos
622 2333 745 2361 scribens
759 2333 833 2368 Apo-

66 2374 138 2403 stolas
157 2377 218 2405 dicit
233 2387 240 2406 :
255 2377 287 2405 Si
303 2378 374 2405 enim
400 2378 445 2413 qui
466 2386 512 2413 per
534 2378 640 2413 angelos
662 2378 769 2406 habitus
792 2383 832 2406 est

69 2426 144 2455 mmo,
164 2423 246 2457 {actus
271 2428 311 2451 est
327 2424 421 2459 ﬁrmus
444 2424 478 2451 ⁸³.
501 2423 555 2459 Ipsi
581 2431 647 2460 ergo
662 2428 741 2452 erant
757 2425 832 2452 velut

67 2470 153 2496 actores
173 2474 197 2497 et
214 2475 408 2505 procuratores
430 2470 548 2505 appositi
577 2470 696 2505 parvulae
721 2478 830 2505 sponsae

66 2517 115 2538 cum
133 2515 269 2551 paedagogo
297 2516 370 2551 lege.
398 2517 485 2543 donec
508 2515 648 2551 plenitudo
672 2519 827 2551 temporum

67 2558 160 2591 veniret,
178 2565 204 2588 et
225 2562 343 2589 mitteret
364 2561 436 2588 Deus
453 2561 552 2588 Filium
574 2569 655 2589 suum
676 2566 769 2590 natum
792 2570 825 2589 ex

67 2602 169 2638 muliere,
188 2604 287 2634 factum
306 2607 359 2634 sub
382 2606 439 2642 lege
451 2606 484 2640 “,
500 2611 527 2634 et
541 2607 687 2634 adduceret
700 2615 761 2635 eam
775 2608 828 2636 sub

67 2650 181 2680 actoribus
196 2657 221 2680 et
248 2653 474 2688 procuratoribus
495 2657 522 2681 et
544 2653 690 2688 paedagogo
711 2653 778 2688 lege,
798 2659 828 2680 ut

68 2692 136 2726 ilisius
146 2695 218 2726 Verbi
232 2698 278 2728 Dci
296 2700 402 2733 oscula,
426 2700 578 2728 doctrinam
605 2699 709 2727 scilicet
730 2699 827 2727 verba-

887 2238 996 2267 Domini
1011 2239 1112 2268 dicitur
1125 2239 1151 2267 in
1165 2239 1274 2268 ﬂamma
1291 2241 1361 2277 ignis
1375 2242 1533 2277 apparuisse
1547 2243 1632 2279 Moysi
1650 2244 1676 2272 iu

886 2286 956 2313 rubo
966 2286 999 2314 ⁶³.
1020 2285 1158 2313 Continuo
1176 2291 1266 2313 autem
1287 2286 1314 2313 in
1339 2287 1570 2323 subsequentibus
1583 2288 1678 2316 Domi-

887 2339 939 2359 nus
953 2335 980 2359 et
993 2331 1065 2360 Deus
1085 2331 1160 2367 loqui
1180 2332 1207 2358 in
1222 2333 1319 2367 angelo
1333 2334 1472 2366 scribitur,
1491 2338 1518 2361 et
1535 2335 1592 2369 ipse
1606 2333 1678 2362 Deus

886 2381 946 2403 esse
958 2375 1109 2408 Abraham,
1134 2381 1161 2403 et
1177 2375 1251 2403 Deus
1275 2375 1361 2411 Isaac,
1378 2382 1404 2404 ct
1419 2376 1490 2405 Deus
1502 2378 1586 2406 Iacob
1600 2379 1678 2407 desi-

884 2425 992 2456 gnatur.
1020 2420 1096 2454 Quod
1119 2421 1230 2456 quidam
1245 2421 1436 2450 haereticorum
1464 2423 1583 2459 Iegcntvs
1598 2425 1676 2452 dixe-

883 2472 957 2498 runt,
970 2465 1054 2493 Deum
1071 2466 1138 2502 legis
1156 2470 1183 2494 et
1195 2468 1389 2502 prophetarum
1413 2468 1493 2504 longe
1517 2469 1675 2497 inferiorem

881 2522 941 2542 esse
956 2521 1038 2549 quam
1063 2513 1156 2542 Jesum
1171 2514 1312 2542 Christum
1335 2521 1362 2543 et
1379 2516 1509 2551 Spiritum
1534 2523 1674 2545 sanctum:

880 2567 907 2590 et
943 2570 975 2590 eo
1012 2570 1099 2597 usque
1148 2563 1314 2598 impietatem
1354 2572 1432 2592 suam
1470 2565 1675 2600 protenderunt,

879 2612 910 2635 ut
931 2607 1126 2643 plenitudinem
1151 2607 1262 2643 quidem
1290 2608 1317 2635 in
1339 2608 1449 2636 Christo
1469 2614 1572 2644 ponant
1593 2613 1620 2636 ct
1646 2609 1675 2637 in

879 2653 983 2688 Spiritu
999 2657 1105 2686 sancto,
1116 2652 1353 2688 imperfectionem
1367 2661 1432 2681 vero
1445 2658 1473 2682 et
1487 2654 1673 2682 infirmitatem

881 2700 909 2727 in
925 2699 981 2727 Deo
998 2698 1078 2734 legis.
1104 2697 1156 2726 Sed
1172 2698 1229 2726 haec
1243 2699 1320 2726 alias.

100 2766 231 2806 ‘fPhilipp.
247 2780 277 2805 tt,
288 2771 316 2800 8.
354 2772 376 2789 ⁸⁸
390 2771 497 2804 Rom.v.
507 2772 550 2800 l9.
588 2772 611 2789 ⁵⁰
625 2772 813 2800 Gen.xxxvm.
852 2773 874 2789 σι
887 2771 982 2799 Matth.
996 2779 1033 2798 tv.
1059 2771 1082 2787 "
1096 2770 1183 2806 Calat.
1193 2778 1233 2806 ttt_.
1246 2769 1290 2806 I9.
1328 2770 1351 2786 ⁸³
1363 2770 1431 2799 Heb.
1445 2771 1510 2803 ",2.
1548 2771 1572 2787 ”
1583 2770 1671 2801 Galat.

70 2803 128 2841 ιῖεῇ
139 2805 170 2841 _"
179 2803 244 2840 Eph.
260 2803 277 2840 ιζ
291 2808 318 2834 ι.
357 2808 380 2824 ¹⁶
392 2808 463 2835 Psal.
475 2815 566 2840 Lxxtv,
579 2808 606 2834 2.
663 2807 685 2823 ⁵⁷
697 2807 766 2841 Eph.
781 2815 810 2839 ιι,
823 2806 869 2835 20.

82 2837 98 2851 ⁸¹
108 2836 176 2867 Hebr.
191 2836 221 2876 ti,
234 2836 276 2869 ιιξ
296 2844 319 2860 ⁶¹
330 2842 399 2871 Gen.
416 2843 508 2877 xvut,i
525 2836 602 2878 seqq.
640 2843 662 2858 “
672 2836 757 2870 Exod.
773 2836 856 2876 “1,2.

925 2807 948 2824 ⁸⁸
959 2806 1028 2835 Gen.
1045 2813 1076 2838 ιι,
1092 2805 1137 2832 24.
1176 2806 1198 2822 ⁸⁹
1211 2804 1311 2840 Ephcs.
1327 2813 1354 2839 v,
1368 2806 1412 2834 52.
1453 2807 1475 2823 ⁵ο
1490 2805 1556 2834 ibid.
1569 2807 1615 2841 25,
1628 2807 1672 2835 26.
