1879 3046
202 115 253 143 135

727 110 888 140 ORIGENIS
907 109 939 137 IN
957 108 1134 137 CANTICUM
1154 107 1288 149 QANTIC.

1777 108 1826 136 I26

236 172 314 200 Nunc
338 176 429 200 autem
459 171 538 200 nobis
568 170 745 206 propositum,
768 174 811 198 est
834 170 987 202 ostendere,
1004 172 1025 200 Α
1040 177 1141 202 rerum,
1158 174 1185 197 et
1198 175 1367 204 quaecunque
1380 166 1574 203 contingebant
1582 166 1642 195 illis
1657 167 1704 203 qui
1723 167 1750 195 in
1769 167 1828 203 iege

200 218 340 253 quomodo
356 217 442 245 sancti
466 217 552 252 angeli
571 217 617 252 qui
641 221 703 243 ante
728 216 871 243 adventum
883 215 988 243 Christi

201 263 276 290 velut
289 264 409 298 parvulae
429 263 518 290 adhuc
537 270 645 297 sponsa:
667 262 775 288 tutelam
792 260 985 296 procurabant,

202 308 254 343 ipsi
270 309 325 336 sint
337 308 416 336 amici
431 312 457 335 et
471 308 577 335 sodales
594 307 688 342 sponsi
708 307 753 341 qui
771 306 804 333 ad
821 313 881 332 eam
897 305 988 332 dicere

202 354 346 382 videantur
365 361 373 380 ε
391 353 532 380 Faciemus
558 353 606 379 tibi
630 351 815 379 similitudines
841 351 901 377 auri
928 358 988 377 cum

201 399 414 427 distinctionibus
433 399 535 434 argenti
556 405 687 433 usquequo
702 405 747 423 rea:
768 398 803 423 sit
824 396 851 423 in
870 397 986 422 recubitu

201 454 259 473 suo.
283 445 407 473 indicant
425 453 489 479 ergo
508 445 579 479 quod
602 443 652 478 ipsi
677 443 779 470 faciant
801 451 909 477 sponsae
933 451 986 470 non

205 499 303 518 aurum
331 492 429 526 (neque
451 491 523 518 enim
549 490 683 516 habebant
706 489 759 516 tale
783 496 880 516 aurum
905 489 987 523 quale

200 537 313 572 dignum
329 541 388 564 erat
401 536 489 563 offerri
507 536 635 570 sponsae).
652 534 699 561 sed
714 542 761 569 pro
775 542 842 561 auro
856 533 987 561 similitu-

203 581 282 608 dines
299 580 359 608 auri
381 588 409 607 se
427 580 516 607 facere
534 579 711 614 promittunt,
729 583 755 605 et
774 586 828 605 non
850 586 930 605 unam
950 578 988 605 si-

201 626 391 658 militudinem,
413 625 460 652 sed
486 625 595 652 multas.
621 625 659 651 lta
681 625 764 651 etiam
788 624 882 651 dicunt
898 624 930 650 de
943 631 987 650 ar-

201 677 300 706 gento,
323 671 370 698 sed
394 669 471 705 quasi
502 670 634 697 habentes
660 669 722 696 licet
746 677 856 704 parvam
882 669 986 703 argenti

200 718 350 748 materiam,
368 716 530 751 promittunt
544 724 573 742 se
595 715 619 742 ei
639 715 728 742 facere
754 723 807 742 non
830 715 986 742 similitudi-

200 771 258 796 nes,
281 763 327 791 sed
341 763 530 790 distinctiones
549 762 670 795 argenti;
699 766 790 796 utpote
810 761 909 795 quibus
933 768 987 787 non

202 814 278 836 tanta
293 809 445 836 abundaret
458 807 562 842 argenti
582 806 706 840 materia,
721 811 749 833 ut
763 813 915 833 connexum
933 804 984 832 ali-

1039 214 1205 247 referuutur,
1222 214 1249 241 in
1274 214 1358 248 ﬁgura
1377 217 1405 240 et
1423 220 1477 240 non
1499 212 1527 240 in
1545 213 1662 241 veritate
1686 213 1828 248 continge-

1038 260 1115 292 bant,
1139 260 1191 287 ista
1216 259 1307 286 omnia
1330 258 1520 286 similitudines
1544 259 1604 286 auri
1628 258 1757 292 fuerunt,
1776 267 1827 287 non

1038 311 1136 331 aurum
1152 312 1257 331 verum.
1274 303 1352 336 Quod
1372 304 1475 331 scilicet
1499 310 1596 330 aurum
1614 311 1709 331 verum
1731 304 1758 331 in
1775 303 1827 331 illis

1038 357 1100 384 quae
1114 350 1273 384 incorporea
1295 354 1359 376 sunt
1378 353 1406 376 et
1426 349 1572 376 invisibilia
1590 357 1622 376 ac
1635 350 1770 384 spiritalia
1786 352 1827 377 in-

1039 395 1197 429 telligatur:
1220 394 1370 422 similitudo
1393 401 1457 421 vero
1483 394 1542 421 auri
1571 394 1598 420 in
1626 403 1681 430 quo
1702 403 1760 422 non
1788 401 1829 423 est

1038 441 1095 475 ipsa
1111 441 1221 473 veritas,
1237 440 1283 467 sed
1307 440 1402 467 umbra
1430 440 1566 472 veritatis,
1584 440 1635 467 ista
1651 448 1784 475 corporea
1803 446 1830 468 et

1038 486 1155 513 visibilia
1179 486 1359 520 accipiantur.
1376 485 1457 512 Verbi
1482 485 1578 520 gratia,
1601 486 1754 514 similitudo
1769 487 1831 515 auri

1038 530 1090 557 fuit
1104 530 1174 557 istud
1189 530 1395 558 tabernaculum
1413 538 1495 557 manu
1511 531 1622 564 factum,
1639 531 1673 559 de
1688 540 1746 567 quo
1761 532 1828 560 dicit

1037 575 1183 611 Apostolus
1198 583 1205 601 τ
1224 575 1285 602 Non
1296 571 1364 603 c'nim
1380 577 1406 602 in
1419 581 1511 603 sancta
1524 585 1603 604 manu
1617 577 1691 611 facta
1707 578 1830 605 introii-it

1037 619 1115 647 Jesus
1139 620 1299 655 exemplaria
1324 629 1452 654 verorum,
1474 622 1518 648 sed
1541 622 1567 648 in
1581 623 1668 656 ipsum
1682 623 1779 650 caelum
1795 624 1827 650 εδ.

1038 665 1110 701 Ergo
1126 674 1187 701 qum
1211 667 1237 693 in
1263 667 1340 695 cu‘lis
1356 672 1420 694 sunt
1444 667 1589 694 intisibilia
1607 673 1633 695 et
1652 668 1828 703 incorporea,

1038 711 1082 738 illa
1101 715 1165 738 sunt
1182 719 1266 744 vera;
1282 711 1334 739 ista
1357 716 1446 739 autem
1465 721 1525 747 qua:
1540 713 1567 739 in
1584 714 1665 741 terris
1681 719 1748 741 sunt
1763 715 1830 741 visi-

1038 756 1101 783 bilia
1126 760 1152 783 et
1174 764 1324 792 corporea,
1349 758 1514 792 exemplaria
1541 766 1667 786 verorum
1698 760 1830 787 dicuntur

1038 810 1113 835 esse,
1129 810 1184 830 non
1208 811 1281 830 vera.
1300 802 1352 830 Ista
1374 811 1438 837 ergo
1463 808 1526 830 sunt
1549 812 1609 838 qua:
1633 804 1830 833 similitudines

200 855 267 889 quid
293 858 322 882 et
345 854 463 881 solidum
488 860 557 886 opus
581 859 612 879 ex
636 859 669 879 eo
688 851 837 886 producere
862 855 984 886 possent,
1001 847 1022 873 Β
1037 848 1097 874 auri
1113 847 1303 882 appellantur:
1319 848 1346 875 in
1361 849 1459 884 quibus
1474 853 1515 876 est
1531 854 1558 876 et
1576 857 1639 876 arca
1659 851 1829 883 testamenti,

202 901 250 928 sed
271 899 462 927 distinctiones
484 898 572 929 solas,
598 905 631 925 ac
657 897 733 931 signa
755 897 877 931 quietiam
903 904 985 931 parva

201 945 276 972 velut
295 949 396 979 puncta
422 944 615 970 inter-sererent
639 943 677 969 illi
699 942 784 977 operi,
811 942 882 976 quod
906 943 929 969 ei
953 950 987 969 cx

201 989 262 1016 auri
279 987 454 1016 similitudine
471 987 616 1014 faciebant.
633 986 693 1014 Haec
707 994 771 1021 ergo
785 987 865 1013 amici
881 987 985 1021 sponsi,

202 1034 241 1061 illi
257 1034 290 1061 de
302 1033 401 1068 quibus
412 1040 494 1068 supra
510 1033 639 1065 diximus,
655 1040 762 1067 sponsae
781 1032 885 1060 faciunt
904 1040 986 1060 orna-

201 1084 304 1107 menta.
325 1079 377 1106 Sed
390 1079 454 1114 quid
471 1079 498 1106 in
513 1079 555 1106 his
573 1078 669 1106 secreti
687 1078 867 1110 contineatur,
884 1084 910 1106 et
921 1079 986 1113 quid

198 1125 365 1153 elocutionis
390 1126 497 1153 novitas
526 1125 584 1160 ipsa
608 1124 764 1160 parturiat,
792 1124 986 1159 omnipotentis

203 1169 283 1198 Verbi
308 1179 340 1198 ac
362 1171 452 1206 sponsi
477 1171 583 1198 Patrem
606 1177 758 1205 precemur,
781 1174 811 1197 ut
833 1170 891 1204 ipse
908 1170 986 1198 nobis

198 1217 291 1244 arcani
308 1217 390 1251 hujus
406 1217 524 1245 claustra
540 1215 694 1251 patefaciat,
713 1223 768 1249 quo
780 1216 918 1250 possimus
932 1224 986 1243 non

199 1261 286 1288 solum
303 1261 337 1288 ad
353 1261 524 1296 intelligenda
538 1261 594 1287 Inec
615 1260 775 1291 illuminari,
792 1268 887 1287 verum
903 1261 986 1288 etiam

198 1306 233 1333 ad
247 1305 423 1340 proferenda,
437 1314 469 1333 ac
482 1306 632 1333 secundum
657 1311 814 1331 mensuram
830 1313 924 1332 eorum
940 1307 987 1341 qui

199 1352 296 1380 lecturi
309 1356 382 1383 sunt,
396 1352 583 1380 moderatione
596 1352 695 1386 eloquii
709 1351 838 1386 spiritalis
852 1352 986 1387 accipere.

198 1396 267 1424 Auri
293 1398 409 1432 speciem
433 1397 461 1423 in
483 1397 575 1424 multis
597 1405 669 1431 saepe
688 1396 856 1425 ostendimus
872 1397 987 1432 ﬁguram

200 1447 292 1471 tenere
314 1443 457 1470 invisibilis
473 1448 500 1470 et
517 1443 684 1478 ineorporeze
707 1446 827 1476 natum;
845 1449 986 1479 argentum

200 1495 265 1515 vero
279 1488 405 1515 virtutem
419 1489 491 1516 verbi
512 1496 544 1516 ac
559 1488 691 1521 rationis;
712 1489 861 1516 secundum
874 1489 946 1524 quod
960 1493 988 1517 et

199 1533 332 1562 Dominus
346 1534 410 1562 dicit
422 1542 470 1569 per
486 1535 644 1569 prophetam
658 1543 665 1561 :
680 1534 745 1561 Dedi
761 1535 831 1562 vobis
847 1540 987 1570 argentum

197 1585 223 1608 et
238 1589 333 1608 aurum
351 1589 361 1608 :
376 1589 419 1608 vos
438 1586 526 1607 autem
541 1580 640 1615 fecistis
654 1585 775 1616 argentea
789 1587 814 1608 et
827 1589 907 1608 aurea
916 1581 988 1608 Bau-

198 1627 246 1653 lim
260 1626 299 1660 ⁸⁸;
317 1626 465 1654 ostendens
482 1633 529 1660 per
542 1625 599 1653 haac
613 1630 640 1653 et
656 1625 759 1658 dicens,
774 1626 826 1661 63
845 1626 909 1661 quia
926 1626 987 1654 dedi

199 1671 276 1699 vobis
295 1679 404 1698 sensum
426 1675 453 1698 et
471 1671 603 1697 rationem
623 1678 675 1705 qua
690 1678 733 1698 me
749 1670 832 1698 Deum
846 1675 872 1698 et
885 1671 988 1699 sentire

199 1717 316 1753 possetis
337 1721 365 1744 et
387 1716 476 1744 colere
488 1726 495 1743 :
509 1724 558 1743 vos
579 1721 670 1743 autem
693 1721 719 1744 et
733 1724 844 1744 sensum
862 1721 889 1744 et
903 1717 987 1744 ratio-

200 1769 261 1789 nem
273 1769 334 1797 qua:
348 1761 376 1788 in
388 1761 466 1788 vobis
478 1765 529 1794 est,
545 1761 579 1788 ad
596 1760 708 1788 colenda
719 1758 851 1788 daemonia
866 1764 987 1788 transtu-

199 1808 282 1836 listis.
301 1807 354 1835 Sed
369 1811 396 1835 et
411 1807 515 1842 eloquia
530 1806 647 1840 Domini,
668 1806 773 1842 eloquia
791 1811 876 1839 casta,
891 1813 987 1842 argen-

201 1857 257 1880 tum
277 1853 336 1888 t’gne
348 1853 489 1888 probatum
511 1852 611 1880 dicitur
624 1852 656 1881 ⁸⁵.
673 1852 705 1879 Et
729 1852 794 1879 item
819 1852 844 1879 in
866 1853 926 1880 aliis
942 1861 987 1879 ar-

199 1903 305 1934 gentum
327 1899 438 1934 ignitum
449 1898 519 1933 justi
539 1898 629 1932 lingua
646 1902 812 1925 memoratur
831 1898 862 1925 οε.
879 1897 986 1925 Cheru-

198 1945 254 1972 bim
277 1952 343 1972 vero
377 1952 460 1971 aurea
494 1944 621 1971 dicuntur
641 1944 681 1976 °’,
719 1943 848 1978 quoniam
877 1943 986 1978 quidem

198 1989 338 2024 plenitudo
361 1989 480 2016 scientia:
494 1987 541 2015 Dei
557 1988 778 2020 interpretantur.
805 1986 856 2014 Sed
880 1992 906 2014 et
921 1995 986 2015 can-

201 2033 342 2060 delabrum
364 2033 392 2059 in
410 2032 585 2060 tabernaculo
604 2031 753 2058 testimonii
771 2039 883 2058 aureum
899 2037 926 2058 et
940 2038 986 2059 so-

199 2078 284 2107 lidum
298 2078 362 2112 poni
379 2077 525 2111 jubebatur
543 2085 550 2103 :
572 2076 644 2110 quod
663 2077 730 2103 mihi
743 2076 850 2103 videtur
870 2076 985 2103 formam

200 2128 291 2151 tenere
307 2123 439 2150 naturalis
458 2122 536 2157 legis,
556 2122 583 2148 in
595 2129 649 2157 qua
666 2121 709 2148 lex
724 2122 844 2149 scientiae
859 2122 984 2149 habetur.

1038 897 1065 920 ct
1079 893 1314 928 propitiatorium,
1336 899 1363 921 et
1385 894 1537 927 cherubim,
1560 900 1586 922 et
1608 895 1694 923 altare
1709 896 1829 928 incensi,

1038 942 1065 965 et
1079 946 1171 965 mensa
1188 939 1392 973 propositionis,
1408 943 1436 966 et
1458 947 1557 974 panes,
1575 940 1621 967 sed
1641 945 1668 967 et
1689 941 1828 970 velamen.

1039 987 1065 1009 et
1077 983 1209 1010 columnae
1234 991 1265 1011 ac
1291 992 1374 1016 serae,
1396 988 1423 1011 ct
1445 985 1529 1012 altare
1554 985 1830 1018 holocaustorum,ct

1040 1028 1128 1063 ipsum
1144 1029 1274 1063 templum
1286 1049 1293 1060 ,
1315 1033 1396 1064 atque
1416 1030 1507 1057 omnia
1527 1037 1587 1065 qua:
1609 1030 1636 1057 in
1653 1031 1712 1066 lege
1726 1031 1830 1066 scripta

1040 1079 1113 1101 sunt.
1131 1073 1228 1101 Omnia
1247 1074 1304 1102 haec
1329 1075 1521 1103 similitudines
1543 1081 1620 1103 erant
1639 1078 1711 1104 auri.
1729 1076 1784 1104 Sed
1803 1082 1830 1105 et

1038 1119 1129 1154 ipsum
1155 1127 1251 1147 aurum
1269 1120 1382 1152 visibile,
1411 1128 1461 1155 pro
1486 1128 1518 1148 eo
1542 1122 1614 1156 quod
1629 1122 1735 1150 visibilc
1757 1127 1828 1155 erat,

1039 1172 1093 1191 non
1117 1170 1175 1192 erat
1197 1173 1293 1192 aurum
1312 1174 1416 1199 verum,
1439 1166 1487 1194 sed
1507 1167 1657 1194 similitudo
1681 1174 1741 1195 erat
1754 1168 1830 1195 illius

1039 1209 1095 1236 veri
1120 1210 1179 1237 auri
1204 1210 1357 1238 invisibilis.
1381 1209 1448 1238 istas
1472 1218 1536 1246 ergo
1554 1211 1749 1239 similitudines
1767 1211 1828 1239 auri

1040 1255 1162 1284 fecerunt
1175 1264 1282 1292 sponsae
1294 1257 1423 1284 Ecclesia:
1444 1258 1536 1292 sponsi
1553 1257 1634 1285 amici
1649 1257 1740 1292 angeli
1756 1258 1829 1285 vide-

1040 1301 1104 1328 licet
1118 1305 1144 1329 et
1158 1303 1296 1337 prophetae
1309 1310 1316 1328 :
1329 1303 1374 1338 qui
1393 1303 1615 1330 ministravcrunt
1630 1303 1657 1330 in
1676 1304 1734 1339 lege
1748 1308 1829 1331 etate-

1041 1347 1133 1381 risquc
1149 1349 1293 1383 mysteriis.
1309 1348 1381 1382 Haec,
1398 1350 1505 1384 opinor,
1517 1354 1543 1377 et
1556 1349 1658 1377 Paulus
1673 1349 1829 1385 intelligens

1040 1392 1166 1420 diccbat:
1186 1393 1220 1421 In
1244 1394 1367 1429 religione
1392 1395 1555 1430 angelorum,
1577 1396 1604 1422 in
1621 1396 1661 1422 Itis
1685 1403 1744 1430 qua:
1760 1395 1830 1422 videt

1041 1438 1142 1472 [rustra
1159 1440 1267 1474 inﬂatus
1280 1448 1356 1467 sensu
1370 1441 1457 1467 carnis
1469 1449 1525 1468 sua:
1542 1441 1575 1467 ⁸⁸.
1590 1439 1686 1468 Omnis
1703 1448 1770 1476 ergo
1782 1439 1830 1468 Ju-

1042 1485 1135 1512 daicus
1157 1485 1246 1513 cultus
1269 1491 1296 1513 et
1318 1487 1432 1521 religio,
1449 1486 1641 1514 similitudines
1666 1491 1733 1514 sunt
1757 1487 1829 1515 auri.

999 1522 1021 1551 (ἶ
1038 1528 1106 1556 Cum
1122 1534 1213 1557 autem
1227 1538 1375 1559 conversus
1397 1531 1478 1559 fuerit
1501 1532 1562 1567 quis
1578 1532 1611 1559 ad
1628 1531 1789 1564 Dominum,
1804 1537 1830 1560 et

1039 1575 1159 1602 ablatum
1175 1575 1256 1603 fuerit
1277 1577 1312 1603 ab
1326 1585 1359 1604 eo
1372 1577 1505 1610 velamen,
1520 1581 1585 1605 tunc
1605 1577 1709 1604 videbit
1729 1585 1828 1605 aurum

1037 1628 1131 1648 verum
1145 1631 1151 1648 :
1168 1622 1246 1657 cujus
1260 1623 1318 1650 auri
1336 1627 1481 1658 antequam
1498 1624 1606 1651 adesset
1620 1628 1647 1651 et
1660 1632 1831 1659 cognoscen-

1038 1666 1102 1694 dum
1122 1675 1151 1695 se
1176 1668 1328 1702 praeberet,
1352 1669 1545 1697 similitudines
1569 1669 1692 1697 fecerunt
1721 1678 1832 1705 sponsae

1038 1712 1118 1740 amici
1136 1712 1206 1747 ejus,
1225 1718 1257 1740 ut
1279 1721 1312 1741 ex
1330 1713 1383 1741 illis
1410 1715 1634 1742 similitudinibus
1659 1717 1829 1743 commonita

1037 1762 1065 1784 et
1081 1763 1244 1793 provocata,
1267 1759 1325 1786 veri
1351 1759 1411 1786 auri
1437 1759 1601 1787 desiderium
1626 1765 1746 1795 caperet.
1772 1760 1831 1789 Hoc

1037 1804 1109 1830 enim
1126 1804 1227 1831 factum
1240 1805 1342 1832 indicat
1357 1804 1466 1837 Paulus,
1480 1814 1542 1833 cum
1556 1807 1620 1834 dicit
1633 1815 1639 1832 :
1657 1807 1726 1835 Haec
1741 1813 1829 1835 autem

1037 1849 1064 1876 in
1082 1850 1168 1885 ﬁgura
1183 1851 1364 1886 cmitingebant
1385 1851 1449 1878 illis.
1465 1851 1570 1886 Scripta
1586 1857 1672 1879 anteiit
1688 1859 1752 1880 sunt
1768 1862 1831 1888 pro-

1037 1901 1094 1931 pter
1107 1905 1164 1930 nos,
1181 1897 1205 1923 in
1221 1905 1284 1931 quos
1299 1897 1361 1931 ﬁnis
1385 1897 1541 1924 swculorum
1563 1899 1663 1924 deuenit
1677 1899 1712 1926 ’°.
1731 1898 1784 1926 Sed
1802 1904 1830 1926 et

1037 1941 1118 1969 finem
1135 1950 1215 1976 quem
1233 1942 1298 1969 dicit
1319 1942 1431 1976 Paulus,
1458 1951 1510 1970 non
1534 1943 1669 1978 intelligas
1695 1951 1828 1979 corpora-

1036 1986 1089 2014 lem
1106 1987 1172 2022 (52).
1186 1986 1260 2014 Finis
1276 1987 1348 2015 enim
1365 1989 1515 2023 corporalis
1530 1989 1628 2016 multos
1644 1989 1765 2017 inveniet
1781 1998 1830 2025 pro

1038 2031 1138 2066 quibus
1153 2039 1205 2058 non
1220 2036 1284 2059 sunt
1300 2032 1400 2066 scripta
1424 2033 1481 2060 haec
1499 2041 1506 2059 ε
1524 2041 1611 2067 neque
1631 2034 1705 2060 enim
1730 2034 1828 2069 hujus-

1039 2076 1113 2103 modi
1131 2077 1164 2103 de
1179 2076 1222 2103 his
1235 2077 1365 2111 recipient
1378 2077 1554 2105 intellectura.
1569 2078 1620 2105 Sed
1639 2079 1721 2105 finem
1741 2088 1830 2107 saecu-

1036 2121 1137 2155 lorum,
1160 2121 1352 2156 perfectionem
1376 2130 1468 2150 rerum
1492 2123 1622 2158 intellige,
1648 2131 1709 2158 qua:
1733 2125 1831 2160 utique

236 2167 289 2194 Sed
306 2166 371 2202 quid
387 2174 455 2201 opus
472 2172 512 2193 est
529 2166 614 2192 multa
636 2173 798 2201 congregare
820 2167 984 2198 testimonia,
1002 2186 1024 2214 υ
1035 2166 1120 2195 Paulo
1136 2172 1162 2194 et
1175 2168 1310 2195 similibus
1332 2168 1391 2203 ejus
1412 2169 1565 2201 advenisse,
1583 2173 1609 2196 et
1626 2175 1740 2204 propter
1755 2171 1831 2205 ipsos

200 2220 262 2240 cum
279 2213 306 2239 in
320 2217 446 2247 promptu
463 2211 498 2238 sit
516 2211 586 2238 scire
602 2211 754 2238 volentibus
767 2211 794 2237 in
808 2211 900 2238 multis
909 2210 983 2239 Scri-

200 2265 286 2295 pturae
304 2260 370 2286 locis
387 2259 438 2286 hoc
462 2258 586 2288 indicari,
604 2258 675 2292 quod
699 2266 796 2285 aurum
815 2258 847 2286 ad
871 2266 983 2286 sensum

201 2310 374 2340 mentemque
390 2308 541 2334 TBVOCCIUI‘,
567 2309 706 2338 argentum
732 2311 796 2331 VCI‘O
820 2304 853 2331 ad
871 2303 982 2331 verbum

200 2355 282 2386 atque
295 2350 402 2385 eloquia
419 2348 571 2376 referatur?
584 2347 661 2376 Nunc
672 2356 736 2384 ergo
757 2356 934 2384 properemus
950 2349 982 2376 ad

199 2395 440 2431 contemplandum
464 2394 602 2429 quomodo
618 2395 766 2422 secundum
782 2402 813 2421 ea
835 2402 895 2429 qua:
916 2401 985 2428 pra:-

201 2442 337 2475 misimus,
353 2441 432 2468 amici
451 2440 543 2475 sponsi
559 2440 650 2468 dicant
671 2448 699 2468 se
718 2440 912 2468 similitudines
927 2441 986 2467 auri

200 2488 290 2516 facere
308 2495 414 2522 sponsae
427 2495 488 2514 cum
500 2486 721 2515 distinctionibus
737 2486 854 2521 argenti.
874 2486 987 2513 Videtur

199 2540 265 2569 ergo
281 2532 347 2559 mihi
365 2532 436 2567 quod
456 2532 498 2558 lex
519 2539 579 2566 quae
603 2539 650 2566 per
666 2531 778 2566 angelos
795 2530 926 2565 disposita
944 2535 985 2557 est

201 2579 227 2606 in
246 2586 327 2606 manu
352 2578 519 2610 mediatoris,
543 2576 760 2612 quandoquidem
784 2576 909 2602 umbram
935 2576 985 2602 ha-

200 2626 262 2653 heat
287 2625 442 2653 futurorum
467 2624 601 2651 bonorum
616 2642 623 2654 ,
650 2630 703 2648 non
729 2621 815 2655 ipsam
840 2621 983 2655 imaginem

235 2683 256 2698 ⁸⁵
267 2682 329 2710 Ose.
345 2691 374 2713 ιι,
392 2682 417 2709 8.
466 2682 488 2697 ⁵⁵
499 2680 570 2708 Psal.
587 2687 624 2711 ιιι,
636 2680 662 2706 6.
709 2679 731 2694 ⁶⁵
741 2677 820 2705 Prov.
842 2686 870 2709 Χ,
883 2678 928 2705 20.

201 2716 244 2742 "l
260 2717 323 2744 Cor.
341 2726 367 2749 ι,
389 2717 433 2744 il.

250 2775 292 2808 5‘2)
310 2775 384 2807 Mss.,
399 2774 576 2809 temporalem.
594 2773 668 2801 Finis
684 2775 753 2800 enim
769 2773 929 2808 temporalis.

250 2775 292 2808 5‘2)
310 2775 384 2807 Mss.,
399 2774 576 2809 temporalem.
594 2774 668 2801 Finis
684 2775 753 2800 enim
769 2774 929 2808 temporalis.

236 2774 294 2847 £53)
310 2811 375 2837 Ant/.-
393 2812 531 2837 adrentum
544 2817 664 2844 num/pte,
681 2815 734 2836 etc.
754 2809 791 2836 Ad
807 2809 879 2836 hunc
891 2809 979 2836 locum

986 2679 1006 2694 °7
1019 2677 1104 2706 Exod.
1119 2687 1224 2706 xxxv”.

1037 2213 1137 2248 scripta
1152 2213 1209 2240 haec
1224 2221 1284 2240 esse
1297 2213 1434 2240 dicuntur.

1074 2260 1125 2287 Sed
1147 2260 1204 2287 haec
1226 2261 1253 2287 in
1269 2268 1385 2289 excursu
1401 2261 1529 2294 diximus,
1546 2262 1666 2289 volentes
1683 2262 1830 2290 ostendere

1037 2305 1175 2341 quomodo
1192 2306 1271 2332 amici
1289 2307 1382 2340 sponsi
1410 2306 1502 2333 dicant
1526 2307 1558 2333 ad
1584 2314 1714 2341 sponsam
1739 2306 1832 2334 facere

1037 2358 1066 2378 sc
1084 2350 1109 2378 ei
1126 2350 1316 2378 similitudines
1331 2351 1389 2378 auri
1404 2358 1466 2377 cum
1481 2351 1704 2378 distinctionibus
1720 2351 1831 2386 argenti

1037 2401 1085 2428 per
1099 2401 1130 2420 ea
1143 2394 1246 2421 scilicet
1264 2402 1323 2428 quae
1338 2395 1366 2434 ιιι
1384 2395 1442 2430 lege
1459 2401 1484 2422 et
1506 2395 1647 2430 prophetis
1661 2403 1710 2429 per
1725 2395 1831 2430 ﬁguras

1038 2442 1064 2465 et
1089 2438 1221 2473 imagines
1243 2444 1272 2465 et
1295 2439 1486 2467 similitudines
1505 2446 1532 2466 et
1551 2441 1707 2474 parabolas,
1725 2441 1831 2476 scripta

1038 2483 1219 2511 tradiderunt.
1237 2484 1307 2511 Sunt
1330 2489 1420 2512 tamen
1442 2485 1469 2512 in
1493 2485 1535 2513 his
1551 2490 1577 2512 et
1599 2493 1688 2520 parva
1701 2486 1830 2520 quaedam

1040 2528 1228 2557 distinctiones
1243 2530 1361 2564 argenti,
1380 2530 1478 2558 indicia
1497 2531 1602 2558 scilicet
1624 2539 1723 2558 sensus
1749 2532 1832 2566 spiri-

1039 2575 1101 2602 talis
1118 2575 1193 2602 verbi
1210 2580 1236 2603 et
1260 2576 1491 2611 interpretationis
1516 2577 1698 2609 rationabilis,
1715 2577 1782 2605 licet
1806 2583 1833 2605 et

1037 2620 1116 2648 valde
1131 2628 1191 2648 rara
1208 2626 1234 2648 et
1253 2622 1359 2657 exigua.
1376 2622 1446 2650 Ante
1469 2624 1612 2651 adventum
1636 2631 1758 2659 namque
1773 2625 1832 2660 (55)

1282 2679 1304 2695 ⁸⁸
1320 2679 1400 2706 Hebr.
1419 2688 1457 2711 ix,
1470 2680 1514 2707 “2.5.
1573 2682 1594 2700 εν
1610 2681 1717 2714 Coloss,
1735 2689 1770 2715 ιι,
1785 2681 1830 2709 13.

1040 2773 1173 2810 pertinere
1188 2775 1313 2802 videntur
1325 2783 1355 2802 ea
1372 2782 1432 2810 quae
1453 2775 1536 2802 refert
1551 2775 1701 2810 Procopius
1718 2782 1752 2802 ex
1769 2776 1832 2803 Ori—

1034 2807 1100 2843 gene
1116 2817 1121 2834 :
1136 2809 1200 2836 Τότε
1217 2810 1244 2836 δὲ
1265 2810 1295 2836 οὗ
1315 2807 1397 2841 mla;
1411 2807 1445 2845 ἦν
1461 2810 1521 2837 οὐδὲ
1542 2807 1692 2846 κεγυμένης
1709 2811 1724 2837 ὁ
1744 2811 1834 2846 ἀργυ-
