1841 3053
667 70 823 83 κάμμασιν..

47 149 103 176 1031

76 211 117 239 3|.
137 209 168 237 Et
182 209 288 236 tertiam
312 209 510 243 expositionem
536 209 684 237 introducit
711 210 820 245 quidam
837 214 860 241 Α

44 254 192 289 bujusmodi
209 263 216 281 :
230 254 359 288 quoniam
379 255 508 289 templum
523 260 581 282 erat
595 255 641 283 Dei
658 256 819 283 aediﬁcatum

42 300 235 334 compositione
263 307 422 327 sermonum
458 301 688 336 signiﬁcantium.
731 303 821 329 omnis

42 345 173 380 Setiplura
189 344 293 372 Veteris
308 344 474 373 Testamenti
497 347 647 374 secundum
677 348 819 375 historiam

41 390 157 417 videlicet
169 395 335 418 constructa.
350 390 436 423 Quam
462 391 507 426 qui
521 397 732 420 construxerunt
747 393 820 428 Moy-

40 442 80 462 ses
103 434 143 461 vel
167 434 305 469 prophetae
331 435 574 470 circumpositione
600 437 770 470 litterarum,
794 443 821 464 ct

39 480 202 508 ordinatione
221 480 371 514 dictorum,
396 481 599 509 a-diticaverunt
618 483 747 510 omnibus
773 484 820 510 ad-

39 525 184 552 mirandam
203 530 312 560 propter
328 526 560 560 pulchritudinem
578 527 716 562 lapidum,
737 528 762 555 id
779 533 818 556 cst

38 571 178 597 electorum
195 571 347 604 dictorum,
371 576 397 599 et
421 572 501 599 donis
520 580 650 600 sensuum
668 574 818 602 laudando»

39 623 105 642 rum.
130 614 202 642 llanc
227 616 354 651 discipuli
376 617 523 644 ostendunt
547 617 610 645 Jesu
639 619 818 654 suscipientes

37 669 125 687 ontnes
140 660 310 695 Scripturas;
326 662 359 689 ad
379 670 448 697 quos
461 662 587 690 Christus
601 664 742 698 respondit
755 686 761 696 ,
778 664 819 691 di-

38 714 98 733 cens
112 707 302 733 destruendam
329 714 390 734 esse
413 715 428 734 a
455 706 542 734 Verbo
563 703 633 735 hanc
649 710 817 743 corporalem

37 756 60 778 et
83 752 194 787 primatu
219 753 387 785 editionem,
413 757 442 780 ut
468 753 618 780 aedificetur
647 755 766 781 divinius
792 760 818 782 et

37 798 212 832 ntystcrialius
226 798 355 832 templum
375 797 523 833 Scriptum
538 799 661 827 alterius.
676 799 816 835 Templum

37 849 118 871 autem
134 852 194 872 esse
216 843 385 879 Scripturam
407 845 534 880 exposuit
548 844 659 880 qui‘lam
677 851 739 874 ante
756 855 815 874 nos.

36 889 65 917 Et
85 891 210 925 quoniatn
245 892 291 925 qui
318 891 479 918 adversatur
514 896 540 918 et
566 892 705 918 extollitur
732 900 814 926 supra
833 885 853 911 Β

35 944 108 963 omne
119 937 189 971 quod
202 936 302 963 dicitur
316 937 397 968 Deus,
411 937 457 971 qui
474 937 549 964 sedet
566 937 592 964 in
609 938 709 972 templo
726 938 770 965 Dei
780 939 813 970 ³³,

36 982 223 1015 Antichristus,
240 981 325 1009 falsus
336 986 378 1009 est
393 989 484 1009 sermo
499 982 545 1017 qui
558 983 584 1009 in
603 982 753 1018 Scriptnris
770 984 816 1011 ha-

34 1029 118 1060 betur,
134 1029 178 1063 qui
197 1029 309 1055 simulat
323 1028 481 1061 veritatem,
501 1028 643 1063 proferens
656 1029 814 1057 testimonia

34 1074 172 1108 impiorum
201 1074 357 1109 dogmatum
373 1074 406 1101 de
423 1073 573 1108 Scripturis
591 1075 690 1108 placari
704 1075 814 1102 aliunde

33 1121 178 1149 nolentibus
195 1131 201 1148 :
218 1125 245 1148 et
261 1121 318 1156 ipse
334 1124 375 1148 est
389 1120 435 1155 qui
449 1120 621 1153 adversatur,
635 1126 661 1148 et
676 1129 758 1156 super
772 1129 813 1149 ca-

32 1166 146 1194 thedram
165 1167 368 1202 Scripturarnm
383 1187 390 1200 ,
405 1171 432 1193 et
448 1174 530 1201 super
541 1166 748 1194 aediﬁcationem
767 1175 813 1195 ea-

33 1220 87 1238 rnm
103 1213 193 1244 sedet,
211 1213 359 1242 ostendens
376 1222 405 1242 se
420 1214 500 1249 qttasi
518 1215 554 1242 sit
579 1215 660 1243 Deus.
682 1215 762 1250 851
780 1215 812 1243 Et

33 1265 132 1292 semper
146 1263 186 1286 est
204 1259 298 1286 videre
313 1267 453 1287 sermones
469 1261 614 1293 lueresum,
635 1261 812 1289 antichristus

33 1303 56 1329 in
77 1304 173 1339 templo
189 1305 392 1339 Scripturarum
418 1306 558 1339 sedentes,
580 1312 606 1334 et
626 1315 655 1334 ex
682 1307 749 1342 ipsis
765 1316 812 1335 vo-

33 1349 110 1377 lentes
125 1359 170 1378 eos
184 1352 292 1386 placare
308 1352 353 1387 qui
370 1352 497 1384 audiunt,
515 1358 646 1387 tanquam
666 1354 812 1388 unusquis-

32 1403 79 1428 que
90 1404 182 1424 eorum
198 1398 256 1432 ipse
270 1398 305 1425 sit
322 1398 392 1425 Deus
408 1397 524 1426 Verbum
542 1399 568 1426 in
584 1398 745 1434 Scripturis.

62 1442 103 1469 52.
121 1442 230 1470 Sedente
244 1448 330 1470 mrtem
347 1444 402 1477 ipso
419 1453 496 1477 super
508 1450 620 1471 montem
636 1445 748 1477 Oliveti,
766 1454 810 1472 uc-

31 1493 153 1514 resserunt
172 1489 206 1514 ad
237 1496 294 1515 cum
322 1489 448 1524 discipuli
476 1489 532 1523 cjus
558 1495 655 1516 secreto
672 1490 809 1517 dicentes:

32 1532 76 1558 llic
87 1533 156 1560 nobis
165 1534 271 1569 quando
288 1534 342 1561 lucc
358 1539 446 1568 erunt,
467 1539 491 1561 et
508 1535 578 1570 quod
592 1536 694 1570 signant
714 1536 810 1562 adven-

31 1583 68 1604 tus
82 1579 118 1605 lui
133 1584 156 1605 et
180 1580 415 1606 conmuntnationis
438 1580 529 1608 seaculi
544 1580 566 1596 "
582 1581 592 1606 ?
620 1580 752 1615 Egressus
776 1581 810 1608 dc

30 1624 122 1658 templo
134 1624 212 1653 Jesus
226 1630 370 1660 postquam
385 1625 454 1652 dixit
464 1626 496 1653 de
509 1634 552 1658 eo,
568 1616 676 1653 vcnitin
690 1631 808 1653 montem

29 1668 130 1703 Olivuti,
143 1675 169 1698 et
188 1671 225 1698 ibi
239 1671 349 1698 sedebat
364 1679 425 1699 cum
440 1672 581 1706 discipulis
593 1672 659 1699 suis.
675 1671 744 1699 Puto
761 1680 810 1699 ειυ-

30 1719 78 1741 trttl
92 1716 252 1750 mysterium
268 1724 329 1744 esse
345 1721 464 1744 montem
489 1717 585 1744 Olivcti
605 1717 733 1745 Ecclesiae
749 1726 810 1752 qua:

28 1768 58 1787 ex
72 1762 193 1795 gentibus
209 1767 252 1790 est
265 1783 273 1795 ,
302 1762 328 1789 in
345 1770 398 1797 qua
415 1767 479 1790 sunt
495 1763 620 1797 plantat-.1:
635 1763 724 1793 olivze.
740 1771 808 1798 qua-

28 1810 83 1830 rum
98 1806 209 1840 singulae
227 1811 342 1840 possunt
358 1806 448 1834 dicere
462 1815 468 1833 :
484 1806 538 1842 Ego
550 1815 636 1833 ament
659 1807 727 1834 sicut
740 1809 808 1834 olim

27 1849 158 1885 fructifera
171 1851 198 1878 in
212 1851 291 1878 domo
307 1851 356 1878 Dci
372 1852 403 1879 ³⁷.
421 1852 547 1880 Forsitan
564 1858 654 1880 autem
668 1859 695 1880 et
712 1853 738 1880 in
758 1853 809 1880 hoc

27 1893 156 1922 Olivarum
171 1901 265 1923 monte
280 1897 385 1924 radices
401 1902 465 1924 sunt
478 1898 555 1924 home
566 1898 653 1925 olivae.
667 1897 744 1925 itatni
759 1907 808 1925 au-

27 1943 75 1966 tent
90 1941 181 1969 inserti
199 1946 264 1969 sunt
275 1942 385 1970 oleastri
399 1943 420 1958 ³⁸
432 1943 459 1970 in
473 1943 533 1970 loco
548 1951 687 1970 ratnorum
704 1945 750 1978 qui
767 1944 807 1971 in-

27 1983 147 2014 ﬁdelitate
175 1987 282 2022 prmcisi
300 1993 371 2016 sunt.
401 1989 525 2024 Agricola
550 1995 641 2016 atttetn
664 1989 691 2016 in
717 1995 808 2018 monte

27 2030 141 2059 residens
154 2032 262 2065 Oliveti,
277 2032 393 2060 Verbum
407 2039 449 2061 est
468 2033 514 2061 Dei
529 2034 554 2060 in
568 2033 686 2061 Ecclesia
706 2035 807 2062 contir-

27 2083 121 2104 malum
133 2078 269 2111 Christus,
285 2080 331 2114 qui
348 2087 454 2114 semper
470 2080 580 2106 oleastri
600 2088 692 2108 ramos
710 2081 806 2108 inserit

26 2122 49 2148 in
64 2122 156 2151 bonam
174 2125 273 2152 olivam
294 2130 399 2160 patrum
413 2124 497 2160 Moysi
511 2130 537 2152 et
554 2130 714 2153 creterovum
744 2135 806 2161 pro-

26 2168 172 2202 pin-larum,
189 2176 221 2197 ttt
248 2171 412 2205 accipientes
439 2170 630 2205 pinguedinem
660 2179 674 2198 a
704 2172 805 2199 sanctis

25 2215 156 2249 prophetis
170 2224 218 2251 per
232 2216 282 2243 hoc
301 2215 372 2250 quod
390 2224 500 2243 sensum
512 2223 606 2243 eurum
624 2222 703 2244 caute
724 2217 802 2244 intel-
821 2226 842 2252 ι)

25 2258 106 2293 ligant
119 2266 146 2288 et
162 2261 324 2296 suscipiunt,
338 2265 364 2288 et
375 2261 514 2288 Christum
524 2262 569 2296 qui
586 2263 762 2297 prophetatut‘
772 2263 806 2290 ab

26 2304 82 2337 illis,
94 2306 207 2334 oﬂ‘crant
223 2308 341 2334 lructum
360 2307 541 2334 abundantem
556 2328 562 2340 ,
592 2312 618 2335 et
635 2308 804 2343 pinguiorem

24 2352 154 2384 prioribus
172 2353 297 2380 videlicet
320 2353 399 2380 olivis
416 2373 422 2385 ,
455 2358 564 2388 propter
588 2354 803 2382 maledictionem

23 2405 79 2431 qua:
95 2404 152 2426 erat
179 2399 206 2425 in
223 2399 281 2434 lege
296 2399 431 2432 decussis,
457 2402 486 2426 ut.
506 2407 560 2425 non
575 2400 679 2433 possint
689 2407 753 2427 esse
777 2401 803 2427 in

24 2449 79 2468 usu.
94 2443 159 2470 Post
172 2444 223 2471 hoc
233 2443 461 2471 considerandum
472 2448 513 2470 est
524 2443 600 2474 illud,
613 2445 740 2479 quoniam
757 2453 803 2472 ac-

24 2488 169 2516 cedentium
184 2489 382 2524 discipulorum
399 2488 431 2516 ad
446 2487 554 2520 Jcsum.
570 2490 681 2524 quidam
694 2490 804 2523 quidem

23 2539 118 2561 secrete
130 2535 264 2562 accedunt
279 2536 312 2562 ad
327 2543 389 2562 eum
400 2555 407 2567 ,
421 2534 553 2570 majorem
573 2534 599 2561 in
618 2535 668 2561 hoc
687 2535 746 2569 ipso
760 2536 806 2562 ha‘

24 2578 111 2606 bentes
126 2580 251 2607 ﬁduciam
268 2580 339 2615 apud
353 2579 440 2614 ipsum
462 2581 539 2614 quasi
556 2580 700 2608 domestici
721 2581 780 2615 cjos
795 2602 802 2614 ,

21 2623 83 2651 sicut
96 2632 157 2652 eum
173 2626 372 2660 interrogarent
387 2633 448 2652 eum
462 2625 496 2652 de
511 2625 646 2652 solutione
661 2627 803 2659 parabola-

23 2675 77 2695 rutn
88 2678 95 2701 ς
107 2670 217 2704 quidam
235 2675 324 2697 autem
341 2678 394 2697 non
409 2675 523 2701 secrete,
542 2670 589 2697 sed
614 2670 640 2696 in
656 2678 803 2698 commune

21 2722 78 2742 cum
103 2716 318 2751 interrogabant.
348 2716 470 2744 Observa
502 2716 591 2743 adhuc
620 2716 800 2744 diﬂ‘erenliam

825 1553 847 1583 C

53 2818 75 2833 ι·
94 2818 115 2846 n
134 2819 231 2846 Thess.
248 2827 279 2850 ιι,
295 2819 322 2845 ιι.
361 2800 621 2850 "Matiihxxn’,5.
660 2818 880 2850 "Psnl.t.t,10.
916 2817 1133 2846 “Romam”.
1181 2818 1382 2846 "lsa.t.ttt.3.

25 2849 42 2864 ⁸¹
57 2853 112 2881 Cui.
128 2863 163 2887 vr,
182 2855 227 2881 Μ.
265 2854 288 2870 δ’
304 2853 397 2881 Matth.
415 2862 489 2886 xxiv,
507 2855 524 2881 4-
536 2859 561 2881 et
577 2862 651 2888 seqq.
694 2855 715 2869 “
733 2853 742 2879 ι
761 2849 838 2881 Joan.

176 2905 314 2935 PLTROL.
337 2904 394 2934 Gtt.
414 2903 488 2934 Xlll

597 149 924 180 COMMENTARIORUM
946 150 1075 178 SERIES.

843 79 881 84 .—.
894 78 981 85 ~.._(v.
994 75 1082 86 ιιι-Μη-

1593 154 1659 180 ibi!

875 209 987 236 istorum
1002 230 1009 242 ,
1035 209 1164 246 quoniam
1184 209 1318 237 interdum
1335 210 1443 244 quidem
1469 211 1596 239 Pharis-aa
1614 220 1658 240 aer

872 254 982 287 cedunt,
998 255 1054 281 sive
1068 259 1213 287 tentantes,
1239 255 1296 282 sive
1312 255 1432 290 quolibet
1446 257 1527 283 modo
1542 257 1656 284 interro-

872 307 966 337 gantes
980 310 986 334 ;
1003 302 1138 328 interdum
1153 306 1243 333 autem
1260 301 1305 328 alii
1319 301 1424 328 discere
1440 303 1583 336 cupientes
1598 311 1605 329 :
1621 308 1661 330 ta—

872 354 933 373 men
951 353 1091 380 nunquam
1109 350 1213 373 secrete
1229 346 1362 373 accedunt
1377 354 1409 372 cx
1427 346 1611 374 multitudine.
1629 347 1662 375 Et

869 391 985 419 forsitan
1011 400 1098 426 usque
1124 399 1196 418 nunc
1223 391 1269 426 qui
1299 391 1462 426 pitecipuam
1481 397 1662 428 susceperunt

870 437 965 468 vitam,
988 442 1015 464 et
1038 441 1148 471 propter
1162 437 1213 463 hoc
1231 436 1332 463 habent
1361 436 1488 463 ﬁduciam
1505 441 1569 464 ante
1583 437 1662 464 Chri-

870 487 954 515 stum,
968 483 1070 517 aliquid
1084 483 1200 516 amplius
1213 482 1343 509 habentes
1358 489 1441 516 quant
1456 482 1495 509 illi
1506 483 1552 517 qui
1565 491 1597 510 ex
1609 483 1661 510 [ide

869 529 1007 556 communi
1020 529 1151 555 acoednnt
1161 528 1193 554 ad
1209 527 1318 560 Jrsum,
1334 527 1428 555 dicunt
1453 527 1485 554 ad
1508 535 1590 554 cum:
1613 528 1661 555 Dic

869 574 953 607 nobis,
969 575 1073 609 quando
1088 580 1163 600 erunt
1177 573 1231 600 lum:
1244 573 1256 599 7
1272 573 1357 606 Qum?
1376 573 1453 606 Quod
1463 573 1500 600 ait
1512 582 1519 600 :
1532 572 1593 600 Non
1606 579 1660 600 stu-

870 621 905 647 ln't
920 620 960 646 hic
973 620 1041 654 lapis
1066 627 1145 654 super
1166 619 1280 653 lapidem
1305 619 1350 653 qui
1367 627 1417 645 non
1433 619 1599 646 destruatur.
1628 618 1660 645 l'lt

869 674 922 693 non
936 666 987 693 hoc
1004 666 1092 692 solum
1105 666 1211 692 discere
1230 665 1322 691 volunt
1335 685 1342 697 ,
1369 666 1415 691 sed
1438 665 1519 692 etiam
1548 665 1656 700 signum

869 712 1000 738 adventus
1011 712 1112 738 Cill'iaii
1130 716 1155 737 cl
1169 711 1416 738 consummationis
1431 712 1540 743 saeculi;
1565 716 1592 738 et
1603 712 1658 738 duo

869 763 962 792 petunt
973 758 1008 784 ab
1020 765 1062 787 eo.
1077 757 1185 792 signum
1199 757 1331 784 adventus
1349 757 1435 791 ipsius
1448 777 1456 790 ,
1481 762 1507 784 et
1526 765 1658 784 consultr-

869 803 996 830 tnationis
1012 803 1114 830 saeculi.
1138 802 1185 829 Est
1207 811 1273 838 ergo
1291 803 1316 830 in
1332 803 1424 829 multis
1446 803 1555 837 quidem
1570 804 1658 830 credi-

868 855 912 876 tus
928 849 1060 875 adventus
1075 847 1135 874 Filii
1153 847 1200 875 Dei
1218 853 1243 875 et
1269 848 1515 876 consummationis
1543 849 1634 876 sazculi
1647 869 1655 882 ,

868 895 1002 929 prazcipue
1017 898 1106 920 tamen
1124 894 1150 920 itt
1171 894 1211 921 eis
1227 894 1274 928 qui
1286 894 1479 928 elegantiorem
1502 894 1584 921 vitam
1614 902 1656 921 sc—

866 944 984 966 ctantur.
1004 938 1050 966 Est
1064 943 1090 965 ct
1106 939 1184 966 aliter
1210 939 1301 966 videre
1323 939 1458 972 duplicem
1485 938 1586 966 Christi
1605 940 1654 966 adt-

866 989 988 1017 vcntunt,
1006 984 1030 1010 id
1044 989 1084 1011 est
1098 984 1243 1010 adventum
1262 983 1341 1010 Verbi
1358 983 1654 1018 inanimam.Primunt

867 1030 975 1065 quidem
993 1030 1083 1062 rudes,
1096 1035 1122 1057 et
1133 1035 1197 1057 tunc
1211 1030 1372 1064 incipientes
1394 1037 1560 1064 cognoscere
1575 1030 1655 1057 Chri-

866 1080 951 1108 stum,
972 1076 1101 1110 quoniam
1117 1083 1170 1102 non
1185 1075 1399 1110 possuntvidere
1415 1075 1581 1102 Iuciditatem
1595 1076 1656 1109 pul-

864 1120 1040 1152 chri'udinis,
1055 1120 1150 1148 dicunt
1168 1133 1173 1148 ;
1200 1119 1320 1148 Vidimus
1333 1129 1408 1153 eum,
1431 1128 1454 1148 et
1470 1129 1521 1147 non
1542 1121 1654 1149 habebat

864 1167 986 1200 speciem,
1005 1175 1085 1201 neque
1096 1167 1226 1198 decorem,
1239 1167 1283 1193 sed
1292 1167 1389 1201 species
1400 1167 1457 1200 ejus
1470 1167 1607 1193 inhonesta
1619 1167 1652 1193 3".

865 1212 976 1247 Specics
990 1217 1080 1240 autem
1100 1213 1243 1240 inhonesta
1260 1212 1360 1244 Verbi,
1387 1213 1468 1240 stulta
1497 1212 1653 1247 pratdiratio

864 1265 905 1287 est
918 1259 951 1285 de
961 1258 1083 1292 Christo,
1095 1259 1205 1293 quando
1216 1258 1393 1293 praedicamus
1404 1258 1542 1285 Christum
1560 1263 1652 1285 natum

864 1305 1071 1333 etcvucitixum.
1091 1304 1233 1332 Secundus
1261 1308 1350 1331 autem
1370 1304 1503 1331 adventus
1529 1304 1650 1337 Christi,

863 1351 891 1379 in
908 1351 973 1378 viris
989 1350 1131 1386 perfectis;
1145 1350 1180 1377 de
1194 1350 1294 1384 quibus
1305 1349 1372 1377 dicit
1394 1351 1565 1385 dispensator
1577 1351 1651 1378 verbi

864 1397 950 1432 ipsius
964 1396 1003 1423 “:
1019 1395 1184 1430 Sapientiam
1193 1401 1280 1422 autem
1290 1395 1423 1430 loquimur
1431 1397 1501 1422 inter
1510 1396 1650 1430 perfectos.

864 1441 896 1468 lli
911 1445 1002 1468 autem
1025 1440 1137 1476 perfecti
1159 1445 1294 1468 amatores
1316 1440 1379 1468 lacti
1395 1445 1458 1467 sunt
1472 1440 1652 1475 pulchritudi-

863 1487 906 1514 nis
920 1487 991 1522 ejus,
1006 1491 1036 1514 et
1051 1491 1148 1521 rogant
1163 1484 1281 1514 Verbum
1303 1490 1332 1512 ut
1348 1486 1471 1521 accingat
1485 1493 1515 1513 se
1531 1486 1653 1513 rationa-

863 1532 943 1560 bilem
959 1532 1079 1568 gladium
1096 1539 1188 1565 suum,
1213 1536 1240 1559 et
1264 1532 1454 1567 circumponat
1482 1540 1545 1560 eum
1571 1541 1652 1568 super

862 1579 1021 1614 mysterium
1038 1578 1189 1605 nativitatis
1211 1578 1330 1605 carnalis
1345 1598 1352 1610 ,
1376 1585 1438 1612 quae
1457 1578 1591 1612 appellata
1609 1584 1651 1606 est

861 1624 1054 1660 mysterialiter
1069 1623 1167 1651 femur.
1187 1621 1351 1658 Huiusmodi
1365 1623 1438 1650 enim
1452 1623 1578 1658 discipuli
1592 1623 1652 1650 lau-

860 1670 926 1697 dant
937 1669 1170 1704 pulchritudinem
1181 1674 1208 1697 et
1218 1669 1301 1697 decus
1311 1668 1391 1696 Verbi
1403 1677 1410 1701 ;
1420 1673 1446 1696 et
1457 1668 1522 1696 huic
1532 1670 1652 1696 secundo

859 1715 987 1742 adventui
1001 1715 1095 1750 juncta
1110 1720 1151 1742 est
1166 1715 1368 1743 consummatio
1379 1714 1472 1742 saeculi
1490 1714 1517 1741 in
1534 1715 1593 1742 viro
1615 1715 1649 1741 ad

859 1760 1052 1795 perfectionem
1067 1761 1185 1788 venienti
1202 1765 1229 1787 et
1245 1760 1345 1788 dicenti
1360 1770 1366 1786 :
1396 1760 1462 1787 Mihi
1474 1765 1563 1787 autent
1580 1760 1649 1788 absit

859 1807 980 1842 gloriari,
999 1807 1050 1833 nisi
1065 1807 1093 1832 in
1115 1814 1192 1833 cruce
1217 1806 1323 1833 Domini
1346 1806 1430 1832 nostri
1446 1805 1512 1832 Jesu
1527 1806 1627 1833 Christi
1640 1828 1647 1836 .

857 1861 904 1887 per
915 1861 993 1888 quant
1005 1853 1069 1879 mihi
1077 1852 1189 1879 mundus
1199 1852 1344 1886 cruciﬁxus
1351 1857 1401 1882 est.
1412 1857 1436 1878 et
1446 1860 1492 1886 ego
1502 1853 1599 1878 mundo
1609 1853 1629 1868 “
1640 1854 1646 1879 l

859 1898 887 1926 Si
902 1899 974 1925 enim
989 1899 1106 1925 mundus
1117 1898 1264 1925 crucitlxns
1278 1903 1319 1924 est
1331 1897 1423 1931 iustis,
1439 1897 1540 1931 quibus
1570 1905 1648 1924 mun—

857 1945 909 1972 dus
924 1944 1072 1973 cruciﬁxus
1085 1947 1138 1973 est.
1152 1942 1220 1970 facta
1233 1947 1276 1969 est
1294 1942 1334 1969 eis
1348 1941 1429 1969 etiam
1447 1942 1647 1969 consummatio

858 1988 962 2016 mundi.
977 1987 1135 2015 Necessarie
1145 1994 1210 2021 ergo
1236 1986 1282 2021 qui
1301 1985 1402 2013 habent
1426 1986 1552 2013 tiduciam
1568 1993 1647 2013 acce-

857 2035 936 2062 dendi
952 2038 1055 2062 secrete
1071 2033 1103 2060 ad
1114 2032 1266 2064 Christum,
1282 2033 1306 2058 si
1316 2031 1523 2058 voluntdiscere
1537 2031 1645 2066 signum

857 2080 990 2107 adventus
1004 2079 1106 2107 Christi
1125 2083 1152 2105 et
1167 2077 1413 2106 consunnnationis
1437 2077 1530 2104 sinculi
1543 2097 1551 2109 ,
1576 2085 1646 2112 prm-

857 2127 938 2155 bcant
953 2135 982 2154 se.
999 2127 1097 2161 dignos
1112 2125 1203 2152 videre
1216 2125 1366 2152 secundum
1383 2124 1530 2151 adventum
1546 2123 1643 2157 ipsius,

857 2177 884 2200 et
898 2171 1047 2200 secundum
1061 2171 1131 2205 quod
1144 2170 1306 2197 tradidimus
1319 2169 1410 2197 saeculi
1431 2169 1645 2196 consummatio-

857 2225 917 2243 nem
922 2237 929 2244 .

893 2262 937 2288 55.
953 2260 986 2287 Et
1002 2261 1159 2295 respondens
1173 2260 1251 2287 Jesus
1264 2260 1333 2286 dixit
1346 2261 1384 2287 eis
1397 2269 1405 2287 :
1428 2261 1516 2289 Videte
1540 2271 1571 2289 ne
1589 2263 1646 2298 quis

857 2316 900 2334 vos
912 2307 1030 2339 seducat.
1055 2306 1134 2333 Multi
1149 2307 1219 2333 enim
1236 2307 1336 2333 venient
1353 2308 1380 2333 in
1403 2308 1506 2334 nomine
1531 2316 1587 2334 meo
1606 2309 1644 2333 di:

857 2360 941 2382 centes
955 2354 1023 2388 quod
1040 2362 1086 2388 ego
1097 2361 1155 2380 sum
1167 2353 1290 2380 Christus
1300 2373 1308 2385 ,
1324 2358 1347 2378 et
1365 2353 1460 2378 multos
1476 2353 1598 2380 sedueent
1611 2354 1642 2380 ν.

855 2401 906 2434 Qui
920 2399 1077 2435 simpliciter
1091 2399 1252 2432 intelligunt,
1275 2398 1521 2433 arhilrantut'quod
1537 2398 1587 2424 hoc
1599 2406 1643 2425 so-

856 2447 911 2473 lutn
927 2446 984 2472 haec
1007 2445 1089 2472 verba
1115 2445 1266 2480 signiﬁcant
1281 2464 1288 2475 ,
1312 2444 1442 2480 quoniam
1469 2443 1543 2470 multi
1567 2449 1645 2470 etant

856 2490 963 2517 venturi
979 2489 1100 2517 christos
1114 2497 1142 2516 se
1157 2494 1321 2521 asserentes,
1335 2489 1463 2515 habentes
1479 2488 1505 2514 in
1519 2496 1549 2514 sn
1561 2488 1642 2514 ctiam

855 2536 986 2571 quasdam
1005 2535 1119 2562 virtutes
1136 2534 1286 2566 mirandas,
1299 2538 1325 2560 ct
1339 2533 1422 2561 verba
1436 2533 1535 2566 quibus
1544 2540 1638 2566 νιοκυ·

855 2587 917 2609 cent
928 2581 1027 2608 multos
1037 2580 1070 2607 ad
1085 2580 1261 2610 credendum,
1277 2579 1323 2613 qtti
1335 2579 1433 2614 dignos
1447 2578 1604 2606 scduetione
1613 2572 1644 2605 se

855 2627 1029 2661 praebuerint.
1043 2625 1164 2652 Joannes
1179 2630 1268 2652 anletlt
1283 2625 1309 2651 in
1326 2623 1446 2659 Epistola
1459 2632 1508 2652 sua
1525 2624 1549 2640 "
1560 2624 1621 2651 dicit
1635 2634 1641 2650 ς

856 2673 889 2699 Ε(
901 2673 969 2699 sicut
983 2672 1101 2704 αυιιεειᾷι
1110 2671 1234 2706 quoniam
1254 2670 1432 2698 Antichristth
1445 2671 1528 2698 ueniet
1541 2690 1548 2703 ,
1574 2678 1641 2696 nunc

856 2717 1005 2744 antichristi
1030 2717 1107 2743 multi
1124 2716 1188 2750 facti
1213 2722 1291 2748 sunt;
1312 2716 1380 2743 unde
1404 2716 1502 2749 scimus
1517 2718 1641 2752 quoniam

1429 2817 1452 2834 λθ
1466 2815 1552 2850 lCor‘,
1570 2825 1599 2850 n,
1613 2816 1640 2845 ϐ.

862 2861 891 2886 ιι,
910 2853 952 2880 18.
1486 2879 1488 2881 τ

1466 2901 1503 2921 ξέὐ

1465 2921 1472 2931 ι
1475 2917 1503 2932 ιᾶ
