1841 3053
212 97 279 121 HIS

804 99 965 125 (Mittit-2M8
983 93 1243 130 ιλἾιΛττηκιςιΜ

1783 106 1821 131 limi

210 152 352 179 novissima
369 154 433 178 liora
446 157 495 178 est.
515 151 596 179 Docet
612 152 653 179 his
669 153 768 185 verbis,
788 161 869 181 onme
885 155 996 182 verbum
1015 160 1033 187 Α
1051 165 1119 190 ram,
1133 163 1162 185 ut
1175 159 1255 186 etiam
1272 159 1442 186 nativitatem
1469 159 1579 187 subiret
1613 168 1646 187 ex
1678 159 1780 195 Virgine
1794 169 1820 191 ,rl

209 198 283 232 quod
299 205 314 225 a
329 199 444 226 veritate
460 203 617 225 extraneum
628 202 715 229 εει,οι
728 199 863 226 asseritse
878 198 996 227 Verbum

206 252 268 272 esse
283 245 340 277 Dei,
356 245 555 273 Antichristum
571 253 642 278 esse,
654 245 695 272 sic
705 246 779 272 enim
802 246 932 280 possibile
955 252 996 274 est

206 291 357 326 intelligere
372 291 444 326 quod
460 292 517 318 ait:
535 291 568 318 Et
585 299 655 318 nunc
671 282 820 318 antichristi
836 292 912 318 multi
929 292 995 326 [acti

206 342 278 370 sunt,
295 345 356 364 cum
373 345 456 364 unum
473 338 518 368 sit.
535 338 607 372 quod
626 342 667 364 est
684 345 778 365 verum
805 338 882 365 Sicut
902 343 994 366 autem

206 382 364 410 manifestat
392 383 505 410 historia
534 382 693 414 lectionum.
709 391 762 410 non
789 383 867 410 multi
885 383 996 411 fuerunt

205 428 330 456 homines
347 429 373 455 in
390 433 511 463 tempore
538 429 725 463 apostolorum
749 430 796 464 qui
823 430 941 457 ehristos
966 439 995 458 se

204 482 266 502 esse
278 474 416 507 dixerunt,
436 474 488 501 nisi
505 474 575 502 forte
588 474 736 502 Dositlteus
752 475 910 507 Samareus.
924 477 995 504 unde

204 525 231 547 et
244 519 402 547 Dositheani
418 520 564 552 dicuntur;
588 524 614 547 et
640 519 733 547 Simon
750 521 783 548 de
801 529 855 556 quo
875 521 995 549 referunt

203 566 287 593 Actus
302 566 501 600 apostolorum,
526 566 574 600 qui
591 572 622 593 se
638 565 771 593 Virtutem
789 574 850 594 esse
865 566 910 594 Dei
935 575 992 595 ma-

203 618 284 645 gnam
296 610 504 645 pronuntiabat.
520 609 625 638 Prteter
639 611 688 638 hos
703 619 791 646 neque
805 617 867 639 ante
880 633 887 644 ,
905 621 993 648 neque

201 656 376 690 postmodum
392 655 514 688 fuerunt,
531 660 664 690 quantum
682 657 714 683 ad
735 657 878 684 scientiam
892 666 991 686 meam.

203 702 256 729 Sed
267 702 357 729 omnis
369 709 460 730 sermo
474 702 520 736 qui
537 702 679 736 proﬁtetur
701 704 899 737 expositionem
919 704 992 732 Scri-

203 753 344 782 pturarum
355 753 383 776 et
396 748 475 775 fidem
491 755 598 782 earum,
611 756 665 775 non
680 753 770 776 autem
791 750 872 777 habet
892 751 992 777 verita-

202 799 266 826 tem,
284 794 358 828 iuste
371 793 556 821 Antirhristus
568 801 628 821 esse
645 794 838 830 intelligendus
851 801 893 824 est
907 817 915 829 ,
947 805 992 825 ve-

203 841 282 867 niens
297 841 322 866 in
341 841 450 868 nomine
463 840 578 872 Christi,
602 845 630 868 et
654 842 749 870 dicens
771 843 844 876 quod
861 851 912 877 ego
933 852 991 871 sum

200 886 339 918 Christus,
353 888 497 919 mentiens,
515 891 542 914 et
560 886 672 914 minime
682 891 779 921 potens
791 890 932 916 ostendere
948 898 991 917 ve-

202 932 290 958 ritatis
302 932 416 959 formam
435 932 462 959 in
477 940 516 960 so.
532 932 564 959 Et
580 933 710 967 quoniam
727 934 767 961 eis
780 935 826 969 qui
840 936 991 964 discutiunt

201 979 281 1006 verba
294 978 440 1013 Scriptura:
456 979 493 1006 uti
507 979 647 1006 inveniant
658 987 768 1008 sensum
779 981 848 1016 ejus,
864 981 991 1017 frequen—

200 1031 242 1051 ter
265 1030 414 1052 occurrunt
433 1025 543 1060 quidam
563 1026 717 1054 intellectus
734 1027 812 1062 quasi
828 1028 904 1056 veri.
929 1036 990 1055 eum

201 1079 254 1098 non
270 1071 352 1106 852
368 1072 423 1099 sint
442 1072 508 1104 veri,
530 1071 677 1107 aliquando
693 1078 783 1100 autem
806 1074 949 1101 traduntur
965 1079 992 1101 et

199 1117 234 1143 ab
249 1117 309 1143 aliis
323 1117 517 1145 verisimilibus
530 1118 659 1146 coloratis
675 1119 848 1147 sermonibus
860 1139 867 1151 ,
891 1126 921 1147 ut
937 1127 990 1146 non

200 1162 280 1189 facile
303 1163 459 1190 inveniatur
473 1164 520 1198 qui
532 1171 615 1191 verus
628 1168 671 1191 est
687 1171 784 1192 sensus
797 1185 804 1197 ,
829 1165 988 1200 priusquam

199 1209 331 1236 adversus
348 1209 496 1237 mendaces
508 1210 727 1238 existimationes
754 1211 882 1239 inventus
908 1211 990 1240 fuerit

198 1255 288 1282 verior
297 1262 395 1283 sensus
408 1260 434 1283 et
449 1256 553 1283 firmior
565 1265 571 1283 :
589 1246 734 1291 proptErea
746 1261 812 1292 puto
823 1258 896 1292 quod
910 1258 990 1286 Chri-

199 1306 257 1327 stus
273 1301 307 1328 ad
326 1301 567 1336 interrogationem
597 1301 794 1336 discipulorum
816 1311 928 1330 suorum
947 1303 989 1331 di-

197 1347 315 1373 centium
331 1355 337 1373 :
352 1347 465 1378 Quando
478 1347 533 1374 huc
542 1353 618 1374 erunt
628 1348 641 1374 .9
655 1353 679 1375 at
691 1349 760 1384 quod
770 1349 874 1384 signum
890 1350 987 1377 adven-

199 1397 240 1419 tus
263 1393 319 1424 mi,
338 1399 361 1420 et
384 1395 623 1421 consummationis
647 1395 760 1422 occuli!
773 1395 808 1422 ita
824 1397 986 1431 respondit:

203 1439 293 1466 Videte
304 1447 335 1465 ne
346 1440 403 1474 quis
419 1447 462 1466 vos
474 1439 592 1467 sedncut.
606 1441 685 1467 Multi
695 1441 765 1467 enim
778 1443 877 1468 venient
895 1443 922 1469 in
937 1451 985 1470 κο-

1010 830 1027 855 Β

197 1485 266 1511 mine
278 1493 333 1511 meo
346 1485 481 1512 (liventes:
498 1485 552 1520 Ego
565 1494 623 1512 sum
636 1486 769 1519 Christus,
789 1492 813 1513 et
832 1488 929 1515 multat
946 1497 985 1516 ιε-
1000 1495 1021 1525 ρ

197 1531 299 1556 ducent.
314 1530 381 1557 Vere
394 1531 466 1558 enim
482 1532 527 1565 qui
542 1532 635 1565 implet
650 1531 716 1558 illud
736 1533 894 1561 mandatum
912 1535 984 1569 quod

195 1577 234 1602 ait
248 1585 254 1602 :
271 1575 361 1602 Euote
372 1577 510 1610 prudentes
525 1577 699 1604 nummularii
709 1585 718 1608 ;
730 1578 830 1606 etiliud
846 1580 918 1614 quod
929 1581 984 1608 ait:

198 1622 295 1648 Omnia
310 1622 418 1656 probate
434 1630 443 1649 :
457 1623 526 1657 quod
549 1623 646 1649 bonum
671 1630 709 1650 est
732 1628 833 1652 tertete:
859 1626 891 1652 ab
911 1628 984 1654 omni

195 1669 278 1702 specie
290 1669 361 1695 mata
375 1669 504 1696 abstinete
517 1678 560 1696 vos
572 1669 605 1702 ⁸⁸,
618 1670 719 1698 multos
737 1671 837 1698 ridebit
862 1673 953 1700 seduci
968 1681 983 1700 a

196 1714 288 1741 multis
300 1714 480 1742 intellectibus
504 1719 531 1742 et
559 1715 648 1742 verbis
670 1715 864 1750 profitentibus
880 1725 940 1745 esse
955 1725 984 1744 se

193 1759 333 1786 Christum
350 1759 396 1786 Dei
416 1759 542 1786 Verbum.
560 1759 593 1787 Et
604 1761 707 1787 utinam
717 1761 767 1788 soli
781 1762 827 1796 qui
844 1769 918 1789 extra
930 1762 982 1790 Ec-

193 1805 304 1832 elesiam
324 1811 387 1833 sunt
413 1806 628 1838 seducerentur,
652 1802 730 1834 facile
754 1812 811 1835 erat
826 1815 922 1835 cavere
937 1816 982 1835 se-

192 1851 360 1878 ductionem.
374 1851 451 1878 Nunc
470 1856 560 1879 autem
578 1852 628 1887 ipsi
642 1852 689 1887 qui
706 1853 869 1887 proﬁtentur
883 1861 912 1880 se
935 1861 981 1880 ee—

193 1899 360 1927 elesiasticos
371 1907 441 1931 esse,
459 1899 493 1926 de
506 1900 671 1927 necessariis
688 1900 842 1934 quibusque
856 1900 982 1935 capitulis

193 1945 323 1973 falluntur
335 1951 362 1973 et
374 1946 552 1978 scdueuutur,
577 1946 649 1973 sicut
666 1946 722 1980 ipsa
734 1946 871 1974 dissensio
885 1953 980 1973 eorum

191 1992 378 2018 testimonium
393 1995 436 2018 est
447 2011 454 2023 ,
477 1992 606 2026 quoniam
629 1996 655 2018 et
670 1992 715 2026 qui
733 1992 804 2019 intus
821 1997 884 2019 sunt
899 1993 980 2019 sedu-

191 2041 301 2064 cuutur.
314 2036 368 2064 Sed
379 2042 585 2071 consequenter,
599 2038 827 2072 quemadmodutn
841 2038 911 2064 solet
921 2046 981 2066 esse

192 2085 218 2110 in
233 2083 388 2110 errantibus
407 2090 455 2118 per
470 2083 528 2110 vias
545 2083 594 2110 bas
608 2083 762 2117 corporales
773 2082 924 2110 ditiorentia
938 2091 981 2110 cr-

192 2130 262 2157 roris
275 2151 282 2163 ,
297 2133 323 2156 et
337 2129 447 2163 quidam
466 2128 575 2163 quidem
590 2129 672 2156 etiam
685 2134 779 2157 contra
789 2130 874 2165 ipsam
889 2130 979 2164 publi-

1049 209 1164 232 mortem
1174 205 1264 233 erucis
1281 205 1412 240 suscepit,
1428 210 1454 232 et
1470 206 1601 232 surrexit
1624 213 1640 232 a
1671 206 1782 233 mortuis
1793 226 1799 238 ,
1811 211 1821 234 «1

1048 248 1183 276 deificarit
1218 257 1299 284 quam
1332 254 1490 284 susceperat
1527 249 1690 276 humanam
1719 256 1823 277 natum].

1047 294 1144 322 Adhuc
1164 299 1254 321 autem
1269 300 1295 322 ct
1313 295 1346 322 de
1373 295 1475 330 Spiritu
1495 300 1601 322 sancto
1614 315 1623 326 ,
1651 296 1778 329 quoniam
1793 297 1824 330 ipse

1048 339 1091 366 ille
1106 339 1158 366 fuit
1176 340 1202 366 in
1218 340 1382 374 patriarcbis
1397 345 1424 367 et
1441 340 1590 375 prophetis
1605 362 1613 373 ,
1632 342 1684 375 qui
1709 347 1793 376 postea
1811 344 1824 368 ir,

1047 385 1179 420 apostolis
1194 386 1274 413 datus
1291 391 1341 419 est,
1358 391 1385 413 et
1406 387 1439 412 de
1453 386 1674 413 resurrectione
1688 392 1824 414 mortuorum

1046 431 1118 458 sicut
1131 431 1307 467 Erangelium
1319 432 1564 460 docetcertissime
1578 433 1718 466 credunt,
1732 435 1824 460 elomnii

1046 485 1215 512 quaecunque
1230 477 1354 506 teruntur
1376 477 1403 504 in
1427 476 1576 505 Ecdesiis.
1606 478 1651 506 De
1680 479 1742 506 aliis
1766 486 1824 507 autem

1046 530 1100 550 non
1118 524 1224 558 paucis,
1239 527 1329 550 tamen
1341 523 1474 556 modicis,
1501 532 1579 552 nova
1611 531 1775 560 proponunt
1799 528 1824 552 di:-

1048 574 1148 603 gmata,
1163 575 1189 596 et
1212 569 1261 604 ipsi
1274 570 1366 604 utique
1382 575 1447 597 sunt
1460 578 1492 597 cx
1510 571 1568 598 illis
1584 571 1638 606 qui
1659 572 1822 599 seducuutur:

1047 614 1123 642 falsis
1139 616 1330 648 intellectibus,
1343 621 1369 643 et
1387 616 1476 643 verbis
1493 617 1692 645 venientibus
1706 618 1734 644 in
1749 620 1825 644 nomine

1043 659 1155 693 Clu-isti,
1170 661 1216 695 qui
1232 665 1275 689 est
1297 660 1414 688 Verbum
1436 665 1463 688 et
1480 662 1601 689 veritas.
1619 662 1658 689 Et
1683 664 1780 690 malum
1792 673 1823 699 qm-

1043 706 1103 732 dem
1122 712 1163 734 est
1176 707 1298 734 invenire
1310 707 1426 743 aliquem
1441 709 1605 736 secundum
1624 717 1727 736 mores
1741 711 1825 737 vitari-

1044 757 1161 785 rantem,
1184 753 1270 779 multo
1286 758 1374 780 autem
1391 754 1470 789 pejus
1497 755 1633 781 arbitror
1667 763 1733 783 esse
1760 756 1781 782 in
1801 758 1825 781 ιιίν

1045 797 1181 832 gmatibus
1198 798 1324 826 aberrare
1339 803 1428 826 etnon
1444 799 1607 826 secundum
1625 800 1795 827 verissimam
1807 809 1826 826 te

1044 843 1133 878 gulam
1149 842 1352 878 Seripturarum
1372 845 1484 872 sentire.
1504 844 1659 878 Quoniam
1674 846 1746 873 sicut
1759 847 1796 882 [si]
1813 857 1825 872 ια

1044 889 1161 923 peccatis
1175 889 1334 917 mortalibus
1356 890 1484 925 puniendi
1502 899 1624 925 sumus,
1659 893 1826 927 ampliusan

1043 939 1101 969 pter
1119 935 1245 970 dogmata
1267 935 1333 963 falsa
1366 940 1522 971 peccantes.
1550 937 1582 963 Si
1612 937 1696 965 enim
1725 938 1827 964 sutﬁcera

1042 980 1214 1007 conversatio
1230 988 1335 1008 morum
1352 981 1485 1008 bonorum
1521 982 1702 1010 hominibus
1726 983 1756 1010 ad
1779 984 1829 1010 salu-

1043 1030 1106 1056 tem.
1129 1026 1267 1061 quomodo
1284 1027 1354 1061 apud
1382 1031 1474 1062 gentes
1500 1028 1699 1064 philosophi,
1716 1036 1761 1056 aut
1780 1031 1827 1064 aptari

1044 1071 1184 1099 hmretieos
1209 1073 1286 1099 multi
1315 1072 1488 1100 continenter
1510 1073 1651 1102 viventes
1678 1083 1826 1110 nequaquam

1042 1115 1094 1142 sali
1102 1121 1191 1148 antur,
1209 1117 1287 1152 quasi
1303 1118 1467 1154 obscurante
1479 1123 1506 1145 et
1523 1119 1703 1147 sordidante
1715 1128 1827 1148 conteru-

1041 1162 1142 1190 tionem
1160 1170 1254 1190 eorum
1279 1163 1415 1198 dogmatis
1436 1163 1582 1192 falsitate?
1599 1165 1739 1194 Arbitror
1762 1173 1826 1193 autem

1041 1209 1170 1243 quoniam
1190 1209 1341 1244 generalem
1357 1210 1520 1236 n'iundiliam
1536 1219 1606 1245 qua:
1625 1216 1673 1240 est
1689 1220 1744 1239 non
1763 1213 1825 1239 Solum

1041 1254 1066 1280 in
1083 1255 1199 1288 actibus,
1217 1255 1263 1282 sed
1277 1256 1358 1282 etiam
1376 1256 1402 1282 in
1416 1256 1531 1283 scientia
1547 1277 1555 1288 ,
1585 1258 1693 1286 volens
1708 1259 1826 1286 oslcndete

1040 1308 1131 1328 sermo
1161 1301 1186 1327 in
1212 1301 1316 1335 psalmo
1340 1301 1469 1328 vicesimo
1495 1302 1582 1329 tertio
1596 1303 1646 1334 ",
1666 1303 1755 1331 dicit:
1781 1303 1826 1335 Qui

1038 1347 1161 1373 ascendet
1177 1347 1204 1372 in
1217 1351 1329 1373 montem
1348 1346 1466 1379 Domini,
1492 1352 1540 1374 aut
1559 1349 1628 1382 quis
1646 1349 1734 1376 ambit
1749 1350 1772 1376 in
1786 1349 1826 1375 [ea

1038 1398 1130 1420 sancto
1147 1393 1223 1427 ejus?
1235 1392 1365 1419 Innocens
1384 1393 1505 1420 manibus
1518 1414 1526 1425 ,
1555 1399 1581 1420 et
1611 1403 1686 1429 pura
1713 1397 1792 1422 corda.
1810 1395 1826 1420 ba

1039 1437 1192 1466 Proverbiis
1203 1443 1292 1465 autent
1310 1438 1332 1453 ⁸⁸
1349 1448 1356 1465 :
1370 1438 1436 1470 Quis
1450 1440 1624 1474 gloriabitur
1641 1447 1750 1468 castum
1764 1451 1786 1468 se
1796 1442 1826 1466 tir-

1039 1483 1096 1510 brre
1107 1492 1161 1516 cor,
1176 1490 1222 1511 aut
1235 1485 1293 1519 quis
1305 1484 1421 1519 conﬁdat
1436 1485 1567 1512 mundum
1592 1495 1624 1513 se
1644 1496 1706 1515 esse
1724 1497 1739 1514 α
1753 1497 1826 1522 pax:-

1038 1528 1070 1554 tis
1081 1529 1093 1554 1’
1108 1527 1238 1555 Mundum
1252 1536 1316 1563 ergo
1331 1529 1413 1556 corde
1425 1534 1451 1556 et
1467 1534 1577 1557 castum
1587 1533 1682 1559 conte
1698 1541 1751 1559 non
1762 1534 1825 1559 alia"

1037 1574 1154 1601 atbitror
1165 1582 1235 1607 esse,
1255 1575 1305 1601 nisi
1321 1583 1383 1602 cum
1406 1575 1453 1610 qui
1469 1577 1505 1603 ab
1525 1579 1608 1604 omni
1627 1579 1759 1614 dogmate
1775 1580 1826 1605 falsa

1037 1620 1167 1647 mundum
1184 1625 1210 1646 et
1225 1625 1330 1648 castum
1348 1622 1468 1656 possidet
1482 1630 1549 1654 cor;
1562 1623 1607 1650 sic
1622 1630 1650 1651 et
1668 1625 1824 1652 innocentes

1036 1665 1161 1692 manibus
1175 1669 1201 1691 et
1216 1665 1346 1692 mundum
1367 1673 1382 1692 a
1405 1666 1525 1700 peccatis
1541 1674 1609 1693 eum
1628 1668 1762 1695 existimo
1781 1676 1826 1693 δε»

1034 1712 1080 1746 qui
1099 1711 1124 1737 in
1140 1711 1245 1739 actibus
1259 1711 1319 1738 vita:
1335 1718 1392 1738 sua:
1408 1711 1671 1746 irreprchensibilis
1681 1719 1734 1741 est.
1745 1714 1826 1741 Scim-

1034 1756 1099 1783 dum
1114 1761 1156 1784 est
1174 1761 1264 1784 autem
1279 1757 1419 1791 quoniam,
1444 1762 1583 1792 quantum
1616 1760 1651 1786 ad
1678 1761 1824 1786 veritatem,

1035 1801 1203 1837 impossibile
1219 1807 1260 1829 est
1273 1809 1333 1828 esse
1348 1802 1465 1837 aliquem
1486 1803 1673 1831 innocentem
1691 1805 1824 1831 manibus.

1034 1852 1060 1874 et
1087 1848 1217 1874 mundum
1237 1856 1250 1874 a
1265 1848 1382 1882 peccatis
1397 1867 1406 1879 ,
1431 1852 1461 1875 ut
1483 1857 1539 1875 non
1558 1850 1595 1876 sit
1612 1858 1706 1884 purus
1721 1852 1825 1877 conice.

1035 1897 1127 1920 castus
1157 1901 1172 1920 a
1204 1894 1375 1928 dogmatibus
1405 1893 1492 1926 falsis,
1511 1895 1586 1921 sicut
1607 1897 1769 1923 eeontrario
1787 1896 1826 1921 iis-

1035 1940 1163 1973 possibile
1177 1945 1218 1967 est
1234 1940 1364 1966 mundum
1377 1940 1486 1975 quidem
1499 1946 1526 1967 et
1544 1947 1657 1968 castum
1679 1950 1742 1970 esse
1757 1943 1826 1970 tonis

1035 1993 1049 2012 a
1063 1986 1236 2021 dogmatibus
1261 1986 1354 2019 falsis,
1373 1993 1402 2014 ut
1416 1994 1469 2013 non
1488 1987 1523 2013 sit
1543 1989 1683 2016 innocens
1710 1991 1824 2016 manus:

1034 2038 1061 2059 et
1079 2032 1195 2059 mundus
1207 2040 1222 2059 a
1239 2032 1365 2066 peccatis.
1381 2031 1444 2059 Haec
1467 2033 1541 2059 enim
1559 2032 1732 2060 alterutrum
1747 2042 1775 2061 se
1791 2041 1823 2058 ςεα

1033 2082 1154 2112 quuutur
1171 2082 1260 2104 etnon
1279 2081 1440 2111 separantur
1451 2077 1486 2104 ab
1497 2077 1629 2110 invicem,
1643 2086 1740 2105 sermo
1756 2087 1822 2103 ninn—

1033 2123 1084 2150 dus
1102 2123 1128 2149 in
1144 2123 1234 2150 anima
1248 2127 1275 2150 et
1291 2123 1343 2149 vita
1359 2123 1622 2158 irreprehensibilis.
1638 2123 1821 2150 khundantvs

191 2184 249 2202 eam
264 2176 335 2202 viam
350 2183 410 2209 qua:
422 2174 564 2209 quau-itur,
581 2175 683 2202 vadunt
704 2180 838 2206 errantes,
862 2176 907 2202 alii

1096 2177 1121 2196 ιη
1138 2169 1171 2197 de
1195 2170 1314 2204 capitulo
1336 2169 1382 2196 illo
1405 2170 1606 2202 tractavimus,
1622 2170 1757 2197 docentes
1782 2178 1820 2195 ne:

191 2228 243 2249 tem
262 2221 400 2248 modicum
415 2220 517 2255 aliquid
533 2220 566 2247 de
582 2220 677 2248 semita
695 2226 766 2248 recta
783 2221 929 2253 declinant,
948 2226 977 2248 ut

191 2269 245 2296 sint
260 2266 442 2294 revocabiles:
461 2270 488 2292 et
503 2266 595 2293 multae
610 2271 674 2293 sunt
686 2266 836 2293 errantium
848 2265 976 2293 diﬂ‘ereu-

191 2305 252 2342 tie:
275 2315 327 2341 hoc
344 2313 425 2339 modo
441 2312 565 2339 videmus
578 2312 659 2338 etiam
685 2319 733 2338 eos
758 2312 803 2346 qui
831 2319 846 2338 a
865 2312 977 2338 veritam

188 2361 325 2388 aberrant.
340 2359 371 2385 Et
384 2358 534 2385 Marcioues
550 2357 670 2392 quidem,
682 2362 708 2384 et
724 2357 866 2388 Basilides,
884 2363 910 2383 et
925 2355 977 2383 Va-

189 2405 339 2436 lentiniani,
353 2408 379 2431 et
394 2404 534 2438 Apr-"iani.
550 2409 577 2430 et
591 2402 706 2437 Ophitzr,
721 2402 834 2429 multum
846 2410 861 2428 a
879 2409 976 2436 propo-

188 2460 200 2477 s
213 2457 237 2478 ta
252 2455 344 2478 errant
359 2449 412 2480 via,
428 2449 474 2484 qui
491 2448 604 2475 omnino
621 2448 756 2475 contraria
772 2447 881 2482 sapiunt
903 2448 975 2474 veri-

188 2498 245 2525 tati.
260 2496 374 2529 Quidam
388 2500 477 2522 autent
495 2495 527 2521 de
544 2494 660 2529 publicis
672 2494 782 2528 quidem
803 2498 830 2519 et
858 2492 974 2520 manife-

187 2543 238 2570 stis
255 2541 381 2576 eapitulis
397 2547 449 2566 non
472 2539 658 2566 dissentiunt:
685 2542 778 2573 utputa
795 2538 827 2564 de
846 2545 900 2564 uno
920 2537 974 2564 Deo

188 2590 232 2624 qui
244 2589 328 2623 legem
341 2592 366 2614 et
378 2585 552 2620 Evangelium
568 2585 641 2611 dedit
659 2603 667 2615 ,
684 2589 729 2610 aut
743 2584 775 2610 de
786 2583 896 2610 Christo
908 2582 973 2610 Jesu

187 2631 365 2666 primogenito
379 2629 512 2656 universze
525 2631 659 2656 creatura:
671 2647 679 2658 ,
700 2627 746 2662 qui
763 2627 790 2654 in
816 2628 869 2654 line
882 2627 973 2654 saeculi

186 2674 554 2710 scentulum'prredieationes
565 2675 757 2709 prophetarum
771 2674 841 2701 venit
854 2674 879 2700 in
895 2681 974 2701 num-

186 2723 260 2751 dum.
280 2727 305 2748 et
321 2722 440 2756 suscrpit
458 2721 483 2747 in
503 2728 531 2747 se
546 2729 636 2748 veram
652 2721 777 2748 humanm
789 2720 879 2747 carnis
895 2725 973 2747 natu-

221 2813 242 2826 “
262 2813 271 2839 l
287 2812 381 2840 Thess.
399 2821 424 2843 v.
437 2815 480 2843 2t,
493 2814 537 2841 ~22.
577 2814 598 2830 ⁸³
610 2822 679 2842 vers.
702 2815 727 2845 ὖ,
744 2815 768 2842 ι.

809 2816 973 2846 ⁸⁵1⁸101.κῆ
984 2814 1009 2840 9.

1032 2216 1107 2250 ipsos
1119 2216 1268 2243 secundum
1285 2223 1315 2242 ea
1330 2223 1390 2249 qore
1407 2215 1463 2242 visa
1483 2221 1549 2242 sunt
1564 2216 1650 2243 nobis
1669 2217 1698 2243 in
1715 2217 1784 2245 loco.
1798 2221 1819 2241 ιε

1029 2261 1218 2293 qrstodiamus
1230 2269 1279 2288 nos
1297 2261 1330 2287 ab
1350 2261 1424 2288 onini
1443 2269 1536 2288 errore
1555 2261 1695 2288 falsorum
1719 2262 1820 2296 dogm-

1031 2312 1098 2338 tum,
1107 2307 1162 2334 sire
1169 2307 1201 2334 de
1213 2306 1364 2334 manifestis
1375 2311 1401 2333 et
1412 2306 1612 2341 principalibus
1619 2307 1762 2341 capitulis.
1772 2307 1820 2332 si":

1030 2353 1062 2380 de
1074 2353 1114 2380 bis
1123 2361 1182 2387 qua:
1191 2353 1315 2379 videntur
1326 2352 1442 2385 minora,
1451 2357 1479 2378 ut
1491 2352 1641 2379 audiamus
1650 2354 1700 2387 qui
1710 2352 1776 2378 dixit
1788 2351 1805 2364 ““

1032 2399 1090 2426 Non
1106 2400 1272 2426 dectiuabitis
1285 2400 1318 2426 ad
1330 2400 1478 2431 dexteram,
1488 2403 1536 2425 aut
1546 2399 1693 2425 sinistram
1707 2407 1716 2430 ;
1740 2399 1773 2425 ab
1791 2406 1818 2421 το

1028 2445 1074 2479 qui
1084 2445 1151 2472 dixit
1160 2445 1196 2471 *3:
1212 2444 1266 2480 Ego
1279 2453 1337 2471 sum
1350 2445 1402 2471 ria.
1416 2443 1471 2472 Nec
1482 2443 1662 2477 seducamur,
1672 2445 1720 2472 sed
1733 2444 1817 2478 vitello

1029 2499 1101 2522 mus,
1122 2499 1155 2518 ne
1177 2492 1240 2526 quis
1259 2499 1309 2518 nos
1325 2491 1400 2518 fallat
1417 2498 1513 2518 eorum
1530 2491 1578 2525 qui
1595 2491 1714 2518 veniunt
1732 2491 1758 2517 in
1774 2497 1817 2514 ni"

1029 2537 1100 2564 mine
1113 2536 1225 2570 Christi,
1242 2537 1364 2564 dicentes
1381 2546 1388 2564 :
1403 2536 1460 2572 Ego
1477 2544 1538 2564 sum
1547 2536 1692 2568 Christus,
1705 2544 1754 2571 ego
1763 2542 1814 2562 $2!-

1026 2583 1136 2614 veritas,
1153 2588 1179 2609 et
1194 2583 1337 2618 sapientia,
1348 2588 1374 2609 et
1393 2582 1484 2608 lumen
1509 2589 1618 2608 verum.
1645 2581 1715 2608 Puto
1732 2586 1812 2607 ante;z

1026 2628 1088 2662 quia
1101 2636 1153 2654 non
1175 2628 1261 2654 solum
1278 2633 1319 2654 est
1335 2634 1426 2654 sermo
1442 2625 1582 2657 Christus,
1610 2631 1655 2653 est
1682 2630 1708 2652 et
1731 2633 1812 2652 scm-

1026 2673 1228 2705 Antiehristus;
1245 2672 1346 2700 veritas
1361 2672 1498 2703 Christus,
1520 2677 1547 2699 et
1564 2672 1700 2699 simulata
1722 2671 1810 2696 verius

1026 2719 1211 2746 Anticlu'istus
1221 2727 1227 2750 ;
1239 2718 1368 2753 sapientia
1382 2719 1520 2748 Christus.
1535 2724 1562 2746 et
1573 2719 1705 2745 simulata
1714 2716 1808 2751 sapit-a-

1046 2814 1064 2828 δτ
1080 2813 1154 2840 Deut.
1173 2821 1198 2844 γ,
1218 2813 1261 2839 3'3.
1303 2813 1323 2828 ‘3
1335 2812 1412 2839 .Ioau.
1431 2821 1487 2842 MV.
1506 2814 1534 2840 4i.
