1841 3053
50 134 114 162 lGiT;

625 132 957 162 COMMENTARIORUM
979 134 1109 162 SERlliS.

1599 145 1667 174 1646

52 195 84 221 tia
99 193 289 224 Antichristus,
315 193 412 220 .allrns
437 199 573 227 amatores
589 194 728 229 sapientia:
742 194 787 222 Dei
805 200 830 222 et
847 198 868 226 Α
884 194 928 222 Sic
940 200 1031 224 autem
1051 203 1190 230 nunquam
1209 195 1351 223 manifeste
1364 196 1432 224 dixit
1447 207 1452 224 :
1469 196 1526 232 Ego
1539 204 1612 231 sunt,
1625 200 1672 226 sed

51 240 174 271 veritatis,
203 246 264 274 qua:
286 239 377 265 omnia
395 239 531 273 pertinent
554 240 587 266 ad
604 239 665 267 ﬁdei
683 241 829 268 rationem.

50 285 100 313 Sed
114 286 191 312 ctiam
208 285 234 311 in
251 285 292 312 his
310 285 455 312 virtutibus
468 286 568 320 quibus
578 293 774 315 conversamur
785 295 830 314 se-

50 332 161 359 cundum
175 331 269 363 Deum,
286 332 440 359 invenimus
449 339 545 359 omttes
554 340 632 360 veras
645 333 758 361 virtutes
770 341 831 361 esse

50 378 192 410 Christum,
201 383 226 404 ct
236 385 331 405 ontncs
343 378 485 405 simulatas
495 379 608 406 virtutes
620 379 829 407 Antichristum.

50 423 176 456 Quoniam
199 431 294 450 omnes
318 424 425 458 species
454 424 518 451 boni
546 431 724 460 quascunque
752 425 832 452 habet

50 469 168 496 Christus
184 469 210 494 in
236 476 266 496 se
290 468 317 495 in
335 469 451 496 veritate
473 470 506 496 ad
521 469 728 497 aediﬁcationem
744 471 832 497 homi-

51 522 120 547 num,
135 521 180 540 eas
193 521 289 542 omnes
307 515 388 542 habet
403 515 430 542 in
447 523 476 543 se
491 516 617 543 diabolus
634 517 661 543 in
680 518 772 552 specie
797 518 832 545 ad

50 559 227 586 seductioncm
241 565 411 588 sanctorum.
428 560 456 588 Si
479 561 552 588 enim
575 561 704 590 Christus
726 563 831 598 iustitia

51 609 105 635 est,
123 609 186 632 sunt
206 610 298 633 autem
325 606 482 641 frequenter
496 608 548 635 vim
560 608 610 634 viri
626 616 686 643 quae
707 609 832 636 videntur

50 657 105 676 esse
116 649 195 683 justas
208 670 215 683 ,
244 651 393 678 novissima
420 656 511 679 autem
527 660 623 680 earum
639 655 789 689 respiciunt
805 655 831 682 in

50 694 209 729 profundum
223 695 322 723 inferni
339 697 372 724 W.
390 697 509 730 Quando
531 707 596 734 ergo
610 699 716 727 videtur
727 701 833 735 iustitia

50 748 106 768 cum
123 749 175 768 non
188 742 223 769 sit
236 742 342 777 justitia
357 751 431 777 vera,
447 751 479 771 ea
496 745 559 772 talis
578 745 682 780 justitia
697 746 834 774 Antichri-

50 792 104 814 sttts
128 791 187 821 est,
212 788 344 817 adversus
371 790 505 824 justitiam
528 791 682 819 Christum.
709 792 835 820 Arbitror

50 838 74 860 et
101 834 251 877 castitatem
277 843 338 862 esse
365 836 575 870 Antichristum,
603 846 664 872 qute
690 844 732 865 est
763 840 834 874 apud

49 879 124 914 853
145 879 296 912 haereticos,
322 879 348 906 in
371 888 492 908 errorem
513 883 622 910 mittens
646 883 781 916 ltontines,
799 892 834 911 ne

51 925 196 959 intelligant
219 925 432 953 ecclesiasticam
453 927 606 954 castitatem
622 928 773 956 Christum.
791 929 836 957 Sic

50 973 75 995 et
94 969 277 997 misericordia
293 974 335 997 est
358 970 544 998 Antichristus
568 977 661 1000 contra
677 973 834 1001 misericor-

50 1014 117 1040 diam
134 1013 292 1047 Cltristum;
313 1015 359 1050 qui
376 1015 480 1044 iaciunt
496 1017 695 1053 cleemosynas,
712 1020 758 1047 sed
781 1028 834 1047 non

53 1064 160 1094 propter
170 1058 306 1093 justitiam
325 1059 383 1087 Dei.
403 1060 451 1088 Est
464 1066 493 1089 et
504 1062 633 1096 patientia
651 1064 836 1092 Auticbristus

51 1103 75 1130 in
92 1104 130 1131 cis
151 1105 198 1139 qui
213 1104 339 1132 videntur
356 1106 465 1140 quidem
482 1108 536 1142 pati
554 1116 604 1142 pro
619 1109 835 1141 Christianitate,

49 1155 74 1176 et
90 1158 174 1185 usque
192 1151 225 1178 ad
242 1151 404 1180 effusionem
421 1154 563 1188 sanguinis
578 1160 779 1189 concertantes,
801 1158 838 1184 vi-

50 1195 142 1223 delicet
154 1204 189 1224 ne
205 1197 351 1226 videantur
366 1199 500 1234 denegare
514 1199 746 1229 Christianitatem
763 1212 770 1230 :
784 1203 836 1230 ini-

50 1242 175 1276 quitatem
202 1248 292 1271 antem
316 1244 343 1271 in
369 1245 518 1280 excelsum,
536 1247 562 1273 iit
584 1247 643 1282 ipsa
658 1249 741 1275 etiam
769 1249 837 1277 etl‘u-

51 1290 122 1316 sione
137 1289 279 1325 sanguinis
291 1290 333 1318 sni
347 1291 506 1326 loquuntur,
522 1296 548 1320 et
563 1298 665 1327 ponunt
683 1294 709 1321 in
724 1295 794 1322 melo
805 1303 836 1324 os

48 1342 137 1362 suum.
151 1335 199 1364 Est
225 1341 251 1364 et
273 1337 361 1364 virtus
384 1338 570 1366 Antichristus
598 1340 734 1369 seducens
759 1342 834 1377 igno-

51 1385 146 1414 tantes,
162 1383 292 1417 quoniam
313 1383 391 1410 multi
414 1384 512 1411 dicturi
529 1391 594 1412 sunt
608 1385 717 1413 Christo
742 1388 769 1414 in
792 1389 836 1415 illa

50 1427 90 1452 die
110 1436 117 1454 :
142 1428 262 1461 Domine,
282 1429 309 1455 in
327 1430 430 1456 nomine
448 1434 492 1456 tuo
509 1430 641 1458 dwmouia
658 1432 793 1466 ejecimus,
810 1439 836 1461 et

50 1471 154 1498 t'lt‘ltttes
175 1473 276 1500 multas
299 1473 409 1508 fecimus
435 1474 469 1502 ".
492 1475 533 1502 Ad
550 1483 621 1510 quos
634 1477 807 1511 respottdebit
828 1487 835 1505 :

53 1517 179 1545 Discedite
205 1527 222 1545 a
251 1527 301 1551 me.
318 1528 406 1547 omnes
422 1521 468 1554 qui
496 1523 642 1555 operamini
661 1524 835 1558 iniquitatem,
851 1541 871 1570 C

50 1570 178 1598 nunquam
196 1573 240 1592 vos
258 1567 317 1592 novi
339 1567 372 1593 δι.
392 1565 420 1593 Si
441 1567 514 1594 enim
533 1576 673 1603 nunquam
693 1577 741 1596 eos
755 1570 836 1598 Chri-

50 1614 104 1636 stus
127 1611 264 1646 cognovit,
279 1613 394 1640 virtutes
417 1618 508 1640 autem
523 1621 553 1640 se
575 1613 671 1641 iecisse
686 1616 837 1650 gloriantur

51 1655 75 1681 in
89 1657 194 1684 nomine
208 1658 321 1691 Christi,
339 1666 391 1685 non
407 1663 485 1686 erant
503 1659 617 1687 virtutes
631 1661 684 1688 illa:
698 1669 712 1688 a
728 1661 837 1689 Christo

49 1700 92 1734 qui
110 1709 160 1728 non
178 1707 293 1729 noverat
307 1702 378 1735 illos,
394 1703 442 1730 sed
456 1703 492 1730 ab
509 1711 542 1730 eo
554 1704 601 1738 qui
618 1704 795 1738 transﬁgurat
808 1712 837 1732 se

51 1755 100 1774 non
116 1749 204 1776 solum
228 1749 254 1776 in
279 1749 404 1784 angelum
424 1750 506 1783 lucis,
526 1750 572 1778 sed
594 1750 675 1777 etiarn
701 1751 727 1777 in
747 1751 836 1785 ipsum

49 1792 194 1822 Christum.
212 1795 286 1830 Opus
300 1800 343 1824 est
359 1803 424 1831 ergo
439 1797 518 1824 nobis
537 1796 590 1823 Deo
617 1796 789 1829 auxiliatore,
810 1801 838 1824 et

49 1840 105 1874 ipso
118 1841 228 1869 Christo
242 1842 351 1869 vivente
367 1842 394 1869 iit
412 1842 502 1874 nobis,
519 1847 546 1869 ut
562 1843 663 1876 apertis
683 1843 770 1870 oculis
788 1851 837 1870 no-

49 1887 110 1914 stris
126 1888 266 1915 videamus
282 1895 315 1916 ne
330 1888 393 1923 quis
409 1895 459 1915 nos
476 1888 598 1921 scducat,
615 1889 658 1915 vel
675 1896 777 1922 sermo,
794 1890 835 1916 vel

49 1933 141 1965 virtus,
159 1933 201 1961 vel
221 1934 256 1961 ab
274 1934 358 1966 intus,
372 1933 414 1960 vel
429 1941 444 1960 a
469 1933 546 1965 foris,
559 1934 722 1968 promittens
734 1942 763 1962 se
775 1943 837 1962 esse

48 1977 194 2010 Christum,
208 1986 272 2006 eum
286 1979 322 2006 sit
337 1978 465 2006 inimicus
479 1978 539 2012 ejus
554 1983 770 2014 caeterarumque
781 1979 836 2006 vir-

48 2027 134 2050 tutum
151 2025 248 2059 ipsius.
275 2023 426 2051 Considera
448 2024 531 2051 etiam
555 2024 632 2056 illud,
658 2025 730 2059 quod
758 2025 835 2052 ntulti

48 2070 157 2097 veniunt
181 2071 207 2097 in
234 2070 309 2097 nullo
332 2070 387 2096 alio
409 2069 462 2096 nisi
485 2069 513 2096 in
529 2070 637 2097 nomine
653 2077 722 2097 meo.
740 2070 834 2098 Solum

47 2116 117 2142 enim
131 2124 229 2143 nomen
244 2115 345 2143 Christi
359 2115 543 2143 Anticltristus
557 2116 682 2150 suscipit,
692 2124 742 2144 nec
754 2124 834 2151 opera

49 2161 119 2193 facit,
133 2170 183 2189 nec
199 2162 282 2189 verba
297 2162 418 2189 veritatis
431 2161 491 2195 ejus
505 2160 594 2192 docet,
609 2168 658 2188 nec
673 2161 834 2194 sapientiam

883 249 930 276 per
949 249 1029 276 opera
1048 242 1116 269 dixit
1133 246 1160 269 et
1183 249 1231 277 per
1255 243 1406 270 doctrinam
1433 243 1551 278 pietatis,
1567 249 1597 272 ut
1615 245 1673 280 ipse

882 286 954 313 dicat
968 287 1001 313 ad
1013 286 1134 319 Petrum,
1147 288 1224 321 quasi
1237 287 1284 322 qui
1300 296 1440 323 nunquam
1452 289 1486 315 ab
1498 296 1531 316 eo
1541 290 1672 322 audisset,

884 331 1024 359 didicisset
1046 335 1137 358 autem
1164 339 1179 358 a
1204 331 1283 359 Patre
1307 332 1371 367 quia
1386 333 1446 367 ipse
1465 338 1524 360 erat
1547 333 1674 362 Christus

884 377 969 404 Filius
992 377 1039 405 Dei
1063 377 1116 403 vivi
1133 386 1140 404 :
1160 377 1257 404 Beatus
1280 385 1318 408 es,
1337 376 1429 404 Simon
1443 377 1597 412 Bar-Jona,
1611 380 1675 414 quia

884 432 935 450 non
951 432 1013 450 caro
1027 428 1052 450 et
1075 424 1182 459 sanguis
1203 423 1326 450 revelavit
1351 423 1408 456 tibi,
1426 424 1471 451 sed
1496 424 1577 452 Pater
1601 433 1674 453 meus

882 470 927 505 qui
946 474 985 496 est
1000 470 1028 496 in
1041 469 1113 496 caelis
1135 469 1166 496 ⁵³.
1186 468 1214 496 Si
1236 469 1310 496 enim
1328 469 1384 504 ipse
1401 469 1428 496 in
1445 477 1560 505 corpore
1573 471 1675 499 consti—

888 520 963 542 tutus
976 514 1120 542 manifeste
1132 515 1246 542 dixisset
1255 515 1288 542 ad
1302 523 1364 542 cum
1378 525 1385 542 :
1400 517 1453 552 Ego
1468 525 1524 544 sum
1542 518 1674 551 Christus.

882 568 946 588 caro
960 561 983 588 ei
1000 561 1134 588 revelasse
1151 561 1302 592 vide-batur,
1316 569 1370 588 non
1388 565 1495 589 tantum
1508 561 1599 589 Pater.
1612 561 1674 590 Pro'

885 609 976 639 pterea
993 604 1089 631 sutlicit
1116 605 1147 630 ad
1172 605 1357 632 seductionem
1386 606 1607 634 anLii-hristorum
1625 607 1675 634 hoc

883 651 971 678 solum
985 651 1057 685 quod
1071 651 1166 678 dicunt
1182 662 1189 678 :
1208 650 1263 686 Ego
1285 660 1342 678 tum
1358 651 1491 685 Christus,
1505 652 1578 687 quod
1604 661 1675 680 nun-

884 705 966 731 quam
991 696 1116 726 Christus
1141 698 1238 732 legitur
1262 697 1373 730 dixisse,
1389 702 1417 725 ct
1443 698 1520 725 multi
1545 703 1609 726 sunt
1629 699 1675 733 qui

886 744 1062 771 scducunlur.
1081 743 1150 770 Lata
1166 748 1204 770 est
1218 743 1289 770 enim
1305 748 1382 778 porta
1393 750 1417 771 et
1432 745 1550 779 spatiosa
1564 745 1605 771 via
1618 753 1674 779 qua

886 789 957 816 ducit
975 789 1009 815 ad
1033 789 1218 822 perditionem,
1234 793 1258 815 et
1275 789 1351 816 multi
1374 790 1477 817 intrant
1499 798 1547 824 per
1566 798 1625 817 eam
1640 791 1674 821 "';

886 835 964 869 pauci
980 839 1069 862 autem
1088 835 1134 869 qui
1152 835 1292 862 inveniant
1308 842 1368 862 eam
1385 835 1456 862 viam
1472 844 1531 870 qua:
1547 837 1620 864 dixit
1642 839 1675 863 ad

887 881 966 908 vitam
981 881 1013 907 “.

921 927 966 954 5i.
984 927 1102 954 Audistis
1117 932 1204 954 autent
1221 927 1325 962 prwlia,
1343 933 1367 954 et
1386 928 1519 962 opiniones
1538 929 1560 944 ⁵⁵
1571 929 1676 964 praelio-

887 982 957 1000 rum.
988 972 1075 999 Videte
1093 981 1123 999 tto
1141 973 1302 999 terreamini.
1324 973 1430 1007 Oportet
1445 974 1515 1001 enim
1534 974 1589 1001 Ιιωσ
1606 975 1675 1008 ﬁeri,

887 1020 931 1046 sed
952 1019 1068 1045 nandum
1090 1023 1128 1045 est
1151 1018 1212 1052 linis
1226 1019 1259 1044 ⁸⁷.
1286 1018 1373 1047 Lucas
1396 1024 1488 1046 autem
1513 1020 1566 1047 ltoc
1583 1021 1678 1048 modo:

890 1065 956 1092 Cum
969 1065 1109 1091 audieritis
1127 1064 1220 1098 pt'wlia
1230 1068 1254 1090 et
1266 1064 1416 1096 seditiones,
1428 1073 1459 1091 ne
1476 1066 1627 1092 ten-camini
1643 1065 1675 1092 ⁵⁸.

888 1110 947 1137 Duo
959 1110 1096 1145 proponit,
1114 1117 1198 1136 unum
1218 1109 1327 1143 quidem
1344 1110 1380 1137 ita
1397 1119 1404 1137 :
1425 1110 1546 1137 Audistis
1563 1110 1677 1144 pralt'a;

887 1158 1002 1184 alterunt
1018 1162 1109 1184 autent
1128 1166 1134 1184 :
1154 1157 1309 1184 Auditiottcs
1325 1156 1488 1191 pretiorum.
1507 1156 1540 1183 Et
1556 1156 1676 1191 primunt

887 1202 996 1237 quidem
1010 1202 1150 1229 videamus
1161 1201 1312 1229 secundum
1325 1201 1474 1237 simplicem
1489 1202 1675 1234 traditionem,

892 1248 1042 1275 secundum
1055 1249 1126 1283 quod
1142 1248 1218 1275 multi
1232 1248 1394 1282 intelligunt,
1406 1248 1471 1282 quid
1484 1247 1586 1275 distant
1599 1248 1677 1275 audi-

888 1294 975 1321 tiones
989 1294 1144 1328 pratliornm
1154 1302 1168 1320 a
1180 1294 1290 1329 praeliis.
1301 1293 1374 1321 Pone
1385 1293 1452 1320 mihi
1462 1294 1553 1328 praelia
1561 1302 1621 1321 esse
1631 1295 1677 1321 ubi

887 1340 1011 1367 civitates
1028 1348 1110 1375 super
1122 1340 1248 1367 civitates
1262 1340 1414 1375 insurgant,
1429 1345 1475 1367 aut
1486 1345 1579 1374 gentes
1591 1341 1678 1375 genti-

887 1385 949 1416 bus,
960 1389 1007 1413 aut
1017 1386 1085 1413 alter
1095 1386 1207 1413 alterius
1216 1393 1272 1413 rem
1285 1385 1373 1418 tollat,
1382 1385 1422 1412 vel
1432 1385 1526 1413 fortior
1534 1386 1678 1413 interﬁciat

887 1429 997 1459 fortem.
1014 1431 1084 1464 Quid
1101 1438 1166 1466 ergo
1178 1435 1239 1465 post
1253 1431 1343 1466 pratlia
1359 1429 1513 1458 auditiones
1527 1430 1678 1465 signiﬁcent

887 1475 1066 1510 prmliorunt?
1082 1475 1199 1502 Maxime
1224 1477 1287 1510 quia
1312 1483 1366 1502 non
1388 1479 1431 1503 est
1454 1475 1556 1503 dictum
1574 1484 1581 1503 :
1597 1474 1678 1502 Vide-

889 1522 953 1549 bitis
964 1522 1066 1556 praelia,
1083 1527 1109 1549 ct
1125 1522 1242 1550 audit-tis
1256 1522 1289 1549 de
1307 1521 1417 1556 praeliis,
1433 1521 1479 1548 sed
1493 1521 1622 1556 utrinque
1633 1528 1678 1556 po-

889 1567 945 1595 suit
961 1576 967 1594 :
981 1567 1118 1599 Audictis;
1137 1567 1161 1594 id
1177 1572 1229 1599 est,
1245 1571 1273 1594 et
1284 1567 1376 1602 prtelia
1393 1567 1519 1600 audietis,
1532 1572 1560 1594 et
1571 1567 1678 1601 [πώηο-

889 1621 949 1640 rum
963 1613 1117 1640 auditiones
1131 1613 1258 1640 audietis.
1272 1612 1304 1640 Et
1317 1621 1450 1648 ponamus
1460 1613 1556 1640 audire
1569 1613 1677 1648 quidem

888 1659 992 1693 praelia,
1008 1666 1069 1686 esse
1084 1660 1193 1694 quando
1219 1659 1266 1686 ﬁlii
1285 1659 1361 1694 pacis
1376 1667 1390 1686 a
1404 1659 1504 1694 pratiiis
1522 1658 1680 1686 custodiunt

890 1704 984 1732 oculos
1010 1712 1076 1732 suos
1099 1705 1228 1736 mundos,
1245 1710 1276 1732 ut
1297 1714 1350 1732 non
1376 1705 1485 1733 videant
1499 1705 1617 1739 maligna
1631 1714 1637 1736 ;
1653 1709 1680 1731 tt

888 1750 1017 1784 quoniam
1033 1758 1087 1777 non
1104 1755 1220 1784 possunt
1234 1751 1357 1785 aspicere
1370 1758 1453 1785 super
1465 1751 1573 1778 Lahm-cs
1589 1756 1615 1777 et
1630 1750 1679 1777 do-

887 1794 970 1828 lores,
987 1795 1102 1822 audiuttt
1115 1796 1148 1822 de
1168 1796 1268 1830 praeliis
1287 1795 1377 1830 qualis
1394 1796 1491 1823 civitas
1515 1803 1568 1830 pug
1588 1801 1615 1823 et
1629 1796 1679 1824 ad-

887 1849 984 1869 versus
1004 1842 1110 1875 qualem
1137 1841 1285 1873 cititatent,
1302 1846 1350 1868 aut
1371 1841 1460 1876 qualis
1481 1850 1547 1876 gens
1568 1850 1582 1868 a
1604 1841 1677 1876 quali

887 1892 1058 1922 expugnetur
1070 1891 1160 1922 gente.
1182 1887 1252 1919 Quid
1267 1892 1356 1914 autem
1375 1888 1427 1913 erit
1444 1891 1522 1913 extra
1538 1887 1589 1913 hoc
1608 1887 1677 1913 alte-

888 1940 948 1959 runt
961 1931 1056 1958 audire
1067 1932 1171 1966 praelia,
1185 1936 1212 1958 et
1225 1932 1320 1958 audire
1334 1931 1488 1958 auditiones
1501 1931 1656 1965 praeliorum
1668 1932 1678 1957 '.'

889 1976 956 2005 Vide
970 1985 1035 2012 ergo
1047 1978 1069 2005 si
1083 1970 1158 2012 potes
1174 1969 1317 2012 (quantum
1333 1977 1367 2004 ad
1384 1977 1584 2011 sitnplicitatetn
1603 1977 1677 2004 verti

887 2024 958 2058 dico)
972 2025 1050 2051 tatem
1063 2023 1240 2051 dill'crentiam
1252 2023 1334 2050 dare:
1347 2030 1399 2050 non
1415 2027 1456 2050 est
1468 2022 1585 2057 idipsuin
1598 2022 1679 2057 longe

887 2071 1010 2105 praelium
1033 2071 1152 2105 positum
1165 2070 1262 2097 audire
1282 2069 1345 2104 quia
1361 2069 1483 2104 praelium
1500 2074 1550 2100 est,
1565 2068 1678 2104 etjuxlzt

888 2117 1009 2152 pratlium
1030 2124 1102 2149 esse,
1122 2121 1149 2144 et
1172 2117 1245 2150 ipsas
1262 2115 1444 2150 proeliantium
1464 2122 1543 2142 voces
1567 2115 1676 2141 audire.

889 2162 973 2189 llahet
986 2169 1051 2197 ergo
1065 2167 1211 2196 utrumque
1222 2168 1299 2188 suam
1315 2161 1554 2196 signiﬁcationem.
1566 2159 1599 2186 Et
1612 2159 1679 2187 forte

48 2207 104 2241 ejus
129 2207 248 2235 ostendit
265 2208 292 2235 itt
318 2215 357 2235 se.
375 2207 408 2234 Et
428 2209 669 2242 quemadmodum,
686 2207 835 2234 secuttdutn
852 2211 874 2240 υ
888 2207 934 2241 qui
949 2206 1059 2241 quidem
1074 2206 1149 2233 audit
1169 2205 1242 2240 ipsas
1257 2212 1338 2232 voces
1353 2212 1414 2240 qua:
1435 2204 1502 2231 ﬁunt
1521 2203 1548 2230 in
1568 2203 1678 2238 praeliis,

48 2255 181 2288 quosdam
213 2253 352 2281 Barabbas
377 2254 519 2281 dicebatur
545 2253 676 2287 etJesus,
694 2254 739 2281 sed
766 2254 835 2280 latro

48 2305 103 2326 erat
129 2301 197 2327 nihil
223 2301 327 2328 habens
351 2300 416 2328 Jesu
432 2306 528 2335 praeter
544 2308 653 2333 nomen,
674 2300 714 2327 sic
734 2300 835 2326 multos

48 2347 173 2373 existimo
189 2347 319 2380 chrislos,
336 2348 382 2375 sed
400 2347 510 2375 nomine
528 2351 642 2374 tantum.
661 2345 728 2372 Nota
744 2350 833 2372 autem

48 2394 175 2426 quoniam
194 2401 329 2428 nusquam
347 2394 484 2420 invenitur
499 2393 629 2419 Dominus
645 2392 672 2418 in
687 2391 836 2426 Scripturis

48 2438 98 2465 hoc
114 2439 173 2473 ipso
187 2446 313 2466 sermone
330 2444 418 2471 utens,
435 2443 461 2465 et
475 2439 568 2465 dicens
589 2447 596 2465 :
614 2437 668 2472 Ego
681 2445 740 2465 sunt
755 2437 832 2464 Chri-

48 2488 114 2515 ttus,
136 2489 165 2511 ut
180 2492 214 2511 tte
236 2484 324 2511 simile
340 2483 441 2518 aliquid
465 2483 537 2510 dicat
553 2482 646 2509 multis
668 2481 788 2509 venturis
807 2481 833 2507 in

48 2530 156 2556 nomine
176 2529 236 2563 ejus
251 2533 333 2564 atque
349 2529 504 2556 dicentibus
521 2538 527 2555 :
551 2527 605 2562 Ego
621 2536 681 2554 sntit
695 2527 831 2553 Christus.

49 2574 223 2602 Sitﬁicichant
237 2576 308 2602 enim
321 2575 345 2602 ci
369 2575 402 2601 ad
421 2574 591 2602 credentium
610 2574 687 2600 tidem
703 2573 832 2607 quoniam

48 2620 103 2655 ipse
122 2627 164 2649 κει
188 2622 325 2652 Christus,
340 2627 422 2656 opera
448 2621 493 2648 Dci
507 2629 568 2655 qua:
582 2621 656 2647 solus
673 2624 779 2654 poterat
793 2618 834 2644 l‘a«

47 2674 106 2694 rere
133 2667 270 2700 Christus,
293 2673 319 2695 et
332 2675 422 2694 sermo
443 2675 522 2701 quem
545 2667 669 2697 docebat,
685 2671 712 2692 et
738 2665 835 2696 virtus,

47 2721 127 2747 super
143 2713 216 2740 inille
230 2721 309 2740 Voces
326 2713 475 2739 clamantes
494 2722 499 2738 :
518 2712 573 2747 Ego
591 2720 647 2738 sum
663 2711 784 2738 Christus
800 2711 833 2736 “.

889 2253 964 2279 ntulit
978 2252 1081 2286 praelia;
1091 2251 1137 2285 qui
1150 2255 1239 2278 autem
1252 2250 1285 2277 de
1299 2250 1398 2284 puellis
1412 2250 1491 2285 longe
1500 2249 1584 2284 gestis
1592 2249 1678 2280 audit,

889 2298 1043 2325 auditiones
1067 2298 1142 2324 audit
1158 2297 1312 2332 praeliorum
1330 2306 1336 2324 π
1355 2304 1403 2323 nec
1417 2296 1489 2322 enim
1511 2297 1569 2330 ipsa
1585 2295 1678 2330 prtulia

888 2343 974 2370 audit.
991 2342 1059 2370 Cum
1083 2342 1139 2369 sint
1162 2348 1253 2369 autent
1277 2349 1418 2369 sermones
1441 2340 1573 2375 ambigui,
1590 2345 1679 2375 potest

888 2392 950 2426 quis
963 2398 994 2417 ex
1010 2391 1117 2417 diverso
1130 2390 1230 2421 dicere,
1247 2388 1377 2422 quoniatn
1399 2387 1446 2421 qtti
1467 2387 1545 2420 lenge
1565 2386 1677 2420 quidem

887 2440 939 2468 est,
957 2435 1075 2469 amplius
1097 2434 1172 2461 audit
1192 2433 1226 2460 de
1249 2433 1324 2463 illis;
1353 2432 1398 2466 qui
1424 2435 1513 2457 autent
1538 2435 1580 2457 est
1600 2431 1677 2464 juxta

888 2481 992 2516 praelia,
1015 2480 1093 2508 audit
1119 2480 1240 2514 ipsorutn
1269 2477 1423 2512 praeliorum
1452 2475 1616 2503 auditiones.
1648 2475 1677 2502 lu

888 2535 1004 2562 utroque
1017 2535 1083 2561 ergo
1100 2526 1207 2553 videtur
1226 2532 1287 2552 esse
1303 2524 1403 2558 aliquis
1417 2522 1576 2549 diﬁ‘erentia:
1596 2522 1676 2550 intel-

887 2574 982 2601 lectus.

900 2627 903 2629 ·
921 2619 964 2646 55.
979 2617 1104 2645 Ascende
1120 2624 1194 2644 ttunc
1205 2616 1237 2643 ad
1250 2615 1380 2643 moralem
1397 2613 1563 2641 intellectum
1579 2616 1606 2640 et
1620 2611 1678 2647 spi-

886 2665 1004 2697 ritalem,
1029 2664 1051 2692 si
1076 2671 1131 2697 quo
1157 2662 1238 2690 modo
1257 2661 1347 2696 possis
1370 2660 1488 2695 aliquem
1511 2666 1623 2686 sensum
1642 2658 1677 2685 de

885 2709 1032 2738 eminentia
1058 2708 1178 2736 scientite
1193 2707 1306 2739 Christi,
1320 2711 1348 2734 et
1368 2706 1402 2734 de
1424 2705 1573 2732 subtilitate
1591 2711 1676 2732 evan-

81 2816 102 2831 “
114 2815 195 2842 P'rov.
211 2816 318 2847 “1,23.
356 2817 379 2832 ⁵ο
395 2816 486 2843 Matth.
501 2823 549 2847 vn,
564 2815 610 2842 ‘22.
645 2815 664 2831 “
680 2815 745 2842 ibid.
760 2815 804 2841 23.
841 2816 864 2830 “
880 2814 974 2841 Matth.
990 2821 1064 2844 xxiv,
1081 2812 1107 2838 5.
1138 2811 1161 2828 ⁸³
1171 2811 1267 2847 Matth.
1281 2818 1338 2841 xvr,
1353 2810 1396 2847 li.
1434 2810 1456 2826 ⁵³
1467 2808 1674 2844 Matt‘tt.v1t,i5.

46 2850 66 2865 "
80 2851 145 2877 ibid.
161 2851 205 2877 Η.
243 2852 266 2867 ⁵⁵
279 2852 313 2878 al.
333 2852 494 2883 auditiones,
511 2856 537 2878 et
549 2851 588 2877 sic
602 2859 662 2877 mox
678 2851 822 2885 interpres.
859 2850 880 2865 ⁸⁷
895 2849 992 2876 Matth.
1012 2855 1085 2881 xxtv,
1111 2847 1138 2874 6.

1178 2847 1200 2861 "'
1225 2846 1290 2873 Luc.
1303 2853 1361 2878 ut,
1378 2845 1404 2871 9.
