1841 3053
193 122 258 150 1647

786 121 946 153 ORIGENIS
967 126 998 153 IN
1020 126 1239 156 MATTILEUM'

1083 127 1239 156 :"l‘llﬁUM'
1766 132 1787 158 l6
1795 134 1810 158 li

191 181 348 216 pelistnrum
371 182 492 211 invenire
504 183 627 218 dignum,
645 187 673 210 ut
691 190 744 210 non
762 184 883 219 deponas
895 193 977 214 evan-
993 187 1015 216 A
1029 191 1055 213 et
1072 194 1125 213 non
1143 189 1292 214 secundant
1306 187 1462 220 Christum,
1482 191 1679 217 cxcrcitantes
1693 191 1784 225 seipsus
1795 202 1812 219 fit

190 227 284 261 gelicae
292 227 432 263 sapientiae
440 228 610 264 dignitatem.
621 227 687 256 Vide
695 237 760 265 ergo
769 230 792 257 si
806 231 980 260 recordantes

189 281 221 300 ea
232 281 293 308 qua:
304 274 429 308 superius
443 274 540 302 tradita
551 279 615 301 sunt
627 275 659 301 de
670 283 702 302 co
715 275 787 310 quod
802 276 840 303 ait
848 277 887 304 '9:
900 277 980 304 Mulli

188 320 290 346 venient
311 319 337 346 in
358 320 462 346 nomine
478 328 533 347 meo
549 321 663 347 dicentes
677 328 686 346 :
700 320 755 356 Ego
768 329 825 348 sum
846 321 976 355 Christus,

188 370 213 392 et
242 365 339 392 multos
366 365 500 396 seducent,
533 373 681 400 possumus
708 366 858 393 secundum
881 374 975 394 eorum

188 411 409 445 consequentiam
423 411 503 437 etiam
519 411 569 438 ista
586 411 769 445 interpretari.
785 411 880 440 Omnis
896 413 977 447 igitur

187 457 234 490 qui
251 456 386 491 perfectus
404 460 456 487 est,
475 460 502 483 et
516 456 588 483 videt
605 457 630 484 in
642 458 767 484 animam
785 465 862 485 suam
879 459 977 494 glorio-

187 509 246 527 sum
258 501 402 527 adVeutum
416 499 507 532 Verbi,
520 501 592 535 quod
603 502 753 536 corrumpit
763 506 789 529 et
800 509 974 531 consummat

184 546 329 578 mundum,
345 551 370 573 et
385 546 519 581 crucifigit
532 554 595 573 eum
610 547 764 582 virojusto,
780 553 810 575 ut
823 549 973 576 moriantur

186 591 212 617 iu
228 598 261 618 eo
283 598 378 618 omnes
394 599 438 619 res
452 591 617 625 mundiales,
632 597 659 619 et
685 594 731 627 qui
748 594 911 621 exercitatos
927 595 973 621 ha-

185 637 228 663 bet
248 644 346 664 sensus
370 638 403 664 ad
423 638 597 672 capiendum,
616 645 726 666 necesse
740 644 782 666 est
799 643 828 666 ut
849 648 973 674 quaerens

182 688 208 710 et
224 683 382 715 discutiens,
401 684 428 710 in
448 683 532 711 multa
548 684 668 712 incurrat
688 685 845 720 dogmatuin
864 687 970 721 prmlia;

183 729 275 756 audiet
295 729 376 756 etiam
402 730 502 757 multos
525 731 682 764 profitentes
705 732 862 763 veritatem,
888 732 971 768 854

182 781 209 801 et
222 775 345 802 diversas
360 775 392 802 de
404 783 436 802 ca
451 776 613 803 traditiones
630 785 636 802 :
655 782 684 803 ut
698 777 769 804 sicut
788 778 875 805 bonus
892 779 970 805 miles

182 820 263 847 Verbi
278 821 483 849 invulnerabilis
498 821 590 848 animo
602 827 710 849 maneat
721 823 755 850 ab
768 823 895 851 omnibus
910 831 970 858 pro-

181 867 322 895 fitentibus
349 867 508 901 veritatem,
537 875 589 894 uou
620 873 709 895 autem
735 869 887 896 videntibus
908 877 968 897 eam

181 920 267 947 neque
281 912 530 946 mani-festautibus,
545 914 591 940 sed
604 915 740 941 contraria
753 915 876 942 veritatis
889 915 968 949 quasi

179 960 323 986 veritatem
355 960 618 994 prouuntiantibus,
652 965 678 987 et
707 961 806 995 dignus
836 961 969 988 efficiatur

180 1005 319 1040 suscipere
333 1006 358 1032 in
371 1007 490 1034 animam
504 1015 581 1034 suam
597 1007 744 1042 gloriosum
756 1007 857 1035 Christi
871 1007 968 1034 adven-

180 1057 247 1082 tum,
266 1051 416 1079 secundum
432 1053 504 1087 quod
521 1057 563 1079 est
586 1052 656 1079 Deus
676 1052 805 1085 Verbum,
821 1053 893 1087 quod
917 1051 969 1079 fuit

179 1097 206 1123 in
222 1098 355 1132 principio
373 1098 445 1133 apud
464 1098 561 1131 Deum,
578 1099 650 1133 quod
671 1099 740 1126 solet
762 1099 853 1125 venire
869 1099 904 1125 ad
919 1106 967 1126 eos

177 1144 245 1178 qui,
275 1147 418 1179 postquam
448 1145 626 1179 cognoverint
651 1144 789 1171 Christum
816 1144 966 1171 secundum

177 1196 299 1221 carnem,
320 1194 347 1215 et
370 1189 540 1223 susceperint
564 1188 682 1215 Verbum
706 1190 778 1223 quod
804 1189 905 1215 factum
925 1192 967 1215 est

176 1241 250 1267 caro,
273 1239 376 1261 tantum
391 1235 541 1262 ascendunt
563 1242 618 1270 pne
635 1235 738 1267 multis,
754 1239 784 1262 ut
800 1235 906 1269 possint
919 1242 965 1261 ea-

176 1287 239 1314 pere
252 1288 304 1307 non
321 1280 540 1315 qualemcunque
553 1281 679 1315 gloriam,
695 1280 742 1307 sed
758 1280 872 1314 gloriam
886 1279 964 1314 quasi

176 1324 253 1353 Unici
271 1334 286 1352 a
303 1325 393 1353 Patre.
412 1325 442 1352 Et
451 1325 564 1353 forsitan
574 1333 588 1352 a
598 1325 650 1362 [in]
665 1325 780 1353 diversis
794 1325 888 1358 gloriis
901 1324 966 1351 Ver-

175 1371 239 1398 bum
256 1372 304 1399 Dci
321 1376 443 1407 apparet,
459 1372 610 1399 secundum
636 1372 762 1398 virtutem
789 1371 965 1405 uniuscujus-

174 1425 227 1451 que
250 1417 349 1444 animae
371 1417 497 1450 videntis,
518 1416 668 1444 secundum
694 1416 766 1450 quod
789 1423 819 1443 se
836 1423 963 1450 capacem

174 1463 266 1490 anima
281 1470 453 1498 unaquaeque
468 1463 624 1498 prvebuerit.
640 1462 671 1489 Ei
686 1470 751 1497 ergo
765 1463 810 1497 qui
827 1461 963 1496 perfectus

173 1515 223 1542 cst,
236 1509 590 1537 et'ad-eousummationem
616 1509 708 1536 saeculi
733 1509 855 1543 pervenit
875 1516 962 1543 quau-

174 1560 231 1582 tum
257 1555 290 1582 ad
315 1563 355 1588 se,
373 1555 426 1582 tale
449 1559 561 1589 apparet
586 1553 714 1585 Verbum,
740 1558 769 1580 ut
793 1554 838 1588 qui
865 1553 963 1580 viderit

173 1609 248 1632 rum,
272 1601 368 1628 dicat:
390 1599 518 1627 'Vidimus
535 1600 647 1634 gloriam
670 1600 739 1634 ejus,
759 1599 870 1634 gloriam
887 1600 963 1634 quasi

176 1646 253 1673 Unici
267 1655 282 1673 a
304 1646 393 1679 Patre,
405 1646 510 1679 plenum
526 1646 615 1681 gratia
634 1651 658 1672 et
678 1646 787 1672 veritate
804 1645 837 1673 “.
853 1645 924 1681 Ergo
939 1646 963 1673 si

173 1694 235 1728 quis
248 1693 347 1728 dignus
357 1693 501 1721 habendus
516 1697 558 1720 est
574 1697 604 1720 ut
615 1692 667 1720 tale
682 1692 813 1727 suscipiat
830 1691 961 1725 Verbum,

173 1743 199 1766 et
215 1739 315 1770 videat,
332 1746 443 1766 necesse
462 1738 547 1766 habet
565 1743 627 1765 ante
649 1737 805 1772 hujusmodi
829 1737 961 1764 visionem

172 1785 254 1812 Verbi
270 1785 363 1812 audire
377 1785 403 1811 in
419 1784 515 1811 anima
531 1792 579 1811 sua
593 1785 682 1818 prth
696 1792 703 1816 ;
721 1792 767 1818 per
778 1784 845 1812 alios
870 1789 960 1811 autem

172 1831 218 1866 qui
235 1830 314 1865 quasi
338 1830 480 1857 veritatem
502 1835 629 1857 asserunt
650 1822 860 1864 quidquid'illis
881 1829 962 1856 fuerit

171 1878 271 1908 visunt,
287 1876 442 1911 prwliorum
455 1876 619 1903 auditiones.
633 1875 666 1902 Et
681 1875 749 1903 bene
761 1875 885 1902 Salva-tur
899 1883 961 1910 pro-

172 1923 325 1950 ficientibus
340 1923 373 1949 ad
388 1921 536 1957 perfectum
555 1922 706 1956 discipulis,
723 1927 866 1956 postquam
883 1921 959 1948 locu-

172 1975 216 1996 tus
241 1973 282 1996 est
300 1969 332 1995 de
356 1968 465 2003 pra-liis,
486 1967 695 2002 superaddidit:
730 1966 829 1999 Videte,
854 1972 880 1994 et
904 1974 958 1993 non

171 2015 240 2041 dixit
257 2023 263 2040 :
289 2014 394 2045 Audite,
409 2014 523 2040 hortans
538 2020 586 2040 eos
601 2013 734 2040 sollicitos
748 2020 809 2040 esse
827 2017 856 2039 ut
872 2012 958 2039 oculis

171 2059 268 2086 animm
292 2059 395 2093 possint
416 2059 517 2090 videre,
543 2062 685 2092 postquam
709 2057 845 2084 audierint
867 2057 957 2092 praelia

171 2111 197 2132 et
208 2105 366 2132 auditiones-
374 2105 540 2140 przeliorum,
556 2104 724 2139 singulorum
735 2112 798 2138 qua:
809 2104 958 2131 audiuntur

171 2156 307 2183 naturam,
320 2155 348 2177 et
364 2150 485 2177 videntes
498 2157 558 2177 eum
572 2158 624 2177 non
636 2154 792 2177 «terreantur
807 2158 814 2177 :
828 2150 956 2184 quoniam

1032 231 1075 260 his
1099 241 1160 268 quze
1177 234 1315 268 dicuntur,
1331 240 1457 269 quasrunt
1478 241 1507 263 et
1529 237 1660 270 cogitant
1676 238 1811 264 mandatum

1030 278 1130 306 Christi
1150 279 1265 307 dicentis
1281 289 1287 306 :
1307 279 1406 313 Videte,
1420 286 1448 308 et
1466 281 1566 308 vident
1579 282 1698 316 quidem
1715 291 1769 317 qua:
1782 285 1812 310 di-

1029 329 1139 357 cuntur,
1156 325 1278 353 videntes
1293 330 1383 353 autem
1400 334 1464 354 cum
1491 328 1744 354 verisimilitudine
1756 336 1813 354 men-

1029 369 1117 401 daeia,
1139 378 1194 397 non
1220 371 1398 403 seducuntur,
1418 372 1464 399 sed
1491 378 1613 407 sperant
1636 374 1698 400 sine
1722 375 1813 400 vulne-e

1028 414 1122 442 talium
1139 416 1292 450 praeliorum
1307 417 1456 452 gloriosum
1475 418 1632 445 adventum
1650 419 1741 446 videre
1751 420 1812 446 Chri-

1028 460 1073 490 sti,
1091 460 1136 494 qui
1157 465 1198 487 est
1214 460 1334 488 :Verbum
1351 469 1358 488 :
1381 461 1501 488 maxime
1517 462 1541 488 si
1565 461 1716 489 audientes
1732 471 1812 489 secun-

1026 505 1091 532 dum
1113 506 1213 533 Christi
1237 506 1394 533 mandatum
1415 507 1506 541 praelia
1531 513 1560 534 et
1584 507 1745 534 auditiones
1760 516 1810 542 prt-

1017 552 1142 584 ‘liorum,
1162 553 1266 579 nullam
1289 553 1521 587 perturbationem
1545 554 1656 581 anima:
1678 554 1809 588 patiantur.

1025 598 1071 625 sed
1097 599 1148 625 sub
1163 606 1229 633 pace
1253 598 1299 625 Dei
1316 599 1441 633 protecti,
1465 607 1528 633 qua:
1550 599 1677 626 eustolit
1700 599 1775 626 cO'd:
1791 606 1810 624 et

1024 651 1122 671 sensus
1139 644 1295 678 dignorum,
1314 652 1367 671 non
1390 643 1492 671 fuerint
1514 645 1617 671 territi.
1638 644 1669 671 Si
1695 645 1755 678 quis
1774 653 1811 670 au-

1024 693 1076 716 tem
1094 690 1208 717 audiens
1221 690 1311 724 prael‘a
1327 695 1354 717 et
1370 689 1527 717 auditiones
1541 690 1718 724 praeliorum,
1731 698 1813 716 ~cms-

1022 735 1086 762 dum
1113 735 1185 769 quod
1213 734 1409 770 exposuimus,
1439 743 1494 761 non
1521 734 1608 761 fuerit
1633 735 1767 761 sollicitus
1786 741 1809 759 κ]

1021 781 1168 808 videndum
1184 788 1215 808 ea
1230 788 1290 815 qua!
1305 780 1433 808 dicuntur
1447 780 1475 807 in
1489 780 1610 807 diversis
1633 780 1810 807 verisimiiiu—

1021 826 1141 858 diuibus,
1158 831 1184 853 et
1205 826 1267 860 quia
1292 833 1345 852 nou
1372 826 1422 852 fuit
1445 825 1585 853 sollicitus
1609 826 1646 852 ad
1663 825 1808 857 videndum,

1020 873 1130 900 territus
1152 873 1243 906 fuerit,
1260 880 1313 899 non
1333 872 1422 900 solum
1444 873 1601 907 decipietur
1622 881 1640 900 a
1661 873 1755 899 multis
1771 881 1807 899 ve-

1018 920 1156 946 nientibus
1181 919 1207 945 in
1231 920 1341 946 nomine
1357 919 1469 952 Christi,
1492 924 1519 946 et
1544 920 1708 946 dicentibus
1732 929 1737 946 :
1764 919 1809 954 Egi)

1016 969 1075 988 sunt
1087 961 1209 988 Christus
1223 962 1256 994 σι,
1275 969 1368 989 verum
1380 963 1462 989 etiam
1476 963 1663 990 interficietur
1676 964 1710 990 ah
1726 964 1810 998 hujus.

1017 1006 1090 1034 modi
1116 1007 1214 1042 gladiis
1244 1007 1406 1035 insanabilia
1436 1009 1594 1042 suscipiens
1623 1009 1758 1041 vulnera;
1781 1011 1810 1036 de

1015 1054 1116 1089 quibus
1132 1053 1228 1088 gladiis
1250 1053 1352 1081 dictum
1371 1060 1414 1081 est
1435 1063 1444 1081 :
1463 1053 1616 1082 Vulnerant
1631 1055 1728 1090 gladii,
1745 1064 1804 1090 quo-

1017 1107 1077 1126 rum
1098 1101 1212 1127 vulnera
1232 1100 1395 1134 sapientium
1418 1100 1519 1135 linguze
1539 1101 1632 1128 solent
1653 1109 1763 1129 sanare.
1780 1101 1805 1128 lli

1016 1148 1105 1170 autem
1124 1143 1170 1178 qui
1188 1144 1397 1177 perturbantur,
1415 1149 1442 1171 et
1462 1145 1527 1179 quia
1550 1153 1606 1172 non
1628 1146 1683 1173 sibi
1708 1148 1804 1181 prospi-

1015 1189 1102 1221 ciunt,
1118 1188 1145 1215 in
1171 1188 1327 1224 huiusmodi
1352 1189 1474 1224 praelium
1491 1191 1605 1224 cadunt,
1628 1191 1669 1218 illi
1689 1198 1753 1221 sunt
1766 1194 1804 1226 qui

1016 1235 1043 1260 in
1066 1234 1134 1260 valle
1151 1233 1217 1261 Sion
1241 1233 1420 1261 vulnerantur
1432 1239 1459 1262 et
1475 1235 1647 1268 moriuntur,
1664 1237 1700 1264 de
1713 1238 1805 1272 quibus

1014 1279 1081 1306 dicit
1094 1279 1235 1314 Scriptura
1253 1279 1274 1295 “
1292 1288 1300 1306 :
1324 1278 1461 1307 Vulnerari
1482 1282 1522 1307 tui
1535 1289 1587 1308 non
1600 1282 1738 1309 t'ulmrcti
1755 1284 1804 1318 gla-

1014 1325 1069 1357 dio,
1087 1333 1133 1352 nec
1149 1325 1247 1351 mortui
1262 1326 1300 1352 tui
1314 1327 1413 1352 mortui
1431 1326 1457 1353 in
1477 1327 1556 1354 bello.
1572 1327 1610 1355 De
1626 1328 1731 1362 quibus
1744 1336 1806 1356 unite

1015 1375 1120 1398 tantum
1136 1371 1288 1406 signiﬁcare
1301 1376 1409 1406 oportet
1423 1379 1473 1399 nos
1493 1382 1499 1399 :
1517 1373 1565 1400 sed
1583 1381 1640 1400 non
1660 1375 1780 1410 cujusch
1791 1389 1803 1396 -

1014 1424 1067 1452 que
1082 1417 1200 1445 hominis
1214 1425 1275 1446 esse
1299 1426 1451 1453 pra-parare
1470 1419 1503 1445 ad
1530 1419 1703 1446 audiendum
1721 1422 1803 1455 pia-lia

1014 1468 1041 1490 et
1058 1463 1213 1490 auditiones
1234 1464 1400 1498 praeliorum,
1417 1467 1447 1490 ut
1462 1464 1579 1492 audiens
1596 1465 1703 1498 videat,
1719 1471 1744 1492 et
1759 1475 1803 1492 non

1014 1509 1218 1541 terreatur,»sed
1237 1509 1287 1536 viri
1303 1509 1414 1544 perfecti
1426 1509 1590 1544 ln‘Christo,
1602 1510 1631 1537 in
1648 1519 1733 1538 carne
1750 1513 1803 1545 qui-

1014 1556 1075 1582 dem
1089 1555 1213 1588 viventis,
1231 1563 1283 1582 nor.
1309 1560 1398 1582 tamen
1423 1555 1575 1583 secundum
1601 1564 1717 1584 carnem
1741 1558 1802 1584 mili-

1014 1600 1112 1632 tautis;
1129 1600 1208 1634 cujus
1235 1600 1338 1627 militias
1359 1607 1436 1627 arma
1460 1608 1515 1628 non
1533 1606 1599 1628 sunt
1613 1602 1749 1634 carnalia,
1762 1603 1801 1628 scd

1014 1643 1092 1670 fortia
1108 1643 1173 1675 Deo,
1188 1650 1214 1670 et
1236 1644 1354 1671 valentia
1376 1644 1520 1673 destruere
1536 1646 1707 1673 munitiones
1721 1653 1748 1673 et
1761 1655 1801 1673 (1»

1013 1685 1157 1724 gitatioues
1174 1689 1363 1717 extollentium
1380 1696 1409 1717 se
1429 1690 1565 1718 adversus
1583 1692 1730 1718 scientiam
1750 1692 1800 1718 Dei.

1012 1733 1079 1760 Nam
1105 1734 1255 1761 secundum
1276 1733 1463 1767 Salomoncm,
1477 1735 1581 1762 multas
1597 1735 1727 1763 civitates
1749 1745 1801 1762 Illu-

1012 1780 1084 1808 uitas
1104 1780 1238 1807 haeresum
1253 1781 1382 1807 suasione
1404 1780 1552 1808 verborum
1569 1782 1748 1809 aseenditu'r
1766 1790 1800 1808 sa-

1011 1826 1098 1861 picus,
1117 1831 1144 1854 et
1165 1826 1316 1854 ascendens
1340 1826 1475 1854 destruxit
1500 1827 1685 1854 munitionem
1709 1828 1739 1855 in
1756 1836 1800 1863 qs:

1011 1873 1086 1908 impii
1111 1873 1295 1900 conﬁdebant.
1319 1871 1419 1900 Paulus
1444 1872 1596 1905 destruxit,
1620 1874 1670 1908 Qui
1699 1881 1801 1908 paratus

1011 1917 1100 1946 fuerat
1116 1920 1149 1945 ad
1165 1918 1378 1945 destructionem
1396 1918 1536 1945 civitatum
1557 1919 1744 1951 niuuitarum,
1758 1922 1800 1946 ad-

1010 1965 1176 1992 versantium
1193 1965 1308 1992 veritati.
1320 1964 1372 1998 Qui
1385 1965 1447 1992 talis
1462 1970 1513 1995 est,
1529 1971 1678 2000 postquam
1691 1967 1799 1993 δυόιιιιξι

1009 2010 1100 2045 praelia
1123 2016 1150 2037 et
1175 2010 1328 2037 auditiones
1351 2010 1520 2044 prwliorum,
1543 2011 1654 2043 videns,
1678 2016 1707 2038 ct
1730 2019 1792 2045 qua!

1010 2057 1118 2091 sapiens
1142 2056 1290 2084 ascendens
1315 2064 1396 2090 super
1421 2056 1546 2083 civitates
1569 2058 1707 2089 luuuitas,
1723 2059 1799 2084 etd—

1009 2107 1118 2130 strueus
1143 2102 1309 2129 munitiones
1333 2102 1360 2128 in
1391 2101 1492 2135 quibus
1515 2102 1592 2136 impii
1620 2104 1797 2133 confixum,

1008 2148 1124 2175 laudans
1136 2147 1221 2175 Deum
1236 2152 1262 2174 et
1276 2147 1378 2182 gratias
1392 2155 1477 2182 agens
1493 2147 1559 2180 Deo,
1570 2152 1595 2174 et
1611 2155 1626 2174 a
1642 2155 1699 2182 quo
1715 2149 1775 2175 dicit
1790 2154 1797 2173 t

172 2197 235 2223 talia
255 2195 433 2231 iutelligibilia
451 2195 543 2229 praelia
558 2195 646 2222 solent
661 2195 688 2221 in
705 2195 819 2222 diversis
842 2202 956 2228 persua-
974 2195 994 2222 ι)
1011 2195 1072 2222 talia
1098 2193 1188 2228 praelia
1211 2193 1338 2228 praeliari,
1361 2198 1388 2220 et
1413 2201 1523 2220 servare
1547 2194 1713 2220 mandatum
1736 2195 1796 2228 quod

171 2242 295 2270 siouibus
314 2248 458 2269 occurrere
473 2240 627 2268 hominibus
638 2240 730 2275 justis,
744 2244 771 2267 et
792 2239 957 2266 conturbare

171 2293 197 2315 et
221 2294 393 2315 commovere
417 2286 523 2313 animas
546 2293 641 2313 eorum
664 2286 699 2312 ad
725 2277 905 2312 dubitandum
923 2292 957 2312 ne

171 2333 240 2360 forte
257 2340 320 2359 vera
339 2332 394 2359 siut
416 2339 477 2366 quae
489 2331 646 2357 verisimilia
663 2337 724 2358 esse
739 2330 874 2361 videntur,
894 2337 956 2357 cum

171 2378 225 2405 sint
241 2377 318 2410 falsa,
335 2382 382 2404 aut
395 2381 468 2404 certe
482 2376 523 2403 vel
538 2376 570 2403 ad
587 2376 750 2403 credendum
773 2376 814 2403 eis
839 2375 956 2410 perfecte

170 2425 248 2459 quasi
263 2424 345 2451 veris.
361 2422 500 2458 Quotquot
514 2430 579 2457 ergo
593 2422 804 2457 proficiscuntur
818 2421 851 2448 ad
869 2422 956 2456 pcrfc-

170 2471 287 2498 ctioucm
313 2477 374 2504 qua?
389 2474 430 2497 est
444 2469 470 2496 iu
489 2469 609 2501 Clu-isto,
625 2473 651 2496 et
674 2468 707 2495 ad
723 2469 956 2495 conversationem

170 2515 290 2543 caelestis
304 2515 442 2546 Ecclesiae,
462 2522 523 2542 cum
540 2513 676 2541 audierint
692 2512 782 2548 prazlia
807 2512 954 2545 luerosum,

170 2570 230 2597 qua:
244 2562 376 2589 adversus
391 2569 481 2588 veram
504 2560 584 2587 fidem
601 2563 628 2587 et
643 2559 773 2586 adversus
790 2559 894 2593 seipsos
913 2559 956 2586 iu-

170 2609 256 2636 vicem
269 2608 434 2643 prazliantur,
443 2612 471 2634 et
483 2606 619 2633 audierint
629 2605 783 2632 auditiones
796 2605 951 2639 pratliorum

169 2653 358 2688 philosophias,
373 2658 400 2680 et
417 2660 494 2679 vana:
513 2651 680 2679 seductionis
699 2650 849 2678 secundum
867 2651 953 2677 tradi-

170 2700 271 2728 tionem
285 2697 594 2730 hominum,secundum
605 2696 738 2724 elementa
754 2696 835 2732 hujus
847 2697 952 2728 mundi,

206 2802 229 2817 "
240 2800 335 2836 Matth.
349 2802 460 2836 xxxv,5.
497 2799 603 2828 “Juan.
616 2809 635 2832 ι,
651 2801 692 2828 Η.
706 2802 738 2836 Ιεί
751 2801 845 2830 Matth.
856 2802 964 2836 xxtv,5.

173 2835 195 2851 ‘°
210 2837 218 2861 l
239 2834 303 2869 Reg.
317 2843 379 2868 xxv,
399 2834 442 2862 23.
481 2836 502 2851 ⁶⁶
516 2844 576 2870 cap.
591 2844 615 2863 tt.

1008 2240 1046 2266 ait
1071 2249 1077 2266 :
1095 2239 1266 2273 Sanctiﬁcate
1279 2238 1375 2264 bellum
1392 2238 1424 2270 “,
1440 2237 1540 2265 clamat
1560 2243 1592 2264 et
1607 2239 1677 2265 dicit
1700 2249 1707 2266 :
1725 2239 1798 2265 Bas:—

1007 2285 1093 2311 dictus
1122 2284 1247 2310 Dominus
1282 2282 1351 2310 Deus
1380 2283 1425 2317 qui
1451 2283 1527 2309 docet
1557 2292 1656 2309 manus
1687 2292 1795 2310 meum

1009 2329 1116 2362 bellum,
1126 2334 1150 2356 ιι
1159 2329 1254 2364 digitos
1266 2337 1336 2355 meos
1347 2329 1373 2354 in
1382 2328 1515 2362 praelium,
1526 2329 1718 2355 misericordia
1730 2335 1752 2355 et
1765 2337 1796 2353 rr-

1008 2375 1111 2409 [ugiunt
1128 2383 1212 2400 meum
1227 2374 1258 2399 ⁸⁸.
1274 2374 1306 2400 Ει
1322 2379 1432 2408 propter
1452 2373 1613 2407 huiusmodi
1631 2375 1726 2408 piazlia
1739 2375 1795 2400 die}

1010 2426 1053 2447 tur
1073 2421 1107 2448 de
1131 2420 1212 2447 David
1233 2421 1268 2446 ab
1282 2428 1365 2447 uxore
1387 2419 1472 2445 -.\abal
1492 2419 1515 2434 “
1533 2428 1541 2446 :
1562 2414 1675 2446 ῬΜ-ιω
1697 2420 1795 2446 Domini

1008 2467 1130 2493 dominus
1154 2475 1224 2493 meus
1248 2466 1385 2501 pugnabit.
1408 2465 1479 2492 Puto
1504 2471 1597 2492 autent
1621 2472 1650 2493 et
1674 2468 1793 2501 myster

1007 2520 1068 2539 esse
1082 2513 1176 2539 talium
1194 2513 1349 2547 praeliorqu
1363 2511 1457 2546 praelia
1474 2519 1536 2546 quae
1550 2512 1578 2538 iu
1597 2511 1750 2546 Scripturts
1761 2513 1793 2538 ἐς»

1008 2564 1127 2593 guntur;
1141 2558 1268 2593 mysteria
1281 2558 1364 2585 etiam
1379 2565 1441 2584 esse
1457 2557 1660 2585 destructionis
1677 2558 1792 2593 praelini-

1008 2604 1075 2630 tium
1101 2604 1232 2632 adversus
1251 2603 1373 2630 veritatis
1398 2605 1663 2638 congregationem,
1685 2611 1791 2630 maxime

1008 2657 1069 2684 quin
1082 2650 1208 2684 leguntur
1219 2650 1244 2676 in
1257 2650 1328 2677 libro
1346 2649 1410 2676 Jesu
1433 2648 1510 2676 Nave
1525 2649 1548 2666 ¹⁶
1562 2650 1597 2677 de
1609 2650 1791 2677 destruction-

1008 2695 1059 2722 bus
1072 2695 1210 2722 civitatum
1227 2703 1233 2721 :
1246 2700 1273 2722 et
1284 2694 1413 2729 mysteria
1431 2700 1498 2722 sunt
1508 2695 1637 2722 omnium
1653 2703 1789 2730 congrega-

1003 2801 1025 2818 “
1039 2800 1089 2828 Isa.
1107 2807 1174 2831 uti,
1190 2800 1217 2826 Ξ.
1246 2799 1269 2815 ⁸³
1278 2798 1377 2827 dorem.
1387 2805 1425 2832 vl,
1442 2798 1471 2826 4.
1513 2798 1539 2814 ⁵⁵
1552 2798 1624 2827 Psal.
1638 2807 1730 2831 cum,
1741 2797 1786 2830 1,1
