1841 3053
36 128 126 157 1649⁷

631 126 959 157 COMMENTARLDRUM
983 129 1116 158 SKﬂiES.

1601 131 1669 159 ἱεΰὲἰο

35 187 146 216 \ionum
155 187 829 225 adversariarumvirtutum.Audientesergo‘prac-
845 190 868 218 A
883 188 915 215 ad
935 187 1069 216 defectum
1092 192 1119 216 et
1140 192 1341 224 corrumpatur.
1363 186 1431 215 Nam
1457 189 1514 217 cati
1534 191 1666 225 peribant,

35 234 76 262 lia
90 237 117 262 et
128 233 281 262 auditiones
295 233 388 261 talium
399 234 565 269 praeliom'm,
574 236 746 264 attendamus
757 236 829 270 quod

36 279 96 307 ait:
118 279 207 307 Videte
218 288 249 306 ne
261 281 421 307 terreamini.
434 280 467 307 Et
477 280 607 308 debemus
618 281 687 308 scire
700 282 829 316 quoniam

35 328 150 360 oportet
169 325 227 353 luce
245 325 303 352 ﬁeri
321 326 490 361 exspectanti
513 326 658 353 adventum
685 324 776 356 Verbi.
801 329 830 352 ut

36 371 156 398 audiant
178 371 269 406 praelia
291 376 318 398 et
340 372 494 400 auditiones
514 371 689 406 praeliorum;
704 371 751 398 sed
776 378 829 398 ιιοιι

36 418 134 444 statim
158 421 188 444 ιιι
210 417 345 450 audierit,
374 426 437 445 mox
457 418 509 446 erit
529 418 600 447 ﬁnis.
625 418 737 452 Propter
757 417 829 452 quod

37 462 123 490 tinem
153 467 260 498 oportet
287 469 447 499 exspectare
477 473 585 492 omnem
617 465 754 492 hominem
783 464 830 498 qui

36 510 100 537 vult
138 509 196 537 ﬁeri
232 510 324 538 salvus
343 531 350 543 ,
386 511 516 546 quoniam
550 512 596 547 qui
630 511 831 546 perseveraverit

38 563 124 590 usque
147 555 173 582 in
193 555 283 590 ﬁnem,
298 555 349 582 hic.
363 556 451 583 solum
475 557 526 584 erit
551 557 582 585 °".
598 557 754 585 Secundum
778 556 832 583 Lu-

38 608 104 628 cam
130 605 221 628 autem
244 601 287 635 ⁸⁸,
311 601 334 629 si
359 603 528 631 audierimus
551 603 642 638 przelia
666 608 693 631 et
719 603 831 631 seditio.

38 655 102 678 nes.
127 655 160 675 ne
182 648 388 676 conturbemur.
407 647 503 676 Prmlia
525 649 634 683 quidem
656 655 717 683 quae
735 648 802 676 ﬁunt
816 657 829 675 a

35 692 124 728 855
137 692 249 720 scicntia
266 693 326 720 falsi
348 694 468 721 nominis
490 698 516 722 et
539 701 554 721 a
577 694 708 729 sapientia
728 694 831 729 princi-

36 746 106 772 pum
126 738 208 773 hujus
226 739 338 772 mundi;
357 739 505 768 seditiones
520 744 609 767 autem
622 762 629 773 ,
645 748 700 768 non
712 748 831 768 conserv

36 783 167 810 tientium
185 783 236 811 sibi
255 784 370 813 invicem
390 785 416 812 in
435 790 570 813 t‘onvcntu
586 785 722 814 Ecclesiae.
743 786 831 814 Diver-

35 836 88 856 sas
103 828 174 855 enim
188 830 339 857 sententias
351 830 385 857 de
398 830 480 858 variis
496 830 611 865 negotiis
626 831 770 858 manifeste
786 839 832 858 au-

35 875 144 908 dimus,
157 875 274 903 maxime
291 876 338 910 qui
352 876 475 904 volumus
493 877 627 911 proﬁcisci
641 877 672 904 ad
686 877 829 912 perfectio-

37 929 104 948 nem
115 929 176 956 quae
188 926 229 950 est
245 921 271 949 in
284 921 403 950 Christo.
420 922 477 950 Non
490 923 577 950 solum
587 927 664 950 extra
681 923 827 951 Ecclesiam

37 967 145 1001 praelia,
164 975 258 994 verum
276 967 357 995 etiam
373 968 398 995 in
414 968 623 996 Eeclesiaintus
633 970 789 997 seditiones.
807 970 829 996 Α

35 1012 144 1047 quibus
163 1013 290 1040 omnibus
308 1014 388 1041 alieni
409 1013 519 1042 fuerunt
539 1016 722 1049 apostolorum
745 1016 828 1042 disci-

37 1056 110 1092 puli,
126 1065 241 1091 quorum
263 1058 396 1091 omnium,
419 1059 490 1086 sicut
509 1059 535 1086 iu
556 1061 670 1088 Actibus
689 1061 829 1095 apostolo-

37 1111 104 1130 rum
119 1103 141 1119 "
157 1108 199 1130 est
218 1103 369 1139 scriptum,
391 1110 446 1132 erat
463 1113 508 1132 car
518 1114 598 1133 unum
616 1111 641 1133 et
655 1107 744 1134 anima
765 1116 828 1134 una.

35 1149 202 1176 Conlirmati
227 1149 298 1177 enim
319 1151 437 1178 erantin
449 1151 543 1178 eodem
557 1160 639 1180 sensu
652 1158 677 1180 et
697 1154 723 1180 iu
735 1154 832 1181 eadem

35 1194 169 1221 scientia.
196 1193 299 1222 Tamen
326 1203 386 1227 nos,
410 1195 460 1223 etsi
485 1197 670 1225 audiverimus
695 1198 829 1233 ejusmodi

35 1239 142 1274 prrelia.
161 1244 187 1267 et
216 1240 365 1268 seditiones
393 1241 551 1276 ejusmodi,
588 1251 640 1270 non
668 1248 828 1272 terreamur.

34 1285 251 1320 ()“portetenim
270 1286 388 1320 primum
410 1291 555 1322 antequam
580 1288 726 1316 videamus.
740 1289 830 1324 perfe-i

35 1331 160 1358 ctionem
173 1331 313 1366 sapientiaa
325 1340 386 1367 qua:
396 1339 438 1361 est
449 1333 475 1360 in
492 1332 612 1366 Christo,
627 1334 684 1362 haec
698 1335 770 1369 ﬁeri;
784 1337 830 1364 sed

37 1385 98 1404 non
116 1377 208 1404 statim
223 1377 275 1405 erit
290 1377 352 1405 ﬁnis
365 1386 445 1414 quem
460 1380 617 1414 quaerimus.
635 1372 747 1416 Oportet
759 1383 831 1410 enim

37 1431 93 1450 nos
114 1423 229 1451 stabiliri
246 1429 273 1452 et
290 1424 447 1452 conﬁrmari
465 1426 491 1452 in
509 1433 585 1461 pace,
606 1431 635 1454 ut
656 1428 715 1454 sine
730 1433 834 1456 terrore

37 1471 141 1503 simus,
157 1478 206 1498 nec
220 1479 234 1498 a
248 1471 431 1500 seditionibus.
442 1472 648 1505 conturbcmur,
662 1480 690 1501 ut
701 1479 762 1510 post
776 1476 833 1503 hare

38 1517 186 1545 valeamus
215 1524 313 1552 capere
338 1517 419 1546 ﬁnem
435 1518 483 1553 qui
504 1526 559 1546 non
580 1523 622 1546 est
645 1519 673 1546 in
688 1521 833 1549 .auditionc

37 1562 199 1597 praeliorum
220 1571 307 1598 neque
334 1563 362 1591 in
386 1563 452 1599 ipsis
480 1565 687 1599 seditionilius;,
702 1567 833 1601 paciﬁcus

36 1608 117 1635 enim
132 1608 194 1635 ﬁnis
209 1608 288 1643 longe
304 1613 346 1637 est
357 1609 392 1637 ab
402 1610 530 1638 omnibus
542 1611 611 1639 istis.

76 1655 124 1682 56.
147 1654 278 1691 Exsurget
294 1656 364 1683 enim
389 1665 451 1692 gem
466 1658 592 1686 adversus
611 1665 722 1695 gentem,
747 1666 773 1689 et
795 1670 834 1690 re-

36 1709 124 1737 gnum
138 1702 261 1729 adversus
275 1711 394 1738 regnum,
403 1708 429 1731 et
439 1705 617 1740 erttutfarttes,
629 1712 653 1733 et
665 1707 832 1740 pestilentim,

35 1755 64 1775 ει
95 1753 261 1776 ΙεΓι-ωηιοιιω
291 1758 337 1784 per
362 1750 446 1777 Ioca..
461 1751 524 1778 [late
551 1753 621 1778 enim
642 1753 730 1780 omnia
755 1754 833 1780 initia

37 1798 105 1820 sunt
123 1793 287 1822 dolorum".
311 1795 419 1823 Marcus
447 1797 554 1830 eadem,
587 1798 662 1825 addit
685 1803 787 1832 autem,
808 1806 831 1827 et

37 1839 165 1867 (urbetlw
180 1841 199 1855 ⁷¹
212 1849 221 1874 ;
235 1840 324 1869 Lucas
337 1841 463 1869 similiter
478 1842 547 1877 ipsa,
561 1842 635 1870 addit
645 1847 746 1876 autem,
757 1849 834 1871 terro—

39 1894 138 1920 resque
153 1886 184 1912 de
202 1887 264 1914 avla
276 1908 283 1920 ,
303 1892 330 1914 et
346 1888 422 1923 signa
440 1897 535 1923 magna
553 1894 641 1923 erunt,
652 1895 675 1916 et
689 1890 785 1917 hiemes
799 1891 832 1918 τ’.

37 1931 168 1958 Primum
193 1932 325 1967 simplicia
348 1933 401 1961 loci
428 1938 455 1961 et
476 1935 628 1969 corporalia
654 1943 833 1970 exponamus.

39 1977 126 2003 Sicut
147 1977 218 2004 enim
242 1982 374 2014 aegrotant
390 1987 506 2014 corpora
519 1984 582 2008 ante
603 1986 717 2009 mortem
738 1990 833 2010 eorum

37 2023 91 2057 qui
111 2024 165 2049 vim
187 2032 239 2050 non
255 2025 428 2053 extrinsecus
443 2026 599 2061 patiuntur,
616 2031 644 2055 et
657 2028 836 2062 quemadmo-

38 2071 112 2096 «tum
135 2069 162 2096 in
187 2070 314 2098 omnibus
331 2079 378 2105 per
393 2071 578 2099 inﬁrmitatem
597 2073 626 2099 ﬁt
644 2073 691 2100 via
707 2073 741 2100 ad
755 2081 837 2108 sepa.

38 2115 160 2142 ramlam
186 2116 304 2143 animam
330 2124 345 2143 a
372 2124 486 2151 corpore
509 2126 570 2149 suo,
589 2119 627 2146 sic
650 2118 711 2147 talis
721 2125 747 2147 et
762 2123 844 2147 tanta.

36 2164 170 2187 creatura
181 2162 285 2194 mundi,
294 2169 356 2189 cum
365 2163 502 2198 corrumpi
511 2163 633 2198 coeperit,
641 2165 718 2200 quasi
729 2165 835 2193 initium

882 233 1011 267 quoniam
1028 234 1096 260 sicut
1110 234 1291 260 vestimentum
1308 234 1514 261 veterasunt".
1533 235 1668 270 Quidquid

881 285 969 306 autem
990 280 1128 307 celerauit
1140 285 1164 306 et
1178 280 1307 311 senescit,
1327 287 1406 314 prope
1423 280 1561 308 interitum
1576 286 1615 308 est
1633 282 1666 306 ⁷⁵.

880 325 1057 360 Consequens
1080 329 1123 353 est
1140 330 1168 352 ut
1183 330 1209 352 et
1223 331 1333 360 propter
1353 327 1472 361 inopiam
1493 327 1615 354 ciborum
1640 327 1668 355 in

880 371 1020 398 avaritiam
1036 375 1063 398 et
1081 371 1151 398 bella
1167 371 1291 399 homines
1307 372 1460 400 excitentur
1474 373 1606 400 adversus
1619 381 1668 400 eos

880 416 927 451 qui
943 424 998 443 non
1014 420 1116 443 tantam
1132 416 1272 451 patiuntur
1282 417 1413 451 inopiam,
1428 422 1454 445 et
1470 423 1500 445 ut
1512 426 1546 445 ex
1559 426 1670 453 compa-

882 462 986 489 ratione
994 462 1110 489 aliorum
1124 470 1187 497 quae
1197 462 1225 489 in
1238 463 1321 490 rebus
1331 463 1494 490 necessariis
1505 468 1570 490 sunt
1583 463 1670 491 abun-

881 507 1022 539 dantium,
1051 507 1117 534 ﬁant
1146 507 1361 535 insurrcctiones
1391 507 1506 534 aliorum
1538 507 1670 536 adversus

882 553 961 586 alios,
990 558 1015 580 et
1044 561 1109 588 gens
1130 557 1230 588 pugnet
1244 553 1375 580 adversus
1390 557 1496 587 gentem
1511 557 1538 582 et
1554 561 1668 589 regnum

881 598 1012 630 adversus
1028 605 1150 632 regnum.
1163 596 1294 624 Possibile
1309 602 1351 625 est
1367 601 1458 624 autem
1471 605 1534 625 eum
1551 598 1667 626 aliarum

882 643 1028 678 indigentia
1051 650 1154 674 rerum,
1177 643 1258 670 etiam
1275 643 1416 671 hominum
1438 644 1540 672 bonum
1556 652 1668 672 sensum

882 690 1040 718 habentium
1059 691 1235 726 indigentiam
1253 690 1330 724 ﬁeri,
1346 696 1376 719 ut
1390 699 1436 727 per
1453 692 1510 719 haec
1522 692 1668 726 tranquilla

882 740 908 762 et
925 737 1036 771 paciﬁca
1049 737 1103 764 vita
1117 744 1170 764 non
1188 737 1342 765 inveniatur
1353 738 1379 765 in
1395 738 1499 772 multis,
1515 738 1562 766 sed
1577 738 1669 766 insur-

882 782 1026 815 rectiones,
1042 786 1069 809 et
1083 782 1155 815 lites,
1171 787 1197 810 et
1211 783 1429 817 perturbationes
1442 783 1518 816 ﬁant,
1533 783 1666 810 interdum

881 828 991 862 quidem
1009 834 1117 864 propter
1130 830 1284 863 avaritiam,
1300 829 1434 857 interdum
1452 833 1542 856 autem
1558 833 1667 864 propter

882 874 1130 908 concupiscentiam
1157 873 1339 909 principatus,
1361 874 1508 909 aliquando
1532 878 1622 901 autem
1642 878 1670 902 et

880 925 992 954 propter
1006 919 1099 955 gloria:
1109 928 1185 948 vanze
1195 921 1368 955 cupiditatem
1384 921 1520 954 insanam,
1534 920 1668 948 interdum

883 969 972 992 autem
986 970 1012 993 et
1023 966 1171 1001 cupiditate
1184 974 1260 994 rana:
1273 967 1366 1001 gloria:
1377 968 1542 1003 principum,
1556 968 1602 1003 qui
1616 975 1669 994 non

883 1013 1073 1040 suntcoutcnli
1084 1013 1194 1048 proprio
1207 1021 1298 1049 regno,
1309 1013 1355 1040 sed
1365 1014 1457 1041 volunt
1471 1022 1549 1041 suum
1560 1014 1669 1049 quidem

883 1058 1027 1086 extendere
1033 1059 1211 1094 principatum
1219 1063 1244 1086 et
1252 1060 1351 1087 multas
1357 1060 1408 1088 sibi
1415 1061 1530 1088 subdere
1537 1060 1670 1088 nationes.

918 1104 963 1131 57.
977 1104 1072 1133 Adhuc
1086 1109 1175 1133 autem
1189 1105 1393 1140 profundiorem
1408 1107 1483 1134 dabit
1498 1107 1597 1142 aliquis
1607 1114 1671 1134 cau-

885 1157 942 1177 sam
959 1157 1204 1186 eorum.qua:.autc
1218 1153 1479 1181 consummationem
1497 1152 1591 1179 mundi
1606 1156 1671 1179 sunt

883 1201 1028 1230 ereiitura,
1043 1198 1160 1225 maxime
1175 1198 1208 1225 de
1216 1199 1326 1233 praeliis.
1342 1199 1475 1232 Quoniam
1490 1198 1560 1226 sicut
1572 1198 1671 1225 adven-

884 1247 928 1270 tus
934 1241 1034 1270 Christi
1044 1243 1070 1270 in
1079 1243 1202 1279 pluribus
1213 1245 1337 1281 gentibus
1345 1245 1437 1272 divina
1446 1246 1544 1272 virtute
1555 1243 1617 1272 fecit
1627 1250 1671 1278 pa-

884 1289 1111 1320 eem,secundum
1124 1291 1196 1326 quod
1210 1291 1416 1326 dicitPropheta
1428 1291 1461 1318 de
1476 1289 1522 1317 illo
1536 1289 1558 1305 "
1571 1299 1577 1316 :
1595 1288 1671 1316 Orie-

886 1339 928 1360 tur
939 1334 965 1361 in
977 1335 1067 1362 diebus
1081 1336 1138 1369 ejus
1148 1336 1257 1370 justitia
1273 1341 1297 1364 et
1309 1336 1474 1363 abundantia
1487 1336 1571 1370 pacis,
1587 1334 1668 1361 donec

884 1380 1029 1408 extollatur
1053 1381 1132 1413 (una;
1157 1387 1186 1410 et
1203 1382 1244 1410 sic
1258 1390 1309 1417 pax
1330 1381 1507 1417 multiplicata
1521 1385 1562 1408 est
1578 1380 1672 1408 mundi

885 1431 997 1462 propter
1020 1427 1196 1455 incrementa
1211 1427 1394 1456 Eeelesiarum
1412 1427 1513 1460 futura,
1529 1432 1557 1454 ut
1571 1435 1602 1454 ea
1619 1435 1671 1462 pax

887 1473 983 1501 salutis
999 1474 1148 1501 multorum
1164 1474 1211 1501 ﬁat
1230 1474 1357 1506 occasio,
1376 1473 1441 1501 dum
1464 1481 1518 1501 non
1537 1477 1671 1508 coguntur

886 1519 961 1547 exire
979 1519 1012 1547 ad
1032 1520 1101 1548 bella
1120 1524 1147 1548 et
1164 1528 1284 1556 pugnare
1305 1527 1355 1555 pro
1369 1520 1464 1554 patriis
1484 1519 1554 1547 sieut
1569 1519 1670 1554 pridem

885 1565 986 1599 ﬁebat;
1006 1566 1047 1593 sic
1060 1574 1231 1601 consequens
1246 1570 1288 1594 est
1301 1587 1308 1598 ,
1324 1574 1387 1594 cum
1405 1569 1515 1600 propter
1528 1565 1666 1592 abundat:-

885 1611 949 1639 tiam
972 1611 1123 1646 iniquitatis
1147 1611 1304 1646 refriguerit
1320 1611 1440 1638 charitas
1463 1610 1631 1641 multorum,
1647 1614 1673 1636 et

885 1657 946 1685 ideo
963 1657 1139 1693 dereliquerit
1153 1664 1201 1685 eos
1213 1657 1286 1685 Deus
1300 1662 1328 1685 et
1343 1657 1469 1684 Christus
1482 1656 1552 1690 ejus,
1574 1656 1672 1683 iterum

885 1704 943 1732 ﬁeri
964 1704 1069 1738 praelia,
1093 1703 1220 1731 videlicet
1238 1703 1303 1730 dum
1319 1711 1371 1730 non
1388 1702 1566 1736 prohibentur
1579 1709 1666 1736 opera.

886 1750 973 1777 tiones
989 1749 1177 1776 seminatriccs
1196 1748 1328 1776 bellorum
1346 1756 1361 1775 a
1378 1748 1539 1780 sanctitate,
1557 1747 1604 1775 sed
1620 1754 1677 1773 ma-

885 1795 926 1830 gis
949 1795 1038 1822 adhuc
1064 1795 1224 1822 nutriuntur
1242 1798 1352 1828 propter
1374 1793 1505 1820 malitiam
1533 1793 1673 1819 hominum

886 1844 1149 1875 supercrescentem,
1163 1844 1193 1867 ut
1206 1839 1328 1867 omnium
1344 1839 1524 1866 accidentium
1539 1839 1672 1866 malorum

885 1893 970 1913 causa
994 1893 1054 1912 esse
1077 1885 1202 1912 dicantur
1228 1885 1273 1919 qui
1301 1889 1474 1911 accesserunt
1502 1883 1612 1918 quidem
1638 1886 1671 1910 ad

887 1931 1016 1963 Verbum,
1036 1931 1083 1958 sed
1102 1936 1196 1966 postea
1204 1930 1417 1958 declinaverunt
1431 1934 1460 1956 ct
1480 1936 1575 1956 omnes
1594 1929 1674 1955 simul

887 1977 996 2005 inutiles
1030 1977 1093 2004 facti
1128 1981 1193 2004 sunt
1222 1976 1249 2004 in
1279 1975 1464 2003 mundialibus
1490 1975 1581 2002 malis.
1607 1973 1673 2001 Nam

888 2023 1007 2059 quandiu
1032 2023 1157 2051 steterint
1186 2022 1256 2050 sales
1273 2026 1361 2054 terrae,
1381 2014 1414 2048 ad
1444 2028 1515 2056 quos
1543 2020 1675 2048 Dominus

887 2070 955 2097 dixit
964 2070 986 2084 ""
1005 2078 1011 2096 :
1035 2069 1084 2096 Vos
1095 2069 1157 2096 estis
1169 2068 1210 2095 sol
1225 2073 1313 2100 temr.
1325 2072 1350 2094 et
1364 2067 1458 2094 omnia
1470 2071 1598 2094 constant
1610 2066 1674 2093 sali-

889 2115 940 2142 bus
962 2120 1121 2150 temperata.
1146 2115 1293 2149 Postquam
1313 2118 1402 2141 autem
1430 2113 1564 2140 iufatuat'r
1575 2112 1673 2140 fuerint

889 2161 939 2195 ipsi
957 2161 1037 2191 sales,
1054 2166 1082 2188 ut
1099 2161 1248 2189 secundum
1265 2161 1434 2196 Scripturam
1452 2160 1586 2192 dicamus,
1601 2164 1627 2187 et
1645 2168 1673 2187 ea

40 2205 152 2232 habens
168 2210 194 2232 et
211 2206 310 2239 ﬁnem;
326 2207 454 2242 quoniam
472 2215 533 2242 quas
550 2209 677 2236 videntur
696 2215 833 2245 tempora-
853 2207 949 2241 unae
972 2207 1140 2234 salieliantur
1165 2207 1199 2235 ab
1221 2207 1261 2234 eis
1287 2207 1359 2234 sicut
1378 2206 1480 2234 insulsa
1495 2205 1677 2235 infamantur.

39 2251 79 2276 tm
93 2255 169 2283 sunt,
185 2255 212 2278 et
225 2251 290 2286 quia
303 2252 401 2279 coelum
413 2257 524 2280 cttcrra
537 2255 692 2282 transibunt
707 2264 713 2282 :
725 2263 837 2284 necesse

38 2301 86 2323 est
101 2301 167 2324 ante
181 2298 384 2332 corruptionem
402 2304 431 2326 ut
448 2299 586 2334 langueat,
599 2305 629 2327 ut
642 2305 718 2328 terra
726 2302 835 2336 quidem

37 2342 217 2376 frequentius
246 2343 444 2371 terrmmotibus
476 2351 684 2380 conquassctur,
710 2354 757 2374 aer
785 2355 836 2374 au-

38 2394 57 2415 ιι
72 2396 99 2414 ιιι
136 2388 191 2414 vim
219 2389 364 2423 quamdam
390 2390 564 2418 morbiferam
592 2392 759 2427 concipiens,
791 2401 836 2428 pc-

39 2434 143 2461 stilcns
161 2434 217 2461 ﬁat.
234 2434 331 2462 Adhuc
356 2440 446 2463 autem
474 2441 500 2463 ct
528 2437 618 2465 vitalis
641 2438 727 2466 virtus
757 2443 835 2466 terra:

38 2484 159 2513 repente
180 2479 308 2508 deﬁciens
334 2480 432 2508 oll‘occt
451 2481 474 2496 ⁷³
491 2480 606 2514 fructus,
623 2486 650 2509 ct
668 2490 764 2510 omnes
787 2492 834 2510 na-

38 2530 123 2552 turas
143 2525 273 2553 arborum
299 2526 427 2554 deﬁciens
449 2528 603 2561 generatrix
629 2536 722 2556 carum
739 2529 834 2556 virtus.

39 2570 93 2598 llis
111 2570 194 2605 igitur
212 2571 399 2599 accidentibus
411 2594 418 2605 ,
439 2581 608 2608 consequens
626 2578 669 2601 est
683 2578 712 2601 ut
728 2575 835 2602 mobilis

39 2620 156 2647 natura,
178 2617 260 2650 quasi
285 2617 368 2644 totius
383 2619 476 2645 mundi
491 2627 553 2653 pars
568 2619 658 2654 aliqua
674 2621 834 2653 constituta,

38 2662 229 2697 cumpatiatur
242 2662 430 2690 universarum
445 2672 533 2691 rerum
548 2666 690 2692 mutationi
708 2675 713 2692 :
729 2670 834 2700 utputa,

38 2715 178 2739 Consucta
193 2717 318 2738 escarum
334 2711 497 2738 nutrimenta
511 2718 564 2738 ιιοιι
580 2719 730 2745 νθδιιηιειιε,
745 2712 836 2739 veniat

79 2817 102 2831 "
117 2815 214 2843 Matth.
229 2825 256 2847 κ,
271 2817 316 2843 :22.
356 2817 377 2831 ⁶¹⁸
391 2824 438 2848 xu,
455 2818 481 2841 ει.
521 2817 542 2832 θ’
554 2824 589 2846 ιν,
604 2816 647 2842 52.

39 2851 171 2884 sufferet.
209 2852 231 2866 7‘
243 2851 312 2878 l’sal.
326 2859 363 2883 Cl,
377 2851 420 2877 *27.
460 2852 481 2866 ⁷⁸
498 2850 579 2878 llcbr.
597 2858 654 2882 rm,
676 2851 716 2877 l3.

687 2816 708 2830 7“
724 2815 818 2842 Matth.
836 2823 910 2845 xxiv.
929 2815 954 2845 7.
968 2815 984 2841 8
1049 2815 1069 2831 ⁷¹
1086 2814 1169 2841 Marc.
1184 2823 1243 2844 xm,
1257 2816 1283 2841 8.

756 2851 777 2865 7"
796 2850 866 2876 l‘sul.
882 2858 945 2882 nx,
965 2850 989 2877 7.

889 2257 1115 2286 corrumpuntur,
1143 2257 1170 2279 et
1197 2252 1290 2285 fetent,
1321 2257 1347 2280 et
1372 2252 1556 2279 resolvuntur.
1582 2252 1678 2279 Adhuc

889 2303 979 2325 autem
997 2303 1023 2325 et
1040 2298 1162 2332 quandiu
1178 2298 1283 2325 steterit
1302 2298 1348 2325 lux
1371 2298 1475 2331 mundi,
1503 2298 1596 2325 omnia
1612 2298 1677 2325 diri-

889 2350 990 2379 guntur
1003 2351 1017 2370 a
1034 2344 1108 2371 claro
1125 2344 1226 2370 lumine
1247 2344 1419 2377 dispensata;
1444 2351 1506 2370 cum
1524 2349 1613 2370 antem
1626 2343 1678 2370 hoc

889 2390 978 2424 ipsum
993 2389 1084 2416 lumen
1100 2389 1264 2416 diminutum
1280 2388 1361 2416 fuerit
1372 2389 1398 2415 in
1411 2389 1509 2416 animis
1522 2389 1675 2420 hominum,

889 2437 953 2463 dum
981 2436 1095 2471 propria.
1117 2440 1144 2462 et
1171 2435 1288 2462 naturali
1311 2442 1374 2462 esca
1389 2441 1441 2460 non
1455 2433 1585 2465 nutritur,
1612 2437 1677 2461 tunc

889 2482 1086 2516 occupantibus
1097 2481 1190 2509 omnia
1205 2479 1324 2508 tenebris
1335 2501 1342 2512 ,
1363 2487 1425 2507 cum
1440 2479 1466 2506 in
1484 2478 1590 2506 tristitia
1606 2478 1677 2506 facta

890 2528 991 2555 fuerint
1005 2527 1097 2555 omnia
1109 2531 1136 2554 et
1148 2526 1359 2558 calamitatibus,
1377 2526 1422 2552 ﬁet
1435 2524 1512 2560 quasi
1527 2530 1678 2553 conventus

889 2582 971 2609 super
987 2574 1078 2601 omnia
1091 2573 1308 2601 adversariarum
1324 2572 1466 2603 virtutum.
1480 2571 1544 2598 dum
1561 2578 1615 2598 non
1632 2579 1678 2598 rev

889 2625 981 2648 tantur
989 2628 1004 2647 a
1015 2619 1117 2648 sanctis
1128 2624 1154 2647 et
1163 2627 1177 2646 a
1186 2619 1236 2646 Clu
1244 2619 1295 2646 isto
1308 2618 1333 2644 in
1342 2618 1392 2649 eis,
1401 2617 1448 2652 qui
1465 2617 1569 2644 solebat
1579 2625 1628 2644 eos
1635 2611 1678 2644 ve-

891 2670 947 2691 tare
961 2673 967 2691 :
983 2665 1030 2692 sed
1047 2664 1125 2699 quasi
1137 2665 1163 2691 in
1181 2663 1299 2691 tenebris
1314 2662 1373 2689 siue
1387 2662 1477 2696 aliqua
1493 2662 1678 2696 prohibitione

889 2712 1073 2746 operabuntur
1089 2711 1114 2738 in
1133 2711 1261 2738 cordibus
1277 2710 1428 2741 hominum,
1446 2713 1475 2736 ut
1490 2709 1609 2736 excitent
1617 2716 1678 2743 gen-

1337 2819 1358 2833 "
1372 2818 1437 2844 huc.
1455 2815 1564 2851 nt,ll.
1604 2815 1675 2843 "Al.

1029 2851 1049 2865 ⁷⁷
1060 2850 1153 2877 Matth.
1170 2859 1196 2884 γ,
1210 2851 1251 2877 95.
