1841 3053
61 114 138 141 ῒῑῖδδ

653 117 979 147 (ᾸΟΜΜΕΝΤᾹΒΙΟΒΠΜ
999 119 1130 150 SERH‘IS;

1634 124 1699 154 i954

57 173 225 203 diﬂ'erenter
238 175 320 211 857
337 180 428 204 autent
444 185 522 212 agere
537 178 664 206 docentes
682 180 714 206 ad
731 180 861 214 dcuegan-
877 184 898 212 Α
913 181 994 208 stiani
1018 182 1044 208 in
1063 182 1266 214 tribulationes,
1289 187 1315 208 et
1331 182 1427 210 dantes
1448 184 1631 211 testimonium
1650 193 1698 212 ve-

58 221 180 253 dum,et
191 222 224 248 ad
236 222 444 250 sacritlcandum
461 223 514 250 diis
530 224 634 257 alienis,
650 233 702 252 non
717 226 806 252 minus
819 234 862 261 pe-

58 267 189 294 stiiicant
202 270 228 294 et
239 273 418 303 corrumpunt
438 269 579 297 audientes
592 278 631 303 se,
649 271 694 306 qui
718 271 743 299 in
764 272 859 299 iisdem
882 297 895 315 .

57 312 242 339 sermonibus
256 313 354 340 docent
372 320 425 340 non
440 321 500 341 csse
527 314 595 342 alias
612 320 784 349 peccatorum
805 325 862 351 pm-

59 362 118 384 nas
133 357 185 384 nisi
203 359 482 392 transcorporationes
493 360 645 386 animarum
656 365 716 394 post
729 366 855 388 mortem.

58 401 136 429 Nam
147 408 176 430 ut
186 403 319 430 dimittam
331 404 474 432 manifeste
487 404 584 432 falsum
597 414 656 433 esse
668 407 740 441 quod
749 407 859 440 dicitur,

59 449 159 477 adhuc
183 454 273 477 autem
299 450 396 478 tollunt
419 452 453 479 ab
475 452 633 480 hominibus
658 454 804 480 salutarent
826 454 860 481 ti-

61 502 185 528 morem,
202 495 342 530 etquich
358 501 469 532 propter
484 497 609 525 timorem
631 498 782 526 futurarum
800 507 859 534 pw-

61 549 168 568 narum
188 543 324 569 servaturi
343 550 372 570 se
386 543 494 574 fuerant
516 552 530 571 a
547 545 719 572 multitudine
735 551 861 580 peccato-

60 594 142 620 rum,
160 588 285 615 nutriunt
304 588 447 616 audaciam
468 590 614 624 impietatis
638 598 745 617 eorum.
770 591 860 619 Multa:

63 632 155 668 igitur
173 633 260 662 fames
275 639 302 662 et
317 635 478 669 pestilentia
506 641 586 664 erunt
615 637 748 665 omnibus
767 638 859 665 videre

60 678 226 706 volentibus
252 678 400 714 gloriosum
418 680 520 709 Christi
546 681 691 709 adventum
720 683 747 710 in
767 683 858 710 anima

60 731 130 754 sua,
157 724 203 751 sed
226 725 293 752 nihil
317 726 357 753 eis
381 727 527 754 nocebunt.
553 727 690 755 Videbunt
708 729 781 756 enim
799 734 858 756 lan-

62 770 212 797 tummodo
226 779 283 804 cas,
300 772 347 799 sed
364 772 433 800 nihil
451 773 589 807 patientur
604 774 638 801 ab
655 774 705 801 eis.
719 773 858 802 Patientur

64 820 162 843 autem
181 821 207 843 ct
222 822 313 844 motus
331 825 426 845 eorum
440 826 501 853 qua:
516 825 673 854 quaerentur
688 820 713 847 in
733 821 857 855 plurimis

913 228 986 255 ritati
1008 233 1071 256 sunt
1097 228 1243 262 interfecti,
1263 233 1291 256 et
1308 229 1371 256 odio
1385 229 1470 256 habiti
1491 233 1555 257 sunt
1573 231 1699 265 gentibus

911 281 974 301 cum
991 275 1091 310 quibus
1120 275 1320 303 habitaverunt.
1352 276 1490 303 Adversus
1516 276 1586 303 hanc
1607 281 1697 304 autem

911 321 1088 355 qurstioncm
1112 321 1159 355 qui
1185 322 1338 349 secutnlunr
1360 322 1442 349 verba
1457 322 1514 349 vult
1539 322 1697 357 intellig-rc.

912 365 1086 400 respondebit
1097 366 1226 400 quoniam
1243 371 1308 394 tunc
1329 367 1448 394 maxime
1463 367 1604 394 tradentur
1618 367 1697 394 Chri-

911 411 991 438 stiani
1015 411 1040 438 in
1063 411 1263 445 tribulationcs,
1283 411 1514 446 quemadmodum
1539 420 1696 446 nunquam:

913 462 976 484 tunc
1000 457 1064 484 odio
1087 457 1203 484 habendi
1230 457 1347 484 maxime
1368 458 1403 484 ab
1422 458 1550 485 omnibus
1572 458 1698 493 gentibus

911 502 1132 529 eobabitantibus
1149 502 1210 535 sibi,
1226 502 1298 530 sicut
1320 510 1479 537 nunquam;
1501 507 1528 530 et
1544 503 1635 529 munia
1649 511 1698 537 pa-

911 547 1013 574 tientur
1033 555 1082 582 pro
1106 548 1216 575 nomine
1231 547 1344 581 Christi,
1367 555 1430 575 eum
1456 549 1606 575 surrexerit
1630 557 1697 583 gens

911 599 1004 621 contra
1035 597 1152 629 gentem,
1177 599 1204 621 et
1220 602 1332 629 regnum
1356 595 1486 622 adversus
1507 602 1620 629 regnum
1643 603 1649 620 :
1671 600 1698 622 it

910 639 974 666 fient
989 639 1084 671 fames,
1097 644 1123 666 et
1139 639 1309 675 pestilentiae,
1325 645 1351 667 et
1365 644 1536 667 terraemutus
1564 647 1610 674 per
1625 640 1693 667 loca.

910 684 1010 711 Amant
1038 685 1110 711 enim
1136 685 1182 719 qui
1212 686 1238 712 in
1265 685 1469 713 calamitatibus
1493 689 1574 718 sunt,
1599 692 1698 712 causas

909 737 1002 756 earum
1015 730 1204 763 discutientcs,
1226 730 1348 758 invenire
1371 731 1473 766 aliquid
1490 730 1560 765 quod
1583 730 1697 764 loquan-

910 779 963 803 tur.
984 775 1053 803 Cum
1069 776 1126 803 haec
1138 783 1204 810 ergo
1219 776 1384 811 contigerint
1399 777 1511 808 mundo,
1527 784 1698 810 consequens

909 826 950 848 cst
961 822 1040 856 quasi
1054 821 1307 857 derclinquentibns
1331 822 1490 850 hominibus
1502 822 1615 849 deorum
1637 823 1697 849 cul-

61 861 137 889 locis
151 861 365 897 Scripturarum,
378 864 643 892 verisimilitudinem
658 867 859 894 contrarieta'is
876 861 896 888 Β
911 871 1012 899 turam,
1029 871 1057 895 ut
1076 873 1187 902 propter
1207 867 1407 895 multitudinem
1424 867 1641 895 Christianorum
1656 867 1698 894 (li-

61 908 110 935 θυι
131 908 334 936 mendaciorum
358 910 536 944 habentibus;
556 911 602 939 sed
619 912 791 947 postmodum
812 921 858 948 pa-

63 954 173 982 tientur
189 954 268 988 nihil,
285 963 334 982 nec
347 960 439 984 motus
452 956 620 984 auditionum
635 958 764 986 falsarum
780 960 860 986 vellet

63 1008 117 1027 eos
138 1000 173 1027 ab
190 1001 393 1035 exspectatione
413 1002 524 1036 gloriosi
546 1007 572 1030 et
594 1003 678 1031 divini
700 1008 727 1032 et
747 1003 858 1039 perfecti

62 1046 203 1073 adventus
220 1045 285 1074 Iesu
301 1046 403 1075 Christi
418 1047 508 1076 Verbi.
537 1049 571 1076 Et
590 1050 636 1085 qui
658 1051 782 1080 dicturus
799 1058 856 1081 est:

61 1092 83 1118 Α
106 1092 201 1119 timore
218 1098 273 1125 tuo,
291 1093 410 1127 Domine,
435 1095 463 1121 in
479 1101 553 1122 utero
575 1101 619 1123 tuo
636 1097 811 1132 concepimus,
833 1105 857 1125 et

60 1137 275 1170 parturioimus,
297 1143 321 1164 et
340 1139 488 1173 peperimur
511 1140 637 1175 spiritum
664 1141 761 1169 salutis
781 1151 863 1178 quem

61 1183 158 1217 feriati
172 1190 250 1218 super
267 1188 364 1210 terram
375 1184 408 1218 νὴ
426 1189 473 1212 aut
492 1187 641 1214 secundum
663 1189 734 1223 quod
754 1189 856 1216 dictant

61 1233 110 1255 est
126 1237 132 1255 :
149 1227 215 1255 Filii
234 1230 284 1256 mei
298 1238 363 1265 quos
380 1232 477 1259 iterum
488 1234 619 1268 parturio,
633 1234 714 1261 donec
728 1235 858 1269 formetur

62 1274 192 1302 Christus
210 1275 237 1302 in
259 1276 329 1303 vobis
345 1276 379 1310 ⁸⁸,
400 1284 512 1306 necesse
531 1283 572 1307 est
586 1287 648 1307 eum
671 1280 698 1307 in
716 1281 810 1315 primis
830 1282 857 1308 in

61 1320 197 1348 omnibus
216 1321 275 1349 istis
296 1322 437 1351 doloribus
456 1323 514 1351 fieri
534 1324 627 1359 famis,
645 1330 670 1353 et
690 1327 858 1361 pestilentia-

61 1375 139 1399 rum,
156 1371 182 1394 et
196 1373 318 1396 motuum
332 1377 339 1395 :
356 1369 429 1404 quod
449 1371 588 1399 sustinens
603 1373 689 1407 pariet
703 1373 774 1408 quod
789 1381 857 1401 con-

60 1419 105 1445 ce,
119 1411 139 1438 it
154 1416 181 1439 et
201 1411 329 1440 formavit
346 1414 372 1440 in
391 1421 421 1441 sc
432 1414 570 1443 Christum
588 1416 719 1451 Verbum,
742 1422 771 1445 ut
785 1418 858 1446 dicat

61 1457 91 1484 in
112 1457 255 1486 nativitate
277 1459 355 1494 ejus:
372 1459 441 1487 Em
459 1461 611 1497 evangelizo
634 1463 706 1491 vobis
728 1464 857 1498 gaudium

62 1512 191 1538 nagmtm
212 1505 244 1538 ⁸⁸,
267 1510 294 1533 et
312 1505 424 1541 gloriam
447 1508 475 1535 in
497 1508 613 1537 excelsis
633 1509 697 1543 Deo,
719 1515 745 1538 et
761 1518 854 1545 pacem

59 1557 149 1584 super
161 1554 272 1578 terram.

98 1596 146 1623 59.
170 1595 242 1623 Tum:
262 1599 369 1625 tradent
384 1607 427 1626 vos
445 1600 471 1627 in
488 1601 683 1636 tribulationes,
700 1607 724 1629 ct
739 1603 857 1630 accident

60 1651 110 1669 vos
123 1647 166 1669 :et
181 1643 255 1670 eritis
271 1644 332 1670 odio
359 1645 480 1672 omnibus
500 1646 618 1681 gentibus
638 1653 745 1682 propter
764 1656 857 1675 nomen

60 1697 164 1715 meum.
189 1689 221 1716 Et
244 1694 306 1716 tum:
323 1690 579 1718 scandalizabuntur
601 1693 688 1725 multi,
704 1698 728 1720 et
747 1694 856 1721 invicem

63 1735 185 1766 tradent,
204 1735 265 1761 odio
280 1735 410 1763 habebunt
426 1737 545 1770 invitent,
569 1742 593 1764 et
606 1739 683 1765 multi
694 1741 855 1774 pseudopro-

61 1780 152 1814 pheta:
172 1780 323 1815 insurgetu,
345 1785 370 1808 et
395 1782 517 1809 reducent
545 1783 658 1816 multos;
682 1789 706 1811 et
731 1785 856 1819 quoniam

62 1825 212 1853 abundarit
229 1827 367 1862 iniquitas,
387 1828 537 1863 refrigescet
559 1829 676 1857 charitas
693 1831 855 1859 multorum:

62 1872 113 1899 sed
137 1873 182 1907 qui
202 1873 375 1907 permanserit
400 1874 426 1900 in
447 1875 539 1909 ﬁnem,
565 1876 606 1902 hic
629 1875 717 1903 salvus
733 1878 793 1904 erit.
822 1878 855 1905 Et

64 1917 260 1951 prmtlicabitur
274 1918 323 1945 hoc
340 1917 511 1953 Evangeiium
527 1921 599 1956 regni
617 1922 643 1948 iu
662 1923 784 1949 universo
796 1924 856 1952 orbe

63 1964 93 1989 in
119 1963 297 1990 testimonium
331 1965 452 1992 omnibus
476 1965 615 2000 gentibus,
643 1972 667 1994 et
689 1972 750 1994 tunc
774 1970 855 1996 veniet

61 2007 176 2042 ﬁnis".
194 2007 226 2034 Et
243 2008 302 2035 sine
313 2009 484 2043 expositione
498 2010 608 2045 quidem
627 2015 716 2039 textus
736 2021 749 2039 a
766 2013 856 2048 seipso

60 2057 111 2080 cst
134 2052 312 2085 manifestus,
341 2054 470 2088 quoniam
501 2054 657 2089 frequenter
681 2057 772 2084 traditi
793 2064 857 2085 sunt

61 2098 195 2133 discipuli
212 2098 312 2126 Christi
336 2099 362 2126 in
383 2100 589 2133 tribulationes,
616 2106 642 2128 et
663 2108 773 2137 propter
787 2102 855 2131 Ver-

61 2147 133 2173 bum
149 2150 212 2172 sunt
228 2145 373 2178 interiecti,
387 2151 412 2173 et
424 2150 532 2181 propter
542 2147 682 2175 Christum
696 2149 758 2176 odio
771 2149 855 2177 habiti

909 917 971 941 cant
984 913 1041 941 ﬁeri
1056 913 1135 946 bella,
1149 918 1174 941 et
1188 913 1283 946 fames,
1299 917 1325 940 et
1340 913 1518 948 pestilentias.
1530 913 1698 948 Frequenter

909 960 981 986 cnim
1006 959 1086 987 fatuis
1114 967 1196 987 causa
1218 960 1390 987 Christianos
1415 960 1560 994 culparunt
1584 960 1698 994 gentiles

909 1008 936 1031 et
952 1004 1109 1039 quicunque
1132 1003 1275 1042 sapiebant
1301 1011 1362 1038 quae
1384 1002 1505 1038 gentium
1530 1007 1595 1029 sunt
1617 1011 1623 1028 :
1651 1003 1698 1029 sed

909 1054 936 1077 et
950 1049 1166 1084 pestilentiarum
1187 1054 1285 1077 causas
1309 1051 1341 1076 ad
1358 1048 1460 1076 Christi
1480 1047 1630 1075 Ecclesiam
1655 1056 1697 1074 re-

909 1095 1039 1122 tulerunt.
1057 1095 1166 1123 Scimus
1184 1099 1276 1122 autem
1305 1099 1334 1122 et
1348 1093 1419 1129 apud
1440 1100 1492 1121 nos
1514 1096 1696 1120 terraemotum

909 1141 1011 1168 factum
1032 1141 1059 1168 in
1077 1141 1144 1168 locis
1159 1141 1334 1176 quibusdam,
1356 1145 1383 1167 et
1404 1139 1491 1168 iactas
1516 1139 1600 1167 fuisse
1615 1147 1698 1174 quas-

909 1187 972 1214 dam
996 1187 1099 1219 ruinas,
1121 1187 1159 1214 ita
1180 1191 1210 1214 ut
1230 1187 1277 1222 qui
1301 1191 1379 1213 erant
1401 1186 1477 1220 impii
1499 1190 1575 1213 extra
1604 1186 1695 1217 tidem,

908 1240 1019 1260 causam
1044 1236 1215 1260 terrzemotus
1244 1231 1368 1259 dicerent
1381 1229 1565 1262 Christianos,
1588 1235 1698 1266 propter

908 1279 979 1313 quod
999 1283 1025 1305 et
1042 1278 1246 1313 persecutiones
1262 1284 1349 1312 passae
1371 1282 1435 1304 sunt
1450 1276 1591 1308 Ecclesia,
1607 1280 1633 1303 et
1645 1276 1698 1310 ,ἰη-

907 1331 997 1351 ccnsn:
1012 1328 1092 1355 sunt;
1115 1331 1170 1351 non
1194 1324 1282 1350 solum
1302 1327 1394 1350 autem
1416 1323 1463 1355 illi,
1479 1323 1526 1350 sed
1547 1327 1574 1350 et
1592 1323 1638 1358 qui
1654 1324 1697 1350 vi-

908 1370 1041 1397 dcbantur
1057 1369 1216 1404 prudentes,
1232 1369 1296 1396 talia
1319 1369 1345 1395 in
1360 1369 1469 1404 publico
1486 1368 1618 1402 dieerent,
1633 1369 1696 1403 quia

908 1417 1018 1448 propter
1046 1414 1217 1441 Christianos
1243 1415 1311 1440 tlunt
1335 1414 1488 1448 gravissimi
1517 1418 1695 1442 terr-:emotus.

909 1459 986 1492 Quod
1004 1463 1094 1486 autem
1111 1459 1221 1492 dicitur,
1242 1464 1266 1486 et
1281 1459 1356 1486 eritis
1371 1460 1431 1486 odio
1445 1459 1566 1486 Dtllllibus
1579 1460 1696 1494 gentibus

909 1511 1014 1540 propter
1030 1513 1123 1532 nomen
1139 1513 1235 1537 meum,
1252 1505 1293 1533 sic
1307 1505 1414 1532 salvare
1429 1506 1490 1540 quis
1508 1505 1617 1540 poterit,
1633 1506 1696 1540 quia

909 1559 1047 1586 nunquam
1075 1552 1184 1587 quidem
1210 1552 1236 1578 in
1263 1560 1349 1578 unum
1377 1556 1577 1579 consenserunt
1602 1559 1698 1579 omnes

908 1603 1000 1632 gentes
1015 1598 1149 1625 adversus
1163 1597 1335 1625 Christianos
1360 1607 1367 1624 :
1389 1605 1450 1624 cum
1470 1601 1561 1624 autem
1576 1598 1698 1632 contige-

908 1643 962 1669 rint
974 1650 1035 1677 (μη
1045 1643 1172 1670 Christus
1187 1643 1320 1677 praedixit,
1338 1648 1403 1670 tunc
1419 1644 1497 1678 quasi
1515 1643 1696 1671 succi-ridendi

907 1693 972 1716 sunt
990 1696 1086 1716 omnes
1107 1695 1121 1714 a
1143 1688 1307 1723 quibusdam
1331 1688 1479 1723 gentilibus
1503 1687 1698 1723 incipientibus

907 1734 1079 1761 Christianos
1107 1734 1227 1768 culpare,
1258 1738 1287 1760 ut
1313 1738 1377 1761 tunc
1402 1734 1468 1760 [iant
1495 1734 1698 1768 persecutiones

905 1779 961 1814 jam
975 1787 1029 1806 non
1043 1787 1076 1806 ex
1088 1784 1163 1814 parte
1176 1779 1248 1807 sicut
1263 1784 1337 1811 ante,
1353 1780 1402 1806 sed
1415 1780 1579 1814 generaliter
1596 1779 1698 1814 ubique

907 1825 1040 1852 adversus
1060 1825 1188 1860 populum
1214 1824 1273 1852 Dei.
1308 1824 1387 1852 Tunc
1417 1825 1555 1860 continget
1576 1825 1643 1852 illud
1669 1830 1696 1853 ut

907 1870 985 1897 multi
1007 1869 1226 1897 scandalizentur
1247 1869 1294 1904 qui
1324 1870 1448 1896 videntur
1470 1871 1496 1896 in
1528 1871 1580 1897 title
1605 1871 1697 1897 consi-

907 1921 988 1948 stere,
1012 1920 1038 1942 et
1063 1922 1092 1943 se
1115 1915 1183 1942 aiter
1206 1915 1321 1942 alterum
1345 1915 1466 1946 tradent,
1483 1920 1511 1942 ct
1531 1915 1585 1942 erit
1602 1915 1693 1942 odium

908 1963 976 1990 inter
989 1963 1063 1998 ipsos
1076 1962 1157 1990 etiam
1173 1963 1220 1997 qui
1234 1962 1358 1989 videntur
1369 1962 1468 1989 ﬁdeles.
1484 1961 1561 1989 Tunc
1578 1963 1694 1998 pseudo-

907 2010 1044 2045 propltet'e
1064 2009 1140 2036 multi
1160 2009 1303 2044 insurgent
1324 2009 1524 2036 multitudinem
1543 2009 1694 2036 insensaln-

908 2063 967 2082 rum
990 2054 1115 2082 fallentes
1129 2062 1135 2086 ;
1149 2059 1212 2081 tunc
1226 2058 1253 2080 et
1271 2053 1462 2087 refrigeseente
1486 2054 1618 2081 cbaritate
1638 2062 1693 2081 non

908 2101 996 2128 solum
1015 2100 1087 2135 apud
1107 2099 1239 2132 inﬁdeles,
1257 2100 1303 2127 sed
1318 2100 1401 2126 etiam
1424 2100 1450 2126 in
1476 2100 1542 2135 ipsis
1555 2101 1692 2132 ﬁdelibus.

908 2151 935 2173 ct
956 2146 1046 2174 fervor
1065 2146 1209 2173 cbaritatis
1226 2154 1258 2172 ex
1280 2145 1374 2172 multis
1398 2145 1592 2180 iniquitatibus
1615 2147 1696 2174 refri-

62 2192 205 2227 gentibus.
230 2191 259 2219 Si
277 2197 368 2219 autem
395 2193 531 2221 discutere
552 2196 614 2233 quis
640 2195 701 2223 rem
718 2196 790 2231 quod
807 2197 854 2229 ait,
872 2203 894 2233 ι)
909 2196 1011 2227 gescet.
1028 2191 1063 2218 ita
1084 2196 1114 2218 ut
1131 2191 1209 2226 pauci
1232 2196 1390 2218 remaneant
1405 2195 1543 2219 certantes
1557 2200 1606 2228 pro
1621 2194 1694 2220 veri-

63 2237 191 2264 omnibus
204 2237 334 2272 gentibus,
359 2246 411 2266 non
432 2239 499 2267 satis
521 2240 638 2267 inveniet
659 2247 775 2275 eertum,
790 2251 859 2278 quo-

63 2283 141 2310 niam
158 2283 285 2311 omnibus
301 2283 384 2311 etiam
398 2285 424 2311 in
438 2285 542 2313 ultimis
557 2287 680 2321 partibus
696 2292 773 2315 terrm
783 2296 860 2315 corn-

65 2328 240 2356 morantibus
255 2330 380 2364 gentibus
400 2330 463 2357 odio
476 2323 592 2359 habetur
608 2333 724 2368 populus
737 2333 855 2361 Clu-isti:

65 2374 123 2402 nisi
148 2375 215 2402 torte
232 2380 258 2402 et
274 2375 317 2402 hic
332 2375 429 2410 aliquis
446 2376 518 2404 dicat
539 2383 649 2412 propter
670 2380 856 2414 exaggeratio-

64 2426 131 2445 nem
155 2419 276 2453 positum
298 2420 419 2447 omnibus
439 2428 489 2455 pro
510 2422 611 2450 multis.
635 2422 791 2458 Proponens
808 2432 858 2451 au-

65 2470 123 2496 tem
148 2465 195 2491 tibi
220 2465 294 2500 quod
314 2465 396 2498 dicit,
428 2471 489 2493 tunc
515 2468 619 2495 tradent
648 2476 708 2501 ros,
736 2469 858 2497 invenies

65 2510 260 2545 qua'stioneni.
290 2510 345 2538 Nec
373 2511 445 2538 enim
479 2517 622 2548 postquam
650 2514 858 2542 insurrexerunt.

67 2565 136 2590 gens
152 2561 245 2583 εοιιινῐι
263 2563 380 2591 ερηιρηι,
399 2562 426 2584 (ιι
440 2549 552 2593 νοεηιιῐῆ
577 2560 708 2588 adversus
730 2569 854 2596 regnum,

65 2606 96 2629 et
124 2606 185 2636 post
221 2601 305 2629 iantes
335 2607 361 2629 et
391 2604 561 2637 pestilentias
593 2612 640 2639 per
677 2606 757 2637 loca,
791 2611 855 2633 tunc

66 2647 159 2674 traditi
183 2651 247 2674 sunt
266 2647 292 2674 in
309 2647 507 2679 tribulationcs.
522 2653 548 2676 et
565 2649 647 2676 occisi
663 2654 738 2681 sunt,
752 2654 778 2676 (ιι
793 2651 855 2677 odio

67 2693 156 2720 habiti
172 2693 206 2719 ab
220 2694 348 2721 omnibus
361 2694 487 2728 gentibus
501 2700 608 2729 propter
623 2703 719 2722 nomen
735 2695 835 2722 Clu-isti
848 2705 854 2722 :

66 2746 132 2766 nam
157 2743 182 2765 et
200 2738 358 2773 priusquam
382 2739 438 2767 lucc
457 2741 561 2773 tierent,
585 2741 675 2768 traditi
700 2746 763 2768 sunt
778 2740 856 2768 Citri—

104 2832 127 2847 "
139 2832 190 2858 lsa.
205 2840 279 2863 “vt,
296 2833 334 2859 18.
393 2835 414 2849 ⁸⁵
427 2834 513 2861 Gulat.
532 2843 566 2867 tv,
582 2835 622 2861 ifl.

672 2836 692 2850 ""
706 2835 770 2862 Luc.
793 2843 821 2867 tr,
840 2835 869 2861 1ο
882 2839 908 2862 nt
920 2835 926 2861 l
938 2835 960 2865 ί,

909 2242 963 2265 tate
990 2244 1075 2271 usque
1101 2236 1134 2263 ad
1159 2235 1250 2267 linem,
1271 2237 1319 2270 qui
1343 2241 1370 2262 et
1395 2237 1518 2264 saltandi
1545 2241 1608 2264 sunt
1633 2239 1694 2266 soli.

908 2282 940 2309 Et
959 2283 984 2308 in
1001 2282 1053 2309 hoc
1065 2285 1138 2309 statu
1152 2282 1311 2309 constitutis
1324 2283 1415 2314 rebus,
1433 2283 1607 2319 Evangelium
1623 2285 1694 2319 quod

908 2328 983 2362 prius
999 2334 1052 2353 non
1067 2325 1155 2354 fuerat
1176 2327 1352 2362 pratdicatum
1372 2327 1399 2354 in
1415 2332 1471 2355 toto
1485 2329 1588 2355 mundo
1606 2329 1694 2363 (multi

906 2372 978 2398 ettim
998 2379 1052 2398 non
1069 2371 1157 2398 solum
1174 2372 1363 2404 barbararum,
1379 2373 1426 2400 sed
1442 2373 1523 2400 etiam
1539 2379 1695 2401 nostrarum

907 2417 1038 2452 gentium,
1052 2425 1138 2452 usque
1155 2425 1226 2445 nunc
1246 2426 1300 2445 non
1317 2419 1462 2446 audierunt
1476 2418 1695 2447 Christianitatis

907 2463 1052 2498 verbum),
1082 2467 1145 2490 tunc
1176 2464 1304 2490 autent“
1321 2464 1520 2498 praedicabitur,
1552 2469 1581 2492 ut
1606 2467 1695 2493 omnis

907 2517 974 2544 gens
991 2510 1175 2544 evangelica»)
1197 2510 1291 2537 audiat
1316 2511 1546 2545 praedicationem.
1566 2516 1592 2539 et
1617 2520 1697 2539 nomn

909 2555 1114 2589 derelinquatur
1129 2556 1174 2590 qui
1199 2564 1252 2582 non
1274 2557 1385 2588 audivit,
1404 2562 1431 2584 et
1449 2561 1513 2584 tunc
1532 2558 1584 2584 crit
1605 2558 1696 2584 smcnli

911 2601 982 2628 ﬁnis.
1001 2601 1029 2627 Si
1046 2605 1137 2628 autent
1157 2601 1215 2628 iure
1232 2601 1268 2628 ita
1283 2609 1312 2628 se
1328 2601 1436 2633 habent,
1451 2601 1506 2633 jam
1528 2609 1582 2628 non
1614 2601 1698 2637 εδδ

911 2647 1106 2682 ignorabimus
1118 2649 1151 2674 de
1163 2655 1196 2674 eo
1210 2647 1281 2682 quod
1295 2647 1370 2680 dicit,
1383 2652 1446 2673 tunc
1459 2648 1564 2674 tradent
1576 2656 1630 2678 vos,
1645 2656 1694 2674 nec

911 2694 1008 2720 falsum
1026 2693 1228 2728 suspicabimur
1246 2693 1318 2727 quod
1334 2693 1381 2726 ait,
1401 2698 1425 2719 et
1443 2693 1518 2719 eritis
1534 2694 1594 2719 odio
1610 2694 1696 2729 omni:

913 2740 959 2766 bus
979 2740 1097 2774 gentibus
1112 2746 1215 2774 prapzer
1236 2747 1332 2766 nomen
1348 2747 1444 2771 meum,
1459 2739 1581 2767 dicentes
1597 2739 1696 2766 verita~

998 2835 1019 2849 ’"
1036 2835 1119 2861 Mattb
1140 2842 1212 2867 xxiv,
1225 2835 1241 2860 9
1258 2838 1283 2861 ct
1295 2843 1371 2869 seqq.
1410 2835 1433 2849 ⁸³
1446 2833 1507 2861 fluit?
1520 2838 1616 2860 autem.
