1841 3053
160 99 228 129 1855

768 97 928 129 ORICENIS
948 96 979 124 IN
1002 97 1090 125 MU”!
1099 98 1156 126 ΗΔΖ
1162 98 1213 126 ιλιι

1748 95 1804 123 Κμῖἇ

159 164 213 186 tem
234 158 318 194 hujus
338 158 413 187 Verbi
434 158 555 187 nondum
576 166 636 187 esse
658 158 808 194 impletum.
823 157 943 193 quamliu
960 160 981 188 Α
998 165 1051 184 non
1073 165 1169 191 omnes
1189 156 1394 192 apprehendere
1410 158 1532 191 possunt
1550 162 1558 183 :
1578 161 1647 190 qua
1665 162 1749 182 causa
1765 156 1800 181 lirt

158 213 215 233 non
242 209 283 233 est
312 205 412 233 factum
436 205 510 240 quod
542 203 596 238 ait,
621 204 947 232 tuncscandulizabuutur

157 250 254 281 multi,
279 254 305 277 ct
332 250 444 277 invicem
472 250 586 277 tradent.
620 248 745 276 Nondum
772 248 844 276 enim
871 249 947 275 multi

157 294 312 329 proditores
327 295 361 322 de
378 293 496 322 Ecclesia
522 293 584 321 facti
603 298 677 327 sunt,
698 297 725 320 et
741 293 860 320 nomlum
887 293 947 320 falsi

158 341 296 375 prophetat
312 341 476 368 exstiterunt
491 340 591 367 multos
608 339 732 367 fallentes
752 348 758 364 ε
775 340 813 366 sic
835 344 861 366 et
878 347 947 365 non-

158 385 223 413 dum
239 386 303 413 odio
320 385 402 412 habili
418 391 481 413 sunt
496 385 529 412 ab
542 385 670 412 omnibus
683 385 807 420 gentibus
821 385 901 412 etiam
920 385 947 412 in

159 431 262 459 ultimis
278 431 401 466 partibus
421 435 500 457 terra;
513 430 710 462 habitantibus,
725 435 834 465 propter
849 438 947 457 nomen

157 478 270 510 Christi,
284 477 325 504 sic
340 481 367 503 et
383 476 503 504 nondum
522 481 564 503 est
577 477 752 511 praedicatum
771 475 948 512 Evangelium

159 523 232 558 regni
257 523 283 550 in
305 526 362 549 toto
386 521 462 549 orbe.
487 520 546 548 Non
567 522 639 549 enim
664 521 749 549 fertur
770 522 947 556 praedicatum

157 574 217 594 esse
232 566 408 601 Evangelium
434 566 505 600 apud
533 573 629 594 omnes
641 566 802 601 t‘Etliiopas,
828 567 947 594 maxime

157 612 227 647 apud
253 619 301 639 eos
325 613 372 647 qui
403 616 468 639 sunt
490 611 560 638 ultra
587 611 705 644 ﬁumen;
729 613 776 640 sed
804 620 854 640 nec
875 613 947 647 apud

157 657 249 691 Seras,
267 665 316 685 nec
331 657 401 693 apud
419 657 556 686 Orientem
576 658 722 685 audierunt
733 658 948 686 Christianitatis

157 710 321 730 sermonem.
339 703 409 736 Quid
429 707 519 730 autent
540 703 665 730 dicamus
685 703 718 730 de
732 702 888 736 Britannis,
899 704 947 730 aut

155 748 311 780 Germanis,
329 749 376 783 qui
398 754 463 776 sunt
486 749 558 776 circa
572 748 721 781 Oceanum,
737 748 779 775 vel
792 749 862 784 apud
879 749 946 775 Bar-

156 795 248 825 baros,
265 793 372 827 Dacos,
395 799 422 822 et
439 793 579 822 Sarmatas
592 816 599 826 ,
625 799 653 821 ct
677 794 804 828 Scythas,
828 801 944 829 quorum

155 839 266 875 plurimi
281 840 402 867 nondum
418 841 562 868 audierunt
577 839 713 875 Evangelii
729 839 853 872 verbum,
868 839 947 866 audi-
963 830 983 857 Β

155 886 210 913 turi
235 890 300 913 sunt
322 891 412 913 autem
439 885 466 913 in
489 887 547 921 ipsa
579 886 669 913 satcnli
697 886 944 914 consummatione.

156 932 255 967 Aspice
273 932 345 960 cnim
364 932 437 967 quod
457 933 513 966 ait,
537 938 561 961 et
579 933 773 968 prwdicabitar
794 933 843 960 hoc
859 933 946 960 Evan-

156 979 253 1014 gelium
272 979 345 1013 regni
366 979 392 1005 in
413 983 466 1005 toto
486 979 547 1005 orbe
569 979 596 1005 in
621 979 802 1006 testimonium
823 978 945 1006 omnibus

156 1024 287 1058 gentibus,
309 1030 332 1051 et
352 1029 413 1050 tunc
435 1025 486 1051 erit
505 1025 577 1059 ﬁnis.
601 1024 630 1052 Si
647 1029 738 1053 autem
754 1025 812 1052 vult
824 1024 887 1060 quis
905 1029 945 1052 te-

157 1077 230 1097 mere
244 1070 334 1097 dicere
351 1070 527 1105 praedicatum
545 1078 606 1098 esse
619 1071 678 1106 jam
695 1070 874 1106 Evangelium
901 1078 946 1098 re-

156 1116 201 1151 gni
217 1116 243 1143 in
261 1120 320 1144 toto
333 1117 399 1144 orbe
415 1116 441 1144 in
459 1117 644 1144 testimonium
666 1117 795 1144 omnibus
808 1117 944 1152 gentibus,

156 1166 357 1196 consequenter
375 1161 465 1189 dicere
483 1162 582 1196 poterit
603 1166 630 1189 et
647 1162 718 1196 quod
740 1161 796 1195 ait,
815 1167 876 1188 tunc
895 1163 944 1189 erit

155 1206 228 1240 ﬁnis,
240 1206 297 1241 jam
313 1205 393 1234 ﬁnem
405 1206 512 1234 venisse
534 1214 542 1233 :
567 1207 639 1242 quod
664 1207 755 1234 dicere
785 1207 946 1235 temeritatis

155 1257 196 1279 est
211 1260 326 1287 magnas,
340 1256 367 1280 et
378 1252 500 1280 hominis
515 1260 568 1280 non
586 1253 761 1288 intelligentis
774 1261 835 1288 qua:
844 1253 946 1281 Paulus

155 1298 189 1325 ad
202 1297 461 1326 Thessalonicenses
477 1297 599 1332 Epistula
626 1298 746 1326 secunda
761 1299 784 1314 ³⁹
799 1298 884 1332 dicit,
901 1299 944 1326 di-

155 1351 220 1371 cens
238 1352 245 1370 :
267 1343 307 1371 Ne
329 1344 387 1379 quis
413 1352 457 1371 vos
480 1344 590 1377 seducet
611 1344 666 1371 ullo
683 1344 760 1372 modo
775 1345 853 1380 quasi
866 1345 945 1372 instet

155 1391 210 1417 dies
224 1390 329 1417 Domini
343 1399 352 1418 :
365 1390 489 1426 quoniam
501 1391 557 1417 nisi
568 1391 664 1417 venerit
678 1391 794 1426 primunt
806 1391 948 1423 discessio,

157 1442 180 1464 ct
198 1436 327 1464 revelatus
353 1437 435 1472 fuerit
456 1437 533 1463 homo
554 1437 666 1472 peccati,
680 1437 752 1471 ﬁlius
767 1437 903 1469 interitus,
919 1443 947 1464 et

153 1487 263 1514 uetera,
283 1491 339 1510 non
349 1483 399 1510 erit
416 1482 524 1510 Domini
538 1483 606 1510 dies.
623 1482 685 1510 Haec
704 1482 855 1510 secundum
875 1483 944 1510 sini-

155 1528 251 1561 plicem
267 1528 444 1563 exposuimus
459 1528 642 1556 traditionem.
659 1527 688 1555 Si
706 1533 797 1555 autem
813 1528 945 1556 debemus

155 1573 306 1600 secundum
323 1574 396 1608 quod
413 1574 554 1601 m0raliter
577 1581 659 1608 supra
675 1573 840 1602 tradidimus
861 1579 888 1602 et
903 1575 946 1602 hic

155 1619 306 1654 intelligere
334 1619 466 1646 moralem
489 1623 644 1652 tractatum,
671 1620 733 1647 talia
762 1627 944 1655 exponemus:

158 1663 287 1698 quoniam
302 1664 348 1699 qui
365 1664 475 1692 visurus
492 1669 534 1692 est
551 1664 701 1692 scentulum
725 1664 805 1692 Verbi
825 1665 872 1693 Dei
896 1666 946 1693 ad-

155 1713 267 1736 ventum
281 1710 356 1737 illum
372 1710 523 1745 gloriosum
551 1710 578 1737 in
594 1710 713 1738 anitnam
730 1719 819 1744 suam,
835 1719 947 1740 necesse

155 1759 197 1782 cst
209 1759 239 1782 ut
251 1755 402 1783 secundum
420 1763 578 1784 mensuram
596 1757 735 1792 profectus
747 1758 790 1785 stti
813 1759 846 1785 ad
865 1757 946 1786 Verbi

155 1801 351 1836 perfectionem
387 1800 501 1829 insidias
529 1809 544 1829 a
567 1803 714 1830 contrariis
740 1804 946 1838 operationibus

156 1847 285 1881 patiatur,
303 1847 381 1882 quasi
403 1854 519 1882 magnus
542 1847 655 1880 athleta,
673 1853 701 1876 et
721 1849 836 1877 traditus
854 1849 880 1876 in
899 1850 947 1877 tri—

157 1892 310 1920 hulatioues
326 1893 543 1928 derelinquatnr.
563 1894 656 1921 Multa:
669 1895 742 1922 enim
759 1895 946 1923 tribulationes

150 1939 285 1973 justorum
299 1938 333 1970 ὀ,
359 1943 387 1966 et
411 1944 514 1974 quanto
539 1939 601 1974 quis
624 1939 724 1975 justior
740 1940 857 1968 voluerit
877 1941 945 1975 ﬁeri,

156 1988 232 2009 tanto
260 1983 347 2018 magis
373 1984 452 2019 quasi
477 1989 621 2016 angustam
649 1989 676 2012 ct
700 1986 857 2013 tribulatam
883 1994 945 2014 eum

153 2028 252 2055 affectu
271 2029 415 2057 ambulans
427 2029 498 2056 viam
523 2030 550 2056 in
570 2030 759 2058 tribulationes
776 2031 900 2064 incurrit,
921 2037 948 2060 et

157 2074 304 2102 tribulatus
327 2075 460 2103 occiditur
475 2076 593 2105 mundo:
617 2081 645 2104 et
662 2082 766 2112 quanto
781 2078 815 2106 ad
831 2078 948 2107 manife-

156 2120 268 2147 stiorem
282 2121 464 2155 proﬁciscitur
478 2121 611 2149 visionem
627 2121 718 2156 Verbi,
734 2127 810 2151 tanto
828 2124 948 2160 amplius

1001 207 1029 229 ut
1046 203 1140 230 odiant
1157 211 1185 231 se
1201 203 1326 231 invicem.
1350 201 1383 229 Et
1404 209 1469 228 cum
1486 200 1659 236 hujusmodi
1680 200 1798 234 qttrstio-

1000 256 1047 275 nos
1075 249 1100 275 in
1121 249 1211 284 plures
1237 247 1376 279 venerint,
1394 247 1474 274 multi
1504 246 1623 281 quidem
1649 251 1735 272 erunt
1753 252 1797 270 non

999 303 1065 321 sane
1089 295 1225 322 tradentes
1244 294 1278 321 de
1298 293 1398 321 futuris
1425 299 1601 323 sermonem,
1621 296 1651 318 et
1669 292 1800 326 quomodo

1000 348 1052 367 non
1069 345 1174 375 oportet
1189 339 1396 374 interpretantes
1413 338 1579 373 prophetas,
1600 345 1675 372 quos
1691 338 1797 371 pseudo-

999 387 1145 421 prophetas
1159 386 1222 421 quis
1240 386 1329 413 dicere
1351 393 1406 413 non
1423 384 1564 420 peccabit,
1583 383 1720 411 seducere
1736 384 1798 410 ιιιιιΙ-

999 436 1050 458 tos.
1069 431 1150 458 Valde
1165 435 1254 458 autem
1272 431 1350 466 pauci
1366 435 1449 458 erunt
1465 430 1614 457 veritatem
1634 428 1796 463 investigan-

999 481 1048 504 tes.
1083 476 1169 504 Falsa
1195 482 1285 503 autem
1308 475 1439 503 doctrina:
1462 483 1477 501 a
1503 475 1654 509 proposito
1681 474 1798 500 veritatis

999 523 1094 549 fortem
1113 522 1223 557 quidem
1248 522 1360 552 solvent,
1378 528 1427 549 eos
1451 526 1546 549 autem
1568 521 1616 555 qui
1644 520 1794 554 prurientes

998 569 1062 592 sunt
1084 573 1159 598 aure,
1183 565 1417 600 multiplicabunt,
1440 565 1474 592 ad
1496 565 1738 593 delectamentnm
1753 571 1795 591 eo-

999 618 1057 638 rum
1072 611 1214 646 loquentes
1232 611 1400 646 iniquitatem
1417 610 1470 645 legi
1494 610 1682 641 contrariam,
1701 615 1728 635 et
1742 615 1797 636 tan-

999 661 1056 684 tum
1080 657 1216 684 nocebunt
1235 657 1315 684 verba
1331 657 1489 684 docentium
1515 655 1671 683 multorum
1694 661 1799 682 contra-

999 701 1050 731 ria,
1076 705 1106 728 ut
1130 701 1210 728 etiam
1243 701 1388 729 ferventem
1421 701 1601 728 dilectionem
1632 708 1696 735 quae
1727 702 1797 733 prius

999 747 1089 774 fuerat
1114 747 1141 774 in
1169 747 1342 782 simplicitate
1373 747 1455 780 ﬁdei,
1488 747 1674 783 refrigescere
1702 747 1800 774 faciam

1000 794 1195 821 existimationi
1209 793 1464 829 comprehensionis
1477 794 1638 821 divinorum
1656 794 1799 829 mysterio-

1001 847 1060 867 rum
1086 843 1114 866 et
1128 839 1260 867 veritatis.
1289 838 1342 866 Sel
1367 839 1415 874 qui
1439 840 1564 874 potuerit
1580 839 1679 867 videns
1709 840 1799 866 omnia

1001 887 1058 914 hzec
1085 894 1196 914 manere
1226 886 1252 913 in
1284 885 1372 921 primo
1401 886 1563 921 apostolicae
1592 885 1755 913 traditionis
1774 891 1797 912 et

1000 932 1192 960 ecclesiastica:
1220 931 1388 960 inductionis
1416 932 1584 967 proposito,
1614 932 1675 966 ipse
1708 932 1796 958 satia-

1000 979 1073 1006 bitur
1089 987 1096 1006 :
1114 983 1141 1006 et
1170 979 1209 1006 sic
1232 978 1408 1013 praedicatum
1439 978 1622 1013 Evangelium
1645 978 1673 1005 in
1693 978 1800 1004 animas

999 1022 1134 1055 omnium,
1154 1023 1206 1050 erit
1223 1022 1249 1049 in
1266 1023 1450 1051 testimonium
1465 1023 1595 1050 omnibus
1610 1023 1754 1058 gentibus,
1771 1023 1796 1050 id

999 1073 1041 1096 est
1067 1069 1196 1096 omnibus
1225 1069 1437 1104 cogitationibus
1477 1069 1632 1100 incredulis
1672 1071 1797 1097 omnium

1000 1114 1166 1142 animarum.

1041 1161 1086 1188 40.
1110 1161 1177 1188 Cum
1207 1162 1325 1189 videritis
1347 1161 1578 1189 ahominatiouem
1604 1161 1797 1191 desolationis,

999 1207 1068 1241 quod
1084 1207 1213 1242 scriptum
1225 1212 1263 1234 cst
1275 1216 1321 1242 per
1334 1207 1471 1235 Danielem
1493 1208 1666 1242 prophetam,
1686 1213 1797 1234 stantem

999 1251 1026 1278 in
1041 1251 1099 1278 loco
1116 1257 1218 1283 sancto,
1236 1253 1281 1286 qui
1300 1252 1363 1287 legit
1389 1252 1535 1286 intelligat.
1555 1252 1650 1279 Verba
1663 1253 1796 1288 propheta

999 1304 1060 1332 qua:
1081 1297 1188 1325 locutus
1207 1302 1250 1325 est
1269 1297 1302 1325 de
1323 1297 1531 1325 abominatione
1553 1297 1739 1325 desolationis
1760 1298 1795 1325 fn-

999 1347 1078 1374 turzc.
1095 1347 1160 1371 sunt
1175 1343 1232 1371 haec
1247 1353 1253 1370 :
1271 1343 1305 1371 Et
1319 1343 1485 1378 conﬁrmabit
1499 1348 1694 1371 testamentum
1710 1344 1794 1370 multis

999 1389 1146 1423 septimana
1169 1397 1239 1422 una,
1261 1394 1286 1416 et
1309 1390 1337 1416 in
1361 1389 1474 1416 dimidio
1506 1390 1668 1424 septimamr
1693 1389 1794 1416 tolletur

998 1436 1175 1471 ueri/icium,
1195 1441 1220 1463 et
1242 1436 1348 1468 libatio,
1363 1441 1387 1463 et
1409 1444 1489 1471 super
1506 1436 1637 1471 templum
1658 1436 1794 1462 abomine-

1000 1483 1036 1509 tio
1055 1482 1226 1509 desolationis
1248 1483 1311 1515 erit,
1331 1486 1356 1509 et
1377 1491 1459 1517 usque
1480 1482 1516 1509 ad
1540 1483 1793 1509 consummationem

998 1529 1124 1563 temporis
1139 1529 1332 1555 consummatio
1343 1528 1453 1555 dabitur
1464 1537 1545 1563 super
1558 1528 1754 1555 desolationem
1764 1528 1792 1553 ε’.

998 1574 1068 1602 Vere
1100 1574 1210 1609 quidem
1244 1574 1473 1609 comprehendere
1508 1581 1656 1602 sermones
1678 1573 1790 1600 Danielii

998 1620 1100 1647 nullius
1115 1619 1228 1648 alterius
1248 1624 1301 1652 est,
1316 1620 1368 1647 nisi
1384 1620 1505 1655 Spiritus
1527 1619 1618 1648 sancti
1635 1619 1684 1654 qui
1703 1619 1753 1646 fuit
1767 1619 1790 1646 in

999 1665 1119 1699 Daniele,
1141 1670 1171 1693 ιιι
1205 1665 1238 1693 de
1275 1665 1436 1700 septimanis
1471 1666 1605 1692 omnibus
1641 1666 1794 1692 manifeste:

997 1719 1151 1739 sermonem
1185 1715 1212 1738 et
1232 1710 1265 1738 de
1289 1711 1493 1738 ahominatioue
1519 1710 1706 1738 desolationis
1727 1711 1792 1737 dicta

997 1759 1032 1785 ab
1047 1765 1091 1786 eo.
1114 1757 1142 1785 Si
1166 1762 1256 1785 autem
1278 1761 1385 1792 oportet
1411 1761 1436 1784 et
1460 1764 1512 1784 nos
1529 1765 1619 1792 pauca
1643 1757 1790 1784 secundum

997 1804 1069 1839 quod
1086 1804 1165 1831 nobis
1180 1804 1297 1837 videtur,
1316 1810 1452 1838 exponere
1474 1803 1509 1830 de
1531 1804 1585 1830 hoc
1609 1803 1686 1835 loco,
1706 1804 1791 1831 dicen-

997 1850 1061 1877 dum
1082 1853 1124 1877 est
1144 1849 1275 1884 quoniam
1301 1849 1472 1884 septuaginta
1499 1855 1591 1877 annos
1615 1849 1664 1884 qui
1687 1849 1790 1876 fuerunt

998 1900 1060 1931 post
1082 1896 1228 1923 adventum
1248 1894 1398 1922 Salvatoris
1421 1895 1519 1928 nostri,
1541 1894 1739 1922 demonstrare
1757 1896 1792 1920 vi-

998 1941 1077 1968 detur
1101 1948 1201 1968 sermo.
1236 1939 1299 1968 Hier.
1313 1940 1387 1967 enim
1416 1940 1571 1975 septimana
1597 1948 1662 1975 quas
1687 1946 1791 1975 propter

998 1990 1102 2022 septem
1125 1986 1242 2014 decadas
1266 1993 1400 2013 annorum
1417 1985 1520 2013 dicitur
1542 1986 1714 2020 septimana,
1734 1994 1792 2014 con-

998 2032 1088 2060 ﬁrmat
1119 2036 1312 2059 testamentum
1350 2031 1456 2062 multis.
1488 2033 1602 2066 quando
1629 2037 1658 2059 et
1681 2032 1789 2067 apostoli

997 2077 1100 2106 Christi
1118 2082 1180 2112 post
1201 2077 1387 2105 ascensionem
1409 2077 1496 2112 ipsius
1519 2077 1642 2104 orationi
1664 2082 1693 2104 et
1717 2078 1789 2104 verbo

999 2124 1135 2152 instantes
1159 2132 1174 2151 a
1193 2123 1249 2152 Deo
1271 2123 1497 2151 illuminahantur
1522 2124 1550 2150 in
1569 2131 1684 2150 onmem
1710 2124 1789 2151 scies-

156 2166 312 2194 tribulatur.
340 2165 473 2198 Quoniam
499 2167 644 2202 perfectior
669 2169 806 2197 invenitur
820 2170 946 2199 Christus
963 2179 985 2207 ι)
1001 2170 1065 2197 tiam
1081 2169 1229 2198 voluntatis
1245 2169 1400 2197 divinarum
1417 2168 1627 2204 Scripturarum
1660 2174 1689 2196 et
1709 2177 1725 2196 a
1739 2170 1791 2203 Spi-

156 2212 182 2238 in
206 2219 250 2243 eo,
279 2212 313 2239 ab
339 2212 467 2239 omnibus
489 2212 644 2240 odientihus
658 2213 798 2242 Christum
825 2216 943 2250 odietur,

156 2265 209 2284 non
225 2261 330 2284 tantum
347 2265 361 2284 a
376 2258 503 2292 gentibus
515 2258 642 2286 omnibus
656 2260 805 2287 secundum
822 2269 943 2295 carnem,

155 2307 287 2338 quantum
314 2311 329 2330 ιι
344 2304 475 2338 gentibus
485 2304 647 2339 spiritalium
664 2306 856 2340 nequitiarum.
885 2307 944 2342 Ipsa

155 2350 228 2377 I'ttim
250 2350 408 2385 Implautata
427 2350 612 2378 manifestatio
628 2352 825 2386 proprietatum
841 2353 944 2381 Christi

156 2396 182 2422 lu
204 2403 247 2428 eo,
275 2401 386 2431 propter
409 2404 479 2432 quas
505 2402 531 2425 et
544 2398 644 2426 dicitur
667 2398 858 2432 Christianus,
881 2400 947 2428 facit

155 2450 218 2469 eum
239 2443 277 2470 ab
286 2443 415 2470 omnibus
434 2443 597 2472 habentibus
612 2445 743 2480 spiritum»
754 2447 847 2474 mundi
863 2447 947 2480 odiri,

156 2488 189 2515 ad
205 2488 398 2523 perfectionem
426 2489 515 2517 adhuc
530 2490 633 2518 Christi
651 2491 768 2526 amplius
784 2497 812 2519 et
828 2493 945 2527 amplius

156 2535 377 2563 contendentem.
409 2535 461 2564 Sed
489 2541 516 2565 et
541 2537 568 2564 in
595 2538 816 2566 dissensionibus
832 2543 947 2574 etquae-

156 2581 292 2609 stionihus
305 2582 383 2616 pauci
398 2588 480 2610 erunt
506 2584 602 2611 intenti
618 2584 760 2611 veritatem
775 2584 882 2619 plenius
906 2590 947 2612 at-

157 2628 301 2663 tingemus.
315 2628 410 2656 Plures
425 2633 515 2656 autem
533 2629 791 2656 scandalizabuntur
808 2634 834 2656 et
850 2630 947 2657 cadent

157 2674 191 2698 ah
203 2681 245 2703 ea,
259 2673 410 2707 proditores
420 2679 446 2701 ct
457 2679 630 2701 accusatores
640 2673 726 2701 etfeeti
745 2674 771 2700 in
783 2674 944 2701 alterutrum

158 2723 266 2752 propter
286 2718 484 2747 dissensionem
509 2719 667 2755 dogmatum
693 2719 832 2751 veritatis,
861 2727 943 2754 quam

211 2809 232 2825 ⁸⁵³
243 2808 264 2834 ll
277 2809 372 2837 Thess.
388 2817 428 2842 Ill,
449 2809 476 2842 2,
496 2811 521 2838 3.
559 2811 582 2827 ⁹⁶
594 2811 666 2838 Psal.
682 2819 730 2843 vn,
743 2810 788 2838 9.0.

827 2811 848 2827 “
866 2811 957 2840 Matth.

999 2214 1053 2241 ritu
1067 2219 1172 2241 sancto.
1192 2213 1220 2240 ln
1236 2214 1348 2241 dimidio
1364 2218 1455 2240 autem
1475 2214 1648 2248 septimanae,
1662 2214 1690 2241 id
1710 2220 1751 2242 est
1767 2215 1787 2240 in

999 2259 1086 2287 tribus
1107 2263 1134 2286 et
1153 2259 1237 2287 semis
1265 2260 1376 2287 dccadis
1398 2267 1535 2286 annorum
1550 2279 1558 2292 ,
1584 2261 1730 2287 sublatum
1756 2266 1788 2287 est

999 2304 1163 2331 sacriﬁcium
1188 2304 1294 2336 altaris,
1308 2304 1333 2331 id
1351 2308 1392 2331 est
1414 2303 1441 2330 in
1457 2304 1570 2340 triginta
1590 2306 1719 2340 quinque
1749 2314 1790 2332 an-

1001 2350 1043 2377 nis
1060 2349 1200 2384 impletum
1223 2355 1264 2378 est
1278 2350 1350 2385 quod
1373 2349 1463 2377 fuerat
1482 2350 1616 2385 scriptum
1632 2359 1640 2377 :
1661 2351 1696 2378 In
1716 2352 1788 2378 dini-

1000 2393 1045 2420 tlio
1061 2395 1216 2428 septimana
1241 2395 1349 2421 tolletur
1359 2395 1524 2429 sacriﬁcium
1537 2396 1624 2431 859
1644 2402 1669 2423 et
1690 2397 1786 2424 libatis.

1036 2439 1114 2467 Tunc
1128 2444 1220 2467 autem
1236 2447 1319 2474 super
1333 2440 1463 2474 templum
1485 2442 1561 2475 quod
1579 2441 1633 2468 fuit
1646 2441 1673 2468 in
1686 2440 1787 2469 Jeroso

1001 2485 1091 2522 lymis,
1117 2485 1190 2513 facta
1215 2490 1257 2514 est
1272 2486 1438 2515 abominatio
1461 2487 1644 2515 desolationis
1664 2489 1753 2523 templi
1767 2494 1787 2515 et

1001 2531 1128 2565 civitatis,
1147 2532 1175 2559 in
1196 2539 1229 2560 eo
1254 2531 1381 2560 videlicet
1404 2537 1528 2567 tempore
1543 2534 1659 2568 quando
1673 2535 1785 2561 viderunt

1000 2580 1198 2607 circumdatam
1224 2578 1376 2607 Jerusalem
1391 2579 1425 2607 ab
1438 2581 1576 2612 exercitu,
1601 2585 1632 2608 ut
1649 2582 1784 2609 secundum

1001 2627 1073 2662 quod
1101 2628 1311 2662 prophetaverat
1335 2626 1461 2654 Salvator
1486 2627 1521 2654 de
1545 2635 1601 2659 ea,
1631 2633 1782 2664 cognoscant

1001 2674 1073 2708 quod
1090 2673 1260 2708 appropiavit
1272 2673 1405 2701 desolatio
1420 2673 1490 2707 ejus.
1514 2672 1549 2701 Et
1566 2675 1640 2702 hanc
1653 2675 1780 2703 desolatio-

1001 2718 1044 2745 nis
1058 2718 1290 2745 ahominatiouem
1307 2717 1405 2744 factam
1418 2724 1502 2752 super
1519 2719 1656 2753 templum
1669 2718 1701 2746 ab
1715 2725 1779 2744 cur.

979 2818 1054 2844 xxiv,
1071 2810 1114 2838 15.
1151 2809 1174 2825 ⁹¹
1185 2807 1253 2836 Dan.
1270 2807 1369 2838 ".27.
