1841 3053
39 128 106 161 tam

604 128 930 158 COMMENTMHORU.“
952 129 1089 157 SEfllES.‘

1589 130 1658 158 liii/3‘8

31 191 88 218 eitu
111 190 262 217 Jerusalem
287 186 482 222 circumdante,
508 187 574 215 dicit
593 188 724 222 propheta
736 194 822 222 usque
836 190 857 218 Α
875 186 908 213 Et
930 187 1095 221 confirmabit
1120 191 1300 214 (“laniculum
1318 187 1407 214 mu’tit
1423 187 1567 220 septimana
1589 198 1655 221 vita,

32 236 63 262 ad
79 239 189 268 tempus
205 231 449 260 consummationis
466 239 585 264 manere,
604 236 632 259 ut
645 239 820 260 e0nsumma-

31 280 69 306 tio
93 279 142 306 liat
168 278 261 306 mundi
285 284 367 311 super
390 277 587 304 desolationem
616 277 767 304 Jerusalem
793 283 820 304 et

31 323 125 360 templi
137 323 210 359 quod
226 328 266 351 est
278 323 305 350 in
319 331 361 351 ea.
378 323 412 350 Et
426 324 472 350 ubi
487 327 551 351 sunt
563 323 610 358 qui
624 330 653 350 se
666 323 760 350 dicunt
772 321 819 350 Ju-

29 370 104 398 dmos
118 373 148 397 et
164 377 217 396 non
232 369 315 396 sunt?
331 369 378 404 qui
391 369 499 400 dicunt,
516 368 696 396 aedificabitur
708 367 819 395 Jerusa-

29 415 81 444 lem
96 424 160 451 quas
173 420 215 443 est
226 417 354 444 deorsum
368 437 375 449 ,
403 417 561 451 priusquam
578 416 672 443 saeculi
689 423 817 443 consum-

30 462 116 488 matio
131 462 196 488 flat?
216 461 425 494 Consummatio,
443 462 540 496 inquit,
554 460 663 487 dabitur
677 468 755 495 super
769 461 817 487 dc-

29 508 189 535 solutionem
213 508 280 542 ejus.
309 506 338 534 Si
360 511 449 534 atttem
474 507 652 534 :edilicabitur
676 507 815 541 templum,

27 553 211 581 asdilicabitur
233 553 257 580 ei
279 554 323 588 qui
348 553 503 580 adversatur
523 558 548 579 et
574 553 713 580 extollitur
735 561 816 587 supra

28 607 102 625 onme
127 599 198 634 quod
221 599 322 625 dicitur
345 598 425 628 Deus,
450 603 496 625 aut
511 598 617 630 colitur,
641 602 670 624 ut
686 598 773 624 sedeat
789 598 815 624 in

28 643 123 678 templo
147 644 302 679 Itujusmodi
316 663 324 675 ,
339 643 474 670 ostendens
493 651 519 670 se
536 643 613 678 quasi
636 643 671 669 sit
687 642 756 669 Dcus
769 643 792 658 ”
808 653 813 670 :

27 697 101 724 quem
120 689 248 716 Dominus
270 688 347 716 lusus
372 689 510 723 interﬁciet
536 689 631 722 spiritu
644 689 697 715 oris
711 689 769 720 sui,
790 691 815 714 et

27 736 142 761 destruet
158 734 354 761 illutniuatione
369 734 493 761 adven/us
505 734 546 760 sui
558 734 590 760 “.
605 734 666 761 Sive
680 741 744 769 ergo
757 733 814 768 pla-

27 786 85 808 ceat
116 780 282 815 quibusdam
309 778 435 806 aediﬁcari
464 779 534 806 hanc
558 778 707 806 Jerusalem
732 787 814 813 super

27 829 139 858 terram,
168 829 259 852 tamen
283 824 415 851 non'erit
439 823 536 851 falsum
560 824 632 858 quod
655 824 753 852 dicitur
767 824 811 850 ἐς

27 870 229 897 Consummatio
251 873 289 897 est
312 869 402 896 danda
427 877 503 904 super
515 870 702 897 desolationem
718 869 809 904 ipsius.

28 916 54 943 Si
69 919 162 943 autem
184 918 290 950 oportet
311 915 385 942 etde
399 915 564 950 temporibus
589 915 689 949 aliquid
709 916 809 948 dicere,

26 961 142 988 dicimus
159 961 291 996 quoniam
307 960 335 988 in
350 960 488 988 Claronicis
500 960 655 995 Phlegontis
670 960 810 994 cujusdam

26 1007 123 1035 dicitur
141 1007 176 1042 (si
193 1011 282 1034 tamen
303 1007 434 1034 debemus
458 1011 484 1034 et
507 1006 579 1033 hunc
592 1005 668 1040 quasi
687 1013 750 1033 vera
768 1005 810 1033 di-

26 1058 129 1079 centem
153 1051 187 1079 de
210 1051 311 1086 templo
331 1051 491 1086 suscipere),
509 1051 637 1084 quoniam
654 1051 725 1077 circa
742 1058 810 1085 qua-

27 1098 211 1133 dragesimum
238 1105 339 1124 annum
358 1105 372 1124 a
390 1098 487 1132 quinto
502 1097 608 1124 decimo
622 1104 693 1123 anno
709 1095 809 1123 Tiberii

25 1143 139 1170 Cresaris
157 1142 229 1170 facta
253 1147 294 1170 est
319 1143 468 1170 destructio
494 1141 644 1169 Jerusalem
669 1146 696 1168 et
718 1141 808 1176 templi

25 1188 95 1222 quod
115 1187 167 1215 fuit
185 1188 213 1214 in
230 1195 272 1215 ca.
298 1187 388 1215 Deduc
403 1195 468 1222 ergo
482 1187 680 1222 prmdicationis
702 1187 809 1214 Domini

26 1234 78 1261 lere
100 1241 189 1262 annos
213 1239 277 1266 tres,
302 1237 329 1260 et
350 1238 457 1268 tempus
482 1233 689 1260 resurrectionis
715 1233 808 1267 ipsius,

26 1279 133 1314 quando
156 1287 206 1314 per
229 1280 286 1307 dies
312 1274 490 1314 quadraginta
511 1287 645 1314 apparens
660 1279 712 1306 illis
729 1279 804 1306 doce-

27 1324 70 1352 bat
82 1332 129 1352 eos
143 1325 178 1352 de
189 1332 273 1360 regno
288 1324 351 1358 Dei,
369 1329 395 1352 et
413 1325 534 1353 invenies
553 1325 665 1352 forsitan
680 1325 741 1359 plus
758 1325 809 1351 mi-

27 1377 76 1397 nus
90 1379 96 1398 :
112 1371 242 1406 quoniam
259 1371 332 1398 circa
349 1371 491 1398 dimidium
505 1371 678 1406 septimana,
695 1379 808 1405 compu-

27 1418 85 1442 tans
109 1423 156 1450 per
178 1416 295 1444 decadas
308 1424 454 1449 annorum,
478 1421 519 1444 est
543 1416 709 1451 completum
734 1415 807 1451 quod

26 1460 122 1488 dictum
134 1465 178 1489 est
191 1461 214 1477 "
231 1471 238 1489 :
257 1461 373 1490 Tollclur
389 1463 552 1497 sacriﬁcium
571 1470 655 1489 meum
667 1467 691 1489 et
703 1462 806 1495 libatio,

27 1506 142 1540 quando,
158 1511 186 1535 et
198 1514 280 1543 super
302 1508 431 1542 templum
448 1507 616 1535 abominatio
631 1507 806 1535 desolationis

25 1557 64 1578 est
77 1551 157 1586 facta,
184 1561 244 1588 quae
256 1553 389 1581 desolatio
403 1561 490 1589 usque
505 1553 538 1581 ad
555 1558 661 1588 tempus
676 1561 805 1582 consum-

26 1599 149 1626 mationis
171 1600 298 1628 manebit.
333 1600 532 1628 Consummatio
547 1600 637 1633 enim,
657 1601 804 1628 secundum

25 1644 92 1677 quod
107 1643 238 1678 diximus,
249 1645 358 1672 dabitur
368 1653 446 1680 super
455 1645 654 1672 drsolationem.
673 1644 701 1672 Si
715 1650 805 1673 autem

25 1694 127 1717 constat
148 1691 228 1719 nobis
243 1691 306 1718 talis
320 1691 430 1719 traditio
443 1691 599 1726 septimanae
609 1710 617 1723 ,
641 1691 804 1724 dicentibus,

24 1740 152 1767 quantum
170 1737 204 1762 ad
219 1734 332 1768 dictum,
356 1735 496 1771 impletum
521 1742 583 1763 esse
606 1735 679 1770 quod
702 1735 804 1763 dictum

23 1783 79 1811 est,
95 1786 149 1807 non
173 1779 261 1809 solum
276 1790 283 1808 :
303 1781 420 1808 Tolletur
432 1781 593 1816 sacri/icium
610 1789 694 1808 meum
705 1802 712 1814 ,
726 1785 751 1808 et
771 1781 805 1808 li-

25 1822 109 1857 batia,
134 1826 182 1853 sed
198 1827 280 1854 etiam
295 1826 360 1854 illud
375 1827 446 1862 quod
464 1828 595 1862 scriptum
611 1831 671 1860 est,
695 1832 725 1854 ut
740 1827 806 1855 abo-

25 1868 132 1897 minatio
141 1871 342 1899 desolationum
352 1880 434 1907 super
444 1873 572 1908 templum
584 1873 734 1907 contingat,
746 1873 806 1901 sine

25 1914 103 1942 dubio
119 1915 263 1944 manifeste
284 1917 438 1944 ostenditur
461 1917 592 1944 adventus
605 1916 706 1943 Christi
723 1917 804 1945 etiam

25 1967 54 1986 ex
77 1961 164 1989 verbis
185 1962 304 1990 Danielis
326 1963 464 1997 propheta
485 1962 601 1990 dicentis
617 1962 639 1977 ’⁷
657 1970 663 1989 :
690 1961 805 1996 Septua-

25 2004 94 2038 ginta
105 2007 259 2041 septimana:
277 2007 387 2034 concisa;
398 2011 458 2033 sunt
479 2014 557 2041 super
572 2006 697 2041 populum
719 2011 803 2039 tuum,

25 2055 47 2076 el
62 2059 137 2086 super
156 2053 290 2080 civitatem
311 2057 431 2080 sanctam
455 2058 483 2079 ut
505 2056 702 2079 consummelur
713 2060 806 2087 pecca—

26 2099 87 2131 tum,
102 2103 127 2125 et
142 2099 261 2133 signetur
273 2103 418 2132 peccatum,
437 2102 461 2124 et
482 2097 621 2124 deleantur
641 2097 804 2132 iniquitates,

25 2145 46 2166 et
58 2147 84 2169 ut
95 2143 244 2171 adducatur
259 2144 368 2178 justitia
384 2151 481 2171 (eterna
491 2164 498 2176 ,
519 2148 544 2170 et
557 2147 584 2169 ut
598 2143 715 2177 signetur
727 2143 802 2175 visio,

869 240 896 263 et
911 241 1017 263 caetera.
1045 236 1170 262 Arbitror
1185 240 1274 263 autem
1292 236 1462 270 septuaginta
1489 237 1656 270 srptimanas

868 281 993 310 concisas
1019 289 1102 316 super
1127 282 1256 316 populum
1281 286 1308 308 et
1330 289 1412 316 super
1430 282 1567 308 ci\itatem
1591 291 1656 309 san-

868 331 940 354 ctam
952 347 960 360 ,
978 331 1008 354 ut
1020 331 1225 354 consummetnr
1248 331 1388 361 peccatum
1400 347 1407 359 ,
1431 332 1548 361 quatuor
1570 328 1652 354 millia

869 378 1019 408 nongentos
1042 380 1102 400 esse
1126 380 1213 400 annos
1235 373 1268 399 ah
1289 372 1374 399 Adam
1397 381 1482 407 usque
1495 373 1527 400 ad
1544 378 1653 408 septua-

868 419 942 453 ginta
956 426 1041 445 annos
1057 418 1102 453 qui
1118 417 1227 445 fuerunt
1251 422 1312 452 post
1326 418 1556 452 dispensationem
1573 418 1652 445 Citri-

868 463 913 491 sti.
947 463 1170 490 Consummatum
1205 467 1247 490 est
1280 463 1352 489 enim
1377 469 1516 497 peccatum
1549 465 1650 497 populi.

867 511 977 541 propter
1000 507 1071 541 quod
1089 512 1116 534 et
1130 514 1145 532 a
1161 505 1214 533 Deo
1231 511 1273 533 est
1295 506 1449 533 derelictus.
1484 507 1517 534 Et
1541 507 1650 534 illorum

867 552 975 586 quidem
989 557 1128 587 peccatum
1147 551 1281 587 signatum
1294 556 1335 578 cst
1345 573 1352 583 ,
1377 553 1544 579 credentium
1559 557 1654 579 autem.

867 595 998 631 injustitia
1026 601 1068 624 est
1082 596 1179 627 deleta,
1195 600 1221 622 et
1236 601 1297 630 post
1313 595 1474 622 delctionetn
1492 596 1552 630 ejus
1566 596 1650 622 addu-

866 647 909 670 cta
924 647 966 670 est
981 643 1007 670 in
1022 643 1132 671 Christo
1145 644 1196 670 vita
1214 647 1324 670 mtcrna.
1358 641 1409 668 Sed
1424 642 1552 676 quoniam
1569 641 1609 668 lex
1623 647 1654 669 et

866 688 1003 723 propheta:
1012 696 1098 724 u5que
1109 690 1141 716 ad
1154 688 1297 719 Joannem.
1311 687 1356 723 qui
1370 687 1487 714 ostendit
1500 687 1651 720 Christum,

865 739 1006 769 propterea
1020 739 1086 769 puto
1101 735 1202 762 dictum
1220 735 1322 770 signari
1341 734 1473 761 visionem
1487 738 1512 761 et
1529 734 1647 769 prophe-

865 780 941 806 tiam.
967 779 1034 806 Nam
1050 781 1180 815 quoniam
1197 787 1370 815 nequaquam
1386 783 1449 807 sunt
1468 780 1493 806 in
1509 780 1648 814 prophetis

864 825 984 853 visiones
1008 831 1068 860 post
1092 826 1243 859 Joannem,
1271 825 1331 853 ideo
1358 825 1462 860 signata
1479 830 1521 853 est
1539 826 1607 853 visio
1621 830 1648 853 ct

863 871 1013 905 prophetia.
1032 871 1143 906 Signata
1159 876 1249 899 autem
1264 871 1368 899 visione
1380 876 1405 898 et
1419 871 1560 906 prophetia
1571 893 1578 904 ,
1595 879 1647 897 un-

863 921 923 945 ctus
946 923 987 944 est
1012 918 1167 952 ttnigrnitus
1184 918 1302 945 Sanctus
1328 922 1486 945 sanctorum
1509 916 1646 945 Christus.

862 963 947 996 Quem
969 962 1108 990 Christtnn
1125 967 1237 990 unctum
1257 967 1444 998 cognoverunt
1468 963 1604 997 prophetae
1622 969 1649 990 et

862 1008 965 1040 Daniel,
975 1012 1000 1034 et
1014 1008 1204 1035 intellexerunt
1220 1009 1313 1044 aliquo
1328 1009 1409 1036 modo
1425 1009 1459 1035 ab
1473 1008 1545 1035 exitu
1561 1008 1649 1040 verbi,

861 1054 970 1088 quando
995 1053 1071 1080 verba
1090 1053 1196 1080 Domini
1219 1054 1278 1081 αα·ιί
1297 1054 1399 1089 [ἰηπαιί
1426 1058 1488 1081 sunt
1498 1055 1532 1080 ’³.
1563 1053 1594 1081 Et
1613 1054 1651 1081 ah

860 1099 934 1126 exitu
954 1098 1045 1131 verbi,
1073 1099 1236 1134 respondere
1262 1100 1288 1126 in
1315 1099 1432 1132 sanctis,
1457 1099 1503 1134 qui
1521 1099 1555 1127 ab
1571 1100 1651 1127 initio

861 1143 972 1171 fuerunt
990 1149 1016 1170 et
1037 1145 1175 1179 prophetis
1190 1143 1309 1176 Domini,
1325 1144 1371 1171 sed
1385 1148 1411 1171 et
1426 1144 1553 1171 tediticari
1568 1143 1648 1171 Jeru-

861 1190 965 1222 salem,
994 1197 1080 1224 uSquc
1095 1189 1128 1217 ad
1144 1189 1283 1217 Christum
1306 1189 1403 1217 ducem
1422 1191 1588 1216 transierunt
1603 1197 1647 1217 se-

859 1235 986 1270 ptimana:
1000 1235 1139 1270 sexaginta
1156 1236 1217 1262 dua:
1229 1256 1236 1266 .
1261 1236 1313 1263 hoc
1337 1240 1378 1263 est
1399 1236 1517 1270 primum
1535 1235 1646 1270 quidem

859 1282 922 1308 anni
935 1281 1123 1316 quadringenti
1142 1281 1369 1316 nonaginta,qu:e
1385 1280 1452 1308 liunt
1467 1288 1514 1315 per
1527 1281 1645 1308 decadas

859 1331 1020 1361 computatae
1033 1327 1192 1361 septimana:
1203 1331 1316 1361 septem.
1336 1327 1399 1354 Post
1410 1327 1462 1355 hoc
1474 1332 1563 1354 autem
1580 1327 1647 1353 anni

858 1376 975 1406 quatuor
993 1372 1077 1398 millia
1096 1372 1210 1399 trecenti
1236 1372 1434 1407 quadraginta,
1459 1372 1505 1407 qui
1522 1371 1590 1399 tiunt
1607 1372 1640 1399 si-

859 1417 959 1444 militer
985 1425 1033 1452 per
1057 1418 1173 1445 decadas
1197 1422 1362 1452 computataz
1385 1417 1543 1452 septimame
1566 1425 1647 1445 sexa-

857 1463 930 1498 ginta
944 1462 1015 1490 duas.
1034 1462 1099 1490 Post
1114 1471 1184 1498 quos
1196 1470 1328 1494 reversus,
1338 1467 1380 1491 est
1390 1463 1528 1494 Christus,
1540 1467 1566 1489 et
1580 1463 1645 1489 :cdi-

859 1508 947 1535 llravit
964 1508 1079 1543 plateam
1094 1509 1120 1535 in
1134 1516 1187 1543 qtta
1205 1508 1336 1542 sapientia
1356 1508 1516 1535 tiducialitcr
1532 1508 1596 1543 agit.
1616 1512 1644 1534 ct

858 1561 966 1580 murttm
984 1554 1010 1580 in
1023 1553 1101 1588 cujus
1115 1553 1223 1589 fastigio
1239 1554 1412 1588 prmdicatur.
1432 1553 1567 1580 Evacuata
1582 1558 1645 1581 sunt

857 1605 947 1627 autem
964 1600 1054 1634 populi
1072 1605 1193 1634 tempora
1204 1620 1210 1631 ,
1225 1604 1366 1635 propterea
1379 1600 1451 1634 quod
1467 1607 1551 1634 super
1565 1599 1644 1627 aduli-

858 1650 898 1673 tas
914 1650 1015 1680 septem
1032 1646 1209 1680 septimanas,
1227 1646 1367 1680 sexaginta
1383 1645 1453 1672 duas
1467 1645 1646 1680 srptimanas,

857 1691 993 1718 sublatum
1008 1695 1049 1718 est
1062 1699 1077 1717 a
1090 1690 1190 1726 populo
1205 1691 1324 1718 chrisma
1342 1691 1414 1726 qttod
1427 1690 1479 1717 fuit
1491 1691 1516 1717 in
1531 1690 1646 1724 templo,

857 1741 886 1764 ut
908 1737 964 1772 jam
989 1744 1043 1763 non
1068 1736 1103 1764 sit
1122 1736 1255 1770 judicium
1274 1736 1344 1771 apud
1362 1744 1420 1763 eos.
1449 1736 1501 1763 Sed
1527 1740 1554 1763 et
1578 1736 1644 1763 civi-

856 1786 898 1809 tas
914 1786 940 1809 et
956 1787 1079 1810 sanetum
1103 1785 1261 1816 corruptum
1292 1786 1332 1808 est
1347 1789 1408 1808 cum
1431 1782 1641 1816 superveniente

856 1833 950 1862 postea
964 1828 1032 1854 duce
1049 1826 1147 1861 populo
1167 1826 1215 1857 illi,
1233 1826 1289 1853 sive
1305 1825 1422 1859 Herode,
1437 1827 1495 1854 sive
1511 1825 1641 1860 Agrippa.

857 1874 934 1902 llunc
945 1874 1017 1902 enim
1032 1874 1097 1901 dicit
1111 1881 1171 1901 esse
1187 1873 1300 1900 historia
1313 1872 1480 1901 .Indzeorum.
1514 1872 1566 1900 Sed
1581 1873 1643 1899 ride

856 1929 890 1949 ne
904 1925 983 1956 putes
996 1921 1067 1956 quod
1081 1920 1120 1947 ait
1134 1920 1272 1954 corrumpi
1289 1927 1350 1947 eum
1365 1921 1434 1946 duce
1449 1918 1583 1950 veniente,
1599 1926 1641 1944 re-

856 1966 920 1993 ferri
944 1966 977 1992 ad
1000 1964 1151 1992 Christum.
1177 1963 1227 1991 Ubi
1244 1964 1316 1991 enim
1329 1964 1413 1991 voluit
1427 1963 1514 1998 ipsum
1528 1963 1642 1998 intelligi

855 2011 1008 2044 Christum,
1024 2011 1148 2046 utrisque
1161 2009 1318 2037 nominibus
1335 2017 1400 2036 usus
1414 2013 1456 2036 est
1472 2008 1575 2041 Daniel,
1596 2008 1642 2034 di-

855 2065 930 2090 cens,
956 2065 1037 2091 usque
1060 2056 1093 2082 ad
1119 2056 1254 2082 Christum
1279 2054 1379 2081 ducent.
1411 2053 1526 2087 Quando
1549 2059 1643 2080 autem

855 2107 926 2130 tacet
941 2110 1038 2130 nomen
1055 2101 1165 2133 Christi,
1181 2100 1409 2134 corrumpendum
1424 2099 1573 2127 introducit
1588 2100 1639 2127 du-

857 2155 915 2175 cem
926 2168 933 2178 ,
961 2147 1090 2182 quoniam
1106 2146 1204 2174 defecit
1218 2146 1272 2173 dux
1289 2149 1350 2181 post
1363 2145 1501 2173 Christum
1512 2166 1519 2179 ,
1541 2149 1569 2172 et
1584 2146 1641 2172 dux

25 2191 47 2211 ει
58 2189 214 2222 prophetia:
229 2194 253 2216 et
269 2195 382 2224 ungetur
398 2188 511 2216 Sanctus
525 2193 693 2219 sanctorum,
718 2194 742 2215 et
758 2197 802 2215 co-
818 2187 840 2215 Ι)
853 2193 887 2221 de
914 2193 1064 2220 femoribus
1089 2192 1149 2228 ejus
1173 2192 1217 2225 θ’,
1245 2192 1321 2218 venit.
1349 2192 1421 2219 enim
1447 2191 1490 2219 cui
1522 2192 1641 2226 reposita

25 2239 122 2265 gnoscet
135 2235 283 2271 intelligens
299 2235 330 2262 ab
342 2236 414 2262 exitu
429 2235 500 2262 verbi
516 2235 670 2270 respondere
681 2239 705 2262 et
718 2235 803 2269 indi/i—

24 2287 80 2308 tare
91 2281 240 2310 Jerusalem
253 2275 382 2318 usque‘arl
396 2283 532 2311 Christum
545 2283 636 2310 ducent
649 2283 802 2317 septimana:

24 2328 154 2362 uxaginta
169 2330 229 2356 duce
241 2338 250 2356 :
263 2334 287 2356 et
301 2334 475 2363 convertatur,
491 2335 515 2356 et
531 2329 737 2364 recedi/imbitur
748 2330 805 2364 pla-

25 2377 61 2398 tea
74 2379 98 2400 et
112 2383 214 2408 murus,
239 2380 263 2402 et
279 2376 476 2403 evacuabuntur
499 2380 615 2410 tempora
628 2383 637 2402 .'
651 2381 675 2403 et
690 2381 749 2409 post
761 2384 802 2402 se-

24 2417 148 2449 ptimanos
161 2421 299 2455 sexaginta
314 2421 382 2448 duas
395 2421 512 2448 interibit
527 2421 659 2452 unctio,ct
668 2421 801 2454 judicium

24 2469 69 2488 non
81 2469 117 2491 est
131 2466 157 2491 in
172 2474 214 2492 ea.
247 2467 387 2494 Civitatem
406 2472 493 2494 autent
507 2472 531 2493 et
545 2471 665 2493 sanctum
680 2475 800 2493 corruat-

23 2511 60 2538 tm
74 2516 131 2537 cum
151 2513 217 2539 duce
238 2513 369 2545 veniente,
395 2517 420 2539 et
439 2512 575 2539 excidatur
596 2513 623 2539 in
641 2512 758 2544 diluvio,
774 2518 798 2540 et

22 2556 98 2586 “que
113 2555 147 2582 ad
166 2557 243 2591 ﬁnem
267 2557 327 2584 belli
343 2557 441 2584 concisi
462 2557 607 2583 interitus:
623 2560 647 2583 et
659 2556 799 2590 confirma-

23 2594 55 2620 bit
70 2602 250 2628 testamentum
267 2602 357 2628 multis
375 2602 522 2636 septimana
544 2609 597 2628 una
607 2622 615 2634 ,
630 2606 654 2628 et
675 2602 701 2628 in
716 2601 796 2627 diuti-

23 2638 63 2664 dio
83 2644 233 2676 septimana:
258 2645 365 2672 tolletur
392 2645 569 2679 sacriﬁcium,
593 2650 619 2672 et
643 2645 752 2677 libatio,
773 2651 798 2672 ct

22 2684 103 2715 Pium:
118 2696 196 2724 usque
210 2690 245 2717 ad
260 2692 511 2718 consunmtatiouem
525 2691 714 2725 festinationis.
735 2691 798 2719 Post

24 2727 74 2755 lt-PC
88 2735 209 2767 sequitur
225 2743 315 2763 sermo
331 2745 411 2771 quem
429 2736 607 2771 exposuimus
621 2737 660 2763 sic
674 2737 776 2764 habens
789 2747 796 2765 :

23 2787 75 2834 ’,ἴ
91 2789 109 2834 ll
127 2791 211 2821 Thess
225 2803 274 2834 it,
293 2795 318 2822 ι.
373 2797 395 2811 "'
413 2796 477 2823 lltlzl.
494 2796 520 2822 8.

58 2823 120 2851 (λυιι.
136 2835 208 2860 un,
224 2829 263 2856 ιο.

577 2795 599 2811 ’⁵
618 2794 683 2822 Dan.
702 2803 727 2822 tx
740 2815 748 2828 ,
763 2795 809 2822 ΞΤ.

852 2239 935 2275 860
948 2243 1034 2266 erant.
1069 2237 1133 2265 Post
1145 2246 1225 2273 quem
1242 2237 1351 2265 excisus
1366 2242 1407 2265 est
1428 2238 1454 2264 in
1468 2239 1570 2265 diluvio
1590 2246 1640 2272 po—

853 2285 933 2319 pulus
947 2291 1034 2319 usque
1051 2283 1083 2310 ad
1102 2283 1181 2310 tinem
1205 2283 1267 2310 belli
1288 2283 1390 2310 concisi
1409 2291 1490 2317 super
1501 2291 1558 2310 eos.
1587 2283 1638 2310 Sed

852 2330 895 2358 his
911 2329 1094 2357 accidentibus
1114 2329 1187 2362 illis,
1207 2328 1379 2355 confirmavit
1403 2328 1475 2356 Dens
1491 2334 1639 2355 testamen-

853 2379 910 2402 tum
924 2374 1016 2400 mullis
1034 2373 1061 2400 in
1081 2373 1232 2408 septimana
1249 2381 1302 2400 una
1318 2382 1326 2400 :
1343 2373 1369 2399 in
1382 2373 1462 2407 cujus
1480 2373 1641 2407 septimame

854 2420 967 2447 dimidio
991 2426 1100 2447 cessare
1123 2418 1187 2446 fecit
1214 2419 1376 2451 incensum,
1398 2423 1425 2445 et
1445 2418 1595 2451 saerilicia,
1611 2425 1638 2446 ct

854 2466 994 2500 templum,
1012 2465 1096 2500 quod,
1110 2466 1238 2497 arbitror,
1255 2473 1270 2492 a
1284 2465 1365 2499 pinna
1379 2465 1538 2496 nominavit,
1552 2466 1638 2492 lutet“

854 2513 954 2540 iturum
975 2519 1061 2546 usque
1083 2511 1116 2538 ad
1138 2511 1401 2538 consummationem
1416 2511 1442 2537 in
1455 2510 1635 2543 festinatione,

853 2557 962 2592 quando
983 2561 1010 2584 et
1037 2557 1163 2584 derelicta
1197 2561 1239 2583 est
1267 2555 1442 2591 peccantibus
1470 2555 1509 2582 eis
1538 2555 1635 2582 domos

852 2610 957 2630 eorum.
979 2602 1045 2635 Quae
1067 2605 1156 2630 autem
1182 2606 1333 2636 sequuntur
1357 2601 1384 2628 in
1411 2604 1484 2628 textu
1506 2601 1634 2632 Danielis,

851 2649 922 2675 sicut
938 2648 1272 2682 potuimus,cxposuimus.
1291 2646 1352 2674 llaec
1367 2651 1456 2674 autem
1471 2646 1561 2674 omnia
1578 2647 1635 2673 \'i>3

851 2698 915 2721 sunt
932 2693 1009 2720 nobis
1022 2701 1054 2720 cx
1070 2692 1179 2719 Danielc
1192 2693 1269 2726 juxta
1286 2693 1534 2728 interpretationem
1552 2701 1634 2720 eratt-

851 2738 929 2774 geliri
955 2743 1043 2765 textus
1065 2745 1210 2772 opponere,
1229 2743 1269 2765 -ut
1293 2739 1498 2766 manifestomus
1523 2739 1637 2766 verbum

847 2796 869 2811 ἐ
888 2795 952 2822 ibid.
1006 2795 1026 2810 ⁸⁷
1038 2794 1104 2821 Dan.
1117 2794 1228 2826 Ix,‘2’let
1241 2803 1316 2831 seqq.
1372 2796 1394 2813 "
1407 2796 1479 2824 Psal.
1498 2804 1588 2830 xxxii,
1606 2798 1630 2824 6.
