1841 3053
174 126 238 152 ibi!)

761 127 922 156 ORlGENlS
943 127 972 154 ΙΝ

1106 129 1203 157 ΙΑΞΗΜ
1759 122 1809 148 “'3'

171 185 244 219 quod
263 185 299 211 ait
315 185 323 200 “
341 194 347 212 :
367 185 433 212 Cum
446 185 566 212 videritis
580 186 801 213 abominationem
815 187 958 215 desolatio-
973 190 995 217 Α
1010 192 1125 222 possunt
1147 187 1293 215 ascendere
1309 186 1394 213 verbo
1410 185 1444 213 ad
1460 185 1569 212 altiora
1583 203 1592 216 ,
1625 180 1811 215 recxpliCemus

171 231 223 263 nis,
241 231 312 266 quod
326 231 425 257 dictum
439 236 477 258 est
488 240 533 266 per
548 231 682 259 Daniclem
704 233 870 267 prophetam,
887 239 961 261 stan-

173 281 224 303 tem
245 277 273 303 in
289 276 345 303 loco
357 283 459 310 saneto,
474 279 520 312 qui
530 278 591 313 legit
606 278 749 313 intelligat.

207 321 251 347 tl.
273 319 350 347 Nunc
367 325 457 348 autem
484 321 573 356 ipsum
596 326 699 349 textum
715 321 854 358 Evangelii
871 323 962 350 deela-

172 375 276 396 rcmus.
305 367 429 394 Diximus
444 371 517 394 stare
536 367 646 402 quidem
664 367 691 394 in
714 368 774 395 loco
790 374 885 396 sancto
899 369 963 395 abo-

173 414 351 440 minationcm
368 413 555 444 desolationis.
574 413 724 449 principem
738 422 799 442 esse
820 415 866 449 qui
881 414 963 442 Jeru-

172 460 258 487 salem
274 459 454 486 circumdedit
471 460 603 487 exercitu.
636 459 730 495 Itaque
751 461 881 496 quoniam
903 469 964 496 pes-

174 506 243 532 sima
267 505 441 540 contigerunt
458 505 501 532 his
526 506 572 540 qui
598 511 662 534 tunc
686 506 794 534 fuerant
817 508 842 534 in
860 506 963 539 ludam,

173 551 235 578 lleo
258 551 314 578 lirec
338 551 428 578 futura
451 552 616 586 prophetans
642 553 743 587 populo
768 553 900 580 Dominus
921 553 963 580 di-

173 597 211 624 cit
224 597 234 612 ‘
253 607 258 624 :
277 596 349 623 Tunc
368 598 413 632 qui
434 598 460 624 iu
475 597 571 625 Judwa
588 604 665 629 sunt.
690 600 794 635 fugiunt
812 600 837 626 in
854 605 963 627 montes.

174 641 207 669 Et
228 643 292 669 talia
320 642 431 670 luerunt
457 651 518 678 qua:
538 644 713 678 contigerunt
727 645 752 671 in
771 648 891 679 tempore
908 645 964 677 illo,

175 691 205 714 ut
227 687 262 714 ita
285 688 419 721 dicamus,
448 693 476 716 ut
499 689 545 723 qui
561 694 633 716 esset
647 698 728 724 super
744 694 843 717 tectum
857 690 965 722 donius,

176 741 230 760 non
246 733 357 760 haberet
371 739 479 768 tempus
490 734 655 762 descendere
670 740 695 762 et
712 736 805 762 tollere
820 736 920 770 aliquid
934 737 967 763 de

176 779 257 806 domo
280 787 345 812 sua;
363 784 390 807 et
406 780 453 815 qui
469 781 494 807 iu
510 788 577 816 agro
590 786 663 812 erat.
683 789 735 808 non
762 787 852 816 pesset
869 783 966 809 reverti

178 826 204 852 in
219 826 355 853 civitatem
380 831 405 854 et
426 827 521 854 tollere
535 828 726 855 vestimentum
743 837 835 856 suum.
863 828 894 855 Et
912 838 966 856 ron

1014 234 1048 261 ab
1071 234 1149 260 initio
1173 232 1310 268 proposita
1334 231 1477 266 Evangelii
1495 229 1588 256 verba
1603 247 1612 259 ,
1634 232 1663 253 et
1680 224 1811 253 secundum

1012 279 1085 314 quod
1101 286 1247 314 possumus
1264 284 1434 312 exponamus
1460 274 1567 302 eadem
1589 273 1698 300 iterum
1723 270 1813 304 spirit:-

1014 323 1085 351 liter.
1115 325 1146 351 Et
1164 324 1279 358 primum
1305 322 1414 357 quidem
1443 319 1650 354 suscipiamus
1667 315 1777 343 verbum
1790 317 1813 342 de

1014 370 1218 397 abominatione
1243 368 1422 396 desolationis
1449 371 1546 395 stante
1575 365 1606 392 in
1633 364 1701 390 luco
1725 368 1812 389 sancto.

1015 415 1098 442 Debet
1109 416 1182 442 enim
1199 415 1244 450 qui
1263 415 1327 449 legit
1343 413 1461 448 diligens
1474 419 1554 444 esse,
1575 415 1604 437 ct
1621 409 1781 443 intelligere,
1793 413 1813 433 ut

1015 468 1070 488 non
1086 461 1232 488 seducatur
1245 468 1259 487 a
1274 458 1453 487 desolationis
1469 456 1708 484 abominatione.
1742 453 1812 480 Locus

1016 507 1097 542 igitur
1113 511 1224 534 sanctus
1242 505 1419 541 intelligibilis
1431 508 1472 531 cst
1485 503 1586 531 omnis
1601 501 1695 528 dictio
1707 499 1812 533 Seriphi-

1016 562 1053 581 rze
1069 555 1176 586 divinm,
1204 562 1285 588 quam
1307 553 1390 579 locuti
1412 555 1478 579 sunt
1502 549 1598 577 sancti
1622 547 1811 583 prophela'cgti

1016 599 1127 627 fuerunt
1141 607 1156 626 a
1172 599 1281 632 steculo,
1300 598 1416 633 Moyses,
1433 603 1460 624 et
1477 601 1542 632 post
1555 603 1626 623 eum
1645 593 1749 620 caeteri.
1766 591 1811 618 Non

1017 646 1106 673 solum
1119 650 1207 672 autem
1219 666 1226 676 ,
1245 645 1291 672 sed
1307 644 1388 671 etiam
1406 643 1490 670 dictio
1505 641 1752 676 evangelistarum
1762 660 1768 669 ,
1782 639 1812 663 \ri

1017 691 1201 725 apostolorum
1219 689 1282 716 Jesu
1299 688 1410 715 Christi.
1433 687 1462 714 lu
1485 687 1541 714 hoc
1560 694 1634 720 ergo
1651 685 1716 711 laco
1733 688 1813 710 sam-tn

1017 737 1139 763 omnium
1150 736 1352 770 Scripturarum
1366 739 1420 761 tam
1430 733 1539 760 Veteris
1551 730 1734 758 Testamenti
1745 737 1812 763 quam

1018 781 1096 813 Novi,
1111 781 1307 812 Anticliristus,
1330 781 1403 815 quod
1418 783 1460 806 est
1478 778 1582 805 falsum
1595 777 1736 805 Verbum,
1751 779 1788 801 ste
1799 776 1813 799 ἒξ

1020 826 1177 861 frequenter
1198 834 1245 861 per
1262 827 1313 853 hoc
1335 826 1424 860 ipsum
1451 824 1524 859 qtiod
1551 828 1634 850 stare
1663 822 1773 848 videtur
1793 820 1812 845 in

176 876 236 899 erat
251 876 316 899 tunc
332 877 439 907 tempus
455 873 664 907 misericordias,
696 874 880 910 neque'supcr
896 884 966 910 prze—
984 862 1002 888 Β
1020 872 1167 907 Scripturis
1181 871 1280 899 divinis
1291 893 1297 904 ,
1317 871 1466 898 ostendens
1486 877 1516 896 se
1528 869 1615 904 quasi
1641 869 1681 895 sit
1695 867 1780 898 Deus,
1795 871 1814 891 rt

177 920 303 951 gnanles,
321 925 407 952 neque
423 925 505 951 super
517 918 659 950 lactantes,
673 927 759 953 neque
777 928 859 954 super
877 920 966 947 infau-

179 967 219 989 tes
244 971 348 989 carum.
381 963 441 990 Ideo
463 964 530 991 dicit
554 964 695 999 (quantum
712 966 744 992 ad
762 966 842 993 verba
869 967 941 1000 dico)
960 976 966 994 :

182 1008 228 1036 γω
249 1009 463 1043 prmgnantibus,
487 1015 511 1037 et
533 1011 708 1038 nutrientibus
723 1012 749 1038 in
766 1012 820 1038 illis
836 1012 926 1039 diebus
945 1013 965 1039 ³.

179 1053 211 1080 Ει
227 1055 304 1089 quasi
331 1055 364 1082 al
387 1054 496 1083 Judzws
512 1056 625 1091 loquens
636 1079 642 1090 ,
657 1058 703 1092 qui
719 1058 922 1085 arbitiahantur
940 1058 965 1084 in

180 1100 298 1127 Subbato
313 1109 366 1127 non
382 1107 508 1136 oportere
524 1103 564 1129 vel
581 1112 670 1137 agere,
689 1104 728 1130 vel
743 1104 795 1130 and
808 1105 882 1132 [dare
897 1105 968 1132 viam

180 1147 296 1180 asnplTus
314 1155 395 1181 quam
413 1152 454 1174 est
477 1147 588 1175 Subbati
614 1149 678 1181 iter,
697 1149 757 1176 ideo
779 1149 843 1176 dicit
864 1159 870 1176 :
890 1149 970 1176 Orate

179 1196 267 1218 autem
294 1201 324 1218 ne
348 1193 396 1227 [iul
424 1193 487 1228 fuga
503 1199 587 1220 vestra
605 1194 630 1220 in
654 1195 748 1228 hieme,
763 1195 800 1221 [τι
818 1195 933 1222 Subitam
949 1196 968 1223 ³.

181 1237 238 1265 Non
258 1239 346 1266 solum
371 1240 442 1267 enim
469 1240 496 1267 iu
514 1240 635 1267 Sabliato
647 1261 653 1271 ,
678 1242 723 1268 sed
741 1242 822 1268 etiam
840 1242 865 1268 in
883 1242 971 1269 hieme

181 1285 331 1323 pessimum
346 1292 403 1313 erat
418 1286 533 1313 salutem
547 1294 669 1321 quzerere
686 1295 733 1322 per
747 1286 850 1322 fugam.
880 1287 972 1314 Refer-

183 1337 226 1358 tur
243 1336 333 1359 uulcm
355 1332 389 1359 ab
407 1326 450 1360 his
464 1333 510 1368 qui
523 1332 664 1360 Judaicam
689 1333 830 1360 historiam
848 1334 971 1361 conseri--

182 1382 295 1411 pscrunt
310 1378 342 1404 de
359 1379 411 1406 illis
426 1387 487 1414 qua:
502 1383 566 1406 tunc
578 1381 762 1415 contigerunt,
778 1381 906 1414 quoniam
924 1381 973 1407 tri-

183 1423 285 1450 bulatio
311 1431 407 1458 magna
435 1423 505 1451 facta
529 1429 571 1452 est
598 1426 714 1460 populo,
730 1426 819 1460 qualis
833 1434 972 1460 nunquam

184 1468 234 1495 fuit
249 1468 283 1495 ab
303 1469 379 1496 initio
393 1469 486 1496 mundi
504 1478 590 1504 usque
606 1470 638 1496 ad
656 1475 761 1504 tempus
782 1470 898 1503 Christi,
925 1471 972 1498 sed

185 1521 232 1540 tice
249 1519 341 1548 postea
357 1514 414 1541 ﬁeri
434 1520 522 1550 potest
536 1520 563 1542 ut
579 1516 640 1543 talis
664 1516 703 1542 eis
726 1516 866 1550 contingat
879 1537 885 1547 ,
908 1524 971 1551 pro-
987 1528 1008 1558 ε

186 1564 275 1594 plerea
292 1560 362 1594 quod
375 1561 433 1587 ausi
446 1566 508 1587 sunt
522 1569 618 1587 manus
633 1561 732 1587 inferre
749 1561 774 1587 in
785 1570 876 1588 verum
893 1562 972 1589 Clui-

185 1611 257 1637 stum
274 1606 329 1638 Dei,
356 1606 434 1640 cujus
451 1607 609 1642 mysterium
622 1612 648 1633 et
663 1615 760 1634 nameu
775 1615 790 1634 v
811 1615 909 1634 neruus
927 1607 976 1634 Da-

186 1651 230 1678 vid
243 1671 250 1682 ,
269 1651 376 1678 dicebat
399 1651 431 1678 de
455 1651 535 1678 Saule
553 1642 731 1686 pr-x:,dquer11e
757 1658 782 1679 et
807 1654 930 1681 occidere
946 1662 976 1681 se

186 1697 293 1724 volente
309 1706 315 1723 :
336 1696 397 1723 Non
411 1697 528 1729 injiciam
543 1706 635 1724 manus
649 1707 719 1725 meas
734 1699 760 1725 in
776 1699 909 1725 C/lt‘islllttt
928 1699 977 1726 Do-

186 1742 254 1768 mini
265 1742 285 1768 θ.
305 1741 495 1769 Ρι·;ιιςίςίοιιριιι
512 1748 601 1769 autem
618 1743 721 1769 dierum
737 1743 843 1770 illorum
858 1744 975 1771 futurum

186 1792 299 1821 propter
324 1787 422 1815 electos
441 1786 486 1813 Dei
513 1788 558 1822 qui
579 1788 692 1815 credunt
710 1789 736 1815 in
751 1788 907 1822 Christum,
927 1790 976 1816 ab<

187 1831 382 1858 breviationem
408 1832 584 1866 intelligimus
609 1832 713 1859 dierum
741 1833 860 1860 illorum.
901 1834 977 1862 Tunc

189 1883 278 1905 autem
298 1877 323 1904 in
342 1886 440 1912 magna
465 1878 619 1905 calamitate
640 1879 737 1912 populo
760 1880 924 1912 constituto,
951 1883 978 1906 el

187 1924 281 1952 electis
294 1923 340 1958 qui
355 1929 418 1951 sunt
434 1924 459 1950 in
472 1923 564 1950 Judu‘a
580 1924 697 1958 pericula
713 1925 885 1958 patentibus,
899 1926 976 1952 lltlllll

188 1970 346 1996 seduclorcs
366 1970 513 1997 dicebant:
533 1969 598 1996 Ecce
615 1970 657 1996 ln'c
671 1970 804 2002 Christus,
827 1979 884 1997 ccw
910 1971 975 1997 illic.

188 2016 263 2048 Quos
289 2016 434 2043 observare
467 2016 568 2043 dot‘t‘ns
600 2016 748 2050 discipulos
782 2024 846 2045 suos
873 2017 979 2043 dicebat

189 2067 253 2089 tunc
267 2062 277 2077 ⁸
299 2072 304 2089 :
324 2062 354 2089 Si
377 2062 435 2096 quis
453 2062 523 2088 vobis
548 2062 645 2088 dixerit
662 2069 670 2088 :
690 2061 756 2089 Ecce
779 2062 822 2088 hic
844 2062 976 2095 Christus,

188 2115 245 2138 erce
259 2107 331 2136 illic.
348 2107 429 2133 nolite
443 2107 554 2134 credere.
581 2106 692 2143 Surge"!
718 2109 786 2135 enim
805 2108 976 2143 pscuduchri—

191 2154 226 2184 sti
240 2158 263 2179 et
276 2153 517 2188 pseudoprophcta',
537 2158 560 2179 et
575 2153 673 2182 dabunt
688 2154 764 2188 signa
778 2163 873 2189 magna
884 2159 906 2181 et
918 2163 979 2189 pro-

1018 918 1096 952 quasi
1121 918 1178 953 ipse
1201 918 1235 945 sit
1249 917 1376 945 Christus
1400 915 1471 944 Deus
1490 914 1629 945 Verbum,
1654 918 1684 940 et
1711 913 1767 947 ipse
1782 919 1814 938 est

1020 964 1188 992 abominatio
1206 963 1392 991 desolationis.
1425 961 1472 989 Est
1495 961 1572 988 enim
1600 959 1766 994 frequenter
1782 959 1812 983 ii-

1019 1013 1082 1040 dere
1096 1013 1122 1039 in
1137 1010 1419 1047 argumentationilnis
1443 1009 1536 1044 impiis
1559 1009 1731 1044 dogmatum
1752 1006 1813 1040 apud

1021 1059 1163 1086 haereticos
1183 1058 1253 1085 hanc
1269 1057 1500 1084 abominationem
1517 1053 1723 1084 desolationis,
1742 1052 1767 1078 id
1782 1056 1815 1078 es:

1020 1105 1217 1132 Auticbristum
1243 1103 1353 1130 verbum
1377 1101 1495 1134 falsum,
1515 1099 1761 1127 abominationem
1777 1097 1815 1123 de-

1021 1152 1152 1179 solantem
1168 1159 1183 1178 a
1198 1150 1251 1177 Deo
1265 1158 1373 1177 omnem
1390 1148 1529 1176 hominem
1544 1147 1592 1182 qui
1609 1145 1747 1179 receperit
1764 1151 1814 1169 eam

1023 1197 1048 1224 in
1068 1205 1096 1224 se
1109 1195 1339 1223 abominationcm
1357 1194 1548 1221 adversantem
1576 1191 1690 1219 veritati
1703 1212 1711 1222 ,
1736 1190 1814 1216 cst-d-

1023 1242 1120 1268 lentem
1138 1249 1167 1268 se
1182 1249 1264 1275 super
1281 1248 1361 1268 omne
1377 1239 1491 1266 verbum
1507 1239 1580 1272 quod
1594 1242 1640 1264 est
1655 1242 1736 1263 extra
1748 1243 1813 1263 eum.

1022 1287 1094 1323 quod
1122 1287 1300 1314 annuntiatur
1335 1293 1396 1312 csse
1422 1284 1597 1311 extollentem
1629 1290 1660 1309 se
1690 1287 1718 1308 ct
1742 1289 1813 1312 sum

1023 1341 1104 1360 omne
1128 1333 1238 1360 verbum
1256 1331 1320 1364 Dei,
1349 1331 1422 1366 quod
1447 1329 1642 1364 unusquisque
1657 1327 1717 1361 (8‘2)
1736 1327 1814 1353 humi-

1024 1386 1088 1406 num
1105 1379 1194 1405 colere
1209 1378 1275 1410 vult,
1302 1377 1359 1404 sive
1371 1383 1445 1407 vere,
1464 1375 1523 1402 sive
1547 1373 1735 1400 mendaciter.
1755 1370 1813 1397 Nam;

1025 1424 1241 1459 unumquodque
1264 1422 1454 1449 lurretirmatm
1470 1421 1570 1455 dogma
1585 1426 1643 1445 non
1669 1418 1760 1444 solum
1777 1425 1812 1441 L3-

1026 1470 1098 1497 ritati
1114 1470 1286 1501 adversatur,
1304 1468 1350 1495 sed
1365 1467 1446 1494 etiam
1465 1466 1572 1493 ca‘teris
1587 1463 1767 1499 dogmatibus
1782 1470 1813 1488 5;-

1026 1517 1124 1543 militer
1137 1515 1220 1542 falsis.
1236 1515 1268 1541 l-It
1282 1513 1412 1549 quoniam
1430 1513 1470 1539 sic
1481 1510 1633 1541 extollitur,
1650 1515 1681 1535 ut.
1695 1509 1776 1536 etiam
1794 1516 1812 1532 In

1027 1562 1126 1597 templo
1141 1561 1343 1596 Scripturarum
1355 1559 1458 1590 sedeat,
1473 1565 1521 1593 per
1536 1557 1626 1591 ipsum
1638 1555 1783 1589 templum.
1795 1552 1814 1578 id

1026 1613 1067 1636 est
1081 1615 1127 1642 per
1137 1608 1208 1642 ipsas
1218 1606 1381 1640 Scripturas,
1391 1604 1484 1631 volens
1493 1611 1522 1631 se
1531 1601 1679 1629 ostendere
1693 1599 1813 1634 quoniam

1027 1655 1083 1690 ipse
1107 1662 1169 1681 vere
1183 1658 1224 1680 est
1240 1652 1310 1679 Deus
1326 1650 1456 1681 Verbum,
1476 1657 1584 1683 semper
1609 1654 1677 1681 ergo
1695 1646 1740 1680 qui
1755 1644 1814 1672 dire

1028 1707 1077 1726 nas
1091 1698 1153 1733 legit
1168 1697 1334 1732 Scripturas,
1354 1694 1487 1729 intelligat
1504 1700 1562 1725 eas,
1573 1692 1699 1718 maxime
1716 1689 1814 1724 quando

1027 1744 1125 1771 viderit
1146 1742 1378 1770 aboiniuatiouem
1403 1737 1592 1770 desolationis,
1621 1735 1774 1763 secundum
1790 1741 1813 1759 ea

1027 1798 1088 1824 qua:
1101 1788 1231 1818 diximus,
1249 1791 1364 1814 stantem
1381 1785 1453 1811 ineo
1471 1791 1552 1818 quem
1565 1781 1751 1816 exposuimus
1764 1779 1815 1804 loco

1028 1839 1124 1863 sam-to
1139 1839 1294 1861 sanctarum
1312 1831 1524 1866 Scripturarum.
1543 1829 1596 1862 Qui
1608 1832 1704 1855 autem
1722 1827 1814 1853 intelle-

1028 1880 1097 1907 xerit
1109 1877 1312 1910 eum,destruet
1324 1884 1385 1903 vera
1403 1875 1560 1906 traditione,
1579 1873 1606 1899 id
1624 1877 1667 1899 est
1687 1871 1814 1898 illumina-

1030 1925 1101 1952 tione
1112 1925 1244 1950 adventus
1255 1921 1355 1949 Christi
1375 1921 1422 1955 qui
1443 1924 1484 1947 est
1497 1918 1608 1951 veritas,
1627 1925 1692 1945 eum
1713 1917 1814 1943 verbosi

1028 1972 1074 2006 qui
1086 1971 1112 1997 in
1125 1970 1169 1997 alii
1179 1978 1214 1996 uo
1226 1969 1285 1995 loco
1297 1973 1391 1995 sancto
1411 1972 1484 1994 stare
1499 1966 1616 1997 videtur,
1627 1969 1654 1991 ct
1669 1964 1813 1998 intelligas

1029 2017 1108 2044 talem
1136 2014 1366 2042 abominatioaem
1395 2010 1584 2042 desolationis,
1613 2009 1722 2036 irritam
1746 2008 1813 2034 fauet

1029 2069 1099 2093 eam,
1108 2060 1232 2094 etejicict
1243 2067 1258 2086 a
1272 2058 1332 2085 loco
1342 2062 1437 2084 sancto
1451 2057 1540 2090 inquo
1552 2060 1627 2082 stare
1638 2053 1757 2080 videtur.
1771 2051 1813 2077 1‘:-

1030 2105 1101 2132 xime
1112 2109 1200 2131 autem
1215 2103 1336 2130 destruet
1347 2109 1409 2128 cum
1422 2099 1549 2127 Christus
1561 2099 1607 2134 qui
1620 2098 1746 2132 loquitur
1756 2097 1812 2123 inec

1030 2159 1123 2178 verum
1146 2151 1248 2176 lumen.
1267 2147 1320 2175 lsle
1338 2152 1430 2174 autem
1451 2145 1588 2175 Christus,
1600 2143 1625 2170 si
1637 2144 1663 2169 in
1676 2143 1767 2176 aliquo
1780 2141 1811 2165 ει)-

190 2190 280 2232 ιιιθὶαξ
306 2197 400 2224 Dicere
414 2202 504 2224 autem
521 2198 583 2232 quis
599 2203 687 2232 potest
704 2204 750 2226 aut
768 2188 906 2226 Simonem
920 2199 978 2227 Ma-
996 2196 1016 2222 D
1031 2202 1132 2233 qualur
1146 2196 1251 2223 volente
1262 2194 1356 2223 audire
1371 2196 1397 2220 et
1413 2191 1578 2227 prodiiicari,
1589 2197 1646 2216 nou
1658 2188 1811 2215 inﬁrmam.

191 2253 254 2279 gum
273 2243 293 2275 ⁷,
312 2244 356 2278 qui
373 2243 480 2270 dicebat
505 2251 534 2270 se
548 2252 608 2271 csse
624 2243 755 2272 Virtutem
773 2245 818 2272 Dei
841 2254 978 2281 magnam,

191 2293 239 2324 put
253 2289 275 2316 si
289 2288 349 2323 quis
364 2289 388 2315 ei
405 2288 503 2315 similis
517 2288 576 2320 fuit,
595 2289 723 2316 seducere
743 2290 846 2323 volens,
875 2291 897 2317 si
914 2299 977 2326 pos-

191 2335 270 2370 sibile
285 2339 368 2366 esset,
384 2340 410 2361 et
426 2334 536 2361 electos.
564 2333 626 2362 lliee
640 2335 833 2369 prmvenientcs
849 2335 979 2369 diximus,

192 2389 245 2416 pou
272 2381 430 2415 adjicientes
455 2381 481 2407 in
503 2381 554 2407 hoc
577 2380 637 2408 loco
663 2381 743 2407 aliain
768 2382 978 2416 expositionem,

192 2427 243 2457 nisi
267 2435 326 2455 cam
343 2435 404 2461 qua
420 2426 569 2454 secundum
594 2432 695 2454 textum
714 2432 771 2460 est,
798 2433 906 2462 prepter
931 2437 978 2455 eos

191 2474 238 2508 qui
254 2473 398 2501 traditione
412 2473 530 2509 simplici
544 2474 723 2506 delectantur,
739 2479 767 2500 ut
782 2483 843 2509 quae
855 2474 981 2502 videntur

191 2520 231 2555 eis
249 2520 324 2547 utilia
343 2520 513 2552 diceremus,
528 2520 657 2555 quoniam
675 2521 731 2547 lm'e
747 2520 879 2548 Dominus
893 2521 980 2548 futura

191 2565 359 2600 proldietans
375 2565 506 2600 prtescius
519 2565 640 2592 veritatis
656 2565 792 2600 exposuit.

228 2611 272 2639 42.
296 2612 324 2638 Si
340 2617 429 2639 autem
446 2616 552 2648 oportet
575 2616 684 2648 propter
709 2620 756 2639 eos
781 2612 827 2646 qui
847 2611 939 2638 velunt
956 2617 982 2639 et

230 2699 238 2713 ι
254 2696 348 2724 Matth.
364 2705 437 2729 xxtv,
453 2697 495 2725 l5.
537 2697 547 2712 ¹
564 2696 630 2724 ibid.
649 2696 688 2723 l6.
729 2696 738 2710 ³
754 2695 818 2722 ibid.
839 2695 878 2722 l9.

194 2739 252 2764 vui,
265 2732 291 2764 9,
309 2733 351 2760 l0.

537 2697 547 2712 ¹
564 2696 630 2724 ibid.
649 2696 688 2723 l6.

918 2694 927 2710 ’⁵
943 2695 1005 2721 ibid.
1022 2694 1065 2720 Ξῖ).

1031 2243 1111 2280 861
1122 2243 1167 2270 sed
1183 2250 1264 2269 omne
1281 2239 1377 2267 falsum
1399 2239 1522 2268 verbum,
1534 2236 1608 2271 quod
1624 2240 1666 2261 est
1684 2233 1811 2261 aboriri":-

1033 2289 1070 2315 tio
1084 2286 1261 2315 desolationis
1282 2290 1357 2312 stans
1379 2284 1406 2310 in
1430 2283 1490 2310 loco
1513 2284 1608 2308 sancto
1629 2284 1655 2306 et
1679 2280 1775 2306 sedens
1795 2286 1809 2301 ει

1036 2334 1136 2369 templo
1153 2332 1211 2366 Dei,
1225 2331 1296 2367 quod
1312 2335 1352 2358 cst
1373 2329 1572 2360 Antichristus,
1602 2326 1750 2354 interlicict
1768 2332 1812 2357 spe

1035 2381 1088 2408 ritu
1105 2380 1161 2407 oris
1188 2378 1230 2405 sui
1258 2386 1304 2413 per
1323 2384 1371 2404 eos
1393 2376 1441 2410 qui
1472 2382 1501 2402 se
1529 2372 1699 2409 prrebuerint
1716 2376 1812 2405 (sparti

1033 2426 1130 2461 ipsius.
1161 2424 1237 2456 Quod
1258 2423 1368 2450 verbum
1395 2421 1495 2450 falsum
1511 2420 1671 2454 frequenter
1691 2426 1745 2444 non
1762 2421 1811 2443 sui,

1032 2474 1078 2502 sed
1091 2472 1171 2499 etiam
1188 2469 1263 2497 sedet
1280 2468 1306 2495 in
1320 2467 1432 2502 templo,
1452 2465 1565 2502 quando
1585 2463 1666 2499 quasi
1684 2461 1813 2491 rationali"

1032 2521 1093 2547 liter
1107 2524 1133 2545 et
1151 2518 1219 2544 bene
1233 2519 1420 2543 constructum
1431 2514 1549 2540 videtur.
1564 2511 1616 2544 Qui
1629 2515 1723 2538 autem
1738 2509 1810 2535 ﬁdes!

1035 2566 1105 2592 hanc
1134 2561 1366 2590 abominationem
1402 2558 1595 2589 desolationis,
1623 2558 1659 2583 ita
1676 2560 1707 2582 ut
1724 2558 1809 2589 posst:

1032 2612 1065 2639 de
1077 2620 1107 2638 eo
1121 2611 1211 2637 dicere
1223 2617 1229 2635 :
1244 2607 1304 2634 Non
1317 2606 1387 2633 enim
1401 2605 1533 2632 versutia:
1546 2604 1603 2639 ejus
1621 2605 1777 2638 ignoramus.
1791 2599 1808 2623 ii

1104 2692 1207 2728 “Ill-eg,
1220 2699 1294 2724 xxtv,
1312 2691 1353 2717 ll.
1392 2686 1711 2720 'Mattli.xxiv,23,31.
1745 2684 1805 2708 Ἀτι-

230 2803 286 2841 (82)
307 2805 407 2832 Locum
429 2807 466 2834 sic
484 2812 602 2839 restitue,
628 2807 696 2842 quod
714 2805 888 2832 rutmtntiutur
907 2813 959 2830 tum

1105 2804 1149 2830 Ωιιί
1179 2802 1344 2830 r.rtollc'tcm
1365 2808 1390 2827 te
1407 2805 1431 2825 ct
1455 2807 1538 2833 super
1563 2807 1639 2825 anne
1661 2797 1725 2831 quod
1744 2800 1804 2819 intr.”

197 2838 313 2872 quisque,
330 2845 380 2866 ctu,
