1879 3046
191 74 205 102 Ι
209 75 243 102 39

720 70 885 98 ORIGENIS
906 71 938 98 IN
958 71 1134 100 CANTICL’M
1152 47 1287 100 CAN'TIC.

1766 63 1821 90 ιω

189 133 274 159 nibus.
295 130 440 163 imbuitur,
461 134 488 156 rt
508 129 577 156 ﬁunt
597 129 621 156 ei
646 130 767 164 parvum
792 130 978 157 distinctiones
993 131 1014 160 Δ
1029 131 1131 157 obtinet
1145 131 1244 157 locum.
1270 130 1326 157 Tali
1341 138 1406 165 ergo
1421 130 1502 157 modo
1514 131 1595 158 etiam
1612 132 1690 159 tertia
1708 134 1816 167 exrad-

188 178 303 212 argcnti.
323 176 489 211 Aperiuntur
505 175 580 202 enim
603 174 739 201 interdum
756 179 783 201 ct
806 175 847 201 itis
861 175 906 208 qui
929 175 979 201 im-

189 222 312 248 buuntur
324 228 407 256 parva
427 220 519 255 aliqua
532 224 559 247 et
575 227 635 247 rara
656 218 690 246 de
711 219 904 246 secretioribus
920 227 978 254 my-

190 267 292 300 stetiis,
308 271 338 293 ut
359 265 525 293 desiderium
549 265 705 300 concipiant
723 264 868 299 majorttm.
886 263 979 299 Neque

191 313 263 339 enim
284 311 434 339 desidet-ari
459 311 524 346 quid
546 315 635 346 potest
659 311 682 338 si
703 310 810 345 penitus
828 310 977 345 ignoretur.

152 376 157 390 ε
194 359 226 386 Et
242 359 303 386 idco
314 357 508 393 incipientibus
522 363 547 384 et
564 357 659 392 primis
675 357 702 383 in
715 357 916 385 eruditionibus
930 365 979 393 po-

194 405 264 438 sitis,
278 405 349 432 sicut
363 412 417 431 non
434 409 496 432 sunt
514 404 547 430 ad
569 403 688 431 subitum
707 408 805 431 cuncta
823 405 978 439 pandenda,

195 451 231 477 ita
245 458 332 485 neque
344 450 451 485 penitus
462 449 650 477 abscondenda
663 453 726 476 sunt
738 449 871 483 spiritalia
883 454 981 485 myste-

194 497 251 528 ria;
267 496 324 527 sed.
341 500 371 523 ut
386 495 423 522 ait
446 503 536 522 sermo
552 494 672 527 divinus,
697 493 829 522 faciendae
853 500 918 523 sunt
939 496 979 523 eis

193 542 382 570 distinctiones
397 541 511 575 argenti,
524 545 552 568 et
563 541 689 568 scintillae
707 541 832 576 quaedam
849 541 981 576 spiritalis

193 587 377 622 intelligentiae
396 587 496 613 animis
511 594 606 613 eorum
631 586 770 614 initiandaa
789 591 864 620 sunt,
882 591 911 614 ut
932 595 982 622 gu-

193 639 264 660 stum
281 632 483 668 quodammodo
494 632 682 659 desideranda:
692 632 846 660 dulcedinis
859 637 980 666 sumant,

193 686 235 708 ne.
253 683 282 704 ιιι
301 677 431 710 diximus,
448 677 470 705 si
491 678 600 712 penitus
619 677 777 712 ignoretur,
801 684 852 705 nec
870 678 982 705 omnino

190 724 368 752 desideretur.

226 768 326 796 Verum
340 768 413 803 quod
429 768 570 802 parvulam
589 767 766 795 nominamus
781 768 913 800 animam.
931 776 981 796 ne-

191 822 237 841 mo
249 815 285 841 ita
294 814 410 848 accipiat
422 813 500 848 quasi
510 812 661 840 seCundum
671 813 854 841 substantiam
868 814 980 849 parvula

191 861 316 894 dicatur;
331 861 377 888 sed
392 861 414 887 si
428 859 472 887 cui
489 860 565 887 deest
576 859 706 893 eruditio,
721 864 747 887 et
761 860 787 887 in
802 867 856 895 qua
871 865 914 888 est
923 860 981 887 exi-

193 915 265 942 guus
280 907 432 934 intellectus
453 914 486 933 ac
500 906 612 932 mininta
623 906 719 940 peritia
732 926 739 939 ,
756 906 828 933 itane
840 907 979 942 parvulam

193 952 313 979 dicimus
325 951 455 979 attimam.
471 951 555 987 igitur
565 951 622 978 hac
637 950 693 978 ﬁeri
708 951 835 979 convenit
848 959 980 987 usquequo

194 1006 242 1024 res;
255 998 291 1024 sit
305 999 331 1024 in
349 997 466 1024 rerubitu
480 1005 539 1030 suo,
564 996 589 1023 id
604 1000 646 1023 est
660 1001 804 1032 usq'uequo
817 997 844 1024 in
860 997 885 1024 id
899 998 981 1032 proti-

193 1044 251 1072 ciat
262 1044 418 1079 hujusmodi
432 1044 522 1071 anima
532 1063 539 1076 ,
561 1047 592 1070 ut
604 1043 694 1079 capiat
714 1051 820 1079 regem,
844 1047 872 1071 et
883 1043 982 1070 habeat

190 1089 399 1117 recumbentem
415 1090 441 1116 in
454 1089 613 1124 semetipsa.
638 1089 684 1117 Sic
695 1089 768 1116 enim
783 1089 849 1117 dictt
864 1088 907 1116 hic
921 1096 980 1122 rex,

185 1136 258 1171 quia
274 1135 398 1162 habitabo
414 1135 441 1161 in
453 1135 490 1162 eis
505 1139 531 1161 et
548 1134 719 1161 inambulabo
734 1134 761 1161 in
774 1136 812 1162 eis
827 1135 849 1151 ⁷⁹
860 1155 868 1167 ,
891 1133 981 1169 profe-

192 1187 239 1209 cto
259 1182 304 1216 qui
330 1185 432 1208 tantam
456 1180 544 1208 Verbo
565 1180 612 1208 Dei
634 1180 725 1208 cordis
749 1180 792 1209 sui
808 1180 980 1208 latitudinem

184 1229 334 1264 praebent,
349 1233 379 1255 ut
395 1228 478 1254 etiam
492 1227 519 1255 in
534 1227 574 1254 eis
587 1227 765 1254 deambulare
779 1227 904 1260 dicatur,
919 1235 983 1262 spa-

186 1275 240 1302 rtiis
254 1275 357 1302 scilicet
377 1274 557 1308 amplioribus
573 1273 758 1308 intelligentiae
780 1273 983 1308 agnitionisque

193 1321 355 1349 dili'nsioris.
386 1319 425 1346 Ita
441 1327 506 1354 ergo
528 1323 554 1346 et
580 1319 714 1346 recubare
735 1318 834 1346 dicitur
849 1319 876 1346 in
891 1319 982 1346 anima

189 1369 240 1394 tilla
255 1367 314 1394 sine
326 1366 410 1393 dubio
423 1365 457 1392 de
470 1372 524 1400 qua
545 1364 604 1399 ipse
625 1364 758 1391 Dominus
780 1363 846 1392 dicit
859 1371 908 1400 per
921 1371 984 1399 pro-

196 1413 303 1447 phetam
318 1421 325 1439 :
347 1412 432 1445 Super
442 1418 516 1445 quem
533 1410 693 1444 requiescam
703 1430 710 1442 ,
733 1409 784 1436 nisi
800 1417 879 1444 super
891 1409 982 1437 Immi-

195 1460 247 1486 lent
262 1463 285 1486 ct
300 1458 428 1494 quietum,
440 1461 465 1482 et
480 1460 629 1483 trementem
640 1463 771 1483 sermones
787 1463 857 1482 meo:
870 1456 913 1482 ⁸⁸2
928 1454 983 1482 Ha-

197 1505 242 1532 bet
255 1511 319 1539 ergo
333 1511 380 1530 rex
400 1503 450 1530 iste
463 1502 510 1537 qui
532 1506 575 1529 est
587 1509 678 1529 sermo
694 1501 760 1534 Dei,
784 1501 811 1528 in
832 1501 877 1528 illa
893 1501 985 1529 anima

193 1558 261 1586 quae
270 1550 326 1584 jam
341 1549 374 1576 ad
387 1547 536 1584 perfectum
551 1547 666 1579 venerit,
678 1547 832 1574 recubitum
846 1554 926 1574 suum
941 1556 947 1574 :
963 1547 987 1575 si

193 1595 250 1633 35
259 1601 350 1622 tamen
364 1597 420 1621 non
432 1593 467 1621 sit
482 1594 509 1619 in
523 1601 555 1620 ea
571 1592 680 1628 aliquod
688 1591 795 1624 vitium,
805 1592 852 1619 sed
863 1592 943 1627 plena
952 1592 987 1619 sit

193 1642 358 1672 sanctitate,
385 1640 464 1675 plena
488 1639 603 1674 pietate,
631 1638 704 1670 fide,
733 1637 882 1670 charitate,
909 1644 986 1672 pace,

192 1687 382 1721 omnibusque
408 1686 565 1713 virtutibus.
598 1684 676 1711 Tunc
689 1684 761 1711 ettim
777 1683 893 1711 delectat
911 1683 938 1710 in
955 1690 987 1711 ea

197 1733 329 1760 recubare
340 1739 430 1767 regem
445 1736 472 1759 et
484 1731 585 1758 habere
593 1730 759 1758 recubitum.
775 1729 816 1758 Ad
828 1729 899 1757 hanc
913 1730 986 1758 enim

196 1778 317 1805 animam
333 1776 466 1804 Dominus
483 1776 607 1809 dicebat,
629 1775 693 1810 quia
708 1783 755 1810 ego
768 1779 793 1802 et
818 1774 899 1802 Pater
914 1783 987 1802 meus

195 1824 339 1855 veniemus,
352 1827 377 1850 et
389 1822 550 1849 sanabimur
567 1830 626 1848 cum
638 1830 678 1855 eo,
689 1826 715 1848 et
729 1821 891 1848 mansionem
903 1821 987 1856 [acie-

202 1879 258 1897 mus
274 1869 345 1905 apud
359 1877 418 1897 eum
435 1869 469 1896 ⁸¹.
486 1868 535 1896 Ubi
552 1876 617 1904 ergo
626 1867 850 1896 cmnathristus
863 1875 925 1895 cum
938 1867 989 1895 Pa-

195 1922 246 1949 tre,
259 1921 286 1944 et
299 1916 344 1943 ubi
363 1915 532 1943 mansionem
544 1914 620 1947 facit,
639 1913 735 1949 quidtti
756 1913 907 1940 recumbit?
918 1912 987 1940 Bea-

196 1967 222 1990 ta
241 1962 314 1990 illius
337 1962 453 1989 latitudo
475 1961 583 1993 animae,
598 1961 676 1988 beata
690 1963 776 1988 strata
792 1959 866 1986 illius
877 1958 986 1992 mentis,

195 2007 242 2035 ubi
254 2007 334 2035 Pater
346 2012 374 2035 et
384 2007 483 2039 Filius,
501 2010 530 2033 ut
543 2013 597 2034 non
611 2006 721 2037 dubito,
734 2013 788 2032 una
802 2013 865 2033 cum
883 2004 987 2039 Spiritu

194 2058 294 2082 sancto
311 2052 457 2085 recumbit,
471 2056 562 2080 etenat
583 2056 611 2079 ct
629 2051 799 2079 mansionem
813 2050 888 2078 facit.
917 2048 986 2082 Qui-

194 2099 259 2132 bus,
274 2104 366 2134 putas,
380 2098 490 2133 opibus,
507 2098 607 2132 quibus
619 2097 705 2132 copiis
720 2097 789 2124 tales
802 2096 923 2123 convivae
936 2102 986 2130 pa-

1030 176 1103 203 tione
1115 176 1149 202 ad
1164 183 1385 210 unamquamque
1406 174 1524 203 animant
1539 176 1635 204 referri
1651 185 1734 211 posse
1744 178 1818 204 vile-

1029 221 1121 254 bitur,
1145 221 1217 255 quod
1243 221 1304 248 ait:
1322 220 1514 249 Similitudines
1540 224 1600 249 auri
1625 223 1755 256 furit-mus
1773 224 1818 250 tibi

1029 274 1088 293 cum
1106 266 1320 294 distinctionibus
1334 269 1447 302 argenti,
1463 268 1543 295 donec
1559 276 1605 295 re:
1618 269 1653 296 sit
1673 268 1700 295 in
1715 269 1818 296 resulti-

1031 317 1058 338 ιιι
1078 319 1137 339 suo.

1066 356 1144 385 Vers.
1158 357 1202 388 Η.
1215 357 1258 384 L2.
1274 356 1383 385 Nardus
1395 365 1452 384 mea
1462 357 1534 385 dedit
1544 358 1651 385 odore»:
1662 367 1753 391 suum,
1762 359 1819 386 sive

1031 403 1135 430 adorent
1150 404 1215 438 ejus.
1239 403 1266 430 in
1282 404 1371 437 specie
1387 403 1518 430 dramatis
1535 404 1642 431 videtur
1657 405 1711 431 hoc
1727 409 1820 432 osten-

1031 448 1075 479 di,
1099 448 1170 483 quod
1195 453 1255 483 post
1280 448 1337 476 haec
1355 447 1438 475 verba
1455 448 1576 483 ingressa
1601 449 1638 476 sit
1662 457 1765 484 sponsa
1788 450 1820 477 ad

1031 500 1161 527 sponsum
1172 513 1180 526 ,
1205 499 1232 521 et
1246 494 1392 529 unguentis
1407 494 1465 521 suis
1480 494 1588 521 tinxerit
1602 502 1664 522 eum
1675 516 1683 529 ,
1703 503 1736 522 ac
1751 496 1822 523 miro

1031 539 1149 574 quodam
1175 547 1290 575 genere,
1319 539 1398 574 quasi
1423 539 1527 567 ttardus
1541 548 1602 575 qua:
1615 541 1692 576 prius
1709 542 1822 569 odoretn

1032 592 1086 612 non
1099 585 1211 613 dederat
1227 592 1288 612 cum
1301 589 1375 612 esset
1386 584 1459 620 apud
1477 592 1617 620 sponsam,
1635 591 1700 613 tunc
1717 586 1825 614 dederit

1032 629 1142 657 odorem
1159 638 1258 663 suunt,
1272 638 1334 657 cum
1347 637 1447 665 corpus
1463 631 1573 667 contigit
1589 632 1703 666 sponsi,
1723 637 1750 659 ut
1768 641 1822 659 noti

1033 679 1089 703 tam
1113 675 1157 702 ille
1180 683 1212 702 ex
1235 675 1321 702 nardo
1343 674 1453 702 odorem
1479 684 1561 711 quam
1587 676 1689 703 nardus
1713 685 1747 704 ex
1764 677 1824 712 ipso

1032 721 1181 756 sumpsisse
1197 722 1330 749 videatur.
1367 723 1396 750 Si
1410 730 1474 749 vero
1487 723 1638 750 secundum
1659 723 1732 750 banc
1744 723 1824 751 diﬁc-

1033 768 1147 795 rentiatn
1173 775 1235 802 qua).
1252 767 1279 795 in
1306 768 1366 795 aliis
1378 768 1514 796 invenitur
1529 768 1733 804 exemplaribus
1755 768 1825 804 legi-

1035 820 1118 840 mus:
1138 812 1247 849 Nardus
1271 820 1329 839 mea
1353 813 1425 839 dedit
1451 814 1557 840 odorem
1580 814 1657 848 ejus,
1685 814 1826 842 invenitur

1035 857 1238 892 adhuealiquid
1250 857 1369 885 divinius
1383 866 1389 885 :
1406 863 1435 885 ut
1450 858 1572 887 videlicet
1585 863 1756 894 unguentum
1773 860 1826 888 hoc

1035 904 1114 931 nardi
1132 911 1187 938 quo
1203 907 1302 931 unctus
1325 908 1367 931 est
1382 911 1515 938 sponsus,
1541 911 1595 931 non
1618 909 1724 932 tantunt
1742 913 1825 933 suum

1035 950 1083 985 qui
1096 950 1181 977 nardo
1199 950 1287 977 inesse
1299 949 1458 977 naturaliter
1473 949 1553 982 solet,
1570 949 1617 977 sed
1633 949 1721 985 ipsius
1741 958 1825 986 spon-

1036 995 1059 1027 si
1080 994 1191 1022 odorem
1209 994 1327 1029 ceperit,
1353 999 1380 1022 et
1398 994 1482 1029 ipsius
1498 995 1609 1022 odorem
1636 995 1670 1022 ad
1693 1004 1826 1031 sponsam

1035 1040 1214 1075 reportaverit
1226 1039 1328 1067 nardus
1344 1049 1351 1066 :
1369 1044 1400 1067 ut
1414 1041 1440 1067 in
1455 1048 1488 1067 eo
1503 1049 1558 1076 quo
1573 1041 1652 1068 unxit
1666 1050 1741 1073 cum,
1758 1041 1826 1070 odo-

1035 1094 1093 1114 rem
1108 1086 1201 1121 sponsi
1215 1093 1262 1121 per
1279 1086 1367 1121 ipsius
1382 1086 1511 1120 unguenti
1522 1094 1623 1113 tnunus
1634 1087 1784 1121 acceperit,
1799 1092 1826 1115 et

1036 1133 1088 1161 hoc
1113 1132 1148 1159 sit
1169 1131 1242 1166 quod
1264 1131 1354 1158 dicere
1376 1131 1498 1158 videatur
1518 1131 1575 1166 (55)
1594 1139 1601 1157 :
1620 1130 1727 1159 Nardus
1753 1139 1824 1165 mea,

1035 1186 1090 1214 qua
1112 1177 1177 1205 uuxi
1201 1184 1350 1212 sponsutn,
1378 1184 1498 1211 regressa
1519 1177 1553 1204 ad
1572 1183 1615 1203 me
1629 1177 1741 1205 odorem
1758 1178 1824 1206 mihi

1036 1223 1133 1252 detulit
1147 1223 1253 1258 sponsi,
1269 1227 1295 1249 et
1310 1222 1383 1249 velut
1399 1226 1526 1257 superato
1539 1222 1656 1249 naturali
1676 1230 1726 1249 suo
1740 1223 1824 1250 odore

1036 1269 1185 1305 fragrantia
1210 1269 1321 1304 sponsi,
1345 1268 1431 1303 ipsius
1446 1267 1513 1295 mihi
1528 1267 1624 1295 detulit
1647 1267 1821 1295 suavitatem.

1036 1315 1100 1344 Ilaec
1121 1315 1202 1352 habet
1223 1314 1346 1342 historici
1367 1314 1497 1341 dramatis
1516 1314 1671 1348 explanatio
1688 1323 1695 1340 :
1713 1314 1762 1342 sed
1779 1322 1825 1341 vc-

1032 1362 1145 1389 »niamus
1157 1360 1214 1396 jam
1229 1368 1300 1387 nunc
1314 1360 1348 1387 ad
1361 1359 1563 1394 intelligentiam
1581 1359 1740 1394 spiritalem.
1772 1358 1825 1386 Po-

1037 1415 1136 1435 namus
1161 1406 1203 1433 hic
1226 1413 1353 1441 sponsam
1379 1405 1527 1432 Ecclesium
1545 1404 1571 1431 in
1588 1412 1704 1439 persona
1729 1404 1824 1432 uaria:

1037 1461 1097 1489 quia:
1111 1453 1238 1480 decenter
1251 1453 1343 1487 utique
1354 1452 1454 1479 dicitur
1467 1451 1563 1478 aderre
1575 1451 1673 1478 libram
1690 1451 1824 1486 unguenti

1037 1501 1114 1530 nardi
1130 1501 1218 1536 pistici
1231 1501 1358 1536 pretiosi,
1374 1505 1398 1528 et
1422 1508 1521 1535 ungere
1542 1500 1623 1535 pedes
1637 1499 1701 1528 Jesu
1711 1521 1718 1533 ,
1732 1506 1762 1528 et
1780 1501 1826 1528 dc-

1038 1553 1143 1583 tergere
1157 1548 1263 1582 capillis
1275 1547 1343 1579 suis,
1356 1551 1382 1574 et
1394 1548 1514 1581 recipere
1526 1546 1728 1581 quodammodo
1741 1555 1778 1575 ac
1789 1555 1827 1574 rt?

1037 1601 1170 1629 cuperare
1187 1601 1233 1628 per
1245 1593 1348 1621 crinem
1360 1593 1456 1628 capitis
1473 1594 1515 1620 sui
1529 1593 1562 1620 ad
1579 1592 1756 1627 semetipsant
1772 1600 1825 1620 un-

1037 1645 1168 1676 guentum
1183 1647 1216 1667 ex
1233 1638 1364 1674 qualitate
1379 1646 1410 1665 ac
1431 1638 1528 1665 \‘ittute
1542 1637 1666 1672 corporis
1679 1637 1740 1672 ejus
1755 1637 1827 1666 infe-

1037 1691 1128 1718 ctum;
1152 1689 1180 1720 et
1201 1685 1311 1712 oden-em
1328 1692 1382 1711 non
1397 1688 1452 1711 tam
1468 1684 1544 1711 nardi
1567 1692 1614 1718 per
1642 1686 1825 1718 unguentum,

1037 1740 1120 1767 quam
1137 1731 1224 1766 ipsius
1241 1729 1323 1758 Verbi
1338 1729 1385 1757 Dei
1400 1730 1434 1757 ad
1446 1737 1475 1757 se
1488 1730 1639 1757 trahentem
1652 1737 1700 1764 per
1712 1730 1828 1765 capillos

1037 1778 1137 1814 quibus
1161 1777 1331 1812 abstergebat
1348 1777 1442 1811 pedes,
1468 1782 1494 1804 et
1519 1777 1649 1812 imposuit
1665 1778 1747 1812 capiti
1765 1785 1827 1809 suo.

1038 1833 1091 1852 ttott
1105 1829 1159 1852 tam
1174 1824 1263 1858 nardi,
1278 1831 1360 1859 quant
1374 1823 1476 1851 Christi
1491 1823 1684 1860 ﬂagrantiam;
1711 1828 1739 1851 et
1754 1825 1829 1852 dice-

1038 1877 1077 1902 re,
1094 1869 1158 1903 quia
1173 1868 1275 1897 nardus
1291 1876 1350 1897 mea
1365 1868 1448 1895 missa
1464 1869 1490 1895 in
1505 1876 1606 1903 corpus
1617 1869 1720 1896 Christi
1737 1869 1830 1898 reddi-

1037 1915 1077 1942 dit
1091 1915 1203 1942 odorent
1227 1913 1297 1948 ejus.
1324 1913 1446 1948 Denique
1463 1914 1523 1942 vide
1535 1915 1673 1949 quomodo
1691 1915 1752 1944 hac
1771 1917 1828 1951 ipsa

1038 1960 1204 1989 referuntur.
1237 1959 1337 1992 Maria,
1355 1959 1460 1994 inquit,
1485 1961 1576 1987 attulit
1590 1960 1687 1988 librant
1700 1963 1829 1996 unguenti

1038 2007 1115 2034 nardi
1128 2007 1218 2041 pislici
1228 2006 1347 2040 pretiosi,
1370 2011 1394 2033 et
1407 2007 1483 2033 unxit
1495 2006 1571 2040 pedes
1582 2006 1658 2038 Iesu,
1676 2012 1701 2034 et
1717 2010 1830 2036 extersit

1038 2052 1141 2085 capillis
1156 2052 1251 2085 cupitis
1265 2051 1316 2078 sui.
1350 2051 1450 2079 Domus
1463 2056 1551 2079 autem
1562 2073 1570 2085 ,
1585 2052 1691 2088 inquit,
1713 2059 1772 2082 tota
1789 2063 1830 2081 re-

1038 2100 1108 2132 pleta
1129 2102 1168 2125 est
1192 2097 1271 2124 odore
1294 2098 1420 2132 unguenti
1433 2098 1466 2124 ".
1496 2097 1573 2131 Quod
1597 2099 1692 2134 tttiquc
1713 2099 1829 2133 indicat,

198 2144 332 2172 leuatur?
347 2144 403 2171 Pax
417 2144 454 2171 ibi
469 2144 574 2178 primus
593 2143 671 2170 cibus
686 2146 737 2176 est,
749 2142 889 2170 humilitas
904 2141 987 2169 simul
1001 2151 1026 2181 ι)
1038 2144 1103 2178 quia
1117 2143 1184 2171 odor
1198 2143 1330 2171 doctrinm
1345 2143 1392 2177 qui
1406 2144 1527 2178 procedit
1544 2144 1578 2172 de
1595 2144 1708 2172 Christo
1725 2150 1753 2173 et
1766 2154 1831 2174 san-

195 2189 342 2225 apponitur
355 2197 389 2216 ac
403 2188 533 2224 patientia
544 2207 552 2219 ,
570 2187 751 2215 mansuetudo
772 2194 882 2222 quoque
897 2190 925 2213 et
944 2186 984 2214 le-

197 2237 278 2268 nitas,
295 2240 322 2263 et
334 2235 406 2271 quod
420 2241 535 2262 summa:
549 2233 574 2260 ei
590 2232 733 2261 suavitatis
742 2236 794 2265 est,
807 2233 913 2267 puritas
924 2239 985 2260 cor-

196 2281 248 2310 dis.
278 2281 405 2308 Charitas
428 2285 517 2306 autem
543 2280 570 2306 in
594 2279 645 2306 hoc
659 2278 786 2305 convivio
804 2278 983 2314 principalem

1038 2189 1074 2216 eti
1092 2188 1209 2224 Spiritus
1221 2188 1367 2224 fragrantia
1383 2189 1495 2224 replevit
1507 2197 1616 2218 omnem
1634 2192 1731 2218 mundi
1747 2191 1831 2226 hujus

1039 2234 1150 2262 domum
1164 2242 1196 2262 ac
1209 2234 1293 2262 totius
1306 2233 1434 2263 Ecclesiae
1447 2235 1570 2263 domum.
1589 2235 1637 2263 Vel
1651 2242 1729 2264 certe
1742 2239 1831 2272 reple-

1038 2281 1076 2308 vit
1090 2287 1201 2308 omuem
1210 2279 1321 2308 domum
1336 2280 1435 2309 anima:
1458 2280 1543 2313 illius,
1560 2289 1622 2317 quae
1634 2282 1732 2311 odoris
1745 2283 1829 2312 Chri-

234 2384 255 2399 ⁷⁰
273 2384 356 2411 chit.
372 2391 445 2415 xm,
460 2383 500 2409 ιε.
537 2383 559 2397 ⁸·
573 2382 625 2409 lsa.
642 2389 713 2414 vat,
729 2381 756 2408 2.
798 2381 820 2397 “
839 2381 918 2409 Joan.
937 2388 981 2407 xtv

1093 2380 1116 2394 δ’
1133 2379 1213 2406 Joan.
1233 2386 1284 2412 Ill,
1300 2379 1327 2407 5.

232 2490 288 2525 (55)
303 2488 372 2529 _Huc
388 2489 524 2529 _videntt_tr
547 2487 688 2529 referenda
709 2488 800 2529 Grgca
826 2495 887 2529 quae
909 2488 981 2529 apud

196 2522 413 2560 Procopiumrsic
428 2524 618 2560 exprimuntur
633 2532 640 2549 :
657 2523 712 2560 '1'ij
729 2524 783 2560 γὰρ
795 2522 843 2560 τῷ
854 2522 980 2560 νυμφίῳ,

193 2556 982 2623 astra;antestaretur:

227 2591 284 2623 ἷκε(
295 2591 345 2631 Τῇ’
356 2591 424 2631 idp'
435 2591 533 2656 saluta;
544 2591 644 2630 ’νάρδῳ
666 2591 728 2624 ita;
752 2591 835 2624 πόδας
849 2591 982 2626 ἀλὲιψασα

227 2630 241 2656 ὖ
263 2630 350 2656 Ἰησοῦ
367 2630 413 2656 καὶ
427 2631 486 2656 ταῖς
521 2628 590 2656 οιξὶν
604 2627 781 2656 ἀπομάξασα.
800 2635 982 2656 μεταπεποιω-

195 2630 241 2657 τοῦ
263 2627 350 2666 ’ῐησὸὖ
362 2627 413 2657 ’κάκ
427 2631 486 2661 ταῖς
503 2627 596 2665 θριξὶν
604 2627 781 2690 (ineptius,
800 2635 984 2662 μεταπεποιω-

197 2665 279 2690 μένην
297 2666 329 2690 ὲκ
343 2665 393 2690 τῆς
413 2665 499 2690 dcuit:
522 2664 568 2690 τοῦ
584 2672 659 2690 νυμω
672 2672 701 2690 ου
723 2662 826 2690 ταύτην
841 2661 980 2688 ἀνέλαϐεν

195 2665 279 2734 ξένην
294 2661 329 2691 ἔκ
343 2665 393 2700 τῆς
413 2665 499 2700 ὀσμῆς
521 2661 568 2691 ³τοῦ
584 2661 701 2699 νυμφίου
723 2662 826 2697 ταύτην
841 2661 980 2703 ἀνέλαϐεν

215 2709 228 2730 ς
240 2699 430 2734 αἰσθανομένη,
448 2698 539 2734 φησὶν,
555 2699 600 2734 ἐπὶ
611 2698 661 2734 τὴν
677 2697 797 2734 κεφαλὴν
811 2696 950 2734 electione,
961 2697 981 2734 ﬁ

197 2707 228 2734 ης
240 2707 430 2741 αισγανςμενη,
448 2707 539 2753 ἳησιν,
555 2707 600 2725 επι
611 2707 661 2738 τηξ
677 2707 797 2739 κεφαιξην
811 2707 950 2739 εΑυογσης,
965 2707 981 2731 η

197 2735 249 2769 Εμὴ
265 2734 358 2774 ναρδᾳς
375 2734 461 2774 ideo}.
484 2742 527 2768 μοι
543 2732 591 2773 τῂν
612 2742 659 2774 ῖρυ
679 2740 798 2774 νξιμςξιου
815 2731 982 2774 ρσξιηνλξιό-

196 2767 249 2801 έξρ
273 2767 310 2799 dt,-
335 2769 387 2795 ἀπὸ
408 2769 463 2794 τῶν
485 2767 595 2802 χρωτῶν
618 2767 705 2801 Ἰησηῦ
732 2767 782 2800 τὴν
805 2767 892 2792 οἰκίαν
917 2767 980 2799 ὃλην

1035 2487 1179 2527 ξπλήιρωσξ
1193 2487 1243 2522 τῆς
1257 2487 1409 2527 μαθητρίας
1420 2487 1451 2514 τὺ
1462 2488 1562 2527 μύρον...
1573 2488 1668 2523 Sponst'
1680 2490 1753 2517 enim
1765 2491 1829 2525 mei,

1035 2522 1129 2559 inquit,
1146 2522 1252 2559 odorem
1267 2522 1365 2559 nardus
1380 2531 1447 2556 mea,
1463 2522 1517 2558 qua
1530 2522 1606 2559 illum
1621 2532 1762 2559 unxerunt,
1780 2522 1828 2553 de;

1035 2556 1155 2595 dit._§ua
1169 2557 1238 2583 enim
1261 2557 1346 2595 nardo
1365 2556 1510 2595 perungémt
1534 2558 1610 2595 pedes
1634 2558 1721 2593 Iesu,
1748 2556 1829 2595 atque

1035 2592 1138 2630 capillis
1154 2597 1265 2626 tergens,
1281 2592 1408 2630 imbutam
1419 2592 1509 2630 sponsi
1524 2593 1603 2630 odore
1621 2601 1681 2620 eam
1704 2592 1803 2630 recepit
1817 2602 1828 2623 τ

1034 2626 1110 2660 cujus
1123 2634 1199 2653 sensu
1216 2631 1316 2688 recepto
1329 2627 1362 2652 ad
1374 2626 1452 2662 caput
1467 2627 1626 2661 exhalantia,
1638 2630 1742 2657 nardus
1756 2626 1829 2661 mea.

1034 2661 1130 2688 inquit.
1145 2661 1234 2688 sponsi
1246 2669 1261 2688 ο
1280 2669 1351 2688 orem
1368 2662 1460 2688 dedit:
1474 2669 1633 2688 aitapronter
1647 2669 1779 2688 tattatmm
1794 2671 1828 2688 es:

1034 2661 1130 2698 inquit,
1145 2661 1234 2695 sponsi
1246 2661 1351 2698 adorent
1368 2662 1460 2690 dedit:
1474 2669 1633 2698 quapropter
1647 2669 1779 2698 tanquam
1794 2671 1828 2692 es

1033 2695 1098 2722 Iesu
1113 2700 1169 2723 cute
1182 2700 1321 2734 contracta
1333 2695 1485 2732 fragrantia'
1497 2695 1580 2724 totani
1591 2695 1708 2731 domunj
1718 2699 1826 2734 replevit

1033 2735 1194 2765 unguentum
1207 2731 1355 2765 discipula'.
