1841 3053
200 115 264 144 1665

792 113 955 142 OlllGl-JNIS
974 113 1005 141 IN
1024 113 1233 143 MATTltIEUM-

1764 106 1810 136 1661

197 174 269 201 modi
291 172 479 209 generationes
497 172 588 199 veniet
607 171 679 207 quod
704 179 784 206 super
798 177 934 206 augentes.
949 171 976 198 Si
992 173 1014 201 Α
1029 170 1246 199 fornicationem.
1264 170 1297 198 Et
1321 178 1374 198 non
1401 169 1492 197 solum
1513 166 1674 196 fornicatio
1695 167 1764 194 nobis
1782 172 1809 193 est

196 224 299 251 autem,
326 219 397 246 sicut
418 218 444 245 in
465 217 556 245 multis
575 217 775 252 exemplaribus
793 218 922 252 scriptum
939 222 981 244 est

195 274 235 293 om
247 265 409 300 augentibus.
437 264 581 291 dicendum
600 268 642 290 est
661 263 790 297 quoniam
803 263 900 290 anima:
917 267 981 289 sunt

196 320 258 345 qua:
274 312 411 338 laetantur
433 310 530 342 adhuc
549 309 581 336 arl
595 317 664 344 quas
678 309 744 336 dicit
764 309 912 344 Apostolus
931 309 952 324 ἰ
971 319 977 336 :

197 358 251 384 Luc
268 358 338 385 nobis
350 361 441 392 potum
460 356 520 382 dedi
539 363 590 382 non
607 363 706 388 escam,
723 356 839 382 nondum
851 355 919 381 enim
934 363 980 389 po-

199 404 304 435 (cratis,
330 401 376 429 sed
403 410 448 428 nec
470 409 552 435 usque
566 400 652 426 adhuc
669 400 788 433 potestis.
802 399 887 426 adhuc
909 400 978 426 enim

193 449 257 475 estis
280 447 411 475 carnales.
436 446 505 473 Dicit
526 451 616 473 autem
638 450 665 473 et
686 445 750 472 alibi
763 446 803 472 "z
818 445 895 472 Facti
916 446 978 472 estis

193 502 258 528 opus
272 493 393 519 habentes
414 492 492 522 lacte,
505 496 528 518 et
552 499 602 517 non
616 491 702 517 solida
718 499 787 517 esca.
804 491 895 518 Omnis
909 492 977 518 enim

192 539 237 572 qui
250 537 317 564 lacte
335 537 427 568 alitur,
448 537 584 570 imperitus
598 542 636 563 est
650 536 723 563 rtcrbo
736 537 853 572 justitite
864 546 977 572 :pttrru~

192 583 232 609 Ius
247 583 315 609 cnim
328 587 377 610 est.
395 582 453 609 Ista:
469 587 534 608 sunt
548 591 613 618 ergo
625 581 723 609 anima!
736 590 797 616 qua?
808 587 917 617 propter
934 583 977 608 irr-

192 629 358 660 lirmitatem,
375 632 402 655 et
415 627 478 662 quia
494 627 573 655 facile
597 628 774 660 sedueuntur,
791 635 844 654 non
863 633 977 662 possunt

191 673 414 700 tnscductibiliter
433 680 593 707 permanere
614 673 640 699 in
664 677 811 706 conspectu
836 672 978 700 abomina-

191 719 273 745 tionis
289 718 465 745 desolationis
487 718 584 745 stantis
599 718 626 744 in
644 717 705 745 loco
722 722 817 745 sancto
832 725 838 744 :
859 718 976 746 seducta:

189 764 261 790 cnim
280 764 454 791 consentiunt
469 764 503 796 ei,
521 769 614 799 utpote
630 764 694 792 Deo.
711 763 744 790 Et
759 768 800 791 est
815 764 905 791 videre
922 765 976 792 hae-

190 810 334 836 reticorum
369 809 506 837 Ecclesias
537 810 631 844 plenas
655 809 689 836 de
705 809 886 837 lamentandis
907 818 974 844 pra:-

1034 216 1170 252 fugienda,
1196 218 1242 244 sed
1263 222 1290 245 et
1307 224 1387 244 omne
1407 221 1563 252 peccatunr.
1590 215 1659 242 Ideo
1685 214 1748 241 bene
1761 214 1810 240 dixit

1033 263 1171 298 Scriptura
1185 264 1207 279 ’⁷
1223 273 1230 290 :
1247 263 1328 296 Quasi
1338 272 1354 290 a
1369 264 1438 298 facie
1454 262 1589 297 serpentis
1604 261 1673 295 fuge
1685 265 1808 295 peccatu.

1031 307 1198 343 Frequenter
1222 314 1311 336 autem
1327 309 1454 336 convenit
1472 307 1568 343 fugere
1587 308 1625 334 ab
1642 307 1809 338 Anticlrristo,

1030 354 1113 381 verbo
1135 359 1161 381 et
1188 353 1247 381 falsi
1276 354 1394 380 nominis
1416 352 1544 384 scientia,
1572 352 1701 379 maxime
1718 352 1808 385 quando

1030 399 1146 426 necdum
1164 399 1203 427 sic
1213 399 1326 426 idoneus
1338 403 1380 426 est
1396 399 1478 425 homo
1489 403 1519 425 ut
1535 398 1641 424 habeat
1653 397 1681 423 in
1695 405 1724 423 se
1735 396 1809 422 Domi.

1030 451 1095 469 num
1119 449 1288 478 operantem,
1310 443 1355 477 qui
1382 442 1511 469 interficit
1536 442 1640 476 spiritu
1668 441 1724 467 oris
1747 441 1808 467 sui“

1029 487 1220 522 persuasiones
1245 488 1471 519 mendaciorum;
1495 494 1545 514 nec
1564 485 1694 513 asrendit
1716 485 1746 512 ad
1760 492 1807 511 tarr-

1029 537 1085 560 turn
1107 533 1269 565 altitudinis,
1295 538 1324 560 trt
1344 533 1443 559 habeat
1464 533 1490 559 in
1506 539 1609 559 secum
1629 531 1678 565 qui
1709 531 1807 558 destrust

1027 579 1226 608 illuminationc
1244 581 1376 607 adventus
1400 581 1443 608 sui
1466 588 1576 608 onmem
1609 579 1806 615 persuasione-tn

1028 625 1290 653 verisimilitudian
1307 626 1430 653 veritatis
1447 627 1590 653 habentem
1614 631 1644 652 et
1662 626 1808 653 assinulsu-

1028 674 1080 697 tem
1100 679 1128 699 se
1142 671 1258 699 veritati.
1278 671 1330 704 Qui
1350 677 1441 699 autem
1456 671 1534 707 fugit,
1552 672 1638 698 debet
1653 680 1808 707 cognoscere

1027 717 1108 743 etiam
1124 717 1212 744 locum
1228 717 1259 744 ad
1272 725 1351 751 quem
1376 716 1469 752 fugere
1488 717 1578 749 debet,
1595 722 1623 744 ct
1641 725 1725 744 orare
1739 719 1807 744 etiam

1027 767 1137 797 propter
1152 767 1268 798 tempus,
1284 767 1313 789 ιιι
1329 771 1381 789 non
1398 763 1425 789 in
1446 770 1479 790 eo
1499 767 1623 797 tempore
1642 763 1730 797 fugiat
1748 765 1807 798 quod

1026 814 1068 836 est
1083 809 1268 836 adversarium
1287 807 1366 842 fugae.
1383 808 1456 835 Loca
1473 816 1538 843 ergo
1556 807 1730 843 fugientibus
1742 816 1808 835 erunt

190 855 346 889 gnantibus.
374 856 416 883 vel
443 855 636 887 nutrientibus,
660 856 702 882 vel
724 855 894 889 sugentibus.
915 856 976 884 Ple-
994 846 1014 872 Β
1029 859 1222 889 morrtes,qnos
1232 854 1358 881 Christus
1370 854 1500 886 ostendit,
1513 854 1608 881 dicens
1624 854 1646 869 “
1664 863 1670 880 :
1690 853 1761 880 Tunc
1772 857 1807 888 q.i

189 907 304 934 rumque
319 899 391 927 enim
418 900 517 927 anima:
539 907 600 935 qua:
627 903 660 927 ιιι-
670 899 791 928 Ecclesia
804 906 975 936 prmguantes

189 945 309 977 fuerunt,
324 950 372 972 aut
395 946 557 978 nutrientes,
580 949 627 972 aut
649 949 787 980 surgentes.
805 945 914 972 fuerunt
931 953 974 973 se-

188 991 276 1018 ductre
291 999 306 1018 a
322 991 498 1019 desolationis
513 991 717 1018 abominatione
733 999 741 1018 :
756 995 783 1018 et
805 991 923 1018 seducta:
939 991 974 1018 ab

187 1044 220 1063 eo
233 1037 314 1064 verbo
329 1036 397 1064 falso
406 1036 451 1072 qui
461 1041 514 1064 stat
527 1036 553 1063 in
564 1036 624 1064 loco
639 1041 734 1064 sancto
747 1044 794 1071 per
806 1036 900 1063 falsam
919 1040 975 1063 tra-

187 1082 316 1109 ditionem
345 1082 501 1117 drrglnaltlln
530 1089 734 1117 perversurum,
761 1082 974 1110 abominationis

187 1127 259 1154 illius
272 1133 450 1162 susceperunt
461 1136 500 1155 rm
515 1128 586 1163 quod
606 1135 620 1154 a
640 1127 757 1155 Domino
767 1127 866 1154 factum
880 1132 922 1155 est
933 1129 971 1155 ’λε

191 1172 235 1198 Va:
250 1173 276 1199 in
293 1178 366 1199 utero
391 1173 545 1200 [tabentibus
566 1178 589 1200 et
605 1173 790 1200 nutrientibus.
809 1173 867 1200 Non
882 1179 972 1201 autem

189 1219 419 1253 qnantlocunque,
444 1219 490 1246 sed
516 1219 542 1246 in
573 1219 670 1246 diebus
687 1218 740 1246 illis
761 1219 974 1248 abominationis

185 1264 362 1292 desolationis
383 1264 595 1292 desolationum.
621 1264 716 1291 Omnis
731 1265 803 1292 enim
825 1266 872 1300 qui
897 1265 974 1292 audit

184 1310 265 1337 verba
281 1309 449 1344 iniquitatem
464 1310 489 1336 itr
515 1310 652 1337 excelsum
669 1310 851 1345 loquentium,
867 1315 895 1338 et
909 1319 972 1339 sus-

184 1355 249 1390 cipit
262 1364 293 1383 ea
310 1357 335 1383 in
357 1357 452 1384 diebus
464 1357 533 1392 ejus,
551 1357 595 1384 ille
610 1357 814 1385 abominatione
824 1358 972 1386 desolatio-

185 1403 227 1429 uis
240 1403 367 1430 subditus
387 1404 423 1430 fit.

219 1449 264 1476 Η.
275 1448 355 1476 Orate
381 1454 468 1476 autem
487 1454 513 1476 ιιι
529 1458 560 1476 ne
574 1450 621 1484 ﬁat
638 1449 701 1484 fuga
723 1455 808 1476 vestra
825 1449 909 1476 hieme
934 1451 972 1477 vel

184 1493 311 1521 Sabbato.
329 1494 377 1521 Est
386 1495 469 1525 enim,
486 1495 694 1526 sicutdiximns,
706 1495 828 1528 quaedam
841 1494 902 1530 fuga
920 1495 970 1522 ho-

185 1539 289 1566 minum
318 1539 469 1567 secundum
498 1545 663 1574 prmceptum
684 1539 777 1572 Verbi,
798 1545 829 1567 ut
842 1540 888 1574 qui
904 1539 971 1574 fugit

185 1593 246 1618 qua:
265 1585 356 1620 fugere
372 1589 487 1619 oportet.
506 1586 602 1612 melior
617 1586 650 1612 sit
664 1593 696 1612 eo
708 1586 754 1620 qtri
773 1593 826 1613 non
842 1585 919 1620 fugit.
934 1586 971 1622 [et

183 1631 243 1657 ideo
253 1631 314 1657 Ialia
323 1635 349 1657 et
361 1631 461 1664 majora
473 1630 604 1665 delinquit
613 1639 660 1665 per
669 1631 719 1658 hoc
727 1631 797 1665 quod
813 1639 866 1658 non
879 1631 970 1668 fugit,]

183 1675 229 1702 sed
246 1676 420 1710 semetipsum
433 1676 570 1703 subditum
581 1676 644 1704 facit
660 1677 836 1712 perdentibus
850 1678 969 1706 animam

183 1721 273 1748 malis.
290 1721 366 1754 Quod
391 1726 434 1762 est
462 1727 552 1749 autem
575 1724 723 1750 constituta
743 1723 804 1758 fuga
816 1729 898 1759 atque
911 1725 970 1752 lau-

181 1767 278 1794 dabilis
294 1767 435 1795 manifeste
450 1768 799 1803 doet-tApostolus,dicens
813 1771 835 1785 ’δ
849 1779 855 1797 :
874 1769 969 1805 Fugite

183 1813 396 1847 fornicationem.
413 1812 493 1849 Fugit
506 1818 595 1841 autem
611 1813 818 1842 fornicationem
842 1816 888 1850 qui
911 1824 970 1843 om-

182 1867 243 1886 nem
261 1859 433 1887 occasionem
450 1859 601 1887 irritanteur
618 1864 645 1887 et
661 1865 854 1890 provocantem
870 1863 903 1888 ad
913 1861 969 1889 for—

181 1903 326 1931 nicandum
338 1905 431 1938 evitat,
445 1909 472 1932 rt
494 1913 580 1940 neque
594 1905 738 1937 iuvenibus
764 1908 967 1940 commiscetur,

179 1949 208 1977 in
225 1954 355 1985 quantum
374 1955 471 1985 potest,
500 1959 534 1978 ne
556 1953 624 1979 forte
646 1958 823 1980 consumatur
839 1961 887 1988 per
901 1962 966 1986 eas;

180 2003 268 2030 tneque
291 1997 430 2024 descendit
452 1998 485 2024 ad
512 2002 723 2027 consuetudines
748 2007 844 2027 eorum
860 2000 965 2032 talium,

180 2042 226 2068 sed
241 2043 338 2069 avertit
355 2051 384 2070 se
398 2043 510 2070 omnino
522 2044 556 2070 ab
573 2044 729 2078 hujusmodi
747 2045 888 2072 hominum
901 2053 967 2072 eon-

179 2087 366 2114 citationihus.
395 2089 445 2121 Qui
459 2089 516 2116 vult
533 2089 626 2123 fugere
641 2089 861 2122 fornicationem,
874 2091 967 2118 audiat

179 2137 206 2157 ιιι
223 2132 286 2158 illud
308 2132 380 2166 quod
401 2133 500 2160 dicitur
513 2133 536 2149 ’⁵
554 2142 560 2162 :
575 2133 639 2160 Cum
659 2134 794 2162 saltatrice
815 2136 870 2162 noli
897 2136 966 2162 assi-

178 2179 246 2204 duus
258 2186 324 2210 esse,
352 2186 382 2205 nc
409 2179 476 2213 forte
501 2180 665 2206 tonsumuris
686 2180 712 2206 in
738 2180 879 2207 desideriis
893 2181 961 2215 cjus.
981 2198 1001 2224 Β

179 2222 258 2257 Fugit
271 2227 361 2250 autem
377 2222 583 2250 fornicationem
594 2223 785 2256 abundantius,
803 2225 847 2259 qni
866 2233 963 2253 accen-

178 2268 274 2295 dn-ntes
294 2272 320 2295 et
343 2268 513 2296 excitatrices
537 2269 649 2296 seminis
672 2277 758 2304 escas,
777 2271 803 2298 in
830 2277 962 2306 quantum

180 2314 261 2345 \alet,
273 2314 367 2345 evitat,
381 2319 407 2341 et
427 2315 499 2347 vino,
515 2315 537 2342 si
553 2320 639 2350 potest
658 2316 723 2347 fleri,
743 2324 794 2344 non
811 2319 898 2345 utitur
913 2319 963 2346 do-

179 2367 227 2386 urc
244 2364 365 2387 transaat
379 2359 525 2387 ferventior
546 2366 621 2388 :etas.
641 2362 668 2388 Si
681 2367 771 2389 autem
789 2364 886 2395 utitur,
904 2372 963 2391 mo-

177 2405 239 2432 dico
263 2409 354 2432 utatur
371 2406 520 2433 secundum
543 2407 722 2442 apostolicum
739 2414 902 2444 prteceptum
921 2410 963 2437 di-

176 2459 241 2479 cens
256 2451 399 2479 Timotheo
414 2453 455 2478 “z
472 2452 534 2479 Jam
550 2453 603 2480 noli
619 2462 713 2489 aquam
734 2454 829 2486 bibere,
846 2456 891 2482 sed
903 2456 962 2483 vino

178 2498 279 2524 modico
289 2503 361 2524 utere
376 2503 482 2532 propter
497 2499 660 2526 stomachum
676 2505 761 2532 luunt,
775 2506 799 2528 et
815 2502 962 2537 frequentes

177 2549 236 2570 tuas
252 2544 422 2578 inﬁrmitates
450 2543 482 2570 Et
501 2545 565 2579 qrrid
594 2545 690 2579 plura?
701 2545 747 2573 lllc
759 2551 800 2574 est
815 2548 861 2581 qui
878 2547 964 2575 forni-

177 2589 310 2616 rationem
328 2590 406 2624 fugit,
424 2594 450 2616 et
464 2598 570 2625 semper
589 2590 680 2626 fugam
701 2591 780 2618 istam
799 2592 960 2620 laudabilem

176 2639 303 2668 operatur
317 2643 377 2669 qum
387 2643 402 2662 a
421 2635 476 2662 Deo
490 2635 582 2670 lugere
601 2644 653 2662 non
667 2637 809 2671 permittit.
826 2637 960 2671 Operatur

175 2683 266 2705 autem
292 2679 361 2706 hanc
378 2679 467 2715 fugant
486 2680 531 2715 qui
551 2685 691 2715 proruptus
703 2686 743 2708 est
759 2682 791 2708 ad
807 2682 959 2716 fugiendam

229 2748 275 2783 'LI
295 2749 359 2774 (lor.
380 2757 420 2780 In,
443 2749 470 2776 2.
523 2752 545 2767 ’ί
574 2750 654 2778 llebr.
683 2759 709 2783 ν,
738 2751 780 2780 te.
811 2752 853 2778 15.

184 2782 207 2796 η
220 2781 228 2806 1
239 2781 308 2809 Τιιιι.
323 2791 349 2814 v,
368 2784 412 2810 23.
468 2785 489 2799 ’7
506 2785 588 2812 l‘lccli.
604 2794 658 2818 xxI,
673 2786 699 2812 2.

183 2823 286 2846 tum,
318 2818 340 2842 t.
379 2819 402 2833 ³³
420 2818 504 2846 Exul.
521 2827 560 2852 nr,
579 2821 605 2846 5.

892 2751 917 2767 ’⁸
937 2752 1030 2779 Matth.
1059 2759 1142 2780 urv,
1175 2750 1215 2777 19.

753 2787 774 2801 ’⁵⁸
796 2786 815 2812 II
831 2786 927 2814 Thess.
963 2796 992 2817 Il.
1009 2789 1036 2814 5.

645 2821 665 2836 ³³
685 2820 738 2848 ibid
764 2821 790 2848 5.
827 2822 849 2836 at
863 2821 957 2858 Matth.
970 2830 1032 2854 vrri,
1045 2821 1089 2848 ‘26.

1026 901 1054 926 in
1066 899 1162 926 Juda'a
1172 904 1243 932 sunt,
1257 900 1359 934 fugiant
1376 901 1403 926 in
1422 904 1531 926 utentes.
1551 898 1585 925 Et
1599 900 1649 934 qui
1668 899 1774 934 fugiunt
1789 900 1809 925 ia

1026 945 1093 973 istos
1116 951 1221 973 montes
1246 946 1338 973 dicant
1351 945 1484 980 psalmum
1504 945 1642 979 graduum
1655 944 1698 972 sic
1718 945 1808 971 hat-en-

1026 995 1079 1018 tem
1096 991 1118 1006 “
1133 1002 1139 1018 ;
1154 990 1249 1018 Levavi
1269 991 1358 1018 oculos
1378 999 1448 1017 meos
1465 991 1492 1017 in
1515 995 1627 1022 montes,
1652 990 1722 1016 unde
1737 992 1809 1017 tertia:

1025 1036 1156 1062 auxilium
1187 1036 1262 1063 mihi.
1290 1036 1351 1063 ldeo
1381 1041 1469 1063 autem
1498 1035 1568 1063 tollit
1590 1035 1691 1062 oculos
1713 1043 1808 1062 suasa

1025 1087 1142 1113 montes.
1156 1082 1220 1117 quia
1235 1082 1285 1109 seit
1299 1082 1493 1109 abundantiam
1507 1089 1567 1116 quae
1580 1087 1624 1109 est
1639 1081 1666 1108 in
1680 1082 1810 1108 montibus

1025 1128 1094 1161 illis;
1111 1132 1253 1162 propterea
1266 1128 1333 1155 dicit
1345 1128 1365 1143 "
1384 1136 1391 1154 :
1410 1127 1597 1154 Fundamenta
1612 1127 1673 1161 ejus
1691 1128 1718 1153 in
1743 1135 1808 1153 men-

1025 1176 1092 1202 tibus
1108 1175 1215 1202 sanctis.
1234 1174 1266 1202 Et
1279 1174 1300 1202 si
1316 1173 1414 1208 fugerit
1428 1173 1454 1200 in
1469 1177 1576 1200 montes
1596 1180 1671 1206 quos
1693 1174 1809 1206 prterunt

1025 1220 1167 1252 Dominus,
1197 1220 1284 1248 veniet
1308 1220 1341 1247 ad
1365 1219 1454 1246 locum
1467 1223 1603 1250 sanctum,
1623 1218 1651 1244 in
1662 1225 1721 1253 quo
1733 1217 1810 1244 factus

1023 1270 1050 1292 et
1067 1266 1160 1293 videns
1184 1266 1273 1293 visum
1286 1266 1360 1292 illum
1382 1273 1521 1300 magnum,
1536 1264 1611 1291 dicet
1625 1264 1702 1298 quod
1716 1263 1809 1290 dictum

1022 1317 1064 1339 est
1081 1312 1104 1328 ³¹
1119 1311 1282 1339 :Transiens
1306 1311 1397 1338 ridebo
1411 1311 1494 1337 visum
1520 1309 1590 1336 Itum:
1624 1318 1761 1344 magnum.
1783 1308 1810 1335 Et

1023 1357 1070 1392 qui
1087 1357 1243 1392 huiusmodi
1260 1362 1312 1390 est,
1327 1356 1419 1384 audiet
1432 1364 1439 1382 :
1451 1355 1526 1383 Solve
1541 1355 1754 1382 calceamenturn
1773 1362 1808 1387 pt-

1022 1404 1085 1432 dum
1099 1409 1214 1436 tuorum,
1233 1404 1305 1430 locus
1319 1403 1387 1430 enim
1400 1404 1424 1429 in
1437 1411 1486 1437 quo
1505 1407 1532 1428 tu
1543 1406 1612 1434 stas,
1633 1406 1707 1428 terra
1725 1408 1809 1427 ηιιεει

1023 1454 1059 1476 est
1071 1450 1101 1478 ³³,
1119 1450 1236 1485 Fugiunt
1245 1457 1310 1485 ergo
1322 1450 1348 1476 itr
1361 1453 1468 1476 montes
1479 1448 1525 1483 qui
1538 1447 1650 1483 fugiunt
1663 1447 1807 1475 secundum

1024 1495 1071 1523 Dei
1102 1495 1269 1523 mandatum.
1301 1495 1436 1528 Quoniam
1465 1501 1530 1529 ergo
1557 1494 1585 1520 in
1617 1493 1809 1528 tranquillitate

984 1529 1005 1557 (ἶ
1023 1541 1122 1569 animae
1135 1542 1289 1570 constituta:
1303 1541 1579 1576 possnntimpetrare
1594 1539 1689 1574 fugam
1709 1539 1807 1568 salutis.

1023 1587 1111 1614 hieme
1138 1591 1229 1614 autem
1260 1585 1507 1621 comprehendente
1533 1584 1685 1612 incurrunt
1718 1583 1744 1610 in
1769 1591 1810 1610 eo:

1021 1641 1090 1668 quos
1108 1633 1223 1668 fugiunt,
1235 1633 1295 1660 ideo
1311 1636 1427 1660 orentut
1441 1639 1475 1658 ne
1487 1631 1534 1658 fiat
1545 1630 1609 1665 fuga
1621 1637 1720 1657 eorum
1729 1629 1809 1656 hieme

1021 1681 1061 1707 vel
1079 1680 1208 1712 Sabbato,
1223 1680 1246 1707 si
1266 1679 1374 1714 quidem
1393 1678 1548 1713 vigilaverit
1564 1677 1698 1704 Christus
1722 1677 1748 1702 in
1764 1675 1808 1703 eis.

1022 1725 1050 1752 Si
1076 1730 1164 1752 arttetn
1192 1723 1380 1755 obdormierit,
1411 1728 1477 1750 tunc
1502 1722 1676 1749 descendens
1700 1722 1808 1756 prmella

1020 1771 1093 1798 venti
1122 1770 1148 1797 in
1177 1774 1315 1805 stagnum,
1331 1768 1478 1796 descendet
1494 1768 1576 1796 etiam
1589 1775 1674 1801 super
1689 1774 1752 1794 eum
1768 1768 1808 1801 qui

1021 1816 1098 1850 fugit.
1118 1816 1182 1850 quia
1207 1824 1260 1843 non
1277 1814 1381 1851 [simul]
1410 1813 1491 1841 Iesus
1515 1814 1585 1848 fugit
1601 1821 1667 1840 cum
1684 1813 1757 1847 ipso,
1771 1821 1808 1839 ογ

1021 1862 1133 1889 tendens
1150 1863 1174 1888 ei
1188 1861 1278 1896 fugam
1303 1861 1412 1896 optima:
1425 1861 1486 1887 vim.
1504 1859 1609 1887 Tamen
1629 1861 1652 1887 si
1665 1859 1807 1887 descende-

1019 1909 1055 1934 rit
1080 1907 1226 1942 aliquando
1253 1907 1380 1942 procella,
1397 1911 1425 1933 et
1442 1906 1560 1933 trientem
1580 1905 1665 1932 fuerit
1692 1909 1808 1939 operata.

1018 1958 1075 1980 oret
1090 1953 1152 1988 quis
1178 1957 1206 1979 et
1233 1952 1347 1980 suscitet
1365 1951 1536 1979 orationibus
1557 1951 1616 1978 suis
1630 1951 1772 1978 Christum
1784 1955 1809 1976 ul

1019 1999 1130 2033 imperet
1148 2003 1228 2025 ventu
1246 2003 1272 2025 et
1291 1997 1357 2024 mari
1373 1997 1405 2030 “,
1420 2001 1449 2024 ut
1465 1997 1664 2031 tranquillitate
1678 1996 1752 2024 facta
1763 1997 1806 2022 ite-

1018 2051 1077 2070 rrmr
1093 2042 1188 2078 fugiat,
1207 2046 1236 2068 nt
1256 2049 1309 2068 non
1324 2041 1573 2075 comprehendatur
1584 2047 1598 2066 ι
1617 2039 1808 2067 fornicatione.

1018 2093 1062 2114 aut
1077 2087 1202 2118 avaritia,
1218 2090 1264 2113 aut
1280 2094 1294 2112 a
1315 2085 1403 2121 gl0ria
1419 2093 1498 2117 vana,
1516 2089 1565 2111 aut
1580 2084 1616 2110 ab
1631 2084 1730 2118 aliquo
1744 2083 1807 2109 malo

1017 2137 1196 2168 persequente
1220 2140 1260 2161 se.
1284 2132 1324 2159 vel
1342 2131 1376 2158 ab
1394 2131 1453 2165 ipsa
1477 2130 1688 2157 abominatione
1708 2129 1807 2156 desola-

1017 2180 1109 2213 tionis,
1122 2178 1204 2214 863
1217 2179 1242 2205 id
1259 2183 1300 2205 est
1312 2178 1437 2212 dogmate
1451 2177 1530 2204 falso.

1051 2227 1094 2253 ιδ.
1109 2227 1188 2254 Orate
1203 2230 1229 2252 ut
1248 2233 1278 2251 ne
1292 2225 1338 2259 [itu
1353 2224 1417 2258 fuga
1439 2228 1525 2251 vestra
1541 2223 1627 2250 hieme
1642 2224 1682 2250 vel
1699 2223 1807 2250 Sabbura

1016 2272 1048 2297 ³⁵.
1068 2271 1138 2298 Deus
1156 2271 1181 2297 in
1198 2278 1245 2297 srx
1260 2269 1356 2296 diebus
1373 2268 1435 2296 fecit
1449 2275 1530 2303 opera
1545 2269 1641 2294 mundi
1658 2273 1686 2294 et
1703 2269 1805 2303 requie-

1015 2319 1053 2345 vit
1069 2318 1095 2345 irr
1112 2316 1240 2344 Sabbato.
1258 2315 1400 2350 Requievit
1413 2320 1503 2342 autem
1517 2314 1552 2341 ab
1568 2315 1707 2349 operibus
1722 2314 1808 2341 mundi

1015 2371 1075 2398 qua‘
1087 2362 1176 2390 facere
1185 2362 1277 2396 carpit.
1294 2360 1381 2395 Opera
1397 2365 1488 2387 autem
1503 2360 1619 2394 iustitia:
1630 2367 1744 2394 semper
1755 2360 1806 2386 sine

1015 2409 1091 2436 initio
1109 2414 1237 2444 operatur
1254 2413 1281 2435 et
1297 2407 1454 2442 operabittrr
1473 2406 1532 2432 sine
1553 2406 1628 2432 line:
1652 2410 1681 2432 et
1703 2405 1745 2432 sic
1763 2406 1806 2431 bo-

1015 2455 1120 2482 minum
1137 2461 1222 2489 genus
1243 2458 1306 2480 ante
1323 2452 1425 2479 Christi
1442 2452 1590 2479 adventum
1617 2453 1728 2486 operati
1751 2455 1806 2478 sunt

1014 2508 1109 2527 omnes
1125 2507 1205 2534 opera
1230 2499 1334 2531 nruruli,
1346 2503 1372 2525 et
1384 2506 1467 2525 nemo
1484 2498 1620 2533 requievit
1636 2498 1672 2525 ab
1685 2499 1740 2528 eis,
1752 2498 1807 2524 sal».

1015 2545 1138 2571 batizaus
1151 2544 1254 2578 jugitet‘
1269 2544 1303 2570 ab
1318 2543 1446 2577 operibus
1463 2543 1554 2570 bonis.
1574 2542 1699 2570 Veniens
1722 2548 1805 2569 autem

1016 2590 1147 2617 Doutinus
1164 2594 1257 2616 noster
1279 2589 1427 2615 Sabhalutn
1454 2594 1578 2615 nostrum
1595 2593 1623 2615 et
1640 2589 1750 2623 requies
1765 2595 1805 2613 ne»

1015 2642 1082 2667 stra,
1111 2636 1198 2662 attulit
1221 2635 1299 2663 nobis
1323 2635 1444 2669 requiem
1468 2634 1582 2661 Sabhati
1602 2635 1659 2666 sui.
1687 2640 1718 2661 ut
1744 2635 1804 2660 sinu

1015 2681 1060 2708 ille
1085 2681 1216 2716 requievit
1237 2681 1263 2708 iu
1281 2680 1401 2707 Sabbato
1421 2680 1456 2707 ab
1479 2681 1613 2715 operibus
1629 2681 1738 2712 mundi,
1761 2686 1803 2705 nul

1573 2752 1596 2766 “
1622 2751 1706 2778 ECtli.
1725 2759 1763 2778 ts.
1782 2749 1800 2773 i-

1579 2795 1643 2811 cxx.
1702 2786 1722 2801 ³¹
1741 2785 1801 2811 Psal-

1268 2749 1312 2775 "l
1333 2749 1394 2775 Cor.
1417 2757 1455 2777 vt.
1482 2750 1523 2776 18.

1092 2787 1112 2802 ‘9
1129 2786 1224 2812 Matth.
1246 2793 1317 2818 μιν,
1344 2784 1384 2808 lli.
1443 2785 1466 2800 ”
1481 2785 1556 2812 Psal.
1579 2795 1643 2814 cxx.

1131 2823 1152 2837 ⁸⁵
1168 2821 1249 2848 Matth
1275 2822 1346 2852 un,
1361 2819 1405 2846 ἓξ).
