1841 3053
23 137 83 165 1665

572 133 899 163 (ΖΟΜΜΕΝΤᾹΠΙΟΠΕΧΙ
921 133 1051 161 SERiES,

1566 136 1633 163 “366

21 204 102 227 autem
119 195 246 230 requievtt
261 194 295 221 ab
312 194 570 229 operibusjustithe,
588 195 627 222 sic
641 200 667 222 et
682 203 732 223 nos
746 203 794 230 per
811 199 830 225 Ᾱ
846 195 928 228 tione,
941 194 1017 229 quasi
1032 202 1085 221 non
1100 193 1134 220 sit
1145 194 1311 221 abotninatio
1323 194 1510 228 desolatiouis,
1524 201 1550 222 et
1563 196 1632 223 νῖιιιι.

22 245 101 278 ipsum
126 241 325 269 sabbatizcmus
350 241 384 268 ab
408 241 536 274 operibus
550 241 745 273 mundialibus,
767 246 794 269 et

21 287 175 320 carnalibus,
191 290 217 313 et
233 286 345 319 nocivis,
362 293 442 321 opera
458 292 547 314 atttcm
561 287 673 321 justitiac
688 295 794 322 semper

21 340 194 360 exerceamus.
220 331 353 364 Quoniam
370 337 459 358 autem
482 332 538 366 ipse
561 332 639 359 nobis
662 332 793 360 allaturns

21 380 101 406 fuerat
121 377 274 412 hujusmodi
298 376 457 410 Sabbatum,
481 377 508 403 itt
524 386 577 412 quo
600 378 705 405 nullum
726 386 794 413 opus

21 423 144 450 faciamus
160 421 267 454 servile,
294 426 407 448 testatur
427 427 453 449 et
477 422 534 456 ipse
558 430 606 456 per
631 422 793 457 Prophetam

21 469 104 495 dicens
118 468 149 494 de
164 467 280 500 indignis
292 466 391 494 Iudaeis
407 467 444 494 ita
458 468 480 482 “
495 476 501 494 :
516 467 699 501 Donecjuravi
712 469 738 494 in
752 469 794 495 ira

21 522 80 546 mea,
101 514 124 540 si
138 514 280 540 introibant
295 513 321 539 in
337 514 449 548 requiem
464 522 559 541 meum.
576 514 608 541 Et
623 514 722 541 iterum
739 514 792 542 La-

21 560 89 586 mech
111 566 208 586 nomen
226 559 368 593 imponens
389 559 444 586 filio
466 567 516 587 suo
537 559 593 588 Noe
612 560 639 587 in
664 561 794 595 mysterio

21 604 121 633 Christi.
141 603 176 630 ita
201 604 268 630 dixit
281 604 314 630 de
338 611 371 630 eo
385 604 426 631 '7:
453 603 485 630 Et
505 606 605 631 uacauit
630 613 722 632 nomen
736 605 793 639 ejus

21 649 80 679 Noe,
95 649 194 682 (licens,
211 649 335 684 quoniam
350 649 391 676 hic
403 649 476 676 dabit
489 651 560 677 nobis
577 651 689 685 requiem
703 659 718 676 α
731 658 793 677 mm-

21 695 115 721 roribus
133 695 238 727 nostris,
252 700 276 721 et
295 695 326 721 ab
348 695 468 729 operibus
490 704 614 722 manuum
629 701 792 729 nostrarum,

21 748 38 766 t‘t
54 749 68 766 α
81 746 148 766 terra
162 748 240 775 quam
255 740 393 767 maledixit
411 740 547 768 Dominus.
559 741 653 768 Omnis
670 749 733 776 ergo
746 742 792 776 qui

21 787 76 813 vivit
91 787 116 812 in
132 786 252 817 Christo,
272 793 378 820 semper
393 786 419 813 in
441 785 560 814 Sabbato
576 787 640 814 vivit
656 791 683 814 et
705 787 732 814 in
751 794 793 814 re-

21 832 73 865 quie
89 832 260 866 requiescens
279 832 313 858 ab
335 832 463 866 operibus
487 833 576 864 malis,
599 837 726 867 operatur
742 839 792 859 au-

847 241 881 268 ril
894 249 922 268 se
940 241 1086 276 petit-litari
1102 245 1210 275 propter
1223 241 1394 268 dilectionem
1415 250 1496 275 qttatn
1510 243 1590 270 habet
1606 244 1631 270 iu

847 292 970 314 sanctum
987 286 1088 317 locum,
1105 286 1141 312 ita
1158 291 1186 312 ut
1201 294 1267 320 pene
1283 287 1435 314 consentiat
1450 288 1473 314 ei
1491 288 1633 314 abomina-

847 331 914 359 tiotti
927 337 1054 367 tauquatn
1075 331 1109 358 sit
1123 331 1204 363 Deus,
1217 337 1242 358 et
1260 333 1348 358 tratlat
1363 333 1540 366 semetipsum
1563 333 1631 359 abo.

847 378 988 405 minationi
1006 378 1085 412 quasi
1109 377 1173 411 Deo,
1187 378 1325 413 quomodo
1340 383 1418 412 putas
1429 386 1491 405 cutn
1508 379 1632 406 lt‘ibllinl‘i

848 431 944 458 magna
962 424 1146 455 tribulatione,
1169 424 1257 458 qualis
1277 431 1330 450 non
1351 424 1402 450 fuit
1417 424 1441 451 ei
1459 425 1493 451 ab
1506 425 1584 451 initio
1599 432 1632 451 ex

847 477 902 504 quo
922 469 994 495 venit
1009 469 1035 495 in
1051 469 1182 496 mundum
1205 477 1291 502 usque
1307 469 1340 495 ad
1357 469 1421 496 illud
1439 471 1565 503 tempus?
1579 470 1631 497 Sed

847 523 897 542 nec
910 515 961 542 alia
978 515 1116 542 tribulatio
1131 515 1191 542 talis
1207 522 1268 541 cum
1286 515 1384 548 poterit
1402 516 1632 549 comprehendere

847 560 1004 595 aliquando.
1020 565 1046 587 et
1064 560 1219 593 maximc,si
1236 560 1297 594 quis
1314 560 1429 587 trahitur
1449 565 1478 587 ut
1494 561 1631 588 existiun-t

847 607 1074 633 abominationem
1089 610 1205 633 stantem
1227 607 1253 632 itt
1269 606 1337 632 ctelo
1358 606 1442 641 [loco]
1456 612 1561 636 sancto.
1577 615 1630 634 non

846 659 906 679 esse
924 651 1155 679 abominationem
1179 651 1365 681 desolationis,
1388 651 1434 677 sed
1457 650 1541 677 Deum
1567 650 1630 678 Ver-

847 698 921 725 bum.
938 697 1033 724 Adhuc
1048 702 1137 724 autent
1152 701 1178 724 et
1191 697 1213 724 si
1229 698 1290 731 quis
1307 695 1449 724 manifeste
1465 697 1574 732 quidem
1592 698 1630 724 vi-

846 743 908 770 deat
922 742 1154 769 abominationem
1178 741 1355 770 (lcsolationis
1378 746 1493 769 stantem
1521 743 1547 769 in
1570 743 1629 770 loc»

846 793 950 820 sancto,
967 792 993 815 ct
1010 788 1031 815 si
1048 792 1177 822 sequatur
1199 795 1269 818 eam,
1291 788 1427 822 accipiens
1441 789 1492 815 sibi
1513 796 1629 816 excusa-

847 834 948 860 tionem
975 834 1007 860 dc
1030 833 1130 860 divinis
1154 832 1315 868 Seripturis.
1342 834 1421 868 qttasi
1447 833 1630 860 indifferenter

21 883 64 904 tem
80 885 159 912 opera
172 878 283 912 justitiae
297 878 472 905 incessanter.
493 877 566 904 Militi
584 882 674 905 autem
693 884 792 904 nomen
809 875 829 901 Β
844 880 923 907 liceat
937 879 1166 906 Christianitatem
1184 887 1292 914 negare,
1308 879 1401 907 dicens
1423 880 1629 915 denegationetn

21 923 108 950 Ctnisti
125 923 264 956 habentes,
280 931 334 950 non
355 924 481 958 gratiam,
494 928 604 951 econtra
622 923 792 951 sabbatizant

21 968 47 994 ab
61 968 186 1001 operibus
208 968 297 1000 bouis,
319 973 467 1002 operantur
489 973 578 995 autem
605 975 687 1002 opera
708 968 790 995 mala.

21 1012 156 1040 llctliocrcs
173 1019 263 1041 autem
282 1014 417 1041 interdum
436 1015 576 1042 ditnittunt
594 1015 790 1042 sabbatismum

21 1067 118 1092 nierum
131 1060 274 1092 malorum,
289 1065 315 1087 et
330 1060 500 1088 sabhalizant
513 1062 545 1087 ab
562 1061 688 1095 operibus
702 1061 790 1093 hexis,

24 1114 64 1132 ton
81 1106 149 1132 bona
169 1110 321 1139 operantcs,
338 1105 394 1133 sed-
408 1106 488 1133 mala.
514 1106 629 1139 Quidam
651 1112 740 1134 atttem
757 1106 791 1133 ab

21 1152 132 1186 )petibus
157 1152 236 1178 malis
259 1152 438 1184 sabbatizant,
465 1160 518 1179 non
545 1157 634 1179 autem
664 1157 792 1179 exercent

22 1204 88 1230 )pcra
106 1197 186 1229 bona,
205 1205 265 1224 cum
284 1201 408 1232 oporteat
426 1204 479 1223 tton
496 1197 583 1224 Solum
601 1196 671 1223 mala
686 1196 788 1232 fugere,

21 1242 56 1268 sed
68 1243 145 1269 etiam
161 1243 232 1270 bona
247 1250 382 1270 exercere.
398 1242 425 1269 ln
443 1242 489 1270 tali
511 1249 575 1278 ergo
589 1243 707 1270 Sabbato
725 1251 790 1278 ope-

21 1296 67 1314 ‘nm
84 1289 227 1320 bonorum,
241 1289 350 1324 quando
364 1288 434 1315 bona
452 1295 533 1323 opera
549 1296 603 1315 non
622 1288 686 1315 facit
709 1288 791 1316 homo

24 1334 186 1366 Ibi-istianus,
197 1335 273 1367 jubet
284 1342 332 1361 nos
344 1333 469 1361 Christus
480 1341 559 1361 orare
573 1342 606 1362 ne
621 1334 683 1369 fuga
699 1339 790 1361 nostra

22 1379 55 1405 iat
71 1379 96 1406 in
112 1379 169 1407 illo.
186 1379 316 1408 Cessante
330 1380 402 1407 enim
418 1385 443 1407 te
457 1380 491 1408 ab
512 1380 641 1415 operibus
660 1380 750 1412 bonis,
767 1380 790 1407 sl

21 1425 113 1458 tuidetn
129 1426 238 1453 steteris
252 1429 313 1452 ante
325 1424 419 1452 faciem
439 1425 661 1456 abominationis,
679 1429 706 1452 et
719 1424 790 1452 ultro

21 1477 35 1496 θ
46 1471 197 1498 subdideris
210 1471 245 1502 ei,
262 1471 414 1498 voluntarie
429 1476 554 1498 mortuus
567 1477 596 1497 es
610 1470 700 1505 gladio
714 1470 789 1497 verbi

21 1516 152 1543 ncndacis.
177 1515 204 1543 Si
221 1520 312 1543 autem
329 1515 446 1542 volucris
463 1515 565 1550 fugere,
579 1519 606 1542 et
621 1514 789 1542 abotniuatio

21 1561 181 1589 lesolationis
196 1566 288 1589 secuta
305 1561 385 1588 fuerit
402 1565 436 1594 te,
453 1561 511 1588 sine
527 1560 608 1597 [sive]
623 1561 789 1596 persecutio-

21 1606 84 1634 tibus
98 1608 154 1635 suis
170 1607 275 1642 franget
292 1612 326 1641 te,
342 1607 403 1642 quia
420 1616 474 1635 non
488 1614 636 1642 operantur
653 1607 680 1634 in
696 1611 722 1634 te
734 1607 790 1634 vir-

22 1658 88 1679 utcm
104 1653 240 1688 patientiae
256 1661 339 1688 opera
353 1658 398 1680 tua
421 1653 511 1680 bona:
531 1652 590 1680 sine
605 1651 685 1688 [sive]
708 1651 789 1679 sedu-

24 1698 138 1727 tionibus
163 1699 220 1727 suis
242 1699 330 1734 capiet
343 1704 378 1730 te.
394 1699 523 1734 quoniam
541 1698 724 1733 intelligentia:
747 1697 789 1723 lu-

21 1752 65 1770 ncn
79 1753 132 1772 non
150 1749 277 1780 operatur
289 1745 315 1771 in
329 1749 353 1771 lc
366 1752 448 1780 opera
461 1749 505 1772 tua
522 1744 603 1771 bona.
619 1742 704 1770 Nemo
715 1742 787 1770 enim

21 1798 32 1816 tt
55 1791 98 1817 tali
125 1791 245 1825 periculo
270 1790 329 1817 falsi
346 1790 480 1825 dogmatis
502 1788 581 1816 facile
601 1793 743 1823 superatur
762 1791 788 1814 et

21 1835 113 1867 illitur,
127 1836 179 1863 nisi
191 1837 255 1871 quia
273 1835 361 1862 nudus
375 1840 415 1862 est
427 1834 461 1861 ab
473 1834 601 1869 operibus
615 1833 702 1861 bonis.
718 1832 787 1859 Pro—

24 1885 91 1907 tei-ea
112 1886 139 1908 et
157 1881 303 1915 Apostolus
318 1881 382 1907 dicit
403 1881 436 1907 de
449 1880 508 1914 ipso
529 1879 651 1914 periculo
668 1879 709 1906 "z
735 1879 787 1905 Pro

21 1934 32 1950 υ
54 1927 119 1958 ;ιιο‹1
140 1927 295 1953 ιΙιαήιαιειη
317 1927 436 1954 ueritatis
457 1934 508 1953 non
526 1932 691 1960 acceperunt,
712 1926 786 1952 dabit

21 1970 54 1996 ‘lia
77 1973 253 2006 operationem
276 1973 384 2005 erroris,
407 1977 434 1998 ut
456 1972 563 1998 credunt
589 1972 734 2004 mendacio,
758 1977 786 1999 ut

21 2016 152 2043 tdnentur
174 2018 289 2044 homines
305 2018 351 2052 qui
365 2026 415 2044 non
430 2017 596 2044 crediderunt
614 2017 727 2048 veritati,
742 2016 786 2042 sed

21 2068 187 2090 utiuttseruut
201 2064 346 2098 iniquitati.
362 2064 430 2090 Cum
446 2068 535 2090 autetn
554 2063 702 2090 viderimus
718 2062 786 2089 abo—

23 2109 178 2136 Iinationem
194 2110 380 2141 dcsolationis,
399 2117 459 2144 qua:
479 2110 550 2136 dicta
572 2116 613 2136 est
627 2116 675 2143 per
692 2107 788 2135 Danie-

21 2163 51 2181 ttn
71 2156 244 2190 prophetam,
260 2161 375 2182 stantem
400 2155 426 2182 in
441 2155 500 2182 loco
516 2160 621 2186 saneto,
635 2154 786 2181 videbimus

843 933 897 952 non
910 932 969 952 esse
981 925 1201 959 denegationem;
1213 929 1240 952 et
1249 932 1326 952 escas
1338 925 1537 952 immolatarum
1550 926 1629 960 quasi

843 970 910 996 nihil
925 975 1052 997 nocentes
1066 969 1240 996 manducanti
1261 969 1342 996 fuerit
1365 970 1524 1002 arbitratus,
1540 970 1630 1004 profe-

844 1023 907 1042 rens
929 1015 962 1042 de
983 1014 1132 1049 Scripturis
1151 1015 1290 1048 exempla;
1310 1019 1337 1042 et
1358 1015 1422 1049 quia
1447 1015 1630 1041 indiiiercnter

843 1061 905 1088 lit-et
930 1060 956 1086 in
976 1067 1031 1086 uno
1054 1059 1205 1093 eodemque
1226 1065 1349 1093 tempore
1372 1059 1532 1086 mulieribus
1551 1067 1628 1086 com-

843 1106 950 1133 misceri
966 1105 1093 1138 diversis,
1110 1104 1187 1139 quasi
1204 1109 1231 1132 et
1253 1104 1377 1139 patrihus
1399 1105 1448 1131 ista
1468 1104 1628 1132 facientibus

842 1153 906 1180 olim
921 1160 927 1178 :
945 1151 1072 1178 omnibus
1087 1150 1147 1178 istis
1164 1151 1282 1185 peccatis
1297 1150 1386 1184 majus
1407 1155 1448 1177 est
1463 1151 1628 1178 abominatio

841 1195 1027 1227 deSUlationis,
1045 1194 1070 1221 id
1084 1199 1135 1226 est,
1149 1193 1261 1221 verbum
1275 1194 1347 1228 quod
1360 1194 1386 1221 in
1399 1194 1458 1222 loco
1473 1194 1628 1229 Scriptura-

842 1248 901 1268 rum
924 1244 1079 1267 sanctarum
1101 1239 1238 1271 consistit,
1257 1239 1426 1274 iniquitatem
1447 1240 1473 1266 in
1489 1241 1627 1268 excelsum

842 1286 956 1320 loquens
966 1289 992 1312 et
1005 1284 1171 1319 persuadens
1189 1292 1204 1311 a
1217 1285 1346 1312 Creatore
1358 1285 1507 1317 discedere,
1522 1285 1568 1320 qui
1588 1293 1628 1312 su-

841 1332 884 1359 lus
897 1336 924 1359 ct
946 1339 1026 1359 verus
1046 1335 1090 1358 est
1109 1331 1191 1364 Deus,
1209 1335 1235 1358 et
1254 1331 1363 1358 credere
1379 1331 1456 1358 atteri
1475 1332 1566 1359 nescio
1584 1331 1628 1358 cui

841 1377 898 1404 Deo
920 1384 1001 1411 super
1021 1377 1114 1409 istum,
1131 1377 1175 1404 cui
1197 1376 1289 1404 nullus
1310 1377 1408 1405 similis
1424 1382 1475 1410 est,
1490 1385 1551 1405 cum
1567 1378 1629 1405 talis

841 1428 934 1451 uoster
949 1422 1074 1450 Salvator
1089 1422 1162 1450 dicat
1173 1422 1194 1439 "
1208 1432 1214 1449 ε
1231 1421 1311 1448 Pater
1328 1423 1372 1457 qui
1390 1423 1462 1449 misit
1477 1431 1526 1455 me,
1542 1424 1630 1457 major

841 1473 939 1496 meat.
956 1468 1051 1503 Magna
1068 1475 1132 1503 ergo
1150 1467 1289 1494 tribulatio
1302 1473 1446 1502 generatur
1460 1475 1475 1493 a
1486 1467 1630 1494 desolatio-

841 1514 884 1542 nis
899 1514 1101 1541 abominatione
1119 1517 1206 1540 stante
1222 1513 1248 1539 in
1270 1512 1330 1540 loco
1350 1516 1454 1545 sancto,
1475 1513 1511 1539 ita
1524 1517 1553 1539 ut
1565 1514 1627 1540 Ialm

840 1560 966 1588 dicantur
979 1559 1013 1587 de
1026 1567 1057 1586 ea
1070 1559 1111 1585 l"':
1131 1558 1165 1585 Et
1182 1559 1234 1586 nisi
1251 1558 1393 1584 abbrct'iati
1408 1563 1491 1585 essent
1507 1559 1562 1585 dus
1576 1559 1627 1590 illi,

839 1615 890 1633 non
904 1609 971 1633 esset
982 1605 1056 1632 salva
1070 1605 1143 1640 facta
1163 1605 1247 1631 omnis
1259 1612 1330 1630 caro.
1348 1603 1460 1638 Propter
1471 1603 1564 1631 electos
1580 1613 1629 1630 an—

841 1658 891 1680 tem
915 1651 1137 1679 abbreviabuntur
1158 1650 1213 1677 dies
1230 1649 1280 1678 illi.
1301 1649 1389 1676 Tanta
1411 1655 1511 1682 autem,
1537 1655 1563 1676 et
1588 1650 1629 1678 sic

839 1706 936 1733 magna
959 1698 986 1724 in
1007 1697 1052 1724 illa
1075 1695 1277 1724 abominatione
1297 1695 1474 1723 desolationis
1490 1695 1519 1722 fit
1542 1695 1629 1722 tribu-

839 1744 914 1776 latio,
934 1748 964 1770 ut
979 1743 1051 1770 Deus
1066 1746 1193 1776 operetur
1207 1741 1438 1768 abbreviationem
1457 1741 1562 1767 dictum
1579 1741 1628 1767 tri-

838 1787 984 1815 bulationis
996 1787 1078 1818 illius,
1097 1786 1264 1820 superﬂuunt
1281 1792 1376 1811 eorum
1393 1785 1541 1818 praecidens
1553 1785 1625 1819 quod

839 1833 947 1860 additur
959 1840 975 1859 a
990 1830 1166 1859 desolationis
1182 1829 1355 1856 tribulatione
1371 1833 1398 1855 et
1412 1828 1624 1857 abominatione.

838 1879 923 1906 Aliter
939 1879 1011 1905 enim
1025 1885 1078 1904 non
1094 1881 1135 1904 est
1149 1875 1278 1910 passibile
1291 1879 1320 1901 ιιι
1335 1880 1447 1902 sanctor
1461 1875 1551 1902 omnis
1564 1883 1626 1910 qua:

839 1925 968 1952 salvanda
984 1929 1026 1951 est
1046 1931 1119 1954 caro.
1141 1922 1193 1949 nisi
1209 1921 1343 1956 acceperit
1361 1921 1592 1948 abbreviationem
1609 1929 1624 1948 a

839 1971 904 1998 Deo.
932 1969 993 1997 Dies
1013 1969 1085 1996 enim
1108 1967 1295 2002 intelliguntur
1313 1969 1445 2000 prmcepta
1458 1969 1485 1992 et
1498 1965 1623 2000 dogmata

838 2016 960 2044 veritatis
979 2015 1066 2050 posita
1083 2015 1109 2041 itt
1128 2013 1277 2048 Seripturis
1293 2012 1326 2039 ad
1342 2011 1570 2038 illuminalioncm
1583 2011 1623 2037 in-

839 2063 1016 2097 telligentiam
1032 2061 1195 2088 animarum.
1211 2058 1294 2094 864,
1311 2057 1412 2084 Omnes
1430 2061 1519 2084 autent
1542 2057 1624 2084 intel--

838 2108 924 2134 lectus
945 2114 960 2134 a
975 2106 1087 2133 scientia
1111 2104 1170 2131 falsi
1196 2102 1314 2129 nominis
1335 2101 1485 2133 venientes,
1505 2101 1553 2136 qui
1577 2101 1624 2128 atl-

838 2153 939 2180 duutur
955 2150 1128 2178 sermonibus
1148 2149 1349 2182 Scripturarum
1367 2151 1394 2173 ct
1408 2146 1623 2181 conjunguntur,

21 2206 27 2226 t
48 2209 175 2236 magnam
200 2201 400 2228 tribulationem
425 2201 582 2233 instantem,
603 2199 692 2234 qualis
715 2199 785 2226 facta
803 2208 824 2235 ι)
838 2197 956 2231 intelligo
967 2196 1031 2223 mihi
1044 2195 1226 2222 additamenta
1243 2201 1303 2220 esse
1315 2201 1396 2227 supra
1412 2192 1623 2227 magnitudinem

21 2253 53 2271 nn
66 2250 108 2272 est
122 2246 157 2272 ab
171 2245 247 2272 initio
266 2245 359 2272 mundi
377 2253 462 2279 usque
479 2247 511 2271 ad
527 2244 600 2271 illam
623 2244 720 2278 ipsam,
735 2251 782 2270 tte-

21 2297 52 2317 ue
77 2291 122 2317 lict
140 2296 241 2325 postea.
257 2290 322 2324 Quae
346 2291 418 2317 enim
436 2290 522 2324 major
545 2289 682 2316 tribulatio
703 2297 784 2323 quam

21 2337 89 2363 iderc
108 2336 208 2363 fratres
224 2341 332 2363 nostros
354 2336 447 2363 seduci
468 2340 576 2370 propter
592 2339 718 2362 sanctum
739 2335 783 2361 lo-

25 2390 59 2408 tm
78 2389 92 2409 a
107 2382 285 2410 desolatiouis
308 2382 512 2408 abotninatiouc
525 2385 612 2408 stante
634 2380 660 2406 in
680 2380 736 2407 eo?
754 2379 785 2407 Et

33 2427 145 2461 quidem
157 2427 236 2454 amici
254 2427 369 2462 alicujus
382 2433 429 2454 aut
442 2427 557 2462 proximi
571 2434 643 2454 tnors
658 2433 785 2460 corpora-

21 2480 30 2500 5
45 2481 173 2508 magnam
191 2479 317 2508 operatur
330 2473 528 2500 tribulationem
542 2472 565 2499 ei
579 2472 625 2508 qui
638 2480 690 2499 non
703 2472 785 2498 fuerit.

21 2521 145 2548 teditalus
162 2525 190 2547 ut
205 2520 316 2547 sutl'erat
330 2527 399 2551 eatn,
415 2518 521 2553 qualem
536 2524 615 2553 putas
632 2518 785 2546 tribulatio-

21 2573 58 2592 nm
79 2566 104 2592 ei
120 2565 166 2600 qui
179 2564 342 2599 cotnpatitur
357 2565 465 2598 quando
479 2571 562 2590 unum
576 2571 684 2597 passum
703 2562 785 2590 fuerit

21 2612 164 2643 embrum,
185 2616 211 2638 ct
231 2610 253 2637 ei
275 2610 321 2645 qui
344 2611 440 2637 viderit
455 2610 564 2645 quando
584 2609 783 2636 scandalizatus

21 2658 77 2684 Icrit
94 2657 196 2692 aliquis
214 2656 315 2684 frater?
332 2656 360 2683 Si
381 2662 470 2682 autem
488 2660 515 2682 et
539 2656 600 2689 quis
625 2654 721 2681 viderit
737 2660 782 2680 se-

21 2711 86 2729 sum
102 2702 204 2729 moveri
217 2707 243 2729 ct
256 2700 412 2729 conturbari
424 2708 438 2727 a
453 2700 628 2728 desolationis
642 2699 783 2726 abomina-

29 2828 52 2844 “
66 2827 143 2854 [‘sal.
155 2834 229 2857 mtv,
243 2826 286 2853 tl.
325 2825 344 2839 ³⁷
359 2823 426 2850 (ὶοιι-
441 2829 466 2854 ν,
482 2821 528 2848 ⁸29-

568 2820 588 2835 ³³
606 2817 624 2845 ιι
638 2817 734 2844 Thess.
750 2824 784 2849 ti,
801 2816 843 2843 to.

838 2241 988 2269 naturalem
1010 2241 1114 2267 dierutn
1132 2238 1298 2272 Scriptum:
1315 2237 1385 2271 quod
1410 2236 1623 2264 additamentum

838 2289 926 2315 bonus
941 2287 1011 2314 Dens
1026 2285 1162 2313 abbreviat
1175 2292 1222 2318 per
1235 2291 1304 2317 quos
1322 2283 1387 2309 vult.
1404 2282 1436 2309 Et
1450 2282 1624 2317 quotiescun-

837 2341 890 2368 que
914 2332 1013 2359 videris
1035 2331 1151 2358 adventu
1176 2328 1249 2355 verbi
1271 2327 1393 2355 veritatis
1416 2328 1442 2354 in
1468 2335 1550 2354 SL'IISU
1578 2332 1624 2353 tuo

838 2379 946 2414 prmcidi
962 2376 1118 2404 altitudines
1132 2374 1289 2402 extollentes
1301 2381 1329 2399 se
1340 2380 1354 2399 a
1366 2373 1469 2398 lversus
1482 2371 1622 2398 St'iCltiltlul

839 2425 896 2455 Dei,
916 2423 994 2451 toties
1018 2420 1135 2455 intelligo
1152 2418 1323 2446 abbreviatos
1346 2417 1403 2444 dies
1428 2414 1622 2446 tribulationis,

835 2476 862 2498 ct
889 2468 1078 2498 circumcisam
1103 2464 1267 2499 superﬂuam
1292 2461 1517 2497 magnitudinem,
1540 2467 1621 2494 quam

835 2521 929 2543 contra
944 2519 1067 2542 naturam
1081 2510 1248 2539 abominatio
1261 2507 1436 2536 desolationis
1451 2513 1559 2540 semper
1575 2513 1621 2531 su-

835 2561 988 2598 peraddidit
998 2559 1097 2587 diebus
1114 2556 1220 2584 Domini
1236 2555 1282 2590 qui
1291 2553 1396 2598 suntin
1415 2551 1572 2598 Scripturis.

834 2595 944 2642 propter
959 2605 1060 2632 electos
1075 2601 1267 2629 abbreviautur
1281 2597 1339 2625 dies
1353 2597 1401 2630 illi,
1418 2596 1579 2624 ut.vidcntes
1594 2595 1622 2622 in

837 2641 916 2678 sensu
931 2657 982 2677 suo
994 2647 1179 2682 praecisiouem
1192 2642 1387 2678 superﬂuitatis
1401 2641 1517 2674 dierum,
1535 2644 1561 2666 et
1580 2647 1622 2665 re-

838 2699 991 2723 manentem
1007 2694 1080 2720 illam
1096 2689 1267 2719 solummodo
1283 2688 1372 2716 lucem
1389 2694 1451 2722 qua:
1468 2684 1619 2713 secundum

882 2815 904 2831 ³⁸
919 2814 998 2842 ioan.
1018 2821 1074 2846 xtv,
1089 2815 1134 2841 ‘28.
1174 2814 1196 2830 “’
1209 2812 1305 2841 Matth.
1321 2817 1396 2843 xxtv,
1412 2809 1452 2840 εἰ
