1841 3053
37 126 106 153 1669

598 120 920 149 COMMENTARIOHLTM
942 122 1073 150 SElzll-ZS.

1592 133 1601 159 Ι
1609 134 1623 158 ιζ
1627 133 1660 159 70

35 184 108 210 enim
134 184 196 210 sunt
217 182 380 213 antichristi,
399 186 425 208 et
446 179 602 216 quicunque
624 184 687 214 post
706 187 754 207 eos
775 187 819 206 re-
837 183 858 209 Λ
871 180 1002 215 quoniam
1019 189 1072 208 non
1091 182 1176 209 dixit:
1199 182 1362 219 Ubicunque
1382 184 1464 213 fuerit
1479 186 1606 220 cadaver,
1623 189 1659 216 ibi

34 229 216 256 surrexerint.
234 228 311 255 Sicut
328 233 418 254 autem
433 227 489 253 veri
503 225 605 253 Christi
617 231 644 253 et
659 226 741 253 unius
755 225 819 252 facti

33 280 99 303 sunt
119 275 164 309 qui
185 282 200 301 a
222 274 321 301 szeculo
341 273 450 302 fuerunt
474 274 560 301 sancti
572 273 727 308 prophetae.
751 280 820 306 pra:-

34 321 193 348 nunliantes
209 321 311 348 Christi
329 321 470 354 passiones
485 324 514 347 et
528 319 702 354 postmodum
719 319 820 353 glorias

32 367 93 401 ejus
109 366 232 398 futuras,
255 366 295 393 sic
320 366 386 392 mihi
407 365 526 399 intelligo
548 365 696 392 secundum
722 372 821 391 unum-

32 420 170 448 quemque
191 411 439 447 pseudochristum,
459 411 560 438 multos
577 409 643 445 ejus;
654 409 737 437 falsos
757 417 821 444 pro-

33 459 141 492 phetas.
154 457 212 485 Non
227 465 292 492 ergo
307 457 423 491 alicujus
437 456 519 484 unius
534 456 667 483 mendacii
683 456 818 486 doctores,

33 504 79 531 sed
91 504 214 531 omnium
226 503 467 538 pseudoprophetze
485 507 550 530 sunt
560 502 633 530 illius
647 501 818 534 Antichristi,

33 549 113 582 cujus
139 549 223 576 falsos
246 556 388 576 sermones
414 549 562 583 praedicant
589 547 667 583 quasi
694 555 772 575 veros
792 552 820 575 et

33 595 143 622 docent.
175 594 330 622 Secundum
358 594 416 621 haec
440 601 504 629 ergo
531 601 591 628 quae
611 593 745 624 diximus,
772 592 819 627 qui

32 640 216 666 ecclesiastico
229 639 327 667 docent
342 638 466 671 ver-bum,
480 639 618 673 propheta:
630 642 693 665 sunt
704 637 817 665 Christi.

33 686 83 718 Qui
103 689 194 712 autem
211 685 355 712 Marcionis
373 685 413 712 vol
429 685 543 719 alicujus
563 692 655 712 eorum
672 684 819 719 pradicant

34 731 146 757 verbum
179 730 296 761 falsum,
322 730 458 764 prophetae
483 734 547 757 sunt
571 729 729 756 Antichristi
759 729 819 764 ejus

33 775 78 809 qui
105 780 149 802 est
166 777 314 802 secundum
336 774 511 806 Marcionem,
541 774 566 800 id
588 778 631 801 est
652 773 724 801 illius
740 781 818 800 men-

33 821 101 848 dacii
121 821 195 856 quod
220 821 369 848 introduxit
390 820 528 854 Marcion;
550 825 578 847 et
605 820 650 847 alii
674 819 734 846 falsi
755 827 818 854 pro-

33 868 121 900 pheta:
145 871 210 894 sunt
234 867 368 894 nrendacii
394 866 467 894 illius
495 866 568 901 quod
596 871 637 893 est
667 857 853 893 secunduan

36 912 182 939 Basilidcm
193 921 200 945 ;
213 912 258 939 alii
275 920 340 939 vero
356 912 429 939 illius
443 912 516 946 quod
529 911 678 939 secundum
686 911 816 945 Apellem.

35 957 168 984 Similiter
192 957 265 984 ὥοέ
293 961 320 984 et
345 957 378 984 de
402 956 626 991 prmdicatoribus
649 956 817 991 singularum

34 1003 178 1030 tract-esum.
194 1001 291 1030 Omnia
313 1002 386 1029 enim
404 1007 431 1030 ct
454 1002 626 1036 persuasoria
645 1010 706 1037 qua
727 1001 819 1036 profe-

32 1053 131 1074 tllnlut‘
156 1048 188 1074 ad
214 1047 401 1075 defensionem
431 1047 589 1075 Antichristi
619 1048 711 1079 verbi,
740 1048 817 1083 signa

33 1098 96 1119 surrt
121 1093 196 1120 illius
226 1093 387 1120 Antichristi
415 1098 442 1120 et
479 1093 622 1128 prodigia:
646 1100 818 1128 quaecunque

33 1143 217 1174 suggeruntur
243 1147 258 1166 a
290 1139 493 1174 sapientissimo
517 1139 639 1166 omnium
670 1139 817 1167 bestiarum

34 1187 109 1209 terrae
127 1187 253 1217 serpente
265 1184 297 1215 ⁸⁷,
314 1188 340 1210 et
353 1191 368 1210 a
384 1191 483 1218 magno
500 1191 582 1211 sensu
601 1184 721 1219 principe
732 1183 818 1220 Assy~

35 1228 149 1260 riorum.
166 1229 242 1263 signa
261 1233 324 1257 sunt
340 1237 436 1264 magna
454 1234 479 1256 et
496 1229 634 1264 prodigia,
651 1234 680 1256 ut
695 1229 721 1256 in
742 1237 818 1257 erro—

34 1283 87 1302 rem
112 1275 296 1307 inducantur.
327 1275 349 1303 si
381 1275 509 1310 possibile
531 1279 591 1308 est,
619 1275 700 1303 etiam
727 1276 816 1304 electi.

34 1320 256 1356 Exaggerationis
268 1325 360 1348 autem
377 1328 468 1348 sermo
478 1325 520 1349 est
536 1321 639 1354 dicens,
658 1322 681 1348 si
694 1322 818 1356 possibile

34 1371 85 1398 est,
116 1374 169 1392 non
200 1367 272 1394 enim
302 1366 487 1402 pronuntiavit
517 1375 604 1402 neque
626 1367 711 1400 dixit.
736 1374 765 1395 ut
790 1368 816 1395 in

36 1420 154 1439 errorem
170 1413 311 1440 mittantur
325 1413 406 1440 etiam
424 1413 518 1445 electi,
539 1413 585 1441 sed
604 1414 747 1441 ostendere
761 1414 818 1442 vult

35 1457 159 1490 quoniam
190 1458 345 1493 frequenter
371 1458 449 1486 valde
474 1459 638 1494 persuasorii
665 1464 729 1487 sunt
758 1467 816 1488 ser-

35 1511 127 1530 tuonrs
146 1504 347 1537 haereticorum,
361 1509 388 1531 et
410 1511 582 1532 commovere
594 1509 716 1540 potentes
734 1505 816 1533 etiam
831 1521 852 1552 ο

35 1555 78 1574 eos
100 1549 145 1582 qni
170 1550 306 1584 sapienter
331 1550 454 1578 audiunt.
477 1549 529 1578 Sed
553 1551 716 1585 praedicente
737 1551 816 1579 nobis

35 1593 123 1619 omnia
141 1592 292 1625 Salvatore,
316 1601 403 1629 neque
423 1593 449 1621 in
474 1593 648 1621 solitudinem
673 1601 814 1626 exeamus,

34 1645 120 1672 neque
134 1639 180 1674 qui
206 1639 367 1673 profitentur
386 1639 524 1667 Christum
550 1640 576 1667 in
598 1640 723 1668 domibus
738 1648 815 1674 esse,

34 1684 185 1712 credamus.
211 1684 258 1712 llis
287 1689 376 1712 autem
406 1693 466 1720 quae
493 1685 628 1718 diximus,
655 1686 816 1721 adjiciamus

34 1731 121 1758 adhuc
136 1732 266 1766 quoniam
283 1731 372 1759 omnis
388 1738 478 1759 sermo
500 1731 629 1766 protitens
650 1739 679 1759 se
693 1739 753 1759 esse
767 1740 815 1759 ve-

33 1776 148 1808 ritatem,
165 1785 226 1804 eum
237 1785 289 1804 non
303 1778 337 1804 sit
349 1777 457 1809 veritas,
475 1777 531 1804 sive
539 1777 609 1812 apud
622 1777 745 1813 gentiles,
759 1777 816 1805 sive

33 1822 100 1856 apud
117 1822 262 1854 barbaros,
278 1823 371 1857 aliquo.
387 1822 469 1849 modo
488 1822 674 1850 Antichristus
694 1827 749 1856 est,
768 1830 815 1849 vo-

34 1868 89 1895 lens
106 1869 236 1896 seducere
253 1868 330 1903 quasi
352 1868 461 1900 veritas,
482 1873 508 1895 et
525 1875 650 1903 separare
668 1868 702 1896 ab
719 1875 751 1895 eo
768 1869 815 1903 qui

32 1913 98 1940 dixit
111 1914 131 1928 ⁸³
146 1923 152 1941 :
179 1913 234 1949 Ego
250 1922 307 1941 sum
323 1914 430 1941 veritas.
447 1913 592 1948 Propterea
613 1921 667 1941 non
685 1914 815 1941 debemus

32 1959 169 1986 attendere
187 1960 227 1986 eis
249 1960 294 1994 qui
315 1959 430 1986 dicunt:
450 1957 515 1985 Ecce
538 1959 579 1984 Itic
602 1957 740 1990 Christus,
761 1966 813 1985 non

31 2009 118 2032 antem
136 2005 283 2032 ostendunt
302 2013 364 2031 eum
389 2005 415 2032 in
445 2003 563 2031 Ecclesia
587 2011 647 2038 quae
669 2004 748 2038 plena
774 2009 815 2032 est

32 2050 132 2085 fulgore
151 2051 186 2078 ab
201 2051 305 2078 Oriente
320 2058 405 2086 usque
420 2050 452 2076 ad
468 2049 646 2081 occidentem,
663 2057 723 2084 qua:
737 2049 814 2084 plena

31 2101 70 2122 est
84 2097 186 2122 lurrrine
204 2104 277 2126 vuo,
293 2104 352 2130 qua:
368 2100 409 2123 est
427 2095 553 2122 columna
569 2099 596 2122 et
613 2094 813 2122 firmamentum

31 2143 163 2174 veritatis,
180 2143 206 2169 in
224 2150 276 2177 qua
304 2147 357 2169 tota
377 2147 450 2169 totus
470 2147 511 2168 est
534 2142 666 2169 adventus
685 2141 744 2168 Filii
766 2141 815 2168 lto-

31 2189 110 2216 minis
125 2189 240 2216 dicentis
257 2189 383 2216 omnibus
396 2189 441 2223 qui
466 2187 565 2222 ubique
579 2192 662 2214 sunt:
681 2187 746 2214 Ecce
766 2195 812 2222 ego
830 2187 850 2213 ι)

32 2235 161 2262 vobiscum
177 2243 234 2261 tum
251 2234 372 2260 omnibus
394 2234 484 2260 diebus
501 2234 577 2264 ritte,
601 2241 680 2268 usque
694 2234 727 2259 ad
750 2241 812 2259 cou-

30 2281 231 2307 summatianem
252 2280 383 2307 circuli”.
407 2279 437 2306 Et
458 2280 612 2313 ubicunque
637 2279 717 2306 fuerit
740 2279 812 2314 quod

29 2332 68 2352 est
83 2326 232 2353 secundum
256 2326 487 2359 disgrensationcm
511 2325 647 2360 passionis
664 2324 723 2358 ejus
737 2345 743 2357 ,
768 2333 812 2352 ca-

30 2373 109 2398 daver
123 2371 194 2406 ejus,
210 2371 256 2406 qui
274 2371 335 2398 ideo
347 2371 444 2398 cecidit
462 2376 491 2398 ιιι
507 2371 592 2405 erigat
608 2378 655 2398 eos
673 2370 719 2404 qni
739 2370 812 2397 ceci-

30 2418 136 2451 derunt,
158 2419 221 2445 illnc
245 2418 481 2452 congregabuutut'
507 2427 559 2445 non
587 2418 812 2452 qualescunque,

30 2465 73 2491 sed
88 2465 187 2499 aquila:
201 2463 337 2498 discipuli.
360 2463 396 2490 De
407 2464 506 2498 quibus
526 2464 606 2490 etiam
624 2463 756 2499 propheta
772 2463 813 2490 di-

29 2513 159 2539 cubat“:
180 2511 390 2546 Penuigerabunt
416 2512 483 2538 sicut
507 2511 621 2546 aquilre,
645 2519 669 2538 et
695 2516 810 2543 current,

29 2562 52 2583 ct
74 2566 124 2584 non
144 2557 319 2589 laborabunt,
343 2562 366 2584 et
390 2556 481 2588 ibunt,
507 2562 531 2584 et
558 2565 608 2583 nun
632 2558 757 2584 esuriem.
780 2557 813 2584 Et

31 2602 156 2630 Salomon
172 2603 198 2629 in
222 2603 375 2630 Proverbiis
387 2602 407 2617 ⁸⁴
424 2602 556 2629 assimilat
569 2610 630 2629 eum
647 2603 692 2637 qui
711 2603 736 2629 in
758 2602 812 2629 Deo

30 2653 69 2675 est
83 2649 169 2681 dives,
185 2649 278 2676 dicens
291 2657 297 2675 :
316 2648 422 2675 Parum:
437 2652 496 2675 sunt
510 2648 533 2673 ei
547 2656 637 2681 penna:
652 2649 719 2674 sicut
736 2643 812 2682 ιιιιιιῗ-

29 2697 78 2728 ιω,
95 2701 119 2722 et
137 2700 299 2722 convertatur
321 2696 347 2722 in
363 2695 440 2722 doma
467 2694 600 2728 prwpoaiti
621 2694 672 2720 sui.
696 2693 727 2720 Et
753 2694 811 2720 \ide

539 2831 559 2845 ν
572 2829 667 2858 Matth.
684 2837 782 2859 xvvut.
795 2829 839 2856 20.

64 2829 85 2845 "
101 2831 168 2857 Gen.
181 2839 219 2857 nr.
268 2832 288 2847 ⁵⁸
304 2832 380 2858 .inatt.
401 2839 453 2860 ιιι,
474 2832 497 2856 ti.

870 227 1114 261 congregabantur
1136 229 1271 262 vultures,
1297 236 1343 258 aut
1362 232 1458 265 corvi;
1488 233 1534 261 sed
1561 235 1658 262 volens

869 273 1015 300 ostendere
1032 275 1193 309 magnificos
1217 280 1245 303 et
1261 276 1365 311 regales
1382 285 1442 305 esse
1458 286 1556 305 omnes
1574 280 1618 314 qui
1633 280 1659 307 in

871 318 1024 351 passionem
1041 318 1148 346 Domini
1165 320 1354 352 crediderunt.
1374 326 1482 358 proprie
1497 324 1585 352 dixit:
1611 325 1660 352 Ubi

869 362 949 396 fuerit
966 363 1090 396 cadaver,
1108 365 1164 392 illic
1178 367 1408 401 congregabuntur
1422 374 1446 396 et
1463 370 1570 405 aquila’.

903 409 948 436 48.
971 410 1071 438 Statim
1088 416 1145 444 post
1161 411 1360 440 tribu/«tionem
1381 415 1483 442 dierum
1499 416 1606 443 illorum
1621 417 1660 444 ml

868 455 1072 486 obscurabitur.
1093 462 1116 483 et
1143 457 1208 484 luna
1227 466 1279 484 non
1303 459 1376 485 dabit
1401 459 1491 486 lumen
1517 470 1608 491 suum,
1635 470 1659 489 et

869 499 954 527 stella:
973 500 1067 526 eadem
1090 501 1122 527 de
1147 500 1222 534 (mlo,
1238 505 1262 527 et
1290 501 1398 528 virtutes
1417 502 1542 528 rectorum
1572 511 1644 529 nrove

870 546 977 572 buntur.
1003 545 1036 572 Et
1053 550 1114 572 tunc
1134 547 1270 581 apparebit
1289 547 1394 582 signum
1414 546 1478 574 Filii
1495 547 1608 574 hominis
1631 549 1658 575 in

870 592 943 624 (tela,
957 597 979 619 et
995 596 1058 618 tunc
1073 592 1196 627 plangant
1211 601 1238 619 se
1249 600 1337 619 omnes
1350 593 1434 620 tribus
1451 598 1526 620 teme
1539 595 1572 620 5’.
1585 593 1658 622 Con-

871 638 1022 665 siderazrtcs
1048 638 1167 672 majores
1191 639 1392 672 propositiones
1415 639 1555 666 incurrere
1575 648 1658 675 quam

870 686 911 709 est
931 690 1027 710 sensus
1046 682 1201 713 hominum,
1221 683 1302 709 etiam
1325 690 1419 709 eorunr
1438 683 1484 718 qui
1509 683 1658 718 plurimum

871 728 897 755 in
912 728 1045 763 sapientia
1063 727 1236 762 profecerunt
1258 736 1312 762 prze
1329 728 1400 759 aliis,
1416 736 1464 762 age
1477 728 1658 756 discutiamus

871 781 1043 801 Sermonem:
1063 773 1180 808 primum
1196 773 1305 808 quidem
1325 779 1478 807 quaerentes
1499 782 1559 808 qua:
1579 773 1658 801 facile

871 820 954 855 ri-cipi
972 824 1087 854 possunt
1110 820 1142 846 ad
1163 819 1361 854 expositionem
1387 819 1534 854 evangelici
1557 824 1657 854 textus,

868 866 946 901 quasi
962 865 1077 892 Domino
1094 865 1119 892 in
1147 865 1206 899 ipso
1231 865 1425 900 proplrctante:
1446 865 1542 892 deinde
1565 866 1656 900 requi-

868 919 960 938 remus
975 918 1034 945 qure
1055 911 1090 938 sit
1105 910 1205 937 veritas
1228 910 1325 938 horum
1346 911 1489 937 verborum
1506 912 1656 938 secundum

868 964 916 984 eos
931 956 976 991 qui
999 957 1079 983 altius
1095 962 1122 983 et
1142 956 1269 982 subtilius
1283 963 1343 983 esse
1368 956 1469 991 aliquid
1490 956 1658 984 arbitrantur

869 1000 896 1027 in
912 1000 1014 1033 verbis,
1032 1004 1171 1027 servantes
1187 1000 1412 1034 consequentiam
1434 1001 1579 1027 moralium
1600 1006 1657 1027 tra-

869 1046 1003 1074 ditionum
1018 1045 1099 1072 etiam
1116 1045 1141 1071 in
1157 1045 1210 1077 his,
1226 1046 1455 1080 quemadmodum
1473 1054 1565 1081 supra.
1584 1045 1658 1074 Dicet

868 1099 932 1127 ergo
954 1091 1054 1126 aliquis
1075 1100 1080 1117 :
1107 1091 1341 1123 Quemadmodum
1368 1091 1394 1118 in
1422 1092 1526 1126 magnis
1549 1092 1657 1127 ignibus

868 1140 996 1168 succendi
1019 1138 1231 1174 incipientibus,
1254 1139 1370 1166 tenebra:
1388 1146 1420 1164 ex
1445 1137 1521 1165 fumo
1538 1138 1656 1173 plurimo

867 1185 994 1212 videntur
1014 1186 1116 1217 extolli,
1140 1185 1180 1212 sic
1205 1186 1230 1212 in
1249 1186 1485 1212 consummatione
1504 1186 1598 1212 mundi
1621 1186 1656 1213 alr

869 1231 929 1266 igne
952 1231 996 1266 qui
1025 1231 1214 1259 accendendus
1241 1235 1298 1262 est,
1326 1231 1451 1258 obscura!
1464 1235 1546 1258 untur
1574 1231 1655 1258 etiam

868 1277 1012 1304 luminaria
1030 1285 1137 1312 magna.
1156 1281 1195 1308 ut,
1211 1277 1268 1304 sole
1282 1276 1437 1309 obscurato,
1457 1281 1656 1311 consequenter

868 1322 1060 1350 obsonrationc
1075 1322 1141 1349 solis
1156 1322 1237 1349 etiam
1254 1322 1318 1349 luna
1344 1322 1483 1356 impedita,
1500 1329 1549 1349 nec
1564 1330 1578 1349 a
1600 1323 1656 1349 sole

868 1367 1007 1402 percipere
1022 1367 1113 1394 lumen
1132 1375 1181 1394 nec
1197 1367 1336 1401 proprium
1354 1367 1444 1393 lumen
1462 1366 1526 1393 dare
1538 1366 1653 1393 sirratur.

868 1413 901 1440 Et
916 1413 955 1440 sic
972 1420 1082 1440 necesse
1097 1417 1138 1440 est
1151 1412 1381 1447 comprehendant
1410 1411 1501 1438 mundi
1531 1417 1652 1439 natmam

868 1459 985 1494 primnrrr
1014 1458 1131 1485 tenebrat
1157 1465 1261 1493 magna:
1287 1467 1293 1484 :
1319 1457 1358 1485 sic
1383 1463 1472 1484 autem
1503 1465 1654 1492 pcrmarce—

868 1508 961 1531 scente
981 1503 1120 1531 stellarum
1144 1504 1257 1536 lumine,
1282 1503 1417 1538 reliquum
1444 1511 1537 1529 earum
1555 1511 1654 1538 corpus

868 1549 989 1577 crassius
1004 1548 1104 1576 factum
1117 1552 1146 1576 ut
1158 1556 1210 1575 non
1226 1547 1313 1575 valeat
1324 1547 1437 1575 exaltari
1453 1547 1523 1574 sicut
1536 1547 1653 1581 primum

867 1603 929 1623 cum
942 1603 957 1622 a
971 1594 1073 1622 lumine
1092 1595 1151 1629 ipso
1173 1598 1308 1628 portatum
1323 1593 1512 1624 extolli-batur,
1530 1593 1607 1620 cadet
1622 1593 1654 1619 de

867 1641 945 1669 cutio.
976 1639 1024 1667 llis
1054 1639 1242 1667 accidentibus
1269 1647 1440 1674 consequens
1459 1642 1500 1665 est
1523 1640 1653 1666 C(nlut'unr

867 1687 1042 1714 rationabiles
1068 1686 1201 1717 virtutes,
1225 1686 1308 1721 866
1335 1686 1469 1720 patientes
1496 1691 1653 1720 stuporem,

866 1733 1079 1760 commotionem
1101 1732 1220 1766 aliquam
1247 1732 1302 1765 puti
1317 1736 1342 1758 et
1361 1731 1653 1762 contui-liari,renrotas

867 1779 991 1806 videlicet
1008 1786 1022 1804 a
1041 1777 1136 1812 prinris
1152 1777 1337 1804 functionilrus
1349 1777 1416 1803 suis.
1436 1776 1471 1803 Ita
1486 1777 1531 1811 qui
1545 1777 1600 1804 bace
1615 1777 1653 1803 sit:

867 1823 995 1858 intelligit
1017 1830 1087 1853 esse,
1111 1822 1220 1857 adjiciet
1239 1822 1302 1856 quia
1319 1822 1425 1856 signum
1446 1821 1505 1848 l’ilii
1533 1822 1652 1849 hominis

867 1870 893 1897 in
909 1878 964 1904 qtto
986 1868 1105 1896 coelestia
1122 1867 1192 1894 facta
1217 1871 1281 1894 sunt
1304 1875 1364 1901 tjlltL’
1388 1867 1413 1893 in
1437 1867 1514 1894 coelis
1528 1872 1606 1894 erant
1627 1875 1654 1895 et

865 1925 926 1952 qua:
943 1917 969 1943 in
988 1915 1077 1946 terris,
1093 1919 1158 1941 tunc
1170 1912 1329 1949 apparebit:
1349 1917 1454 1947 ulputa,
1471 1913 1557 1940 virtus
1568 1922 1650 1947 quam

865 1965 1046 1997 operatnsrst
1069 1959 1153 1986 Filius
1177 1967 1326 1993 suspensus
1341 1958 1367 1985 in
1391 1958 1477 1994 ligno;
1496 1959 1564 1985 etin
1582 1959 1651 1986 (mlo

866 2007 984 2035 maxime
1010 2006 1123 2040 fulgebit
1150 2006 1257 2040 signum
1280 2006 1382 2040 ipsius;
1414 2010 1441 2032 et
1467 2004 1591 2032 homines
1619 2013 1651 2032 cx

866 2054 994 2081 omnibus
1011 2052 1136 2079 tribubus
1150 2052 1195 2086 qui
1215 2052 1289 2086 prius
1307 2060 1358 2078 non
1380 2052 1553 2079 crediderunt
1571 2052 1650 2079 Chri-

865 2098 995 2127 stianitati
1023 2097 1207 2128 annuntiam,
1230 2098 1318 2124 adhuc
1345 2102 1434 2124 autem
1463 2098 1533 2124 male
1563 2098 1595 2124 de
1619 2106 1649 2125 ea

865 2147 1002 2178 dixerunt,
1019 2153 1083 2174 Irrue
1095 2149 1318 2179 recognoscentes
1331 2152 1377 2178 per
1390 2144 1497 2178 signum
1513 2143 1577 2170 illud
1591 2152 1648 2171 nra-

867 2194 1042 2224 nil’estatuar,
1068 2193 1196 2227 plangent
1219 2199 1263 2223 se,
1286 2195 1312 2216 et
1334 2189 1520 2217 lamentabunt
1540 2194 1648 2224 propte:

868 2238 1048 2273 ignorantiam
1078 2244 1154 2264 suam
1184 2241 1266 2270 atque
1291 2240 1419 2269 peccata,
1448 2236 1512 2270 quia
1537 2235 1648 2263 verbum

868 2283 973 2309 Domini
986 2283 1131 2317 figuraliter
1146 2289 1199 2308 non
1219 2284 1387 2315 receperunt.
1405 2280 1481 2307 Alius
1493 2289 1555 2308 vero
1573 2281 1651 2308 aliter

867 2328 1044 2354 arbitrabitur
1071 2327 1104 2353 de
1132 2326 1174 2353 his
1204 2325 1318 2352 verbis:
1339 2326 1468 2360 quoniam
1495 2326 1566 2353 sicut
1596 2327 1652 2353 hate

867 2373 945 2400 verba
962 2373 1158 2403 demonstrant,
1176 2378 1225 2398 nec
1244 2377 1291 2406 per
1305 2371 1393 2405 ignem
1413 2371 1457 2398 liet
1475 2371 1569 2397 mundi
1588 2378 1651 2398 cor—

866 2419 966 2453 ruptio,
983 2417 1030 2445 sed
1052 2425 1099 2452 per
1113 2417 1292 2444 defectionem
1311 2416 1407 2450 ipsius.
1425 2415 1457 2442 Et
1479 2416 1549 2443 alius
1565 2417 1651 2443 utitur

865 2464 998 2497 exemplo,
1016 2462 1143 2497 quoniam
1159 2462 1229 2489 sicut
1251 2462 1392 2488 deficiente
1407 2461 1510 2488 lumine
1532 2462 1651 2489 lucorum

865 2509 994 2544 paulatim
1011 2508 1143 2534 minuitur
1156 2507 1246 2534 lumen
1259 2527 1266 2539 ,
1289 2507 1329 2534 sic
1345 2506 1496 2533 cmlestium
1515 2506 1649 2533 lumirrurrr

865 2555 1007 2581 deficiente
1032 2553 1196 2584 nutrimine,
1222 2552 1263 2579 sol
1281 2552 1492 2583 obseurabitur,
1515 2552 1570 2586 jam
1595 2559 1648 2578 non

867 2601 969 2627 habens
986 2608 1066 2634 super
1079 2607 1108 2626 se
1124 2598 1258 2625 venientia
1269 2598 1434 2632 spiramenta
1446 2597 1479 2624 ab
1495 2598 1544 2625 eis.
1554 2597 1649 2632 Majeri

866 2652 957 2674 autem
976 2637 1104 2672 lnminari
1121 2645 1177 2671 haec
1194 2644 1321 2677 patiente,
1340 2644 1424 2670 nrulto
1437 2643 1522 2678 magis
1540 2648 1566 2670 et
1586 2644 1650 2671 luna

867 2700 915 2720 nec
942 2692 1030 2726 ipsum
1057 2692 1156 2725 poterit
1188 2690 1316 2718 exhibere
1345 2689 1514 2724 splendorem
1541 2689 1649 2725 igneum

1157 2768 1172 2785 κ

879 2829 900 2843 ⁸ο
917 2827 968 2853 Ιςιι.
981 2834 1023 2857 xr.,
1039 2827 1082 2852 3|.
1123 2827 1141 2842 "
1157 2832 1234 2855 um.
1250 2824 1274 2851 5.
1314 2825 1335 2839 δ’
1349 2824 1442 2851 Matth.
1461 2833 1532 2857 χχιι,
1547 2824 1591 2858 ‘29,
1606 2823 1650 2850 30.
