1841 3053
169 114 228 141 Ib”

759 108 920 138 ttﬂlGENlS
936 108 970 136 ΙΝ
992 105 1197 135 κωτηβπωι

1745 100 1801 128 1'67!

165 179 254 211 illum,
267 182 294 204 et
309 175 460 204 secundum
485 173 652 201 defectiones
674 178 738 199 suas
762 173 949 204 apparentem.
971 171 992 197 Α
1007 166 1142 201 (plantam,
1162 163 1313 193 secundum
1328 161 1402 196 quod
1415 165 1590 195 pessumus.
1610 156 1751 184 moraliter
1764 165 1799 183 ei-

168 225 215 251 llis
227 232 293 258 ergo
307 220 530 256 contingentibus
547 227 629 254 super
643 217 727 245 solem
737 237 744 248 ,
765 216 856 242 lumen
871 215 952 242 etiam

167 270 308 298 stellarum
321 267 439 299 delieiet,
461 270 491 293 ut.
505 265 577 300 quod
597 263 761 292 remanserit
777 262 804 289 in
821 261 862 288 eis
878 260 956 296 quasi

168 321 304 343 terrenum
318 314 397 341 cadat
409 313 442 340 de
454 312 525 340 coelo
536 320 542 338 :
553 315 582 338 et
592 317 688 337 omnes
701 308 832 336 caelorum
844 307 958 334 virtutes

168 363 212 389 bis
225 360 414 389 accidentibus
429 358 622 385 movebuntur.
632 355 710 383 Sicut
723 354 796 382 enim
809 354 834 380 in
846 353 958 388 dispen-

168 408 274 435 satione
287 405 395 438 erucis,
414 403 471 431 sole
491 402 634 430 deticiente
656 400 776 428 tenebrae
797 399 875 426 facta:
896 403 960 426 sunt

169 461 251 487 super
270 458 378 478 omnem
405 454 523 481 terram,
546 448 587 474 sic
608 451 635 474 et
660 447 737 481 signo
754 445 815 472 Filii
840 443 959 472 hominis

169 503 316 533 apparente
331 497 358 523 in
380 496 461 527 coelo,
479 493 587 522 deﬁciet
610 493 677 521 solis
699 492 808 524 lumen,
827 495 853 518 et
877 491 958 522 lume,

169 545 259 572 adhuc
279 549 305 570 et
328 543 469 570 stellarum
482 561 489 572 ,
513 540 595 575 quasi
623 542 818 572 consumptum
839 545 854 564 a
875 536 959 564 multa

170 591 268 617 virtute
290 591 361 624 signi
385 588 470 614 iliius.
492 587 552 619 Quo
573 589 731 620 apparente,
755 591 815 618 qua:
838 587 904 610 tunc
933 583 959 609 in

171 637 251 664 terris
276 635 457 663 remanserint
483 633 570 660 tribus
591 633 718 667 plangent
742 638 781 657 se.
810 629 905 657 Utetur
927 631 960 657 ad

171 684 227 710 lure
245 683 371 717 exemplo
391 681 467 708 Isaia:
489 681 628 715 propltctm
650 678 768 705 dicentis
787 677 839 704 hoc
859 677 961 704 modo:

170 731 193 746 "
205 730 271 757 Ecce
289 730 345 756 (lies
363 728 466 755 Domini
483 726 639 754 insanabilis
651 726 720 752 venit
732 746 739 757 ,
755 726 803 752 ira:
815 731 838 752 et
853 724 963 759 furoris,

170 785 264 810 ponere
280 775 366 802 urbem
393 779 469 801 terra:
484 774 634 803 desertum,
650 777 674 798 et
697 769 843 806 peccatores
857 770 964 805 perdere

170 829 202 848 ea:
222 830 263 848 ea.
280 820 371 848 Stellio
393 820 462 846 enim
485 819 553 850 (teli,
568 823 592 845 et
608 818 707 850 Orion,
728 822 753 844 et
773 817 861 843 omnia
884 825 961 842 orna-

1009 219 1150 247 ponetnus.
1166 210 1260 237 Dicent
1271 213 1362 235 autem
1379 204 1545 241 lmjusmodi
1566 203 1720 230 homines:
1737 201 1800 234 Quo-

1009 258 1091 284 modo
1117 260 1207 291 potest
1225 255 1279 282 dici
1306 253 1340 281 de
1371 253 1428 280 sole
1452 251 1593 286 quoniam
1620 249 1803 277 obscuraliituc

1010 304 1101 330 lumen
1115 302 1185 337 ejus,
1198 301 1308 336 quando
1321 299 1407 326 lsaias
1426 298 1564 333 propheta
1585 295 1742 331 profectum
1762 295 1803 321 ali-

1009 356 1090 382 quem
1117 347 1183 375 solis
1207 346 1234 373 iu
1254 344 1497 372 consummatione
1523 344 1587 370 [ore
1611 342 1746 375 declarat,
1768 341 1804 368 hic

1010 400 1101 422 autem
1119 401 1212 421 sermo
1233 390 1458 426 ademptiouem?
1483 389 1624 417 Similiter
1648 393 1677 416 et
1695 389 1729 415 de
1749 388 1802 414 lum

1011 441 1094 469 Isaias
1107 440 1216 476 quidem
1238 438 1320 466 refert
1345 437 1478 473 quoniam
1501 436 1556 464 erit
1573 436 1652 463 sicut
1670 435 1722 466 sol,
1746 442 1803 468 pra:-

1011 495 1075 515 sens
1093 492 1184 513 autern
1202 493 1310 518 sermo,
1332 484 1397 519 quia
1416 490 1472 510 non
1499 482 1579 510 dabit
1603 483 1700 509 lumen
1723 489 1801 508 suqu.

1012 533 1050 560 De
1067 533 1152 560 stellis
1169 537 1260 559 autem
1279 530 1341 557 talia
1359 530 1467 561 dicent,
1487 528 1624 564 quoniam
1640 528 1678 555 de
1698 532 1766 554 terra
1782 527 1802 553 in

1012 581 1111 608 leum
1131 578 1246 605 multum
1274 577 1392 612 spatium
1419 580 1483 608 est,
1502 574 1627 601 maxime
1654 574 1691 600 ad
1720 581 1803 600 zonam

1013 627 1129 654 mediam
1153 626 1251 660 inqua
1277 631 1330 650 non
1353 626 1419 650 sunt
1437 621 1567 648 erratica:
1585 620 1694 651 stellae;
1717 627 1802 646 secun-

1013 673 1077 701 dmn
1093 671 1341 699 considerationem
1359 677 1425 703 ergo
1443 667 1604 695 altitudinis
1622 667 1689 700 ejus
1704 671 1744 693 est
1759 674 1804 691 er.-

1014 719 1136 750 sl'wuarc,
1153 716 1283 752 quoniam
1297 715 1347 742 nisi
1364 722 1448 748 supra
1464 712 1581 740 modum
1603 716 1700 739 essent
1716 719 1804 746 maqu

1014 766 1110 796 sti-llm,
1129 771 1217 798 neque
1238 766 1314 788 tanto
1337 761 1426 795 spatio
1445 760 1542 786 luineu
1560 766 1662 785 eorum
1685 757 1805 784 viderem

1017 813 1050 839 alt
1064 810 1193 838 omnilms
1206 809 1252 843 qui
1269 812 1332 835 sunt
1345 807 1371 833 iu
1386 805 1462 832 omni
1479 809 1558 840 parte
1574 809 1727 831 terrarum.
1743 802 1805 828 Sient

175 873 261 894 menta
277 866 334 893 caeli
351 873 402 892 non
418 864 517 891 dabunt
533 864 619 890 lumen
637 872 726 894 suum,
738 868 762 889 et
782 863 966 889 obscurabitur
983 857 1002 883 Β
1017 863 1106 885 autent
1122 855 1232 890 quidam
1245 854 1335 881 dicere
1350 857 1466 884 tentant,
1484 856 1534 878 aut
1545 857 1650 876 omnes
1663 855 1711 876 ant
1729 848 1805 884 pluris

177 915 203 940 in
222 914 320 939 oriente
342 911 393 943 sol,
411 906 435 938 et
455 911 518 937 luna
541 918 591 936 non
609 909 684 936 dabit
707 909 857 935 claritatem
877 916 963 935 suam.

174 959 208 986 Et
224 958 380 994 praecipiant
405 957 462 984 orbi
487 962 565 983 terra:
589 955 683 986 mala,
707 960 731 981 et
757 955 845 988 impiis
860 959 966 989 peccata

172 1013 274 1032 eorum.
296 1003 360 1031 ltetn
381 1007 408 1031 et
426 1002 459 1029 de
477 1002 533 1030 Joel
554 1002 618 1028 talia
638 1001 661 1017 “
683 1011 689 1028 :
710 1002 776 1028 Ante
792 1001 886 1035 faciem
909 1000 966 1034 ejus

174 1051 351 1085 confundetur
368 1055 448 1083 terra,
462 1054 486 1076 et
505 1049 651 1075 movebitur
671 1047 774 1074 emtum.
793 1046 839 1072 Sol
858 1051 882 1073 et
903 1046 965 1072 luna

176 1097 394 1129 cotttenebriculi,
411 1095 494 1122 stella:
510 1103 560 1122 non
577 1093 677 1120 dabunt
690 1093 788 1125 lumen,
801 1097 824 1118 et
839 1091 966 1118 Dominus

174 1143 248 1169 tlubit
273 1150 358 1169 vorem
376 1150 452 1168 suam
478 1146 538 1168 ante
561 1140 657 1174 [aciem
684 1139 791 1165 virtutis
813 1146 879 1171 suto,
904 1138 967 1172 quia

175 1189 265 1216 valida
282 1195 342 1215 sunt
363 1193 451 1215 castra
476 1187 532 1218 eius
551 1186 644 1218 nimis,
663 1185 788 1220 quoniam
805 1185 886 1219 fortia
906 1188 967 1211 sunt

175 1243 254 1269 opera
273 1235 410 1260 verborum
431 1232 496 1266 ejus.
517 1232 579 1258 Item
596 1231 619 1246 ’⁵³
635 1238 642 1257 :
660 1229 693 1256 Et
708 1230 776 1256 dabo
797 1230 920 1265 prodigia
941 1229 967 1256 in

175 1280 238 1307 uelo
254 1288 378 1312 sursum,
401 1283 424 1305 et
446 1281 472 1304 tn
496 1283 584 1309 terra,
605 1277 760 1312 sanguinis,
784 1280 808 1303 et
830 1276 919 1310 ignis,
944 1278 968 1302 et

175 1333 310 1360 raporum.
337 1324 382 1352 Sol
408 1329 573 1352 convertatur
597 1325 626 1351 in
648 1324 766 1351 tenebras
781 1342 788 1354 ,
810 1327 834 1349 et
857 1322 921 1348 luna
941 1321 969 1347 in

175 1373 350 1407 sanguinem,
367 1372 521 1405 priusquam
547 1370 634 1397 ueniat
655 1370 710 1396 dies
729 1368 836 1394 Domini
858 1375 969 1401 magnus

175 1423 199 1444 et
226 1418 382 1452 prwclarus.
410 1416 442 1443 Et
467 1416 508 1442 his
535 1415 636 1442 similia
669 1414 755 1441 tnulta
793 1413 917 1439 invenies
942 1411 969 1438 in

177 1463 339 1498 Seripturis,
355 1462 377 1489 si
401 1461 469 1488 nihil
489 1461 562 1488 aliud
576 1461 603 1487 in
623 1460 692 1488 !oc’.s
713 1458 881 1493 evangelicis
895 1458 970 1493 aspi-

178 1517 240 1536 cere
262 1508 383 1536 volueris
404 1511 500 1541 przrter
517 1505 653 1541 simplicia
678 1504 772 1531 verba.
786 1502 855 1530 Nam
878 1507 906 1530 et
924 1510 969 1530 se-

177 1556 298 1583 cundum
326 1555 377 1581 hoc
399 1553 471 1589 quod
497 1552 581 1585 dicit,
603 1557 665 1578 tunc
686 1551 808 1586 plangent
831 1558 858 1577 se
882 1558 970 1577 omnes

180 1600 264 1626 tribus
279 1605 367 1630 terra',
384 1598 462 1632 quasi
486 1598 559 1624 nulla
582 1604 651 1631 opus
680 1596 783 1622 habens
807 1596 971 1630 interpreta-

178 1646 269 1676 tione,
285 1644 402 1681 accipies
418 1643 452 1670 de
474 1643 605 1678 propheta
626 1641 758 1669 'Lacharia
788 1641 852 1668 talia
869 1642 970 1669 verba:

180 1691 214 1717 Et
226 1691 274 1717 erit
287 1691 312 1716 in
325 1689 371 1716 illa
387 1689 440 1720 ilio,
456 1697 573 1724 quierant
588 1689 693 1723 auferre
705 1696 794 1714 omnes
814 1693 902 1722 gentes
914 1695 973 1722 qua:

178 1738 279 1764 ‘t'e'ltlenl
299 1745 376 1771 super
395 1736 556 1768 Jerusalem,
570 1740 594 1762 ct
616 1735 752 1769 e/Tuntlam
771 1742 849 1769 super
865 1734 973 1760 domum

181 1783 276 1815 David,
298 1787 322 1809 et
341 1791 419 1817 super
437 1790 525 1808 omnes
539 1781 690 1808 habitantes
712 1781 738 1807 in
753 1779 903 1807 Jerusalem
919 1779 974 1814 spi-

181 1829 262 1854 ritum
282 1828 377 1862 gratiz
400 1832 423 1854 et
448 1827 648 1854 miserationis:
670 1832 694 1853 et
716 1826 854 1861 respicient
878 1825 913 1852 ad
934 1833 975 1851 me

180 1878 287 1908 propter
301 1873 371 1908 quod
387 1872 564 1904 saltarcrunt,
577 1877 602 1899 et
619 1873 744 1907 plungent
759 1879 838 1905 super
850 1879 877 1898 se
897 1870 975 1905 plau-

181 1926 252 1946 ctum
266 1920 334 1946 sicut
355 1927 432 1952 super
452 1918 587 1949 dilec.um,
600 1923 624 1944 et
648 1917 772 1944 dolebant
797 1916 887 1943 dolore
907 1917 975 1943 sicut

183 1973 262 1999 super
276 1965 489 1999 primogenitum.
508 1963 541 1990 In
557 1963 603 1990 illo
617 1964 660 1990 die
672 1962 888 1998 magniﬁcabitur
899 1961 976 1997 plan-

183 2015 240 2037 ctus
257 2019 335 2045 δίιμεν
348 2009 497 2037 Jerusalem
513 2010 581 2035 sicut
599 2008 721 2044 planctus
738 2009 802 2035 ntali
823 2008 929 2043 granati
949 2008 976 2035 in

184 2064 276 2090 campo
288 2056 381 2087 excisi,
401 2061 424 2082 ct
448 2056 554 2090 platth
571 2063 599 2081 se
621 2060 690 2081 terra
708 2062 754 2089 per
769 2053 870 2086 tribus;
893 2054 976 2080 tribus

184 2103 277 2128 tlomns
299 2101 384 2128 Dnrid
399 2107 528 2132 seorsum,
545 2106 569 2127 et
585 2101 706 2127 mulieres
728 2109 818 2128 eorum
841 2108 977 2132 seorsum;

187 2148 269 2173 tribus
290 2147 383 2173 dotnus
400 2146 510 2172 Nat/mn
533 2154 661 2178 seorsum,
697 2151 721 2172 et
744 2147 867 2173 mulieres
887 2154 977 2173 eorum

187 2200 319 2223 set/rsum;
331 2193 511 2219 tribnsdonms
520 2192 713 2225 Ltrciseursum,
721 2197 744 2219 et
757 2201 779 2218 nt
785 2192 878 2219 ulicres
889 2199 977 2218 eorum

187 2247 326 2270 seorsum;
341 2239 424 2265 tribus
444 2239 537 2265 domus
552 2239 657 2265 Sintcon
673 2247 800 2269 seorsum,
819 2243 841 2265 el
857 2238 977 2264 mulieres

187 2294 278 2312 eorum
294 2294 430 2317 seorsum;
450 2294 538 2312 omnes
555 2285 640 2312 tribus
660 2294 718 2320 qua:
736 2285 886 2312 sttbrrlictte
905 2290 976 2317 sunt,

189 2338 323 2362 seorsum,
342 2336 366 2356 et
390 2330 512 2357 mulieros
541 2338 630 2356 eorum
650 2338 767 2356 seorsum
779 2330 811 2356 ⁵⁸.
837 2329 978 2356 Videbitur

188 2385 253 2411 ergo
266 2376 429 2410 quibusdam
446 2385 531 2410 lisque
546 2377 598 2403 hoc
612 2376 861 2410 iulerprclationem
880 2375 978 2402 delicto

189 2423 350 2458 producere,
368 2428 392 2448 ct
409 2422 474 2448 nihil
490 2422 627 2449 discutere
642 2430 723 2456 supra
740 2426 853 2448 textum.

225 2468 270 2494 49.
292 2467 426 2501 Quoniam
449 2473 540 2494 autent
560 2467 605 2501 qui
631 2467 751 2501 loquitur
775 2467 809 2492 de
830 2465 980 2500 Scripturis

190 2513 299 2544 d-vinis.
316 2513 394 2540 debet
408 2520 505 2540 curare
525 2520 578 2540 ttou
597 2512 684 2539 soluat
706 2511 856 2546 simplices,
883 2516 912 2537 ut
933 2518 980 2537 ne.-

192 2560 274 2594 gligat
288 2568 370 2586 causa
385 2567 480 2587 eormn
506 2559 567 2586 illos
587 2559 634 2594 qui
657 2563 773 2592 possunt
797 2558 981 2584 abundantius

194 2606 329 2632 Sustinerc
352 2606 498 2632 verborum
517 2604 659 2631 subtilium
691 2609 828 2635 naturam,
851 2611 884 2629 ne
913 2604 981 2629 forte

195 2651 270 2678 falsae
293 2652 348 2677 sint
375 2651 534 2678 traditiones
554 2649 732 2684 huiusmodi,
759 2654 785 2675 et
812 2648 880 2675 nihil
911 2648 980 2679 tale,

194 2698 274 2732 quale
291 2697 370 2724 debet
385 2705 444 2723 esse
458 2697 528 2730 quod
546 2705 560 2723 a
578 2696 632 2723 Deo
644 2696 697 2723 dici
717 2695 812 2722 debeat
832 2695 865 2721 de
884 2694 980 2728 hujus-

194 2741 266 2767 tnodi
289 2741 390 2767 rebus:
409 2746 519 2775 propter
539 2740 696 2775 hujusmodi
718 2747 784 2775 ergo
802 2739 874 2766 viros
895 2746 981 2773 pauca

232 2829 255 2845 ⁸⁸
268 2828 318 2856 lsa.
335 2839 394 2864 ειη,
410 2832 485 2860 ‘J-ll.
525 2832 546 2848 "
562 2831 628 2859 λοι-1.
646 2839 676 2864 tt,
695 2831 737 2863 10,
756 2831 796 2858 Η.

835 2831 858 2846 ιι
872 2830 935 2858 ibid.
952 2828 996 2863 se,
1012 2829 1056 2856 si.

1017 910 1111 928 earum
1131 901 1248 935 majores
1271 906 1331 925 esse
1348 905 1431 932 quam
1458 897 1519 931 ipsa
1548 900 1593 923 est
1619 899 1713 926 terra,
1738 902 1806 928 argu-

1019 953 1110 975 mento
1136 949 1243 973 utentes
1266 944 1300 970 ad
1325 941 1578 970 commendandam
1598 940 1739 967 lationem
1758 948 1807 965 tct-

1019 993 1115 1020 borum
1132 998 1264 1023 suorum,
1282 988 1413 1023 quoniam
1431 994 1516 1014 omne
1536 986 1642 1014 emtum
1663 986 1690 1012 in
1711 987 1806 1012 modum

1019 1040 1131 1074 splncra:
1157 1037 1303 1064 collectqu
1340 1035 1500 1062 universam
1536 1033 1735 1067 complectitur
1764 1037 1807 1057 te:-

1019 1093 1089 1117 ram,
1111 1084 1203 1111 dicent
1224 1081 1305 1109 etiam
1325 1080 1430 1115 aliquid
1448 1080 1524 1106 tale:
1551 1086 1693 1113 quoniam
1711 1078 1754 1112 qui
1774 1086 1809 1102 ιλ.»

1019 1132 1127 1159 ritatem
1140 1129 1276 1157 dictorum
1295 1128 1411 1154 istorum
1431 1126 1601 1160 simpliciter
1615 1133 1650 1151 ex
1671 1125 1732 1159 ipso
1747 1125 1809 1150 colli-

1019 1183 1087 1213 gunt
1106 1181 1179 1204 testu
1204 1183 1261 1204 rem
1286 1179 1382 1202 natura
1409 1174 1469 1208 ipsa
1497 1172 1707 1207 impossibilem
1731 1172 1810 1197 dicunt

1020 1230 1049 1252 ut
1061 1223 1230 1259 possibilem,
1253 1225 1281 1248 ut
1299 1221 1385 1248 stella:
1404 1223 1487 1246 tant-.1:
1506 1217 1712 1251 magnitudinis
1727 1218 1810 1244 cadant

1019 1272 1052 1299 de
1075 1270 1154 1298 cmlo.
1177 1268 1237 1302 Quo
1252 1267 1324 1295 enim
1352 1272 1379 1293 et
1411 1266 1512 1293 cadant
1540 1272 1607 1292 cum
1635 1263 1809 1299 magnitudine

1019 1325 1114 1345 earum
1132 1323 1185 1343 non
1199 1314 1316 1342 sulliciat
1332 1317 1416 1343 terra,
1433 1319 1484 1339 nec
1499 1319 1603 1346 capere
1623 1311 1728 1346 possit,
1742 1311 1809 1337 utin

1020 1365 1130 1396 dicant,
1152 1360 1368 1396 magnitudinem
1395 1359 1514 1386 duarum
1549 1357 1724 1385 stellarum?
1752 1356 1808 1382 Pone

1021 1415 1111 1437 tamen
1128 1415 1224 1443 capere
1237 1415 1297 1434 eam
1311 1406 1379 1434 duas
1392 1405 1433 1433 vel
1448 1411 1516 1437 tres,
1533 1403 1666 1439 nunquid
1684 1409 1711 1430 et
1722 1408 1808 1430 unum

1022 1455 1222 1483 multitudinem
1239 1459 1337 1488 capere
1359 1451 1467 1487 potest?
1483 1450 1523 1477 Ne
1538 1457 1609 1485 ergo
1625 1449 1733 1484 aliquid
1752 1449 1809 1475 aliaat

1022 1502 1103 1538 867
1122 1501 1191 1527 forte.
1208 1499 1348 1526 moraliter
1368 1497 1470 1524 sentire
1489 1501 1603 1531 oportet
1621 1496 1652 1522 in
1678 1495 1810 1529 Scriptura

1022 1548 1131 1576 divinis.
1142 1546 1174 1573 Et
1187 1546 1307 1573 audaciae
1317 1544 1428 1579 quidem
1441 1547 1495 1573 cst.
1509 1542 1706 1569 necessarium
1718 1547 1809 1568 autem:

1023 1599 1113 1622 tamen
1132 1593 1219 1620 multo
1234 1595 1322 1619 tractu
1343 1598 1413 1625 opus
1431 1593 1473 1616 est
1494 1588 1521 1616 in
1542 1589 1586 1615 his
1603 1589 1687 1620 locis,
1703 1589 1747 1616 cui
1767 1591 1811 1612 \n’t

1024 1640 1104 1668 simul
1121 1644 1148 1665 et
1168 1636 1376 1673 possibilitatem
1395 1633 1543 1661 ostendere
1560 1633 1779 1668 Scripturarum.
1793 1637 1810 1656 rt

1024 1686 1176 1712 veritatem.
1192 1683 1267 1710 Dicet
1279 1689 1345 1717 ergo
1360 1679 1579 1711 observandum,
1596 1679 1688 1706 solent
1701 1677 1812 1705 ﬁse-di:-

1025 1732 1115 1760 bolum
1129 1730 1174 1765 qui
1188 1728 1363 1763 transﬁgurat
1380 1734 1411 1754 se
1423 1727 1450 1753 in
1465 1726 1594 1759 angelum
1609 1725 1696 1755 lucis,
1709 1729 1736 1751 et
1749 1723 1811 1757 ψιλή

1025 1778 1064 1806 sol
1084 1778 1184 1804 multos
1197 1775 1310 1803 seducit.
1330 1773 1468 1807 Quoniam
1481 1780 1547 1806 ergo
1564 1772 1592 1798 in
1608 1772 1810 1798 consummatur

1026 1833 1060 1852 ne
1075 1828 1117 1850 est
1131 1821 1297 1857 arguendus,
1313 1828 1376 1847 cum
1392 1819 1428 1846 sit
1450 1819 1582 1850 tenebrae,
1607 1818 1724 1844 simulat
1740 1821 1812 1843 anu-ta

1025 1878 1086 1898 esse
1099 1877 1128 1897 se
1140 1869 1236 1900 solem,
1250 1873 1390 1902 propterea
1402 1865 1436 1892 de
1451 1865 1498 1892 illo
1513 1864 1630 1898 intelligi
1650 1868 1743 1899 potest
1755 1863 1811 1897 quod

1026 1917 1075 1948 ait,
1091 1916 1129 1942 sol
1143 1914 1337 1941 obscur-obitur.
1348 1911 1381 1938 Et
1394 1911 1469 1938 dicet
1483 1909 1676 1937 honestiorem
1688 1917 1750 1937 isse
1759 1909 1812 1934 llatd‘:

1027 1962 1171 1990 rationem,
1187 1967 1269 1995 quam
1281 1958 1441 1986 existimare
1456 1957 1539 1983 talem
1560 1956 1652 1984 solem
1683 1962 1810 1990 passum

1027 2008 1234 2036 obscuritatem.
1251 2005 1362 2035 Omnes,
1388 2004 1489 2038 inquit.
1516 2003 1681 2030 consentire
1704 2007 1811 2030 coartant

1028 2055 1131 2088 absque
1148 2052 1267 2087 periculo
1279 2050 1371 2084 aliquo
1384 2050 1449 2077 huic
1464 2050 1583 2084 probato
1599 2049 1727 2076 s--rmoni
1741 2048 1812 2075 deliu-

1026 2100 1147 2136 jusniodi
1169 2099 1226 2126 sole
1249 2098 1288 2125 sic
1306 2096 1480 2124 observando
1502 2094 1721 2132 [obscuranda].
1736 2094 1766 2120 Et
1782 2101 1810 2119 se

1029 2147 1150 2174 cundum
1165 2145 1388 2179 consequentiam
1409 2143 1572 2177 hujusmoli
1589 2143 1661 2170 solis
1676 2143 1809 2177 intelligat-

996 2207 1016 2233 ι)
1031 2193 1065 2220 da
1084 2196 1123 2219 est
1140 2192 1221 2218 etiam
1237 2191 1298 2217 luna
1319 2197 1381 2224 ane
1399 2189 1508 2215 videtur
1523 2188 1681 2216 illuminari
1695 2189 1731 2215 ab
1743 2187 1811 2220 hujus-

1033 2239 1103 2265 modi
1132 2238 1199 2265 sole.
1225 2237 1320 2263 Omnis
1347 2236 1419 2262 enim
1449 2234 1574 2262 Ecclesia
1606 2235 1810 2270 malignantéuzr.

1030 2292 1091 2319 qua:
1105 2284 1260 2318 frequenter
1275 2282 1365 2309 lutnen
1384 2289 1413 2308 sc
1429 2281 1535 2308 habere
1550 2286 1578 2308 tl.
1598 2281 1669 2308 dare
1692 2280 1810 2316 promitti.

1031 2336 1095 2357 lunt-
1114 2335 1204 2356 autem
1235 2333 1328 2364 arguta
1347 2332 1374 2355 et
1396 2327 1576 2354 n'tanil‘estata
1592 2335 1659 2354 cum
1687 2327 1810 2362 reprobus

1031 2375 1203 2409 dominatibus
1218 2374 1285 2406 suis,
1298 2380 1351 2400 non
1368 2373 1443 2400 dabit
1460 2373 1620 2400 claritatem
1637 2382 1729 2400 suam.
1746 2372 1810 2399 Ssll

1030 2422 1187 2456 quicunque
1198 2420 1254 2448 sive
1269 2420 1294 2446 in
1311 2419 1500 2454 dogmatibus,
1514 2419 1575 2446 sive
1589 2419 1618 2446 in
1630 2420 1770 2446 virtuzibus
1780 2417 1811 2443 la-

1031 2468 1079 2497 sis,
1090 2465 1360 2500 ltmninibusquidem
1375 2464 1578 2498 promittebant
1591 2465 1744 2495 veritatem,
1757 2471 1789 2490 me
1803 2475 1810 2480 -

1032 2513 1117 2540 dat-iis
1132 2517 1221 2539 autem
1239 2510 1404 2538 seducebant
1424 2518 1454 2537 se
1469 2511 1628 2538 attendi-nti
1638 2519 1652 2538 s
1665 2533 1673 2543 ,
1699 2511 1724 2537 Ιιί
1738 2517 1790 2537 eous
1802 2521 1810 2527 -

1035 2559 1140 2585 nienter
1160 2555 1266 2583 dicendi
1290 2559 1355 2582 sunt
1381 2555 1468 2581 stella:
1493 2556 1629 2583 cadentis
1651 2557 1685 2583 de
1699 2556 1767 2583 ete'o.
1788 2551 1809 2577 Ιε

1033 2605 1104 2630 creto
1117 2608 1218 2634 autem,
1234 2606 1262 2628 ιιι
1276 2600 1314 2635 ita
1325 2600 1427 2632 dicant,
1448 2608 1516 2631 sun,
1532 2601 1580 2628 ubi
1598 2607 1679 2629 em”:
1687 2601 1809 2629 λιῃιαιιῐρες

1035 2650 1190 2676 emistitutae
1216 2647 1379 2674 extollentes
1395 2654 1425 2673 se
1451 2648 1597 2676 adversus
1622 2648 1757 2676 scientiam
1771 2644 1806 2671 ll:-

1034 2694 1074 2720 Ad
1092 2692 1356 2720 commendationem
1383 2695 1478 2727 autem
1509 2694 1653 2721 sermoni;
1677 2689 1807 2727 Ιιυῇυδιιροέὲι

1036 2744 1146 2765 utentur
1160 2738 1284 2772 exemplo
1299 2735 1523 2765 Proverbiorum
1537 2740 1648 2767 dicente
1667 2749 1673 2767 :
1689 2736 1798 2768 Lamia

1095 2829 1116 2845 "’
1128 2827 1210 2855 Zath.
1227 2835 1276 2860 Σιι⁷
1291 2827 1307 2854 9
1323 2831 1349 2854 et
1364 2835 1442 2859 seqq.
