1841 3053
48 122 110 149 16⁵15

605 117 930 147 COMMENTARIORUM
953 117 1083 145 SERIES.

1594 121 1626 149 lt.‘
1635 126 1663 150 tt

46 186 138 209 stortmt
151 188 250 214 semper
261 179 471 215 iueratinguibile
479 184 526 213 est,
535 179 620 207 lumen
633 185 721 207 autent
733 180 822 215 impio-
837 183 859 210 Α
874 187 934 207 cum
943 180 1000 214 ipse
1007 179 1073 206 liber
1080 179 1235 214 propositus
1243 179 1408 209 fueritnobis
1415 182 1447 209 ad
1454 182 1661 217 exponendum:

46 235 100 254 rum
113 227 291 261 entiaguelur
303 226 336 253 ⁵⁷.
353 225 499 254 Scientiam
517 226 626 261 quidem
641 234 731 253 veram
744 234 824 261 quam

45 272 262 301 illuminaverunt
277 272 328 299 sibi
342 272 388 307 qui
404 272 548 299 audierunt
574 272 706 300 dicentem
725 282 732 299 :
757 271 827 299 Illit-

45 319 141 345 minute
159 317 230 344 vobis
245 318 332 343 lumen
344 317 471 348 scicntiw,
494 317 584 344 lumen
601 324 661 344 esse
677 317 824 351 justorum,

45 364 135 390 falsam
160 367 248 390 autem
270 362 412 389 scientiam
437 363 527 389 lumen
546 370 606 389 esse
630 362 786 396 impiorum,
800 367 827 389 et

43 412 196 435 sanctorum
204 406 311 441 quidem
318 406 409 432 lumen
418 405 747 440 semperinexstinguibile
754 413 825 438 esse,

41 452 192 480 cadentium
219 455 309 478 autent
326 459 341 478 a
356 451 470 478 veritate
493 451 583 478 lumen
605 451 752 484 exstingui.
771 450 826 477 0b-

42 499 197 527 scurabitur
208 505 272 532 ergo
287 497 378 524 lumen
395 497 461 525 solis
476 497 548 524 illius
559 505 639 532 quem
652 497 781 528 diximus,
799 501 826 524 et

42 545 111 572 luna:
128 545 200 571 illius
214 551 294 578 quam
308 543 499 578 exposuimus;
515 543 560 570 sed
576 546 602 570 ct
618 550 712 570 omnes
725 543 770 577 qui
782 550 825 569 ex-

41 589 139 616 tollunt
150 596 179 616 se
191 593 285 616 contra
301 588 442 615 scientiam
459 587 516 620 Dei,
532 587 628 614 cadent
642 587 676 614 ab
684 587 826 614 altitudine

40 643 88 663 sua
103 643 158 669 qua
169 642 198 661 se
213 633 336 661 arbitrati
361 637 426 661 sunt
439 640 499 660 esse
526 632 636 660 ccelum.
654 632 778 659 Forsitan
798 636 825 660 et

38 681 78 709 sic
97 679 224 708 convenit
237 670 364 715 quodest
376 679 476 706 dictutn
493 678 515 694 5"
530 687 537 705 :
560 678 684 705 Videbam
696 678 824 704 Satanam

37 731 105 753 sicut
123 727 213 762 fulgur
225 726 361 753 cadentem
378 725 410 751 de
422 724 495 751 coelo.
512 723 559 750 His
573 729 661 751 autem
677 723 825 751 accidenti—

37 773 89 800 bus
101 773 137 800 de
152 772 308 808 hujusmodi
325 772 392 804 sole,
409 776 436 798 et
452 771 527 803 luna,
541 775 568 797 et
585 770 686 802 stellis,
712 770 824 797 virtutes

39 817 174 845 caelorum
188 817 286 844 divina:
300 825 354 843 nou
368 816 481 844 omnino
495 815 648 843 immobiles
664 819 760 847 erunt;
777 815 822 842 sed

37 863 219 890 movebuntur
230 863 339 898 quando
351 862 473 898 arguitus
483 861 563 888 fuerit
580 861 624 888 ille
633 861 674 888 sol
686 865 711 888 et
725 861 824 888 obscu—
841 851 860 877 Β

35 913 124 940 ratus.
143 913 170 936 et
184 909 248 936 luna
275 909 319 936 illa
334 916 388 935 non
408 908 546 936 exhibebit
562 907 711 934 claritatem
733 914 822 939 suam,

35 962 61 983 et
77 955 148 983 tales
170 955 254 982 stellm
268 955 436 986 ceciderint,
463 954 532 981 sicut
548 957 575 980 ct
599 953 683 980 Judas
706 953 772 980 dicit
795 953 823 979 in

34 1000 159 1035 Epistola
175 1008 234 1028 sua.
258 999 334 1027 Tunc
356 998 428 1034 quod
448 999 551 1026 clarum
575 1003 616 1026 est
635 998 773 1033 apparebit
795 998 822 1025 in

33 1047 128 1079 cado,
147 1051 174 1074 et
192 1046 282 1073 omnis
306 1046 352 1080 qui
379 1046 496 1081 portavit
517 1045 661 1080 imaginem
687 1044 820 1072 Caelestis.

31 1092 104 1120 Cum
125 1097 214 1120 autem
232 1093 288 1120 haac
311 1092 348 1119 ita
366 1091 466 1119 fuerint
489 1091 560 1118 facta
573 1111 580 1123 ,
601 1091 687 1118 tribus
713 1091 822 1126 quidem

33 1138 99 1165 caeli
116 1138 295 1171 lzetabuntur;
313 1142 391 1165 terrze
401 1141 490 1165 autem
505 1137 592 1165 tribus
605 1145 666 1172 quae
677 1136 822 1172 imaginem

30 1189 214 1219 portaverunt
232 1189 318 1217 terrae,
342 1184 521 1219 plangentse.
547 1183 643 1210 Adhuc
660 1187 748 1210 autem
773 1188 823 1217 pro

31 1231 253 1258 commendanda
277 1230 435 1264 hujusmodi
463 1237 511 1257 stta
538 1229 684 1257 traditione
715 1229 823 1263 adjiciet

28 1276 131 1304 dicens
144 1277 190 1311 qui
213 1276 282 1303 hanc
306 1275 370 1303 fecit
391 1275 657 1310 interpretationem,
680 1275 821 1310 quoniam,

29 1321 161 1348 sensibili
174 1321 231 1348 sole
245 1321 392 1348 obscurato
405 1320 447 1355 (ut
461 1320 511 1347 hoc
521 1319 556 1346 ita
567 1327 627 1347 esse
634 1319 820 1354 concedatur),

27 1371 58 1394 et
73 1367 143 1394 luna
157 1367 306 1394 claritatem
323 1373 377 1394 non
396 1366 487 1397 dante.
506 1370 533 1393 et
546 1365 708 1393 cadentibus
723 1366 821 1398 stellis,

28 1420 84 1439 nec
100 1417 142 1440 est
156 1412 284 1447 possibile
298 1419 358 1440 esse
372 1412 513 1439 hominum
526 1412 615 1440 tribus
639 1412 666 1439 iu
685 1411 774 1439 terris.
793 1412 822 1439 Si

26 1463 128 1486 autem
144 1458 274 1493 possibile
288 1465 342 1485 non
354 1462 405 1490 est,
421 1458 514 1493 utique
525 1465 574 1484 nec
585 1457 735 1485 secundum
751 1457 822 1492 quod

26 1503 159 1539 loquitur
172 1509 273 1537 textus,
285 1509 309 1531 et
320 1504 442 1539 plangent
453 1512 479 1530 se
493 1503 575 1530 tribus
589 1508 675 1530 terraz.
693 1502 768 1530 Tttne
780 1510 822 1530 er-

25 1558 77 1586 go,
95 1551 172 1578 sicut
187 1550 225 1578 ait
240 1550 373 1578 Dominus
393 1551 419 1576 in
441 1549 603 1584 Erangelio,
621 1549 666 1584 qui
687 1557 759 1576 nunc
786 1549 823 1575 ri-

25 1596 112 1628 dent,
127 1595 256 1630 plangent
270 1602 309 1627 se,
327 1598 353 1621 et
364 1594 490 1629 plangent
505 1594 584 1628 quasi
598 1593 645 1628 qui
661 1593 688 1620 in
699 1593 823 1621 tribubus

23 1647 126 1670 terra.
145 1640 300 1668 Secundum
319 1641 376 1668 hac
391 1644 418 1667 et
439 1639 513 1667 Isaia:
527 1647 667 1667 sermones
691 1644 717 1666 et
740 1638 823 1666 Joelis

22 1687 153 1714 tentabit
164 1686 334 1721 interpretari
348 1706 355 1720 ,
377 1685 424 1720 qui
440 1685 496 1712 vult
512 1685 545 1712 ad
565 1685 694 1712 moralem
713 1684 823 1719 exposi-

21 1733 138 1760 tionem
151 1732 294 1759 sublevare
307 1739 368 1766 quae
382 1731 453 1758 dicta
475 1735 547 1757 sunt.
567 1729 662 1757 Adhuc
676 1734 766 1756 autem
789 1730 822 1756 ad

18 1786 55 1806 ea
69 1786 140 1813 qua:
156 1777 227 1805 dicta
241 1782 304 1805 sunt
316 1777 348 1804 de
363 1777 522 1804 cadentibus
536 1775 631 1807 stellis,
643 1783 697 1802 non
708 1775 765 1802 sine
780 1783 824 1802 ra-

18 1825 110 1852 tione
123 1828 166 1851 est
178 1831 318 1851 assumere
331 1824 362 1850 de
374 1822 547 1850 Revelatione
561 1820 684 1852 Joannis,
698 1820 731 1848 de
745 1821 824 1848 tertia

17 1875 111 1905 parte
125 1870 263 1897 stellarum
281 1873 368 1896 tracta
382 1877 397 1896 a
412 1868 498 1896 cauda
513 1867 638 1895 draconis
659 1867 686 1894 in
709 1870 822 1894 terram.

19 1916 107 1943 Dicit
121 1915 194 1942 enim
209 1915 245 1942 ita
260 1923 267 1940 :
285 1914 318 1940 Et
332 1915 417 1942 visunt
435 1918 471 1941 est
488 1913 562 1940 aliud
575 1913 678 1948 signum
690 1912 717 1939 in
733 1912 796 1940 caelo
813 1921 822 1939 :

15 1966 44 1988 ct
67 1968 137 1988 ecce
150 1960 230 1986 draco
247 1968 358 1995 magnus
374 1959 449 1994 rufus
467 1959 563 1986 habens
579 1958 666 1993 capita
679 1962 786 1993 septem,
797 1964 822 1986 et

15 2014 138 2034 cornua
151 2006 248 2038 decent,
261 2011 285 2032 et
303 2013 380 2040 super
394 2005 480 2040 capita
495 2013 544 2032 sua
555 2013 654 2032 cornua
668 2010 782 2040 septem;
798 2009 822 2032 et

15 2055 123 2082 cauda
142 2054 198 2088 ejus
212 2054 295 2080 traxit
311 2054 416 2080 tertiam
435 2057 536 2088 partem
552 2053 689 2080 stellarum
709 2054 781 2085 caeli,
798 2059 823 2080 et

15 2101 104 2128 misit
119 2107 166 2126 eas
180 2099 207 2126 in
223 2104 320 2126 terram
329 2100 363 2126 ⁵⁸.
378 2098 474 2126 Omnia
484 2099 541 2127 hinc
553 2106 689 2134 exponere
700 2099 823 2135 singilla-

15 2149 72 2175 tim
93 2146 135 2174 de
146 2145 280 2180 capitibus
296 2149 397 2179 septem
409 2145 545 2178 draconis,
558 2153 619 2179 qua:
633 2144 747 2172 forsitan
761 2153 823 2179 pos-

877 230 951 250 nunc
965 228 1055 250 autem
1073 223 1125 250 hoc
1142 224 1229 251 solum
1245 230 1354 259 oportet
1369 226 1403 253 de
1421 226 1596 255 ltevelatione
1619 229 1663 256 illa

876 277 1023 304 exponere,
1041 269 1170 304 quoniam
1197 272 1283 298 cauda
1308 271 1436 300 draconis
1455 274 1538 301 traxit
1559 275 1663 302 tertiam

877 319 981 349 partem
1006 315 1144 342 stellarum
1171 316 1250 349 coeli,
1267 321 1294 343 et
1311 317 1385 344 misit
1411 325 1471 345 eam
1498 319 1526 346 in
1552 323 1664 349 terram.

877 360 1009 387 Existimo
1023 361 1095 387 enim
1106 361 1235 395 quoniam
1251 363 1297 396 qui
1311 363 1391 390 debet
1401 365 1495 392 attdire
1510 375 1516 392 :
1532 364 1597 392 Post
1612 366 1666 392 Do—

877 407 974 433 minum
988 406 1070 433 Deum
1087 411 1159 432 tuum
1170 407 1231 440 ibis,
1247 412 1274 434 et
1290 417 1296 435 :
1321 408 1409 435 Venite
1419 415 1477 444 post
1489 419 1528 438 me
1547 411 1581 444 θ’,
1594 416 1620 439 et
1632 413 1664 440 ad

877 452 934 478 [nec
946 451 1053 486 quidem
1068 452 1184 479 obstruit
1200 461 1280 480 aures
1305 461 1368 481 suas
1380 475 1388 488 ,
1407 461 1548 490 peccatum
1573 463 1664 484 autem

877 500 1008 533 sequitur,
1024 500 1140 526 trahitur
1154 507 1168 526 a
1178 500 1262 526 cauda
1272 499 1398 528 draconis
1410 502 1510 529 vadens
1518 508 1581 537 post
1589 511 1663 531 eum.

877 543 905 571 Si
921 550 1010 572 autem
1025 545 1169 580 contigerit
1191 553 1252 572 eum
1271 546 1315 581 qui
1341 546 1380 574 sic
1399 547 1466 574 vixit
1489 553 1518 575 ut
1542 549 1637 576 audiat
1655 558 1663 576 :

881 590 931 617 Vos
947 592 1007 618 estis
1022 591 1068 618 tua:
1085 593 1176 619 mundi
1198 592 1234 625 5‘,
1259 596 1286 619 et
1305 593 1452 628 aliquando
1478 595 1664 629 splenduerint

876 645 956 672 opera
973 638 1032 671 ejus
1047 638 1129 670 bona,
1157 638 1202 665 hic
1227 638 1373 673 aliquando
1389 640 1552 668 constitutus
1573 642 1662 676 stella,

875 687 902 711 ct
914 684 940 710 in
955 684 1023 710 coelo
1037 683 1141 710 habens
1156 684 1403 717 conversationem,
1421 685 1442 712 si
1457 686 1569 714 avulsus
1581 687 1664 714 fuerit

876 736 890 755 a
905 729 1022 756 dracone
1037 729 1064 755 in
1082 734 1192 762 terram,
1209 729 1253 756 hic
1266 729 1318 756 erit
1333 730 1410 757 stella
1427 739 1440 757 a
1456 732 1542 758 cauda
1565 732 1663 759 draco-

875 774 918 802 nis
934 779 1019 802 tracta
1042 779 1068 802 et
1084 775 1167 802 missa
1192 775 1218 802 in
1233 780 1345 803 terram.
1363 776 1408 803 Sic
1433 777 1516 804 stella:
1538 785 1554 805 a
1577 778 1663 806 cauda

876 820 1003 848 draconis
1019 821 1163 848 trahuntur
1177 825 1203 848 et
1214 820 1358 848 mittuntur
1369 821 1396 848 in
1410 826 1519 850 terram.
1533 823 1602 851 Sunt
1615 832 1665 851 an-

879 869 932 893 tem
948 866 1007 893 aliaa
1022 874 1137 901 quorum
1152 874 1217 901 pars
1229 867 1320 901 aliqua
1337 866 1500 894 obscuratur
1511 888 1519 901 ,
1542 872 1568 895 et
1590 869 1669 903 quod“

877 911 967 946 majus
978 916 1019 939 est
1034 912 1153 946 quidem,
1166 912 1333 939 luminosum
1347 916 1398 942 est,
1414 920 1482 946 quas
1495 913 1602 940 videtur
1618 922 1664 941 os-

879 957 988 984 tendere
1003 957 1036 984 de
1045 957 1219 985 Revelatione
1227 965 1317 985 sermo
1325 958 1365 985 sic
1377 957 1481 985 habens
1491 959 1513 974 θ’
1524 968 1531 985 :
1543 959 1575 985 Et
1587 967 1664 994 quar-

878 1007 919 1029 tus
937 1002 1043 1037 angelus
1057 1002 1117 1028 tuba
1134 1002 1244 1034 cecinit,
1263 1007 1286 1029 et
1304 1011 1427 1036 percussa
1444 1008 1482 1029 est
1500 1004 1579 1030 tertia
1600 1012 1662 1038 pars

877 1049 956 1082 lunw,
969 1053 993 1075 et
1008 1049 1086 1075 tertia
1097 1057 1159 1083 pars
1171 1049 1318 1080 stellarum,
1333 1054 1361 1076 ut
1379 1049 1566 1076 obscuraretur
1586 1051 1664 1076 tertia

876 1101 938 1128 pars
951 1101 1051 1120 eorum.
1074 1093 1143 1120 Sunt
1165 1093 1275 1128 quidam
1297 1099 1386 1121 autem
1413 1094 1459 1127 qui
1483 1102 1533 1122 nec
1551 1095 1663 1122 omnino

877 1143 1053 1166 servaverunt
1068 1138 1141 1173 quod
1156 1139 1258 1165 dictum
1278 1143 1320 1166 est
1337 1139 1359 1154 ⁶³
1380 1148 1386 1165 :
1407 1138 1452 1165 Sic
1470 1139 1554 1166 luceat
1575 1139 1663 1167 lntnen

876 1188 988 1210 vestrum
998 1191 1087 1210 curam
1101 1183 1259 1216 hominibus,
1268 1191 1316 1210 nec
1324 1185 1435 1210 omnino
1445 1184 1570 1212 exstincti
1579 1185 1664 1219 868

876 1232 902 1256 et
917 1228 1051 1255 obseurati
1067 1233 1139 1262 sunt,
1152 1230 1198 1256 sed
1212 1237 1243 1256 ex
1257 1234 1342 1264 parte.
1364 1229 1479 1262 Quidam
1499 1230 1570 1257 enim
1596 1238 1662 1264 pro-

876 1277 935 1307 pter
952 1274 1092 1302 Scientiam
1108 1275 1216 1310 quidem
1233 1275 1368 1302 fulserunt
1381 1275 1453 1313 sicut
1465 1276 1592 1310 splendor
1603 1284 1661 1304 co:-

875 1319 906 1353 li,
926 1320 1034 1355 quidam
1048 1325 1137 1348 autem
1153 1325 1261 1355 propter
1274 1322 1506 1349 conversationem
1519 1321 1582 1349 facti
1597 1326 1663 1350 sunt

876 1365 948 1394 sicut
959 1366 1052 1394 stellae.
1079 1366 1130 1393 Sed
1159 1366 1282 1393 videmur
1306 1366 1468 1401 quibusdam
1490 1374 1544 1394 non
1565 1375 1663 1394 conse-

876 1416 991 1446 quenter
1019 1412 1167 1439 secundum
1192 1412 1377 1446 praecedentes
1396 1412 1580 1447 expositiones
1605 1413 1664 1440 hare

876 1458 1020 1492 protulisse
1044 1462 1071 1485 et
1094 1465 1142 1492 pro
1159 1462 1234 1492 parte
1257 1458 1425 1492 exposuisse.
1453 1458 1586 1491 Quoniam
1609 1458 1664 1485 illic

877 1503 985 1537 quidem
1011 1503 1102 1530 stellas
1126 1511 1237 1531 casuras
1264 1504 1404 1536 diximus,
1428 1504 1474 1539 qui
1501 1503 1664 1531 videbantur

874 1549 959 1576 fuisse
968 1549 1062 1581 stellaz,
1077 1557 1131 1576 non
1147 1554 1237 1577 autem
1249 1555 1340 1583 erant;
1357 1550 1401 1577 hic
1413 1554 1501 1577 autem
1516 1550 1548 1576 de
1560 1550 1607 1577 his‘
1616 1550 1663 1584 qui

873 1602 936 1622 vere
953 1593 1063 1622 fuerunt
1077 1595 1170 1628 stellas,
1187 1599 1214 1622 et
1233 1599 1281 1622 aut
1306 1595 1339 1622 ad
1361 1595 1469 1630 plcnttm
1493 1595 1663 1628 ceciderunt,

874 1645 922 1668 aut
933 1649 965 1668 ex
980 1645 1066 1675 parte.
1085 1641 1124 1668 Ad
1140 1649 1210 1675 quos
1223 1641 1439 1675 respondeamus
1454 1640 1583 1675 quoniam
1599 1648 1663 1675 pro-

874 1686 992 1714 ferentes
1008 1687 1131 1721 exempla
1148 1687 1205 1714 haec
1217 1695 1278 1721 qua:
1291 1687 1464 1721 protulimus,
1479 1687 1531 1713 hoc
1548 1686 1662 1713 demon‘

874 1731 1021 1758 stravimus
1034 1732 1097 1766 quia
1112 1732 1223 1758 omnino
1238 1732 1321 1758 stella;
1338 1731 1461 1758 homines
1482 1736 1545 1759 sunt
1562 1731 1662 1758 intelli-

874 1776 963 1811 gendi,
980 1784 1033 1803 non
1048 1777 1142 1810 quales
1157 1777 1249 1803 stellae.
1275 1776 1403 1811 Alioquin
1419 1777 1462 1803 ille
1485 1777 1561 1804 locus
1583 1784 1660 1803 suam

875 1822 955 1849 habet
969 1822 1228 1855 interpretationem,
1246 1827 1272 1848 et
1288 1822 1331 1848 hic
1345 1829 1434 1849 suam.
1450 1822 1552 1850 Tamen
1570 1823 1611 1849 his
1623 1822 1661 1849 ita

875 1866 954 1894 factis
970 1867 1070 1901 parebit
1086 1867 1189 1901 signum
1204 1865 1270 1892 Filii
1284 1867 1395 1893 hominis
1412 1868 1438 1893 in
1455 1867 1527 1900 coelo,
1540 1872 1565 1893 et
1583 1867 1662 1901 plan-

874 1921 932 1952 gant
949 1923 976 1943 se
992 1920 1051 1942 tunc
1065 1915 1147 1942 tribus
1159 1919 1245 1942 teme.
1261 1914 1301 1941 Ad
1316 1915 1373 1942 hinc
1388 1923 1440 1942 non
1457 1919 1497 1941 est
1512 1914 1661 1941 absurdum

874 1963 913 1990 uti
930 1961 1061 1996 exemplis
1073 1961 1210 1988 Zachariae
1223 1961 1360 1995 propheta;
1374 1960 1411 1987 ita
1426 1959 1588 1987 habentibus
1605 1968 1612 1987 :
1626 1959 1660 1986 Et

874 2009 923 2036 erit
935 2009 962 2035 in
976 2008 1024 2034 illa
1038 2008 1089 2039 die,
1102 2015 1218 2042 quaeram
1231 2007 1335 2041 auferre
1345 2014 1433 2033 omnes
1446 2010 1532 2041 gentes
1546 2013 1604 2040 quae
1618 2013 1662 2033 vc-

875 2054 950 2080 niunt
970 2061 1048 2087 super
1074 2051 1242 2085 Jerusalem,
1262 2056 1285 2078 et
1308 2052 1442 2086 eIIundam
1460 2059 1538 2086 super
1554 2051 1661 2078 domum

874 2098 975 2129 David,
998 2102 1023 2124 et
1041 2105 1119 2132 super
1133 2097 1312 2124 habitantibus
1331 2098 1358 2124 in
1374 2095 1522 2123 Jerusalem
1540 2097 1663 2130 spiritum

874 2145 1003 2179 gratiwet
1017 2143 1210 2174 miserationis,
1229 2147 1253 2170 et
1266 2143 1404 2178 respicient
1424 2142 1458 2168 ad
1478 2149 1519 2168 me
1537 2142 1662 2176 quoniam

15 2197 92 2222 sunt
122 2191 219 2218 referri
237 2191 271 2218 ad
285 2190 391 2225 aliquos
411 2190 546 2226 principes
565 2198 657 2217 rerum
681 2190 823 2224 nequitiae,
840 2196 861 2222 ι)
876 2190 1049 2223 saltauerunt,
1069 2194 1093 2216 et
1109 2189 1230 2225 plangant
1247 2197 1325 2223 super
1335 2197 1361 2215 se
1375 2187 1511 2223 planctum
1530 2188 1598 2214 sicut
1619 2194 1664 2213 su-

15 2240 82 2268 sive
98 2236 140 2264 ad
157 2240 229 2263 tanta
244 2236 401 2263 ducentium
420 2235 454 2262 ad.
479 2239 593 2263 mortem
615 2240 725 2270 peccata
738 2255 745 2268 ,
768 2243 822 2263 non

15 2290 59 2314 est
77 2282 220 2317 temporis
235 2282 316 2316 hujus
330 2290 337 2309 :
354 2285 504 2316 exponetur
518 2286 607 2309 autem
625 2285 748 2317 tempore
773 2289 822 2310 suo

20 2337 39 2355 η
66 2325 256 2354 Revelatione
267 2324 389 2352 Joannis.
405 2325 457 2352 Sed
476 2329 503 2352 et
518 2325 610 2353 decem
627 2333 729 2353 cornua
749 2326 823 2354 dice-

15 2382 57 2407 ιο,
82 2371 224 2407 quoniam
236 2375 300 2398 sunt
311 2378 392 2406 regna
417 2371 578 2406 serpentium
593 2372 713 2405 malitiae,
729 2377 755 2400 et
773 2373 820 2400 ha-

15 2420 127 2449 tentis
146 2419 279 2453 serpentis
291 2423 427 2450 naturam,
441 2421 467 2445 et
481 2426 588 2452 semper
599 2423 707 2453 pectore
719 2423 745 2446 et
761 2427 824 2446 ven-

20 2477 57 2496 re
81 2465 218 2494 incedere
233 2473 280 2499 per
295 2469 403 2499 peccata
414 2485 421 2498 ,
440 2472 490 2492 nec
508 2465 589 2492 modo
606 2472 741 2499 exponere
757 2470 824 2492 tem-

15 2522 72 2542 ius
95 2517 156 2539 cst.
171 2510 240 2543 Quid
257 2510 375 2537 narratio
391 2517 511 2544 praesens
525 2510 557 2537 de
573 2515 673 2545 septem
690 2511 824 2539 diadema-

17 2562 105 2588 ibus
126 2565 187 2592 qute
201 2556 283 2584 draco
297 2556 402 2583 videtur
418 2556 516 2583 habere
533 2564 612 2590 super
627 2561 729 2591 septem
747 2558 822 2592 capi-

15 2615 35 2635 a
57 2603 148 2633 sua?
163 2601 263 2637 Utputa
276 2602 427 2629 diademata
446 2610 492 2636 per
506 2601 628 2637 singulos
643 2603 688 2637 qui
704 2603 822 2637 iungun-

15 2661 62 2681 ur
75 2648 322 2683 suseipitaliquod
338 2654 419 2683 caput
431 2648 569 2676 draconis.
584 2647 637 2675 Has
646 2653 735 2675 autem
749 2650 823 2683 prin-

19 2696 139 2734 ipalcs
157 2694 340 2728 expositiones
355 2699 435 2728 atque
451 2694 625 2728 probationes
642 2698 747 2728 oportet
765 2695 821 2721 tieri

43 2801 78 2818 ⁸⁷
97 2798 188 2826 Prov.
201 2805 256 2824 χιιι.
272 2797 297 2824 9.
337 2796 359 2812 ³⁵
373 2795 436 2822 Luc.
454 2803 479 2826 κ,
495 2795 537 2822 l8.

15 2841 23 2856 ι
40 2833 166 2867 Matth.
183 2841 209 2862 γ,
222 2833 262 2858 ιϋ.
301 2830 415 2857 "‘Zaeh.
434 2838 482 2861 xu,
494 2831 510 2857 9
526 2834 552 2857 et
573 2838 648 2866 seqq.

199 2879 335 2908 PATﬂOL.
353 2877 411 2907 (in.
441 2877 526 2908 λιιι.

577 2796 598 2811 ⁸³
611 2795 693 2830 Apoc.
705 2803 752 2826 xtl.
770 2796 795 2829 Ζ,
810 2797 836 2825 ι.

876 2245 921 2271 per
932 2235 1066 2269 dilectum,
1078 2240 1102 2262 et
1118 2234 1241 2262 dolebant
1257 2233 1346 2261 dolore
1358 2235 1426 2261 sicut
1439 2241 1516 2268 super
1531 2233 1663 2268 primoge-

877 2283 971 2310 nitum.
984 2282 1019 2309 Et
1031 2282 1058 2309 in
1071 2282 1113 2308 die
1126 2281 1171 2308 illo
1186 2280 1400 2316 magni/imbitur
1413 2281 1533 2314 planctus
1547 2279 1573 2306 in
1585 2278 1663 2305 lcru-

877 2329 959 2356 salem
970 2328 1038 2356 sicut
1053 2327 1174 2362 planctus
1193 2325 1257 2353 mali
1274 2326 1379 2361 granali
1392 2326 1474 2352 excisi
1484 2325 1512 2351 in
1523 2332 1625 2358 campo,
1640 2328 1664 2349 ct

875 2375 980 2409 planget
992 2382 1019 2401 se
1034 2379 1103 2400 terra
1114 2381 1159 2406 per
1168 2372 1267 2405 tribus;
1278 2372 1361 2398 tribus
1372 2371 1464 2397 domus
1477 2370 1561 2396 David
1571 2377 1663 2396 secun-

874 2421 935 2447 dum
946 2428 983 2453 se,
995 2424 1020 2446 et
1032 2419 1153 2446 mulieres
1166 2427 1255 2446 eorum
1267 2417 1409 2444 secundant
1424 2424 1465 2447 se;
1475 2416 1557 2441 tribus
1569 2415 1662 2441 damus

875 2466 984 2493 Nat/tan
998 2465 1140 2493 secundant
1161 2473 1207 2496 se,
1228 2468 1253 2490 et
1274 2463 1395 2489 mulieres
1410 2469 1500 2488 eorum
1519 2460 1663 2487 secundum

873 2521 916 2544 se;
930 2513 1013 2539 tribus
1027 2511 1119 2538 damus
1131 2509 1191 2537 Levi
1203 2509 1344 2536 secundum
1359 2516 1395 2540 se,
1405 2513 1428 2534 et
1440 2507 1560 2533 mulieres
1571 2513 1662 2532 eorum

875 2558 1019 2585 secundum
1034 2564 1076 2588 se;
1095 2557 1177 2583 tribus
1192 2556 1285 2582 domus
1301 2554 1406 2581 Simeon
1419 2553 1562 2580 sectandum
1578 2561 1616 2585 se,
1636 2557 1661 2578 et

877 2603 998 2630 mulieres
1010 2610 1100 2629 eorum
1114 2601 1255 2628 secundum
1263 2608 1301 2632 se,
1316 2604 1339 2625 et
1354 2606 1441 2625 anates
1456 2597 1553 2624 relicta:
1564 2597 1659 2628 tribus,

876 2650 1018 2678 secundant
1036 2657 1082 2682 se,
1102 2653 1127 2676 ct
1154 2648 1276 2675 mulieres
1294 2653 1384 2674 eorum
1413 2644 1555 2672 secundum
1575 2653 1601 2671 se
1627 2644 1660 2673 ⁸⁵,

876 2696 962 2724 Omne
979 2696 1060 2730 igitur
1077 2701 1214 2722 terrenum
1229 2701 1325 2728 agmen
1339 2700 1400 2720 cum
1416 2692 1451 2719 sit
1466 2691 1552 2719 tribus
1569 2696 1660 2724 terra;

876 2797 897 2813 ⁸ο
908 2796 1001 2824 Matth.
1017 2805 1052 2832 tv,
1068 2799 1110 2826 19.
1149 2798 1170 2813 ⁶¹
1185 2797 1278 2825 Matth.
1294 2805 1320 2830 ι’,
1335 2797 1376 2824 Μ.
1416 2797 1436 2812 ⁸⁵
1447 2795 1531 2831 Apoc.
1545 2801 1603 2826 vni,
1618 2788 1659 2818 l2-

1486 2876 1525 2906 53
