1839 3053
173 112 241 141 ιθτδ
761 109 924 138 ORIGENIS
939 109 972 138 iN

170 172 243 207 quod
257 178 319 199 esse
330 171 382 198 sibi
399 171 450 206 ipsi
469 170 664 201 attribuerunt,
680 169 799 197 maxime
821 170 844 198 si
862 174 969 206 oportet

170 219 198 246 iu
213 218 309 253 aliquo
328 222 501 253 peccatorum
526 216 713 244 abundantius
730 216 871 253 plangere,
891 216 969 251 pian-

171 269 236 300 gent
250 272 312 292 cum
335 264 472 292 similibus
497 263 565 291 suis.
588 262 713 290 Arbitror
730 267 821 290 autem
843 271 891 298 per
915 264 972 291 hac

171 309 280 337 ostendi
296 308 462 337 differentias
475 316 570 336 eorum
586 308 631 343 qui
642 307 803 335 videnturin
817 308 869 336 fide
886 307 972 336 fuisse

170 360 198 383 ct
215 356 242 383 in
261 363 312 383 suo
328 355 447 390 agmine,
466 362 521 382 non
544 359 635 382 autem
659 354 823 389 placuerunt
839 354 904 382 Deo.
923 354 972 384 Est

172 409 237 437 ergo
251 401 347 429 domus
364 400 445 427 David
462 400 604 435 plangens.
620 399 667 434 qui
684 408 716 427 ex
738 400 841 435 populo
867 400 971 428 consti-

172 448 223 475 tuti
238 448 318 483 digna
336 447 445 481 planctu
462 451 592 481 egerunt.
607 450 655 473 aut
673 446 707 473 de
723 445 835 481 regibus
858 450 887 473 et
910 454 970 473 ma-

172 493 310 528 guatibus.
328 492 379 525 Qui
399 498 490 519 autem
505 499 538 518 ex
551 491 711 519 doctoribus
736 492 807 519 male
831 492 969 525 vixerunt,

172 543 236 566 sunt
251 538 338 566 tribus
352 537 458 565 Natban
472 538 614 573 plangens,
638 538 770 573 quoniam
793 537 900 566 Nathan
920 538 970 565 fuit

172 585 326 620 propheta;
354 584 453 611 docere
475 588 565 611 autem
591 588 633 611 est
659 584 831 618 prophetare.
857 584 895 611 Ita
922 584 969 619 qui

170 635 234 658 sunt
255 635 410 666 peccatores
428 638 461 657 cx
485 630 529 657 his
552 630 597 666 qui
624 630 762 665 praepositi
790 629 901 658 luerunt
916 630 970 658 Ee-

169 677 269 710 clesiaa,
298 681 325 705 et
355 677 538 705 sacerdotium
573 676 727 704 habuerunt
752 677 924 712 injunctum',
943 682 970 706 et

172 730 226 750 non
264 723 334 750 bene
367 723 594 758 dispensavcrunt
625 724 833 758 prazposituram
863 732 940 752 suam
961 744 969 758 ,

170 769 257 797 tribus
280 774 344 797 sunt
363 769 463 797 domus
483 768 547 796 Levi
570 769 711 805 plangens.
739 769 772 797 Et
792 777 885 798 verum
907 772 970 806 qui-

168 816 229 843 dem
250 815 357 848 dicere,
379 816 421 843 vel
441 816 474 843 de
488 815 532 843 his
552 823 613 851 quae
633 815 765 849 diximus,
781 816 823 844 vel
838 816 871 844 de
895 817 968 844 tribu

169 862 292 895 Simeon,
309 861 353 889 Dei
371 862 457 889 solius
470 865 512 889 est
527 871 534 889 :
551 869 602 889 nos
619 866 710 889 autem
726 862 753 889 iu
769 863 897 897 praesenti
919 870 967 899 ap-

169 913 272 942 tamus,
292 909 422 944 quoniam
448 916 543 936 omnes
565 909 612 944 qui
633 909 793 937 eatechizati
812 909 923 937 fuerunt
939 913 966 938 et

168 955 294 983 instructi
308 960 372 982 sunt
386 955 479 982 divino
494 955 636 991 mysterio,
653 963 704 983 nec
721 955 832 983 luerunt
848 956 966 984 ordinati

168 999 196 1028 in
214 1000 304 1035 aliqua
322 1000 441 1027 tribuum
457 1008 526 1036 quas
544 1001 665 1028 diximus
678 1009 771 1036 supra,
793 1005 820 1029 et
833 1009 964 1037 peccave-

169 1052 234 1074 runt
251 1052 360 1082 peccata
377 1048 480 1082 gravia,
494 1047 589 1083 quales
602 1052 667 1075 sunt
691 1047 802 1083 plurimi
819 1049 964 1082 laicorum,

168 1093 256 1120 tribus
271 1098 334 1121 sunt
350 1093 461 1121 Simeon
479 1094 598 1130 :reliqui
615 1098 706 1122 autem
731 1095 872 1129 homines,
897 1103 966 1131 quas

169 1139 238 1167 dixit
255 1140 343 1168 tribus
360 1141 479 1174 relictas,
495 1148 565 1176 quas
588 1141 745 1177 specialiter
763 1150 818 1170 non
837 1143 965 1170 nomina-

168 1185 216 1213 vit.
233 1185 293 1214 Non
309 1192 400 1214 autem
417 1187 609 1222 qualecunque
623 1193 665 1216 est
681 1195 752 1224 opus
770 1188 861 1216 dicere
885 1193 912 1217 et
933 1189 967 1217 de

169 1232 331 1261 mulieribus
344 1233 514 1268 singularum
531 1233 651 1261 tribuum
667 1234 859 1270 plangentibus
877 1242 906 1263 se
921 1243 966 1263 se-

168 1277 289 1306 cundum
306 1286 345 1306 se.
362 1278 395 1306 Et
410 1279 471 1306 vide
488 1279 511 1306 si
532 1285 609 1314 potes
623 1279 649 1307 in
674 1280 790 1315 singulis
812 1281 968 1317 quibusque

168 1324 302 1352 classibus
316 1332 365 1352 eos
381 1325 490 1360 quidem
507 1325 553 1361 qui
570 1327 772 1361 corporaliores
796 1331 823 1354 et
838 1327 966 1355 mundia-

168 1371 251 1399 liores
263 1371 383 1404 luerunt,
404 1371 494 1400 dicere
511 1372 660 1406 mulieres;
682 1373 729 1408 qui
754 1378 846 1401 autem
869 1379 966 1401 eorum

170 1417 377 1453 comparatione
393 1417 521 1445 meliores
539 1417 660 1452 luerunt,
674 1419 748 1446 viros
763 1419 859 1447 fuisse.

204 1463 248 1491 50.
267 1463 300 1490 Et
312 1463 435 1491 uidebunt
453 1463 554 1491 Filium
567 1465 682 1492 hominis
694 1465 874 1492 venientemin
887 1466 966 1492 nubi-

169 1510 215 1536 bus
229 1518 289 1536 cum
303 1510 400 1537 virtute
411 1516 434 1537 et
448 1510 535 1546 gloria
548 1511 633 1537 multa
651 1511 684 1538 ".
704 1510 841 1544 Quoniam
858 1511 966 1538 videtur

168 1555 323 1590 suscepisse
337 1555 457 1583 Ecclesia
470 1556 603 1583 catholica
619 1564 681 1583 eum
697 1556 759 1584 aliis
770 1557 966 1586 traditionibus

167 1599 251 1626 etiam
265 1600 299 1627 de
311 1600 412 1627 Christi
426 1600 544 1627 adventu
561 1601 682 1628 secundo
696 1621 704 1634 ,
721 1601 852 1636 quoniam
867 1602 920 1629 erit
937 1602 963 1629 in

169 1646 255 1681 gloria
280 1647 458 1674 manifestum
482 1653 533 1674 εει.
563 1646 658 1675 Utrum
687 1652 778 1676 autem
812 1648 964 1677 secundum

167 1693 241 1729 quod
255 1693 386 1728 scriptum
401 1694 481 1721 estin
496 1693 547 1722 hoc
566 1694 638 1726 loco,
656 1694 741 1722 nubes
754 1695 914 1730 corporales
924 1699 964 1723 at-

169 1747 224 1776 que
241 1741 386 1769 sensibiles
406 1741 565 1768 existimare
580 1741 713 1769 debemus
726 1742 883 1769 vehiculum
903 1749 965 1770 esse

169 1787 267 1822 ipsius,
280 1791 306 1815 et
323 1787 474 1816 secundum
486 1786 644 1822 hujusmodi
660 1788 747 1815 nubes
761 1788 876 1815 multam
890 1787 964 1815 illam

167 1833 296 1861 virtutem
314 1838 341 1862 et
355 1833 470 1869 gloriam
485 1839 644 1869 exspectare
658 1834 801 1867 debemus,
825 1838 872 1862 aut
886 1834 964 1869 juxta

170 1879 390 1907 observationem
410 1878 484 1906 verbi
513 1879 700 1914 simplicioris,
719 1878 802 1906 etiam
824 1879 965 1906 moraliter

169 1928 210 1952 est
222 1924 465 1958 considerandum,
478 1928 525 1951 aut
540 1931 590 1952 nec
604 1924 718 1952 omnino
728 1923 874 1952 observare
886 1924 966 1952 debe-

169 1978 231 1999 mus
246 1971 449 2006 simplicitatcm
464 1971 548 2003 verbi.
567 1970 615 1999 sed
635 1970 808 1998 solummodo
830 1970 964 1998 moralem

169 2016 282 2050 exsequi
299 2015 477 2049 intellectum,
493 2023 547 2043 non
561 2015 751 2051 cujuscunque
762 2020 803 2044 est
814 2016 965 2044 deliberare

171 2067 197 2090 et
209 2062 353 2098 diligenter
370 2063 488 2090 scrutari
503 2062 610 2098 singula
621 2062 692 2097 loca,
706 2067 733 2091 et
749 2067 894 2099 postquam
908 2067 965 2090 tra-

168 2111 283 2139 ctaverit
297 2111 410 2139 verbum
425 2111 578 2139 secundum
594 2118 636 2144 ea,
650 2111 691 2139 sic
706 2111 885 2146 pronuntiare
898 2111 964 2147 quid

168 2157 343 2192 potissimum
360 2157 453 2184 verius
470 2157 506 2184 sit
516 2164 623 2189 eorum,
638 2161 664 2185 et
680 2157 825 2185 continens
846 2164 964 2193 evange-

169 2203 252 2230 licum
268 2210 392 2235 sensum,
405 2207 433 2231 et
444 2203 611 2231 voluntatem
626 2203 739 2237 Christi,
756 2205 803 2239 qui
817 2204 870 2232 ista
885 2204 963 2232 locu-

170 2256 214 2280 tus
227 2255 277 2279 est.
293 2250 346 2279 Sed
364 2259 424 2287 age,
439 2259 490 2280 nos
505 2259 592 2287 pauca
616 2252 650 2280 de
668 2253 776 2280 modica
793 2253 894 2281 virtute
906 2273 914 2286 ,
942 2253 965 2281 si

171 2302 261 2325 tamen
274 2297 316 2326 vel
330 2296 418 2333 ipsam
436 2297 580 2332 habemus,
596 2306 766 2334 exponamus
781 2298 824 2327 his
844 2299 871 2326 in
886 2299 964 2334 locis,

170 2350 197 2373 et
223 2345 343 2380 primum
367 2344 479 2380 quidem
507 2345 659 2372 secundum
685 2349 800 2373 textum.
828 2345 965 2374 Videbunt

170 2392 257 2420 oculis
270 2391 460 2427 corporalibus
476 2391 575 2419 Filium
590 2392 709 2421 hominis
721 2392 748 2419 in
765 2392 855 2427 specie
871 2393 965 2420 huma-

170 2446 204 2465 na
223 2438 373 2465 venientem
389 2446 470 2473 super
485 2438 571 2466 nubes
587 2446 731 2473 supernas,
753 2446 815 2474 qua:
832 2438 893 2466 ideo
916 2447 965 2466 nu-

170 2483 218 2512 bes
234 2485 295 2513 coeli
312 2484 451 2517 dicuntur,
467 2492 530 2512 cum
544 2484 646 2512 virtute
668 2490 695 2512 et
712 2484 799 2520 gloria
818 2484 913 2512 multa.
931 2484 965 2512 Et

169 2531 336 2560 conveniunt
350 2531 414 2559 huic
427 2531 593 2567 expositioni
606 2540 668 2568 quae
684 2531 812 2568 superius
830 2531 857 2558 in
874 2530 964 2558 Evan-

169 2576 240 2613 gelio
252 2577 381 2604 dicuntur
395 2577 447 2604 hoc
464 2577 545 2605 modo
562 2577 584 2593 “
600 2587 605 2604 :
623 2577 691 2604 Cum
711 2577 898 2612 assumpsisse:
914 2575 963 2603 Je-

169 2633 214 2652 ειη
231 2624 350 2657 Petrum,
366 2628 391 2651 et
404 2624 545 2657 Joannem,
559 2629 584 2651 et
598 2623 740 2656 Iacobum,
756 2624 848 2651 eduxit
859 2632 902 2651 eos
915 2632 961 2650 su-

169 2677 215 2703 per
231 2675 345 2698 montem
356 2670 489 2696 excelsum
500 2670 590 2703 nimis,
608 2678 736 2702 seorsum,
751 2675 774 2697 et
787 2669 964 2704 trum-ﬁgura-

171 2722 212 2743 tus
228 2722 265 2743 est
281 2725 370 2743 coram
387 2716 435 2748 eis,
453 2720 476 2742 et
490 2715 621 2749 splenduit
635 2716 714 2743 facies
725 2716 781 2750 eius
793 2715 862 2742 sicut
874 2714 924 2746 sol,
938 2719 963 2741 et

210 2817 231 2832 "
244 2820 336 2847 Matth.
353 2829 425 2852 xxiv,
444 2821 487 2848 50.

174 2853 238 2886 ilcg.
254 2862 283 2884 ιι,
303 2855 344 2883 il.
383 2856 404 2871 "
416 2855 487 2883 Psal.
504 2862 560 2887 Lvt,
574 2855 616 2881 Η.

540 2821 563 2835 ⁸⁸
576 2819 669 2846 Matth.
684 2827 751 2852 xvu,
765 2819 776 2845 l
804 2823 831 2845 et
843 2825 920 2852 seqq.

656 2855 676 2870 "
690 2854 741 2881 lsa.
755 2861 782 2888 ν,
795 2854 819 2881 ϐ.
858 2851 989 2880 "Matth.
1006 2859 1070 2886 xvn,
1085 2851 1109 2878 ὅ.

992 109 1202 139 ΜΑΤΤῙῘΑΕΠΜ
1767 111 1816 140 i576

984 171 1005 200 Λ
1021 170 1176 198 vestimenta
1195 170 1252 206 ejus
1270 171 1343 205 facta
1361 175 1424 197 sum
1440 171 1511 198 sicut
1527 170 1642 202 lumen',
1664 173 1690 196 et
1707 168 1773 196 vim
1788 175 1815 196 ειι

1022 216 1060 242 eis
1078 215 1181 251 Moyses
1197 220 1222 242 et
1244 215 1320 242 Elia:
1336 216 1517 251 colloquentes
1529 223 1593 242 cum
1606 223 1651 242 eo.
1667 213 1705 241 Et
1716 222 1777 247 ecce,
1787 215 1816 241 in-

1022 261 1092 296 quit,
1108 261 1187 289 nubes
1200 261 1290 288 lucida
1302 261 1470 289 obumbravit
1479 270 1537 295 eos,
1551 267 1578 289 et
1590 270 1655 289 ecce
1667 269 1720 289 eo:
1730 261 1817 288 deum

1021 304 1111 332 dicens
1128 313 1137 332 :
1156 305 1208 332 Hic
1218 311 1257 333 est
1273 305 1362 333 Filius
1375 315 1447 333 meus
1461 307 1582 333 dilectus
1597 307 1628 334 in
1646 315 1701 342 quo
1718 308 1817 341 compla-

1021 351 1075 383 cui,
1088 351 1175 385 ipsum
1187 352 1289 379 audite.
1308 351 1384 379 Sicut
1403 360 1470 387 ergo
1481 353 1600 388 quando
1620 352 1817 381 transformatus

1020 402 1073 429 est,
1089 398 1256 432 resplenduit
1276 398 1359 427 facies
1373 399 1433 434 ejus
1447 400 1521 427 sicut
1539 399 1594 433 sol,
1619 405 1649 427 et
1671 400 1817 427 vestimenta

1021 444 1081 479 ejus
1096 443 1165 471 facta
1182 449 1246 472 sunt
1257 445 1327 473 sicut
1344 446 1453 479 lumen,
1475 451 1505 474 et
1524 454 1580 474 vox
1603 447 1684 473 venit
1708 446 1743 474 de
1762 448 1818 473 nul»:

1020 490 1116 518 dicens
1131 499 1137 516 :
1154 490 1206 518 Hic
1221 496 1258 518 est
1275 491 1363 518 Filius
1376 500 1449 519 meus
1464 492 1584 519 dilectus
1604 493 1635 519 in
1651 500 1706 528 quo
1721 494 1818 527 compta-

1021 537 1075 569 cui,
1097 537 1137 565 sic
1156 545 1217 565 cum
1242 538 1347 566 venerit
1369 539 1479 571 iterum,
1505 539 1631 567 forsitan
1656 540 1687 566 in
1717 541 1816 575 speciem

1021 583 1263 612 transformabitur
1278 585 1424 621 gloriosam
1442 594 1448 612 :
1461 590 1509 612 aut
1520 586 1595 614 sicut
1611 592 1685 614 tunc
1700 586 1815 613 transier-

1021 634 1112 658 matus
1129 635 1170 658 est
1185 638 1278 658 coram
1294 631 1380 659 tribus
1396 631 1543 667 discipulis
1559 632 1625 659 suis
1636 651 1644 664 ,
1667 637 1763 666 postea
1780 640 1816 659 ve-

1020 677 1076 704 niet
1090 685 1144 704 non
1154 685 1236 712 super
1252 685 1333 705 unam
1346 678 1459 710 nubem,
1474 679 1523 706 sed
1540 686 1631 713 super
1647 679 1762 710 multas,
1772 687 1817 714 qua

1020 727 1102 750 erunt
1118 723 1271 751 vehiculum
1285 724 1353 759 ejus.
1376 723 1514 757 Quoniam
1538 728 1637 752 autem
1658 732 1817 759 consequens

1020 774 1062 797 est
1076 770 1144 797 utin
1162 768 1300 798 meliorem
1326 771 1440 806 gloriam
1465 771 1654 803 rcl'ormetur,
1676 780 1760 807 quam
1781 772 1818 798 fuit

1021 816 1233 844 trans-formatus
1247 816 1273 844 in
1290 822 1392 848 monte,
1404 817 1584 845 manifestum
1606 822 1653 845 est
1663 827 1698 844 ex
1716 825 1749 846 eo
1761 819 1818 853 quoi

983 854 1005 882 Β
1020 866 1086 890 tunc
1098 863 1208 898 quidem
1223 871 1316 891 coram
1334 863 1423 891 tribus
1437 865 1636 892 tantummodo
1650 864 1818 892 transforma-

1018 915 1062 939 tus
1072 915 1124 944 est,
1139 911 1165 938 in
1180 911 1417 939 consummatione
1431 916 1523 938 autem
1535 911 1628 947 869
1640 911 1740 938 mundi
1752 912 1819 938 latins

1018 957 1160 993 apparebit
1172 957 1199 984 in
1212 957 1297 993 gloria
1310 957 1406 991 multa,
1423 961 1455 985 ut
1471 957 1580 984 videant
1595 965 1666 984 cum
1685 965 1780 984 omnes
1798 958 1817 984 in

1018 1003 1114 1039 gloria.
1143 1003 1177 1030 Et
1199 1008 1264 1031 tunc
1286 1003 1398 1039 quidem
1425 1003 1601 1030 descendens
1625 1002 1725 1030 lucida
1747 1003 1818 1030 nubes

1018 1050 1258 1083 adumbraviteos,
1273 1055 1369 1085 postea
1384 1056 1477 1077 autem
1505 1050 1602 1077 multa:
1626 1051 1722 1078 nubes
1740 1055 1818 1085 porta-

1018 1096 1086 1124 bunt
1102 1096 1202 1124 Filium
1229 1097 1350 1125 hominis
1369 1097 1523 1124 venientem
1553 1104 1623 1124 cum
1642 1096 1772 1124 vehiculo
1787 1097 1817 1123 di-

1018 1149 1072 1177 gno
1085 1142 1178 1178 gloria:
1195 1149 1262 1169 suae.
1282 1141 1357 1169 Dicet
1369 1146 1460 1169 autem
1476 1141 1591 1176 aliquis,
1609 1141 1750 1177 quoniam
1761 1142 1818 1169 sicut

1018 1188 1045 1215 in
1064 1187 1174 1216 ﬁctione
1189 1187 1310 1215 hominis
1325 1187 1431 1222 accepit
1447 1186 1518 1214 Deus
1533 1187 1639 1214 limum
1657 1187 1694 1214 de
1710 1193 1818 1220 tem,et

1019 1234 1101 1262 ﬁnxit
1110 1234 1260 1267 hominem,
1270 1233 1320 1265 sic,
1330 1237 1359 1260 ut
1367 1233 1594 1268 appareatgloria
1603 1232 1779 1265 Christi,acc
1789 1234 1818 1268 p't

1019 1280 1092 1308 Deus
1105 1280 1139 1308 de
1154 1280 1223 1308 cmlo
1231 1280 1299 1307 etde
1310 1279 1413 1308 caelesti
1427 1286 1555 1315 corpore,
1567 1285 1596 1307 et
1605 1281 1767 1315 corporavit
1775 1281 1818 1315 pri-

1019 1335 1094 1354 mum
1103 1327 1213 1362 quidem
1230 1327 1256 1354 in
1268 1326 1366 1354 nubem
1384 1325 1514 1359 lucidam,
1532 1326 1562 1352 in
1583 1326 1816 1353 consummatum:

1018 1378 1109 1401 autem
1127 1373 1155 1400 in
1173 1373 1259 1401 nubes
1278 1373 1514 1408 iucidas,proptcr
1529 1372 1609 1407 quod
1625 1378 1653 1399 et
1667 1373 1756 1400 nubes
1769 1372 1816 1399 (nali

1018 1420 1158 1452 dicuntur,
1176 1418 1327 1447 secundum
1342 1419 1415 1454 quod
1430 1423 1456 1446 et
1470 1418 1556 1445 limus
1569 1423 1658 1446 terra:
1675 1424 1719 1446 est
1732 1419 1816 1446 dictus.

1019 1466 1052 1494 Et
1066 1467 1138 1494 dicet
1155 1466 1262 1494 Patrem
1277 1466 1341 1493 talia
1354 1465 1479 1493 miranda
1498 1465 1610 1493 donare
1626 1465 1703 1493 Filio
1720 1473 1770 1493 suo
1781 1466 1816 1499 qui

1019 1513 1138 1548 seipsum
1152 1512 1316 1545 humiliavit,
1326 1517 1353 1539 et
1363 1516 1473 1547 propter
1487 1510 1677 1539 dilecti0uem
1693 1520 1745 1538 non
1757 1512 1816 1544 rapi-

1016 1568 1077 1587 nam
1085 1558 1231 1586 arbitratus
1241 1563 1280 1585 est
1288 1566 1343 1585 esse
1349 1566 1377 1584 se
1384 1557 1513 1592 (equolam
1523 1557 1592 1590 Deo,
1605 1558 1654 1584 sed
1661 1560 1816 1592 semetipsa:

1016 1606 1162 1634 exinanivit
1172 1606 1286 1640 formam
1292 1605 1360 1632 servi
1369 1605 1502 1639 accipiens
1510 1605 1544 1637 ⁸⁷,
1553 1608 1580 1631 et
1591 1603 1689 1632 factus
1698 1610 1739 1632 est
1747 1611 1816 1639 agnus

1017 1653 1064 1680 Dei
1078 1657 1106 1680 ut
1119 1652 1196 1680 tollat
1210 1651 1304 1678 mundi
1323 1644 1435 1686 peccata
1455 1649 1487 1678 ⁸⁸.
1506 1649 1629 1685 Propter
1645 1650 1702 1678 hoc
1719 1650 1785 1677 enim
1798 1655 1817 1676 ιτ

1016 1697 1088 1726 Deus
1097 1696 1302 1732 supereraltavit
1311 1705 1379 1729 eum,
1392 1701 1415 1722 et
1430 1696 1542 1722 donavit
1554 1695 1600 1722 illi
1608 1704 1710 1722 nomen
1720 1695 1816 1730 quodest

1015 1752 1094 1778 super
1104 1751 1179 1770 omne
1191 1751 1283 1769 nomen
1292 1743 1324 1769 ⁶⁹.
1334 1741 1393 1769 Non
1403 1742 1492 1769 solum
1505 1746 1603 1769 autem
1618 1749 1652 1768 ex
1658 1742 1755 1769 altavit
1766 1748 1816 1768 eum

1016 1788 1166 1815 secundum
1182 1787 1326 1822 spiritum,
1351 1786 1399 1814 sed
1415 1786 1498 1814 etiam
1527 1787 1693 1814 secundum
1718 1793 1815 1821 corpus.

1015 1839 1046 1861 ut
1059 1841 1108 1868 per
1125 1832 1217 1860 omnia
1235 1833 1271 1860 sit
1283 1833 1429 1860 exaltatus.
1443 1831 1478 1859 Et
1494 1839 1601 1868 corpus
1618 1833 1697 1868 quod
1711 1833 1815 1867 suscepit

1015 1879 1049 1907 de
1062 1879 1167 1917 yirtute
1181 1878 1326 1911 Altissimi,
1341 1883 1368 1906 et
1383 1879 1416 1906 de
1430 1877 1546 1913 Virgine
1560 1874 1733 1913 hujusmodi
1748 1877 1814 1905 mini-

1015 1926 1129 1955 sterium
1148 1925 1332 1959 ministrante,
1347 1924 1464 1952 debebat
1480 1924 1619 1952 h0norari
1646 1929 1681 1952 ut
1704 1930 1731 1952 et
1747 1931 1813 1959 super

1015 1971 1116 2000 talibus
1130 1970 1249 1998 nubibus
1261 1970 1381 2004 veniret;
1399 1969 1515 1998 forsitan
1528 1977 1619 2005 super
1634 1970 1759 1998 nubibus
1767 1970 1813 1996 ani-

1015 2019 1098 2047 matis
1112 2023 1139 2046 et
1152 2017 1332 2045 rationalibus
1347 2020 1377 2044 ut
1389 2024 1423 2043 ne
1441 2016 1501 2044 sine
1516 2016 1616 2043 anima
1633 2020 1663 2043 et
1680 2016 1813 2043 irrationa-

1017 2064 1072 2093 bile
1086 2068 1160 2092 esset
1173 2063 1328 2091 vehiculum
1345 2061 1406 2089 Filii
1421 2061 1544 2089 hominis
1559 2061 1732 2096 gloriﬁcati,
1756 2062 1812 2089 sicut

1016 2110 1068 2139 fuit
1079 2111 1138 2139 sine
1152 2110 1243 2137 anima
1257 2116 1365 2141 currus,
1385 2107 1592 2135 irrationabiles
1610 2113 1710 2136 autent
1727 2108 1785 2143 equi
1793 2108 1812 2133 in

1016 2156 1117 2193 quibus
1133 2155 1210 2183 visus
1224 2159 1267 2182 est
1281 2153 1384 2182 assumi
1400 2152 1484 2186 Elias,
1509 2153 1674 2180 secundum
1701 2152 1799 2187 Scripta

980 2213 1002 2240 ι)
1016 2210 1074 2230 ram
1091 2202 1224 2230 dicentem
1240 2200 1263 2216 ⁷ο
1276 2209 1283 2228 :
1299 2199 1334 2227 Et
1344 2207 1401 2227 ecce
1412 2206 1507 2226 currus
1522 2198 1621 2232 igneus
1634 2203 1662 2225 ει
1676 2207 1706 2233 eq

1091 2202 1224 2230 dicentem
1240 2200 1263 2216 ⁷ο
1276 2209 1283 2228 :
1299 2199 1334 2227 Et
1344 2207 1401 2227 ecce
1412 2206 1507 2226 currus
1522 2198 1621 2232 igneus
1634 2203 1662 2225 et
1676 2199 1740 2233 equi
1750 2197 1811 2232 ἱρεὺ-

1015 2249 1152 2283 Quoniam
1177 2252 1268 2276 autem
1301 2247 1428 2274 animatae
1457 2250 1484 2273 et
1517 2244 1713 2272 rationabiles
1740 2244 1812 2271 nubes

1014 2299 1106 2327 erunt,
1121 2302 1182 2330 quas
1198 2297 1280 2321 erunt
1294 2292 1450 2320 vehiculum
1469 2291 1533 2318 Filii
1558 2291 1630 2324 Dei,
1655 2292 1812 2327 proferimus

1014 2338 1131 2374 exempli
1148 2346 1231 2366 causa
1251 2337 1324 2373 quod
1341 2336 1473 2364 dicitur”
1494 2345 1500 2363 :
1521 2335 1556 2362 Et
1569 2337 1676 2363 veritas
1692 2343 1738 2364 tua
1747 2344 1812 2370 usque

1016 2386 1051 2413 ad
1077 2385 1167 2413 nubes.
1193 2385 1226 2412 Et
1259 2385 1358 2412 iterum
1378 2383 1402 2399 "
1430 2391 1437 2410 :
1474 2383 1615 2410 Μαικίαδο
1649 2384 1765 2410 nubibus
1790 2390 1811 2408 κ

1016 2433 1109 2469 pluunt
1124 2440 1203 2467 super
1225 2431 1301 2458 illam
1325 2430 1452 2465 pluvium.
1480 2429 1603 2456 Maxime
1622 2435 1721 2458 autem
1743 2438 1773 2457 es
1788 2435 1813 2455 eo

1017 2481 1088 2516 quod
1105 2479 1206 2507 dicitur
1232 2478 1255 2494 ⁷³
1273 2487 1280 2505 :
1300 2477 1334 2504 Et
1350 2485 1407 2504 ecce
1431 2476 1513 2503 nubes
1530 2476 1626 2502 lucida
1653 2476 1810 2503 adumbrari:

1015 2535 1071 2560 eos,
1083 2530 1107 2552 et
1119 2532 1175 2552 ecce
1191 2531 1240 2550 v0.1:
1257 2525 1290 2549 de
1301 2521 1367 2548 nube
1382 2521 1472 2548 dicent
1488 2527 1542 2547 non
1556 2520 1632 2555 quia
1648 2521 1741 2547 nubes
1761 2518 1809 2546 Ριίιὲ

1016 2577 1075 2601 erat
1088 2571 1178 2602 Pater,
1196 2569 1253 2602 sed,
1272 2573 1301 2595 ut
1316 2568 1351 2595 ita
1367 2567 1457 2594 dicam
1471 2586 1478 2598 ,
1498 2566 1617 2593 verbum
1643 2565 1697 2594 Dei
1723 2566 1807 2593 iactum

1017 2623 1059 2647 est
1071 2619 1104 2646 ad
1116 2625 1188 2648 eam,
1206 2615 1276 2643 sicut
1293 2614 1393 2642 factum
1409 2617 1451 2640 est
1464 2613 1499 2640 ad
1514 2613 1684 2648 prophetas.
1700 2612 1734 2641 Et
1752 2612 1807 2640 sitit

1017 2666 1063 2701 qui
1079 2664 1154 2692 audit
1169 2663 1267 2691 Isaiam
1279 2662 1414 2689 dicentem
1425 2660 1449 2676 "‘
1467 2670 1473 2687 :
1488 2658 1576 2687 Filias
1591 2660 1674 2695 genui
1686 2666 1711 2687 et
1722 2659 1805 2686 mla.

1016 2712 1052 2744 vi,
1069 2711 1120 2745 ipsi
1141 2714 1230 2736 autem
1246 2716 1285 2735 me
1296 2712 1458 2742 spreverunt,
1470 2714 1527 2734 non
1545 2706 1662 2740 lsaiam,
1678 2706 1725 2734 sed
1736 2706 1802 2732 Deum

976 2817 997 2833 "
1008 2814 1107 2849 Philip.
1122 2823 1150 2846 it,
1163 2814 1190 2841 6.
1229 2813 1251 2829 ι’⁸
1265 2812 1344 2840 Joan.
1359 2821 1378 2847 ι,
1390 2813 1435 2841 56.
1477 2814 1500 2830 "
1515 2812 1620 2849 Philip.
1643 2820 1672 2847 ιι,
1687 2813 1713 2840 9.
1748 2807 1798 2835 "lv

1150 2850 1235 2877 "lea.
1252 2849 1309 2884 1,2.
