  <div class='ocr_page' id='page_1' title='image "/cluster/home/n/w/nwhite01/storage/ocr_20150623/13/njp.32101077772430/1018.png"; bbox 0 0 1839 3053; ppageno 0'>
   <div class='ocr_carea' id='block_1_1' title="bbox 27 150 84 176">
    <p class='ocr_par' dir='ltr' id='par_1_1' title="bbox 27 150 84 176">
     <span class='ocr_line' id='line_1_1' title="bbox 27 150 84 176; baseline 0 0"><span class='ocrx_word' id='word_1_1' title='bbox 27 150 84 176; x_wconf 66' lang='grc' dir='ltr'><strong>ΙῦΤἹ</strong></span> 
     </span>
    </p>
   </div>
   <div class='ocr_carea' id='block_1_2' title="bbox 580 144 1060 173">
    <p class='ocr_par' dir='ltr' id='par_1_2' title="bbox 580 144 1060 173">
     <span class='ocr_line' id='line_1_2' title="bbox 580 144 1060 173; baseline -0.002 0"><span class='ocrx_word' id='word_1_2' title='bbox 580 144 907 173; x_wconf 71' lang='lat' dir='ltr'><strong>COMMENTARIDRUM</strong></span> <span class='ocrx_word' id='word_1_3' title='bbox 928 145 1060 173; x_wconf 84' lang='lat' dir='ltr'><strong>SERIES.</strong></span> 
     </span>
    </p>
   </div>
   <div class='ocr_carea' id='block_1_3' title="bbox 1575 147 1643 175">
    <p class='ocr_par' dir='ltr' id='par_1_3' title="bbox 1575 147 1643 175">
     <span class='ocr_line' id='line_1_3' title="bbox 1575 147 1643 175; baseline 0.015 -1"><span class='ocrx_word' id='word_1_4' title='bbox 1575 147 1643 175; x_wconf 67' lang='lat'><strong>1878</strong></span> 
     </span>
    </p>
   </div>
   <div class='ocr_carea' id='block_1_4' title="bbox 27 205 1642 242">
    <p class='ocr_par' dir='ltr' id='par_1_4' title="bbox 27 205 1642 242">
     <span class='ocr_line' id='line_1_4' title="bbox 27 205 1642 242; baseline -0.001 -6"><span class='ocrx_word' id='word_1_5' title='bbox 27 210 122 236; x_wconf 54' lang='lat' dir='ltr'><strong>:‘atrcm</strong></span> <span class='ocrx_word' id='word_1_6' title='bbox 140 208 215 236; x_wconf 87' lang='lat' dir='ltr'><strong>audit</strong></span> <span class='ocrx_word' id='word_1_7' title='bbox 233 216 260 235; x_wconf 85' lang='lat' dir='ltr'><strong>tn</strong></span> <span class='ocrx_word' id='word_1_8' title='bbox 274 207 362 241; x_wconf 87' lang='lat' dir='ltr'><strong>lsaia;</strong></span> <span class='ocrx_word' id='word_1_9' title='bbox 385 206 424 234; x_wconf 87' lang='lat' dir='ltr'><strong>sic</strong></span> <span class='ocrx_word' id='word_1_10' title='bbox 448 207 493 241; x_wconf 87' lang='lat' dir='ltr'><strong>qui</strong></span> <span class='ocrx_word' id='word_1_11' title='bbox 513 206 658 234; x_wconf 76' lang='lat' dir='ltr'><strong>audiebant</strong></span> <span class='ocrx_word' id='word_1_12' title='bbox 673 206 707 234; x_wconf 92' lang='lat' dir='ltr'><strong>de</strong></span> <span class='ocrx_word' id='word_1_13' title='bbox 729 206 801 234; x_wconf 87' lang='lat' dir='ltr'><strong>nube</strong></span> <span class='ocrx_word' id='word_1_14' title='bbox 816 208 838 237; x_wconf 77' lang='grc' dir='ltr'><strong>Α</strong></span> <span class='ocrx_word' id='word_1_15' title='bbox 854 213 914 233; x_wconf 91' lang='lat' dir='ltr'><strong>nem</strong></span> <span class='ocrx_word' id='word_1_16' title='bbox 928 205 961 239; x_wconf 79' lang='grc'><strong>⁸¹,</strong></span> <span class='ocrx_word' id='word_1_17' title='bbox 975 206 1052 234; x_wconf 90' lang='lat' dir='ltr'><strong>locus</strong></span> <span class='ocrx_word' id='word_1_18' title='bbox 1065 214 1091 232; x_wconf 79' lang='grc' dir='ltr'><strong>ιιι</strong></span> <span class='ocrx_word' id='word_1_19' title='bbox 1106 215 1157 241; x_wconf 82' lang='lat' dir='ltr'><strong>quo</strong></span> <span class='ocrx_word' id='word_1_20' title='bbox 1177 206 1304 234; x_wconf 82' lang='lat' dir='ltr'><strong>Dominus</strong></span> <span class='ocrx_word' id='word_1_21' title='bbox 1324 215 1414 233; x_wconf 86' lang='lat' dir='ltr'><strong>eorum</strong></span> <span class='ocrx_word' id='word_1_22' title='bbox 1434 212 1576 242; x_wconf 69' lang='lat' dir='ltr'><strong>eruet/iras</strong></span> <span class='ocrx_word' id='word_1_23' title='bbox 1593 215 1642 241; x_wconf 81' lang='lat' dir='ltr'><strong>est,</strong></span> 
     </span>
    </p>
   </div>
   <div class='ocr_carea' id='block_1_5' title="bbox 27 251 802 286">
    <p class='ocr_par' dir='ltr' id='par_1_5' title="bbox 27 251 802 286">
     <span class='ocr_line' id='line_1_5' title="bbox 27 251 802 286; baseline -0.004 -5"><span class='ocrx_word' id='word_1_24' title='bbox 27 261 109 281; x_wconf 61' lang='lat' dir='ltr'><strong>vocem</strong></span> <span class='ocrx_word' id='word_1_25' title='bbox 127 253 273 286; x_wconf 75' lang='lat' dir='ltr'><strong>dicentem,</strong></span> <span class='ocrx_word' id='word_1_26' title='bbox 289 251 340 279; x_wconf 84' lang='lat' dir='ltr'><strong>llic</strong></span> <span class='ocrx_word' id='word_1_27' title='bbox 351 257 390 279; x_wconf 86' lang='lat' dir='ltr'><strong>est</strong></span> <span class='ocrx_word' id='word_1_28' title='bbox 406 251 494 278; x_wconf 83' lang='lat' dir='ltr'><strong>Filius</strong></span> <span class='ocrx_word' id='word_1_29' title='bbox 510 259 582 278; x_wconf 83' lang='lat' dir='ltr'><strong>meus</strong></span> <span class='ocrx_word' id='word_1_30' title='bbox 605 251 726 284; x_wconf 83' lang='lat' dir='ltr'><strong>dilectus,</strong></span> <span class='ocrx_word' id='word_1_31' title='bbox 747 258 802 278; x_wconf 90' lang='lat' dir='ltr'><strong>non</strong></span> 
     </span>
    </p>
   </div>
   <div class='ocr_carea' id='block_1_6' title="bbox 27 296 803 331">
    <p class='ocr_par' dir='ltr' id='par_1_6' title="bbox 27 296 803 331">
     <span class='ocr_line' id='line_1_6' title="bbox 27 296 803 331; baseline -0.005 -4"><span class='ocrx_word' id='word_1_32' title='bbox 27 300 124 331; x_wconf 66' lang='lat' dir='ltr'><strong>nubem,</strong></span> <span class='ocrx_word' id='word_1_33' title='bbox 138 299 184 326; x_wconf 83' lang='lat' dir='ltr'><strong>sed</strong></span> <span class='ocrx_word' id='word_1_34' title='bbox 197 298 303 326; x_wconf 89' lang='lat' dir='ltr'><strong>Patrem</strong></span> <span class='ocrx_word' id='word_1_35' title='bbox 318 299 343 325; x_wconf 90' lang='lat' dir='ltr'><strong>in</strong></span> <span class='ocrx_word' id='word_1_36' title='bbox 361 305 392 326; x_wconf 90' lang='lat' dir='ltr'><strong>ea</strong></span> <span class='ocrx_word' id='word_1_37' title='bbox 410 297 599 325; x_wconf 84' lang='lat' dir='ltr'><strong>tcstiticantem</strong></span> <span class='ocrx_word' id='word_1_38' title='bbox 623 297 717 331; x_wconf 79' lang='lat' dir='ltr'><strong>gloriae</strong></span> <span class='ocrx_word' id='word_1_39' title='bbox 742 296 803 323; x_wconf 87' lang='lat' dir='ltr'><strong>Filii</strong></span> 
     </span>
    </p>
   </div>
   <div class='ocr_carea' id='block_1_7' title="bbox 27 342 802 380">
    <p class='ocr_par' dir='ltr' id='par_1_7' title="bbox 27 342 802 380">
     <span class='ocr_line' id='line_1_7' title="bbox 27 342 802 380; baseline -0.004 -8"><span class='ocrx_word' id='word_1_40' title='bbox 27 346 169 373; x_wconf 81' lang='lat' dir='ltr'><strong>nuliebant.</strong></span> <span class='ocrx_word' id='word_1_41' title='bbox 188 345 216 372; x_wconf 88' lang='lat' dir='ltr'><strong>Si</strong></span> <span class='ocrx_word' id='word_1_42' title='bbox 239 352 304 380; x_wconf 84' lang='lat' dir='ltr'><strong>ergo</strong></span> <span class='ocrx_word' id='word_1_43' title='bbox 323 349 386 372; x_wconf 92' lang='lat' dir='ltr'><strong>ante</strong></span> <span class='ocrx_word' id='word_1_44' title='bbox 411 343 546 379; x_wconf 81' lang='lat' dir='ltr'><strong>passionis</strong></span> <span class='ocrx_word' id='word_1_45' title='bbox 569 342 802 378; x_wconf 82' lang='lat' dir='ltr'><strong>dispensationem</strong></span> 
     </span>
    </p>
   </div>
   <div class='ocr_carea' id='block_1_8' title="bbox 29 388 804 426">
    <p class='ocr_par' dir='ltr' id='par_1_8' title="bbox 29 388 804 426">
     <span class='ocr_line' id='line_1_8' title="bbox 29 388 804 426; baseline -0.003 -8"><span class='ocrx_word' id='word_1_46' title='bbox 29 392 76 418; x_wconf 82' lang='lat' dir='ltr'><strong>alis</strong></span> <span class='ocrx_word' id='word_1_47' title='bbox 97 391 146 419; x_wconf 82' lang='lat' dir='ltr'><strong>fuit</strong></span> <span class='ocrx_word' id='word_1_48' title='bbox 161 391 246 419; x_wconf 92' lang='lat' dir='ltr'><strong>nubes</strong></span> <span class='ocrx_word' id='word_1_49' title='bbox 259 391 433 426; x_wconf 87' lang='lat' dir='ltr'><strong>prophetans,</strong></span> <span class='ocrx_word' id='word_1_50' title='bbox 449 390 514 425; x_wconf 87' lang='lat' dir='ltr'><strong>quid</strong></span> <span class='ocrx_word' id='word_1_51' title='bbox 525 389 656 417; x_wconf 85' lang='lat' dir='ltr'><strong>debemus</strong></span> <span class='ocrx_word' id='word_1_52' title='bbox 670 388 761 417; x_wconf 85' lang='lat' dir='ltr'><strong>dicere</strong></span> <span class='ocrx_word' id='word_1_53' title='bbox 771 388 804 416; x_wconf 90' lang='lat' dir='ltr'><strong>de</strong></span> 
     </span>
    </p>
   </div>
   <div class='ocr_carea' id='block_1_9' title="bbox 27 434 805 472">
    <p class='ocr_par' dir='ltr' id='par_1_9' title="bbox 27 434 805 472">
     <span class='ocr_line' id='line_1_9' title="bbox 27 434 805 472; baseline -0.003 -9"><span class='ocrx_word' id='word_1_54' title='bbox 27 437 133 464; x_wconf 71' lang='lat' dir='ltr'><strong>nubibus</strong></span> <span class='ocrx_word' id='word_1_55' title='bbox 147 437 208 465; x_wconf 75' lang='lat' dir='ltr'><strong>eteli</strong></span> <span class='ocrx_word' id='word_1_56' title='bbox 224 444 307 472; x_wconf 83' lang='lat' dir='ltr'><strong>super</strong></span> <span class='ocrx_word' id='word_1_57' title='bbox 319 437 418 471; x_wconf 87' lang='lat' dir='ltr'><strong>quibus</strong></span> <span class='ocrx_word' id='word_1_58' title='bbox 435 436 577 463; x_wconf 78' lang='lat' dir='ltr'><strong>venientem</strong></span> <span class='ocrx_word' id='word_1_59' title='bbox 597 435 700 462; x_wconf 87' lang='lat' dir='ltr'><strong>Filium</strong></span> <span class='ocrx_word' id='word_1_60' title='bbox 719 434 805 461; x_wconf 78' lang='lat' dir='ltr'><strong>Itami-</strong></span> 
     </span>
    </p>
   </div>
   <div class='ocr_carea' id='block_1_10' title="bbox 27 481 805 518">
    <p class='ocr_par' dir='ltr' id='par_1_10' title="bbox 27 481 805 518">
     <span class='ocr_line' id='line_1_10' title="bbox 27 481 805 518; baseline -0.003 -9"><span class='ocrx_word' id='word_1_61' title='bbox 27 484 55 510; x_wconf 80' lang='lat' dir='ltr'><strong>tis</strong></span> <span class='ocrx_word' id='word_1_62' title='bbox 70 483 198 510; x_wconf 87' lang='lat' dir='ltr'><strong>videbunt</strong></span> <span class='ocrx_word' id='word_1_63' title='bbox 209 492 268 510; x_wconf 88' lang='lat' dir='ltr'><strong>cum</strong></span> <span class='ocrx_word' id='word_1_64' title='bbox 285 484 379 510; x_wconf 79' lang='lat' dir='ltr'><strong>virtute</strong></span> <span class='ocrx_word' id='word_1_65' title='bbox 389 487 414 510; x_wconf 81' lang='lat' dir='ltr'><strong>et</strong></span> <span class='ocrx_word' id='word_1_66' title='bbox 429 482 513 518; x_wconf 79' lang='lat' dir='ltr'><strong>gloria</strong></span> <span class='ocrx_word' id='word_1_67' title='bbox 530 481 615 508; x_wconf 85' lang='lat' dir='ltr'><strong>multa</strong></span> <span class='ocrx_word' id='word_1_68' title='bbox 626 481 673 516; x_wconf 85' lang='lat' dir='ltr'><strong>qui</strong></span> <span class='ocrx_word' id='word_1_69' title='bbox 686 481 805 508; x_wconf 76' lang='lat' dir='ltr'><strong>viderint</strong></span> 
     </span>
    </p>
   </div>
   <div class='ocr_carea' id='block_1_11' title="bbox 27 525 804 564">
    <p class='ocr_par' dir='ltr' id='par_1_11' title="bbox 27 525 804 564">
     <span class='ocr_line' id='line_1_11' title="bbox 27 525 804 564; baseline -0.004 -9"><span class='ocrx_word' id='word_1_70' title='bbox 27 536 75 555; x_wconf 45' lang='lat' dir='ltr'><strong>tum</strong></span> <span class='ocrx_word' id='word_1_71' title='bbox 90 528 172 555; x_wconf 85' lang='lat' dir='ltr'><strong>tunc?</strong></span> <span class='ocrx_word' id='word_1_72' title='bbox 183 527 215 555; x_wconf 85' lang='lat' dir='ltr'><strong>Et</strong></span> <span class='ocrx_word' id='word_1_73' title='bbox 229 528 252 555; x_wconf 91' lang='lat' dir='ltr'><strong>si</strong></span> <span class='ocrx_word' id='word_1_74' title='bbox 265 528 374 564; x_wconf 88' lang='lat' dir='ltr'><strong>quidem</strong></span> <span class='ocrx_word' id='word_1_75' title='bbox 385 535 414 556; x_wconf 86' lang='lat' dir='ltr'><strong>ut</strong></span> <span class='ocrx_word' id='word_1_76' title='bbox 429 535 462 556; x_wconf 93' lang='lat' dir='ltr'><strong>ne</strong></span> <span class='ocrx_word' id='word_1_77' title='bbox 474 531 574 555; x_wconf 55' lang='lat' dir='ltr'><strong>tetram</strong></span> <span class='ocrx_word' id='word_1_78' title='bbox 586 527 704 554; x_wconf 89' lang='lat' dir='ltr'><strong>calcaret</strong></span> <span class='ocrx_word' id='word_1_79' title='bbox 717 525 804 552; x_wconf 89' lang='lat' dir='ltr'><strong>Filius</strong></span> 
     </span>
    </p>
   </div>
   <div class='ocr_carea' id='block_1_12' title="bbox 27 571 804 609">
    <p class='ocr_par' dir='ltr' id='par_1_12' title="bbox 27 571 804 609">
     <span class='ocr_line' id='line_1_12' title="bbox 27 571 804 609; baseline -0.003 -9"><span class='ocrx_word' id='word_1_80' title='bbox 27 573 61 600; x_wconf 83' lang='lat' dir='ltr'><strong>)ei</strong></span> <span class='ocrx_word' id='word_1_81' title='bbox 79 573 106 600; x_wconf 91' lang='lat' dir='ltr'><strong>in</strong></span> <span class='ocrx_word' id='word_1_82' title='bbox 124 572 310 609; x_wconf 84' lang='lat' dir='ltr'><strong>Jerosolymis,</strong></span> <span class='ocrx_word' id='word_1_83' title='bbox 323 573 465 608; x_wconf 74' lang='lat' dir='ltr'><strong>diligentes</strong></span> <span class='ocrx_word' id='word_1_84' title='bbox 479 581 542 600; x_wconf 89' lang='lat' dir='ltr'><strong>eum</strong></span> <span class='ocrx_word' id='word_1_85' title='bbox 555 576 710 600; x_wconf 87' lang='lat' dir='ltr'><strong>straverunt</strong></span> <span class='ocrx_word' id='word_1_86' title='bbox 720 571 804 599; x_wconf 88' lang='lat' dir='ltr'><strong>vesti-</strong></span> 
     </span>
    </p>
   </div>
   <div class='ocr_carea' id='block_1_13' title="bbox 27 618 803 655">
    <p class='ocr_par' dir='ltr' id='par_1_13' title="bbox 27 618 803 655">
     <span class='ocr_line' id='line_1_13' title="bbox 27 618 803 655; baseline -0.003 -9"><span class='ocrx_word' id='word_1_87' title='bbox 27 624 104 646; x_wconf 89' lang='lat' dir='ltr'><strong>nenta</strong></span> <span class='ocrx_word' id='word_1_88' title='bbox 122 627 172 647; x_wconf 90' lang='lat' dir='ltr'><strong>sua</strong></span> <span class='ocrx_word' id='word_1_89' title='bbox 185 619 212 646; x_wconf 92' lang='lat' dir='ltr'><strong>in</strong></span> <span class='ocrx_word' id='word_1_90' title='bbox 226 619 281 653; x_wconf 85' lang='lat' dir='ltr'><strong>via,</strong></span> <span class='ocrx_word' id='word_1_91' title='bbox 298 626 386 655; x_wconf 90' lang='lat' dir='ltr'><strong>neque</strong></span> <span class='ocrx_word' id='word_1_92' title='bbox 399 618 512 647; x_wconf 76' lang='lat' dir='ltr'><strong>asellum</strong></span> <span class='ocrx_word' id='word_1_93' title='bbox 529 618 576 654; x_wconf 93' lang='lat' dir='ltr'><strong>qui</strong></span> <span class='ocrx_word' id='word_1_94' title='bbox 595 618 721 654; x_wconf 80' lang='lat' dir='ltr'><strong>portabat</strong></span> <span class='ocrx_word' id='word_1_95' title='bbox 741 625 803 645; x_wconf 89' lang='lat' dir='ltr'><strong>eum</strong></span> 
     </span>
    </p>
   </div>
   <div class='ocr_carea' id='block_1_14' title="bbox 27 663 805 700">
    <p class='ocr_par' dir='ltr' id='par_1_14' title="bbox 27 663 805 700">
     <span class='ocr_line' id='line_1_14' title="bbox 27 663 805 700; baseline -0.004 -8"><span class='ocrx_word' id='word_1_96' title='bbox 27 665 136 692; x_wconf 53' lang='lat' dir='ltr'><strong>volentes</strong></span> <span class='ocrx_word' id='word_1_97' title='bbox 153 669 253 692; x_wconf 85' lang='lat' dir='ltr'><strong>terram</strong></span> <span class='ocrx_word' id='word_1_98' title='bbox 268 665 389 698; x_wconf 87' lang='lat' dir='ltr'><strong>calcare,</strong></span> <span class='ocrx_word' id='word_1_99' title='bbox 414 664 479 700; x_wconf 87' lang='lat' dir='ltr'><strong>quid</strong></span> <span class='ocrx_word' id='word_1_100' title='bbox 502 664 601 692; x_wconf 88' lang='lat' dir='ltr'><strong>ntirum</strong></span> <span class='ocrx_word' id='word_1_101' title='bbox 626 663 650 691; x_wconf 89' lang='lat' dir='ltr'><strong>si</strong></span> <span class='ocrx_word' id='word_1_102' title='bbox 674 663 754 690; x_wconf 88' lang='lat' dir='ltr'><strong>Pater</strong></span> <span class='ocrx_word' id='word_1_103' title='bbox 777 665 805 691; x_wconf 88' lang='lat' dir='ltr'><strong>et</strong></span> 
     </span>
    </p>
   </div>
   <div class='ocr_carea' id='block_1_15' title="bbox 27 713 802 747">
    <p class='ocr_par' dir='ltr' id='par_1_15' title="bbox 27 713 802 747">
     <span class='ocr_line' id='line_1_15' title="bbox 27 713 802 747; baseline 0 -7"><span class='ocrx_word' id='word_1_104' title='bbox 27 715 85 743; x_wconf 88' lang='lat' dir='ltr'><strong>)eus</strong></span> <span class='ocrx_word' id='word_1_105' title='bbox 103 715 226 742; x_wconf 90' lang='lat' dir='ltr'><strong>omnium</strong></span> <span class='ocrx_word' id='word_1_106' title='bbox 247 714 334 741; x_wconf 87' lang='lat' dir='ltr'><strong>nubes</strong></span> <span class='ocrx_word' id='word_1_107' title='bbox 352 718 457 741; x_wconf 86' lang='lat' dir='ltr'><strong>sternat</strong></span> <span class='ocrx_word' id='word_1_108' title='bbox 471 713 596 741; x_wconf 70' lang='lat' dir='ltr'><strong>caelestes</strong></span> <span class='ocrx_word' id='word_1_109' title='bbox 616 713 667 741; x_wconf 85' lang='lat' dir='ltr'><strong>sub</strong></span> <span class='ocrx_word' id='word_1_110' title='bbox 687 719 802 747; x_wconf 89' lang='lat' dir='ltr'><strong>corpore</strong></span> 
     </span>
    </p>
   </div>
   <div class='ocr_carea' id='block_1_16' title="bbox 27 757 804 795">
    <p class='ocr_par' dir='ltr' id='par_1_16' title="bbox 27 757 804 795">
     <span class='ocr_line' id='line_1_16' title="bbox 27 757 804 795; baseline -0.004 -7"><span class='ocrx_word' id='word_1_111' title='bbox 27 761 74 788; x_wconf 72' lang='lat' dir='ltr'><strong>&quot;ilii</strong></span> <span class='ocrx_word' id='word_1_112' title='bbox 87 761 277 788; x_wconf 88' lang='lat' dir='ltr'><strong>descendentis</strong></span> <span class='ocrx_word' id='word_1_113' title='bbox 290 761 323 788; x_wconf 88' lang='lat' dir='ltr'><strong>ad</strong></span> <span class='ocrx_word' id='word_1_114' title='bbox 339 767 408 795; x_wconf 90' lang='lat' dir='ltr'><strong>opus</strong></span> <span class='ocrx_word' id='word_1_115' title='bbox 421 758 683 787; x_wconf 86' lang='lat' dir='ltr'><strong>consummationis?</strong></span> <span class='ocrx_word' id='word_1_116' title='bbox 699 757 732 786; x_wconf 89' lang='lat' dir='ltr'><strong>Et</strong></span> <span class='ocrx_word' id='word_1_117' title='bbox 745 758 804 794; x_wconf 87' lang='lat' dir='ltr'><strong>pri-</strong></span> 
     </span>
    </p>
   </div>
   <div class='ocr_carea' id='block_1_17' title="bbox 27 805 804 842">
    <p class='ocr_par' dir='ltr' id='par_1_17' title="bbox 27 805 804 842">
     <span class='ocr_line' id='line_1_17' title="bbox 27 805 804 842; baseline -0.003 -8"><span class='ocrx_word' id='word_1_118' title='bbox 27 814 88 834; x_wconf 90' lang='lat' dir='ltr'><strong>num</strong></span> <span class='ocrx_word' id='word_1_119' title='bbox 104 806 213 842; x_wconf 88' lang='lat' dir='ltr'><strong>quidem</strong></span> <span class='ocrx_word' id='word_1_120' title='bbox 228 807 301 833; x_wconf 89' lang='lat' dir='ltr'><strong>venit</strong></span> <span class='ocrx_word' id='word_1_121' title='bbox 312 805 391 834; x_wconf 82' lang='lat' dir='ltr'><strong>Jesus</strong></span> <span class='ocrx_word' id='word_1_122' title='bbox 407 813 469 834; x_wconf 90' lang='lat' dir='ltr'><strong>cum</strong></span> <span class='ocrx_word' id='word_1_123' title='bbox 484 805 584 833; x_wconf 81' lang='lat' dir='ltr'><strong>virtute</strong></span> <span class='ocrx_word' id='word_1_124' title='bbox 600 809 628 833; x_wconf 87' lang='lat' dir='ltr'><strong>et</strong></span> <span class='ocrx_word' id='word_1_125' title='bbox 649 805 735 840; x_wconf 78' lang='lat' dir='ltr'><strong>gloria</strong></span> <span class='ocrx_word' id='word_1_126' title='bbox 750 812 804 840; x_wconf 85' lang='lat' dir='ltr'><strong>qua</strong></span> 
     </span>
    </p>
   </div>
   <div class='ocr_carea' id='block_1_18' title="bbox 27 851 804 888">
    <p class='ocr_par' dir='ltr' id='par_1_18' title="bbox 27 851 804 888">
     <span class='ocr_line' id='line_1_18' title="bbox 27 851 804 888; baseline -0.003 -8"><span class='ocrx_word' id='word_1_127' title='bbox 27 853 213 887; x_wconf 80' lang='lat' dir='ltr'><strong>;lorilicaverat</strong></span> <span class='ocrx_word' id='word_1_128' title='bbox 226 861 288 880; x_wconf 90' lang='lat' dir='ltr'><strong>eum</strong></span> <span class='ocrx_word' id='word_1_129' title='bbox 300 852 391 886; x_wconf 84' lang='lat' dir='ltr'><strong>Pater,</strong></span> <span class='ocrx_word' id='word_1_130' title='bbox 404 860 436 880; x_wconf 78' lang='lat' dir='ltr'><strong>es</strong></span> <span class='ocrx_word' id='word_1_131' title='bbox 452 861 506 888; x_wconf 87' lang='lat' dir='ltr'><strong>qua</strong></span> <span class='ocrx_word' id='word_1_132' title='bbox 524 852 624 879; x_wconf 89' lang='lat' dir='ltr'><strong>virtute</strong></span> <span class='ocrx_word' id='word_1_133' title='bbox 640 851 756 880; x_wconf 82' lang='lat' dir='ltr'><strong>faciebat</strong></span> <span class='ocrx_word' id='word_1_134' title='bbox 768 851 804 879; x_wconf 91' lang='lat' dir='ltr'><strong>si-</strong></span> 
     </span>
    </p>
   </div>
   <div class='ocr_carea' id='block_1_19' title="bbox 27 897 802 935">
    <p class='ocr_par' dir='ltr' id='par_1_19' title="bbox 27 897 802 935">
     <span class='ocr_line' id='line_1_19' title="bbox 27 897 802 935; baseline -0.003 -9"><span class='ocrx_word' id='word_1_135' title='bbox 27 908 65 932; x_wconf 84' lang='lat' dir='ltr'><strong>;na</strong></span> <span class='ocrx_word' id='word_1_136' title='bbox 83 904 111 926; x_wconf 89' lang='lat' dir='ltr'><strong>et</strong></span> <span class='ocrx_word' id='word_1_137' title='bbox 126 898 248 935; x_wconf 78' lang='lat' dir='ltr'><strong>prodigia</strong></span> <span class='ocrx_word' id='word_1_138' title='bbox 261 898 289 925; x_wconf 89' lang='lat' dir='ltr'><strong>in</strong></span> <span class='ocrx_word' id='word_1_139' title='bbox 303 898 420 933; x_wconf 90' lang='lat' dir='ltr'><strong>populo,</strong></span> <span class='ocrx_word' id='word_1_140' title='bbox 439 902 465 925; x_wconf 91' lang='lat' dir='ltr'><strong>et</strong></span> <span class='ocrx_word' id='word_1_141' title='bbox 487 905 596 926; x_wconf 88' lang='lat' dir='ltr'><strong>omnem</strong></span> <span class='ocrx_word' id='word_1_142' title='bbox 617 897 802 925; x_wconf 83' lang='lat' dir='ltr'><strong>inﬁrmitatem</strong></span> 
     </span>
    </p>
   </div>
   <div class='ocr_carea' id='block_1_20' title="bbox 31 943 802 981">
    <p class='ocr_par' dir='ltr' id='par_1_20' title="bbox 31 943 802 981">
     <span class='ocr_line' id='line_1_20' title="bbox 31 943 802 981; baseline -0.001 -9"><span class='ocrx_word' id='word_1_143' title='bbox 31 950 40 972; x_wconf 93' lang='lat' dir='ltr'><strong>t</strong></span> <span class='ocrx_word' id='word_1_144' title='bbox 54 945 214 981; x_wconf 79' lang='lat' dir='ltr'><strong>languorem</strong></span> <span class='ocrx_word' id='word_1_145' title='bbox 230 945 344 972; x_wconf 86' lang='lat' dir='ltr'><strong>sanabat</strong></span> <span class='ocrx_word' id='word_1_146' title='bbox 356 953 364 978; x_wconf 86' lang='lat'><strong>;</strong></span> <span class='ocrx_word' id='word_1_147' title='bbox 378 949 488 980; x_wconf 87' lang='lat' dir='ltr'><strong>propter</strong></span> <span class='ocrx_word' id='word_1_148' title='bbox 498 952 580 980; x_wconf 88' lang='lat' dir='ltr'><strong>quam</strong></span> <span class='ocrx_word' id='word_1_149' title='bbox 594 948 620 971; x_wconf 89' lang='lat' dir='ltr'><strong>et</strong></span> <span class='ocrx_word' id='word_1_150' title='bbox 634 943 741 971; x_wconf 89' lang='lat' dir='ltr'><strong>dicebat</strong></span> <span class='ocrx_word' id='word_1_151' title='bbox 754 943 776 959; x_wconf 72' lang='grc'><strong>⁷⁵</strong></span> <span class='ocrx_word' id='word_1_152' title='bbox 795 953 802 971; x_wconf 85' lang='lat'><strong>:</strong></span> 
     </span>
    </p>
   </div>
   <div class='ocr_carea' id='block_1_21' title="bbox 27 989 803 1026">
    <p class='ocr_par' dir='ltr' id='par_1_21' title="bbox 27 989 803 1026">
     <span class='ocr_line' id='line_1_21' title="bbox 27 989 803 1026; baseline -0.003 -9"><span class='ocrx_word' id='word_1_153' title='bbox 27 990 110 1026; x_wconf 62' lang='lat' dir='ltr'><strong>&quot;eligit</strong></span> <span class='ocrx_word' id='word_1_154' title='bbox 136 998 175 1017; x_wconf 87' lang='lat' dir='ltr'><strong>me</strong></span> <span class='ocrx_word' id='word_1_155' title='bbox 196 990 293 1026; x_wconf 80' lang='lat' dir='ltr'><strong>aliquis</strong></span> <span class='ocrx_word' id='word_1_156' title='bbox 307 1009 314 1023; x_wconf 93' lang='lat'><strong>,</strong></span> <span class='ocrx_word' id='word_1_157' title='bbox 337 998 383 1025; x_wconf 85' lang='lat' dir='ltr'><strong>ego</strong></span> <span class='ocrx_word' id='word_1_158' title='bbox 403 990 473 1016; x_wconf 87' lang='lat' dir='ltr'><strong>enim</strong></span> <span class='ocrx_word' id='word_1_159' title='bbox 497 990 551 1016; x_wconf 84' lang='lat' dir='ltr'><strong>scio</strong></span> <span class='ocrx_word' id='word_1_160' title='bbox 571 990 694 1016; x_wconf 74' lang='lat' dir='ltr'><strong>virtutem</strong></span> <span class='ocrx_word' id='word_1_161' title='bbox 708 989 738 1016; x_wconf 86' lang='lat' dir='ltr'><strong>de</strong></span> <span class='ocrx_word' id='word_1_162' title='bbox 764 997 803 1015; x_wconf 84' lang='lat' dir='ltr'><strong>me</strong></span> 
     </span>
    </p>
   </div>
   <div class='ocr_carea' id='block_1_22' title="bbox 28 1034 804 1070">
    <p class='ocr_par' dir='ltr' id='par_1_22' title="bbox 28 1034 804 1070">
     <span class='ocr_line' id='line_1_22' title="bbox 28 1034 804 1070; baseline -0.006 -6"><span class='ocrx_word' id='word_1_163' title='bbox 28 1035 218 1064; x_wconf 57' lang='lat' dir='ltr'><strong>xiissu.0mnis</strong></span> <span class='ocrx_word' id='word_1_164' title='bbox 231 1040 322 1063; x_wconf 81' lang='lat' dir='ltr'><strong>autent</strong></span> <span class='ocrx_word' id='word_1_165' title='bbox 337 1035 382 1062; x_wconf 89' lang='lat' dir='ltr'><strong>illa</strong></span> <span class='ocrx_word' id='word_1_166' title='bbox 412 1038 499 1065; x_wconf 86' lang='lat' dir='ltr'><strong>virtus</strong></span> <span class='ocrx_word' id='word_1_167' title='bbox 521 1035 726 1070; x_wconf 84' lang='lat' dir='ltr'><strong>comparatione</strong></span> <span class='ocrx_word' id='word_1_168' title='bbox 746 1034 804 1061; x_wconf 85' lang='lat' dir='ltr'><strong>vir-</strong></span> 
     </span>
    </p>
   </div>
   <div class='ocr_carea' id='block_1_23' title="bbox 27 1080 804 1117">
    <p class='ocr_par' dir='ltr' id='par_1_23' title="bbox 27 1080 804 1117">
     <span class='ocr_line' id='line_1_23' title="bbox 27 1080 804 1117; baseline -0.005 -7"><span class='ocrx_word' id='word_1_169' title='bbox 27 1084 78 1111; x_wconf 87' lang='lat' dir='ltr'><strong>utis</strong></span> <span class='ocrx_word' id='word_1_170' title='bbox 92 1083 168 1111; x_wconf 89' lang='lat' dir='ltr'><strong>illius</strong></span> <span class='ocrx_word' id='word_1_171' title='bbox 182 1083 273 1110; x_wconf 73' lang='lat' dir='ltr'><strong>multa:</strong></span> <span class='ocrx_word' id='word_1_172' title='bbox 288 1089 351 1109; x_wconf 91' lang='lat' dir='ltr'><strong>eum</strong></span> <span class='ocrx_word' id='word_1_173' title='bbox 365 1089 418 1117; x_wconf 88' lang='lat' dir='ltr'><strong>qua</strong></span> <span class='ocrx_word' id='word_1_174' title='bbox 432 1081 459 1108; x_wconf 92' lang='lat' dir='ltr'><strong>in</strong></span> <span class='ocrx_word' id='word_1_175' title='bbox 474 1080 526 1108; x_wconf 83' lang='lat' dir='ltr'><strong>line</strong></span> <span class='ocrx_word' id='word_1_176' title='bbox 536 1085 668 1108; x_wconf 89' lang='lat' dir='ltr'><strong>venturus</strong></span> <span class='ocrx_word' id='word_1_177' title='bbox 682 1084 733 1112; x_wconf 87' lang='lat' dir='ltr'><strong>est,</strong></span> <span class='ocrx_word' id='word_1_178' title='bbox 745 1088 804 1107; x_wconf 89' lang='lat' dir='ltr'><strong>mo-</strong></span> 
     </span>
    </p>
   </div>
   <div class='ocr_carea' id='block_1_24' title="bbox 27 1125 802 1160">
    <p class='ocr_par' dir='ltr' id='par_1_24' title="bbox 27 1125 802 1160">
     <span class='ocr_line' id='line_1_24' title="bbox 27 1125 802 1160; baseline -0.005 -4"><span class='ocrx_word' id='word_1_179' title='bbox 27 1129 73 1156; x_wconf 71' lang='lat' dir='ltr'><strong>lica</strong></span> <span class='ocrx_word' id='word_1_180' title='bbox 89 1133 158 1156; x_wconf 89' lang='lat' dir='ltr'><strong>erat.</strong></span> <span class='ocrx_word' id='word_1_181' title='bbox 182 1127 275 1155; x_wconf 85' lang='lat' dir='ltr'><strong>Virtus</strong></span> <span class='ocrx_word' id='word_1_182' title='bbox 294 1128 366 1155; x_wconf 90' lang='lat' dir='ltr'><strong>enim</strong></span> <span class='ocrx_word' id='word_1_183' title='bbox 390 1131 448 1154; x_wconf 88' lang='lat' dir='ltr'><strong>erat</strong></span> <span class='ocrx_word' id='word_1_184' title='bbox 469 1125 650 1154; x_wconf 76' lang='lat' dir='ltr'><strong>exinanientis</strong></span> <span class='ocrx_word' id='word_1_185' title='bbox 672 1126 802 1160; x_wconf 89' lang='lat' dir='ltr'><strong>scipsutn.</strong></span> 
     </span>
    </p>
   </div>
   <div class='ocr_carea' id='block_1_25' title="bbox 27 1171 803 1208">
    <p class='ocr_par' dir='ltr' id='par_1_25' title="bbox 27 1171 803 1208">
     <span class='ocr_line' id='line_1_25' title="bbox 27 1171 803 1208; baseline -0.004 -7"><span class='ocrx_word' id='word_1_186' title='bbox 27 1175 107 1203; x_wconf 72' lang='lat' dir='ltr'><strong>lirtus</strong></span> <span class='ocrx_word' id='word_1_187' title='bbox 120 1180 210 1202; x_wconf 88' lang='lat' dir='ltr'><strong>autem</strong></span> <span class='ocrx_word' id='word_1_188' title='bbox 224 1174 269 1202; x_wconf 93' lang='lat' dir='ltr'><strong>illa</strong></span> <span class='ocrx_word' id='word_1_189' title='bbox 279 1174 365 1201; x_wconf 87' lang='lat' dir='ltr'><strong>multa</strong></span> <span class='ocrx_word' id='word_1_190' title='bbox 379 1174 412 1201; x_wconf 91' lang='lat' dir='ltr'><strong>de</strong></span> <span class='ocrx_word' id='word_1_191' title='bbox 427 1180 480 1208; x_wconf 87' lang='lat' dir='ltr'><strong>qtta</strong></span> <span class='ocrx_word' id='word_1_192' title='bbox 496 1172 623 1200; x_wconf 88' lang='lat' dir='ltr'><strong>scribitur</strong></span> <span class='ocrx_word' id='word_1_193' title='bbox 645 1181 651 1199; x_wconf 95' lang='lat'><strong>:</strong></span> <span class='ocrx_word' id='word_1_194' title='bbox 674 1171 803 1199; x_wconf 82' lang='lat' dir='ltr'><strong>Videbunt</strong></span> 
     </span>
    </p>
   </div>
   <div class='ocr_carea' id='block_1_26' title="bbox 27 1218 804 1254">
    <p class='ocr_par' dir='ltr' id='par_1_26' title="bbox 27 1218 804 1254">
     <span class='ocr_line' id='line_1_26' title="bbox 27 1218 804 1254; baseline -0.003 -7"><span class='ocrx_word' id='word_1_195' title='bbox 27 1221 117 1248; x_wconf 50' lang='lat' dir='ltr'><strong>Viliunt</strong></span> <span class='ocrx_word' id='word_1_196' title='bbox 132 1221 244 1247; x_wconf 80' lang='lat' dir='ltr'><strong>hominis</strong></span> <span class='ocrx_word' id='word_1_197' title='bbox 258 1220 400 1248; x_wconf 79' lang='lat' dir='ltr'><strong>venientem</strong></span> <span class='ocrx_word' id='word_1_198' title='bbox 415 1227 492 1254; x_wconf 76' lang='lat' dir='ltr'><strong>super</strong></span> <span class='ocrx_word' id='word_1_199' title='bbox 505 1218 616 1246; x_wconf 86' lang='lat' dir='ltr'><strong>nubibus</strong></span> <span class='ocrx_word' id='word_1_200' title='bbox 636 1227 693 1245; x_wconf 88' lang='lat' dir='ltr'><strong>cum</strong></span> <span class='ocrx_word' id='word_1_201' title='bbox 709 1219 804 1246; x_wconf 85' lang='lat' dir='ltr'><strong>virtute</strong></span> 
     </span>
    </p>
   </div>
   <div class='ocr_carea' id='block_1_27' title="bbox 29 1265 803 1302">
    <p class='ocr_par' dir='ltr' id='par_1_27' title="bbox 29 1265 803 1302">
     <span class='ocr_line' id='line_1_27' title="bbox 29 1265 803 1302; baseline -0.001 -9"><span class='ocrx_word' id='word_1_202' title='bbox 29 1272 36 1293; x_wconf 91' lang='lat' dir='ltr'><strong>t</strong></span> <span class='ocrx_word' id='word_1_203' title='bbox 49 1268 137 1302; x_wconf 84' lang='lat' dir='ltr'><strong>gloria</strong></span> <span class='ocrx_word' id='word_1_204' title='bbox 153 1266 237 1293; x_wconf 77' lang='lat' dir='ltr'><strong>multa</strong></span> <span class='ocrx_word' id='word_1_205' title='bbox 247 1267 282 1298; x_wconf 71' lang='grc'><strong>⁷⁵,</strong></span> <span class='ocrx_word' id='word_1_206' title='bbox 294 1266 345 1293; x_wconf 89' lang='lat' dir='ltr'><strong>erit</strong></span> <span class='ocrx_word' id='word_1_207' title='bbox 358 1265 404 1293; x_wconf 91' lang='lat' dir='ltr'><strong>Dei</strong></span> <span class='ocrx_word' id='word_1_208' title='bbox 415 1265 496 1293; x_wconf 81' lang='lat' dir='ltr'><strong>Verbi</strong></span> <span class='ocrx_word' id='word_1_209' title='bbox 510 1265 556 1301; x_wconf 86' lang='lat' dir='ltr'><strong>qui</strong></span> <span class='ocrx_word' id='word_1_210' title='bbox 571 1265 762 1293; x_wconf 88' lang='lat' dir='ltr'><strong>restitutusest</strong></span> <span class='ocrx_word' id='word_1_211' title='bbox 777 1265 803 1292; x_wconf 82' lang='lat' dir='ltr'><strong>in</strong></span> 
     </span>
    </p>
   </div>
   <div class='ocr_carea' id='block_1_28' title="bbox 29 1311 805 1348">
    <p class='ocr_par' dir='ltr' id='par_1_28' title="bbox 29 1311 805 1348">
     <span class='ocr_line' id='line_1_28' title="bbox 29 1311 805 1348; baseline 0 -8"><span class='ocrx_word' id='word_1_212' title='bbox 29 1318 115 1340; x_wconf 84' lang='lat' dir='ltr'><strong>talum</strong></span> <span class='ocrx_word' id='word_1_213' title='bbox 133 1320 213 1348; x_wconf 85' lang='lat' dir='ltr'><strong>quem</strong></span> <span class='ocrx_word' id='word_1_214' title='bbox 230 1312 324 1340; x_wconf 85' lang='lat' dir='ltr'><strong>habuit</strong></span> <span class='ocrx_word' id='word_1_215' title='bbox 339 1320 355 1340; x_wconf 88' lang='lat' dir='ltr'><strong>a</strong></span> <span class='ocrx_word' id='word_1_216' title='bbox 378 1311 512 1348; x_wconf 89' lang='lat' dir='ltr'><strong>principio</strong></span> <span class='ocrx_word' id='word_1_217' title='bbox 533 1311 604 1346; x_wconf 82' lang='lat' dir='ltr'><strong>apud</strong></span> <span class='ocrx_word' id='word_1_218' title='bbox 625 1311 710 1339; x_wconf 88' lang='lat' dir='ltr'><strong>Deum</strong></span> <span class='ocrx_word' id='word_1_219' title='bbox 728 1312 805 1346; x_wconf 86' lang='lat' dir='ltr'><strong>prius</strong></span> 
     </span>
    </p>
   </div>
   <div class='ocr_carea' id='block_1_29' title="bbox 27 1356 803 1394">
    <p class='ocr_par' dir='ltr' id='par_1_29' title="bbox 27 1356 803 1394">
     <span class='ocr_line' id='line_1_29' title="bbox 27 1356 803 1394; baseline -0.003 -8"><span class='ocrx_word' id='word_1_220' title='bbox 27 1367 96 1394; x_wconf 52' lang='lat' dir='ltr'><strong>tuam</strong></span> <span class='ocrx_word' id='word_1_221' title='bbox 120 1358 272 1386; x_wconf 75' lang='lat' dir='ltr'><strong>exmanirct</strong></span> <span class='ocrx_word' id='word_1_222' title='bbox 292 1358 424 1393; x_wconf 86' lang='lat' dir='ltr'><strong>seipsum.</strong></span> <span class='ocrx_word' id='word_1_223' title='bbox 445 1356 491 1384; x_wconf 88' lang='lat' dir='ltr'><strong>Sic</strong></span> <span class='ocrx_word' id='word_1_224' title='bbox 506 1361 533 1384; x_wconf 90' lang='lat' dir='ltr'><strong>et</strong></span> <span class='ocrx_word' id='word_1_225' title='bbox 554 1357 666 1384; x_wconf 86' lang='lat' dir='ltr'><strong>multam</strong></span> <span class='ocrx_word' id='word_1_226' title='bbox 690 1357 803 1392; x_wconf 75' lang='lat' dir='ltr'><strong>gloriam</strong></span> 
     </span>
    </p>
   </div>
   <div class='ocr_carea' id='block_1_30' title="bbox 27 1402 805 1440">
    <p class='ocr_par' dir='ltr' id='par_1_30' title="bbox 27 1402 805 1440">
     <span class='ocr_line' id='line_1_30' title="bbox 27 1402 805 1440; baseline -0.001 -9"><span class='ocrx_word' id='word_1_227' title='bbox 27 1406 71 1439; x_wconf 88' lang='lat' dir='ltr'><strong>jus</strong></span> <span class='ocrx_word' id='word_1_228' title='bbox 85 1405 216 1440; x_wconf 76' lang='lat' dir='ltr'><strong>intelligo,</strong></span> <span class='ocrx_word' id='word_1_229' title='bbox 240 1404 402 1439; x_wconf 84' lang='lat' dir='ltr'><strong>incipiensa</strong></span> <span class='ocrx_word' id='word_1_230' title='bbox 427 1403 513 1439; x_wconf 75' lang='lat' dir='ltr'><strong>gloria</strong></span> <span class='ocrx_word' id='word_1_231' title='bbox 536 1402 627 1430; x_wconf 83' lang='lat' dir='ltr'><strong>vultus</strong></span> <span class='ocrx_word' id='word_1_232' title='bbox 653 1402 749 1439; x_wconf 84' lang='lat' dir='ltr'><strong>Moysi,</strong></span> <span class='ocrx_word' id='word_1_233' title='bbox 779 1407 805 1431; x_wconf 90' lang='lat' dir='ltr'><strong>et</strong></span> 
     </span>
    </p>
   </div>
   <div class='ocr_carea' id='block_1_31' title="bbox 27 1448 806 1485">
    <p class='ocr_par' dir='ltr' id='par_1_31' title="bbox 27 1448 806 1485">
     <span class='ocr_line' id='line_1_31' title="bbox 27 1448 806 1485; baseline -0.004 -7"><span class='ocrx_word' id='word_1_234' title='bbox 27 1451 153 1478; x_wconf 88' lang='lat' dir='ltr'><strong>ransicns</strong></span> <span class='ocrx_word' id='word_1_235' title='bbox 167 1450 200 1478; x_wconf 90' lang='lat' dir='ltr'><strong>ad</strong></span> <span class='ocrx_word' id='word_1_236' title='bbox 215 1449 312 1483; x_wconf 85' lang='lat' dir='ltr'><strong>Eliam,</strong></span> <span class='ocrx_word' id='word_1_237' title='bbox 328 1449 375 1485; x_wconf 90' lang='lat' dir='ltr'><strong>qui</strong></span> <span class='ocrx_word' id='word_1_238' title='bbox 397 1449 447 1477; x_wconf 80' lang='lat' dir='ltr'><strong>visi</strong></span> <span class='ocrx_word' id='word_1_239' title='bbox 468 1452 532 1477; x_wconf 89' lang='lat' dir='ltr'><strong>sunt</strong></span> <span class='ocrx_word' id='word_1_240' title='bbox 547 1448 574 1475; x_wconf 90' lang='lat' dir='ltr'><strong>in</strong></span> <span class='ocrx_word' id='word_1_241' title='bbox 592 1449 677 1484; x_wconf 71' lang='lat' dir='ltr'><strong>gloria</strong></span> <span class='ocrx_word' id='word_1_242' title='bbox 696 1449 806 1484; x_wconf 89' lang='lat' dir='ltr'><strong>quando</strong></span> 
     </span>
    </p>
   </div>
   <div class='ocr_carea' id='block_1_32' title="bbox 27 1495 804 1532">
    <p class='ocr_par' dir='ltr' id='par_1_32' title="bbox 27 1495 804 1532">
     <span class='ocr_line' id='line_1_32' title="bbox 27 1495 804 1532; baseline -0.004 -7"><span class='ocrx_word' id='word_1_243' title='bbox 27 1502 84 1525; x_wconf 83' lang='lat' dir='ltr'><strong>acta</strong></span> <span class='ocrx_word' id='word_1_244' title='bbox 98 1502 142 1525; x_wconf 90' lang='lat' dir='ltr'><strong>est</strong></span> <span class='ocrx_word' id='word_1_245' title='bbox 155 1497 260 1532; x_wconf 88' lang='lat' dir='ltr'><strong>species</strong></span> <span class='ocrx_word' id='word_1_246' title='bbox 276 1496 366 1524; x_wconf 83' lang='lat' dir='ltr'><strong>vultus</strong></span> <span class='ocrx_word' id='word_1_247' title='bbox 381 1495 442 1523; x_wconf 86' lang='lat' dir='ltr'><strong>Filii</strong></span> <span class='ocrx_word' id='word_1_248' title='bbox 455 1495 501 1523; x_wconf 87' lang='lat' dir='ltr'><strong>Dei</strong></span> <span class='ocrx_word' id='word_1_249' title='bbox 518 1495 612 1528; x_wconf 86' lang='lat' dir='ltr'><strong>altera,</strong></span> <span class='ocrx_word' id='word_1_250' title='bbox 628 1500 655 1522; x_wconf 89' lang='lat' dir='ltr'><strong>et</strong></span> <span class='ocrx_word' id='word_1_251' title='bbox 671 1499 804 1523; x_wconf 90' lang='lat' dir='ltr'><strong>mutatum</strong></span> 
     </span>
    </p>
   </div>
   <div class='ocr_carea' id='block_1_33' title="bbox 854 251 1644 288">
    <p class='ocr_par' dir='ltr' id='par_1_33' title="bbox 854 251 1644 288">
     <span class='ocr_line' id='line_1_33' title="bbox 854 251 1644 288; baseline 0.003 -9"><span class='ocrx_word' id='word_1_252' title='bbox 854 258 962 280; x_wconf 75' lang='lat' dir='ltr'><strong>voratur</strong></span> <span class='ocrx_word' id='word_1_253' title='bbox 972 253 1129 287; x_wconf 84' lang='lat' dir='ltr'><strong>spiritaliter</strong></span> <span class='ocrx_word' id='word_1_254' title='bbox 1141 251 1257 280; x_wconf 84' lang='lat' dir='ltr'><strong>Sodoma</strong></span> <span class='ocrx_word' id='word_1_255' title='bbox 1273 257 1297 279; x_wconf 87' lang='lat' dir='ltr'><strong>et</strong></span> <span class='ocrx_word' id='word_1_256' title='bbox 1318 251 1470 288; x_wconf 61' lang='lat' dir='ltr'><strong>ZEgyptus,</strong></span> <span class='ocrx_word' id='word_1_257' title='bbox 1492 253 1549 281; x_wconf 85' lang='lat' dir='ltr'><strong>sive</strong></span> <span class='ocrx_word' id='word_1_258' title='bbox 1572 258 1644 282; x_wconf 89' lang='lat' dir='ltr'><strong>totus</strong></span> 
     </span>
    </p>
   </div>
   <div class='ocr_carea' id='block_1_34' title="bbox 855 297 1644 334">
    <p class='ocr_par' dir='ltr' id='par_1_34' title="bbox 855 297 1644 334">
     <span class='ocr_line' id='line_1_34' title="bbox 855 297 1644 334; baseline 0.003 -10"><span class='ocrx_word' id='word_1_259' title='bbox 855 298 983 329; x_wconf 89' lang='lat' dir='ltr'><strong>mundus,</strong></span> <span class='ocrx_word' id='word_1_260' title='bbox 1001 298 1057 325; x_wconf 92' lang='lat' dir='ltr'><strong>sive</strong></span> <span class='ocrx_word' id='word_1_261' title='bbox 1068 297 1293 334; x_wconf 67' lang='lat' dir='ltr'><strong>Judaaa,Sodoma</strong></span> <span class='ocrx_word' id='word_1_262' title='bbox 1305 303 1330 325; x_wconf 89' lang='lat' dir='ltr'><strong>et</strong></span> <span class='ocrx_word' id='word_1_263' title='bbox 1342 298 1476 334; x_wconf 67' lang='lat' dir='ltr'><strong>Egyptus</strong></span> <span class='ocrx_word' id='word_1_264' title='bbox 1484 299 1644 334; x_wconf 82' lang='lat' dir='ltr'><strong>appellatur.</strong></span> 
     </span>
    </p>
   </div>
   <div class='ocr_carea' id='block_1_35' title="bbox 854 342 1645 379">
    <p class='ocr_par' dir='ltr' id='par_1_35' title="bbox 854 342 1645 379">
     <span class='ocr_line' id='line_1_35' title="bbox 854 342 1645 379; baseline 0.001 -9"><span class='ocrx_word' id='word_1_265' title='bbox 854 343 906 376; x_wconf 86' lang='lat' dir='ltr'><strong>Qui</strong></span> <span class='ocrx_word' id='word_1_266' title='bbox 921 347 1011 370; x_wconf 87' lang='lat' dir='ltr'><strong>autem</strong></span> <span class='ocrx_word' id='word_1_267' title='bbox 1030 350 1111 378; x_wconf 87' lang='lat' dir='ltr'><strong>super</strong></span> <span class='ocrx_word' id='word_1_268' title='bbox 1128 343 1227 370; x_wconf 90' lang='lat' dir='ltr'><strong>nubem</strong></span> <span class='ocrx_word' id='word_1_269' title='bbox 1243 342 1327 370; x_wconf 83' lang='lat' dir='ltr'><strong>levem</strong></span> <span class='ocrx_word' id='word_1_270' title='bbox 1343 344 1418 371; x_wconf 86' lang='lat' dir='ltr'><strong>venit</strong></span> <span class='ocrx_word' id='word_1_271' title='bbox 1441 344 1467 371; x_wconf 92' lang='lat' dir='ltr'><strong>in</strong></span> <span class='ocrx_word' id='word_1_272' title='bbox 1487 344 1645 379; x_wconf 60' lang='lat' dir='ltr'><strong>Egyptum,</strong></span> 
     </span>
    </p>
   </div>
   <div class='ocr_carea' id='block_1_36' title="bbox 855 389 1646 424">
    <p class='ocr_par' dir='ltr' id='par_1_36' title="bbox 855 389 1646 424">
     <span class='ocr_line' id='line_1_36' title="bbox 855 389 1646 424; baseline 0.003 -8"><span class='ocrx_word' id='word_1_273' title='bbox 855 390 972 424; x_wconf 90' lang='lat' dir='ltr'><strong>primum</strong></span> <span class='ocrx_word' id='word_1_274' title='bbox 996 389 1185 417; x_wconf 81' lang='lat' dir='ltr'><strong>ascensionem</strong></span> <span class='ocrx_word' id='word_1_275' title='bbox 1209 389 1288 417; x_wconf 80' lang='lat' dir='ltr'><strong>faciet</strong></span> <span class='ocrx_word' id='word_1_276' title='bbox 1309 390 1337 417; x_wconf 93' lang='lat' dir='ltr'><strong>in</strong></span> <span class='ocrx_word' id='word_1_277' title='bbox 1364 389 1496 418; x_wconf 68' lang='lat' dir='ltr'><strong>Iudaeam.</strong></span> <span class='ocrx_word' id='word_1_278' title='bbox 1522 390 1646 418; x_wconf 79' lang='lat' dir='ltr'><strong>Rationis</strong></span> 
     </span>
    </p>
   </div>
   <div class='ocr_carea' id='block_1_37' title="bbox 854 436 1644 472">
    <p class='ocr_par' dir='ltr' id='par_1_37' title="bbox 854 436 1644 472">
     <span class='ocr_line' id='line_1_37' title="bbox 854 436 1644 472; baseline 0 -8"><span class='ocrx_word' id='word_1_279' title='bbox 854 441 897 464; x_wconf 84' lang='lat' dir='ltr'><strong>est</strong></span> <span class='ocrx_word' id='word_1_280' title='bbox 912 436 983 464; x_wconf 79' lang='lat' dir='ltr'><strong>enirn</strong></span> <span class='ocrx_word' id='word_1_281' title='bbox 1000 436 1151 463; x_wconf 86' lang='lat' dir='ltr'><strong>venientem</strong></span> <span class='ocrx_word' id='word_1_282' title='bbox 1167 444 1229 463; x_wconf 90' lang='lat' dir='ltr'><strong>eum</strong></span> <span class='ocrx_word' id='word_1_283' title='bbox 1248 436 1358 470; x_wconf 91' lang='lat' dir='ltr'><strong>iterum,</strong></span> <span class='ocrx_word' id='word_1_284' title='bbox 1374 437 1429 465; x_wconf 85' lang='lat' dir='ltr'><strong>illic</strong></span> <span class='ocrx_word' id='word_1_285' title='bbox 1444 437 1562 472; x_wconf 90' lang='lat' dir='ltr'><strong>primum</strong></span> <span class='ocrx_word' id='word_1_286' title='bbox 1576 437 1644 464; x_wconf 74' lang='lat' dir='ltr'><strong>fieri.</strong></span> 
     </span>
    </p>
   </div>
   <div class='ocr_carea' id='block_1_38' title="bbox 857 483 1645 512">
    <p class='ocr_par' dir='ltr' id='par_1_38' title="bbox 857 483 1645 512">
     <span class='ocr_line' id='line_1_38' title="bbox 857 483 1645 512; baseline 0.001 -2"><span class='ocrx_word' id='word_1_287' title='bbox 857 483 975 511; x_wconf 88' lang='lat' dir='ltr'><strong>Sodoma</strong></span> <span class='ocrx_word' id='word_1_288' title='bbox 990 488 1079 512; x_wconf 88' lang='lat' dir='ltr'><strong>autem</strong></span> <span class='ocrx_word' id='word_1_289' title='bbox 1097 484 1142 512; x_wconf 93' lang='lat' dir='ltr'><strong>ubi</strong></span> <span class='ocrx_word' id='word_1_290' title='bbox 1164 484 1295 511; x_wconf 84' lang='lat' dir='ltr'><strong>Dominus</strong></span> <span class='ocrx_word' id='word_1_291' title='bbox 1319 491 1414 511; x_wconf 89' lang='lat' dir='ltr'><strong>eorum</strong></span> <span class='ocrx_word' id='word_1_292' title='bbox 1436 484 1583 511; x_wconf 79' lang='lat' dir='ltr'><strong>crucilixus</strong></span> <span class='ocrx_word' id='word_1_293' title='bbox 1606 489 1645 511; x_wconf 88' lang='lat' dir='ltr'><strong>est</strong></span> 
     </span>
    </p>
   </div>
   <div class='ocr_carea' id='block_1_39' title="bbox 856 529 1644 564">
    <p class='ocr_par' dir='ltr' id='par_1_39' title="bbox 856 529 1644 564">
     <span class='ocr_line' id='line_1_39' title="bbox 856 529 1644 564; baseline 0.001 -9"><span class='ocrx_word' id='word_1_294' title='bbox 856 529 1017 564; x_wconf 83' lang='lat' dir='ltr'><strong>appellatur,</strong></span> <span class='ocrx_word' id='word_1_295' title='bbox 1028 529 1099 556; x_wconf 85' lang='lat' dir='ltr'><strong>sicut</strong></span> <span class='ocrx_word' id='word_1_296' title='bbox 1112 533 1139 556; x_wconf 86' lang='lat' dir='ltr'><strong>et</strong></span> <span class='ocrx_word' id='word_1_297' title='bbox 1151 529 1297 564; x_wconf 86' lang='lat' dir='ltr'><strong>aliquando</strong></span> <span class='ocrx_word' id='word_1_298' title='bbox 1307 529 1408 556; x_wconf 88' lang='lat' dir='ltr'><strong>dictttm</strong></span> <span class='ocrx_word' id='word_1_299' title='bbox 1422 533 1463 556; x_wconf 87' lang='lat' dir='ltr'><strong>est</strong></span> <span class='ocrx_word' id='word_1_300' title='bbox 1475 530 1506 556; x_wconf 66' lang='lat' dir='ltr'><strong>atl</strong></span> <span class='ocrx_word' id='word_1_301' title='bbox 1516 530 1644 564; x_wconf 90' lang='lat' dir='ltr'><strong>populum</strong></span> 
     </span>
    </p>
   </div>
   <div class='ocr_carea' id='block_1_40' title="bbox 856 574 1633 610">
    <p class='ocr_par' dir='ltr' id='par_1_40' title="bbox 856 574 1633 610">
     <span class='ocr_line' id='line_1_40' title="bbox 856 574 1633 610; baseline 0 -9"><span class='ocrx_word' id='word_1_302' title='bbox 856 575 932 601; x_wconf 91' lang='lat' dir='ltr'><strong>illum</strong></span> <span class='ocrx_word' id='word_1_303' title='bbox 947 578 974 602; x_wconf 90' lang='lat' dir='ltr'><strong>et</strong></span> <span class='ocrx_word' id='word_1_304' title='bbox 983 574 1119 610; x_wconf 88' lang='lat' dir='ltr'><strong>principes</strong></span> <span class='ocrx_word' id='word_1_305' title='bbox 1129 575 1188 610; x_wconf 86' lang='lat' dir='ltr'><strong>ejus</strong></span> <span class='ocrx_word' id='word_1_306' title='bbox 1201 584 1208 603; x_wconf 91' lang='lat'>:</span> <span class='ocrx_word' id='word_1_307' title='bbox 1224 575 1319 602; x_wconf 81' lang='lat' dir='ltr'><strong>Audite</strong></span> <span class='ocrx_word' id='word_1_308' title='bbox 1330 575 1433 602; x_wconf 89' lang='lat' dir='ltr'><strong>verbum</strong></span> <span class='ocrx_word' id='word_1_309' title='bbox 1446 575 1562 608; x_wconf 81' lang='lat' dir='ltr'><strong>Domini,</strong></span> <span class='ocrx_word' id='word_1_310' title='bbox 1572 576 1633 610; x_wconf 82' lang='lat' dir='ltr'><strong>prin</strong></span> 
     </span>
    </p>
   </div>
   <div class='ocr_carea' id='block_1_41' title="bbox 856 620 1646 656">
    <p class='ocr_par' dir='ltr' id='par_1_41' title="bbox 856 620 1646 656">
     <span class='ocr_line' id='line_1_41' title="bbox 856 620 1646 656; baseline 0.001 -9"><span class='ocrx_word' id='word_1_311' title='bbox 856 621 925 655; x_wconf 85' lang='lat' dir='ltr'><strong>cipes</strong></span> <span class='ocrx_word' id='word_1_312' title='bbox 939 620 1126 653; x_wconf 85' lang='lat' dir='ltr'><strong>Sodomorum,</strong></span> <span class='ocrx_word' id='word_1_313' title='bbox 1138 621 1266 648; x_wconf 70' lang='lat' dir='ltr'><strong>attendite</strong></span> <span class='ocrx_word' id='word_1_314' title='bbox 1278 621 1360 656; x_wconf 84' lang='lat' dir='ltr'><strong>legem</strong></span> <span class='ocrx_word' id='word_1_315' title='bbox 1378 621 1436 653; x_wconf 89' lang='lat' dir='ltr'><strong>Dei,</strong></span> <span class='ocrx_word' id='word_1_316' title='bbox 1449 621 1521 656; x_wconf 79' lang='lat' dir='ltr'><strong>plebs</strong></span> <span class='ocrx_word' id='word_1_317' title='bbox 1536 621 1646 648; x_wconf 83' lang='lat' dir='ltr'><strong>Gomor-</strong></span> 
     </span>
    </p>
   </div>
   <div class='ocr_carea' id='block_1_42' title="bbox 857 666 1644 702">
    <p class='ocr_par' dir='ltr' id='par_1_42' title="bbox 857 666 1644 702">
     <span class='ocr_line' id='line_1_42' title="bbox 857 666 1644 702; baseline 0.001 -8"><span class='ocrx_word' id='word_1_318' title='bbox 857 668 911 695; x_wconf 79' lang='lat' dir='ltr'><strong>rlue</strong></span> <span class='ocrx_word' id='word_1_319' title='bbox 926 667 958 693; x_wconf 78' lang='grc'><strong>⁸⁸.</strong></span> <span class='ocrx_word' id='word_1_320' title='bbox 978 666 1006 694; x_wconf 82' lang='grc' dir='ltr'><strong>1η</strong></span> <span class='ocrx_word' id='word_1_321' title='bbox 1025 668 1067 695; x_wconf 91' lang='lat' dir='ltr'><strong>his</strong></span> <span class='ocrx_word' id='word_1_322' title='bbox 1082 667 1274 695; x_wconf 87' lang='lat' dir='ltr'><strong>traditionibus</strong></span> <span class='ocrx_word' id='word_1_323' title='bbox 1292 667 1377 695; x_wconf 89' lang='lat' dir='ltr'><strong>utitur</strong></span> <span class='ocrx_word' id='word_1_324' title='bbox 1391 668 1472 695; x_wconf 87' lang='lat' dir='ltr'><strong>etiam</strong></span> <span class='ocrx_word' id='word_1_325' title='bbox 1485 667 1550 694; x_wconf 89' lang='lat' dir='ltr'><strong>illttd</strong></span> <span class='ocrx_word' id='word_1_326' title='bbox 1572 667 1644 702; x_wconf 90' lang='lat' dir='ltr'><strong>quod</strong></span> 
     </span>
    </p>
   </div>
   <div class='ocr_carea' id='block_1_43' title="bbox 856 712 1645 749">
    <p class='ocr_par' dir='ltr' id='par_1_43' title="bbox 856 712 1645 749">
     <span class='ocr_line' id='line_1_43' title="bbox 856 712 1645 749; baseline -0.003 -8"><span class='ocrx_word' id='word_1_327' title='bbox 856 714 955 742; x_wconf 85' lang='lat' dir='ltr'><strong>dicitur</strong></span> <span class='ocrx_word' id='word_1_328' title='bbox 968 714 990 730; x_wconf 81' lang='grc'>⁸³</span> <span class='ocrx_word' id='word_1_329' title='bbox 1009 723 1015 741; x_wconf 91' lang='lat'>:</span> <span class='ocrx_word' id='word_1_330' title='bbox 1032 714 1176 749; x_wconf 80' lang='lat' dir='ltr'><strong>Rapiemur</strong></span> <span class='ocrx_word' id='word_1_331' title='bbox 1191 715 1218 741; x_wconf 89' lang='lat' dir='ltr'><strong>in</strong></span> <span class='ocrx_word' id='word_1_332' title='bbox 1243 714 1355 741; x_wconf 87' lang='lat' dir='ltr'><strong>nubibus</strong></span> <span class='ocrx_word' id='word_1_333' title='bbox 1370 714 1453 749; x_wconf 81' lang='lat'><strong>870</strong></span> <span class='ocrx_word' id='word_1_334' title='bbox 1467 713 1569 740; x_wconf 79' lang='lat' dir='ltr'><strong>obviam</strong></span> <span class='ocrx_word' id='word_1_335' title='bbox 1593 712 1645 740; x_wconf 90' lang='lat' dir='ltr'><strong>Do-</strong></span> 
     </span>
    </p>
   </div>
   <div class='ocr_carea' id='block_1_44' title="bbox 857 759 1643 794">
    <p class='ocr_par' dir='ltr' id='par_1_44' title="bbox 857 759 1643 794">
     <span class='ocr_line' id='line_1_44' title="bbox 857 759 1643 794; baseline -0.004 -6"><span class='ocrx_word' id='word_1_336' title='bbox 857 769 927 788; x_wconf 89' lang='lat' dir='ltr'><strong>mmo</strong></span> <span class='ocrx_word' id='word_1_337' title='bbox 942 761 970 787; x_wconf 85' lang='lat' dir='ltr'><strong>in</strong></span> <span class='ocrx_word' id='word_1_338' title='bbox 986 769 1082 794; x_wconf 80' lang='lat' dir='ltr'><strong>aerem,</strong></span> <span class='ocrx_word' id='word_1_339' title='bbox 1097 765 1122 788; x_wconf 88' lang='lat' dir='ltr'><strong>et</strong></span> <span class='ocrx_word' id='word_1_340' title='bbox 1146 761 1184 787; x_wconf 84' lang='lat' dir='ltr'><strong>sic</strong></span> <span class='ocrx_word' id='word_1_341' title='bbox 1199 768 1299 794; x_wconf 80' lang='lat' dir='ltr'><strong>semper</strong></span> <span class='ocrx_word' id='word_1_342' title='bbox 1320 767 1380 786; x_wconf 87' lang='lat' dir='ltr'><strong>cum</strong></span> <span class='ocrx_word' id='word_1_343' title='bbox 1403 759 1515 786; x_wconf 87' lang='lat' dir='ltr'><strong>Domino</strong></span> <span class='ocrx_word' id='word_1_344' title='bbox 1536 759 1643 786; x_wconf 85' lang='lat' dir='ltr'><strong>erimus.</strong></span> 
     </span>
    </p>
   </div>
   <div class='ocr_carea' id='block_1_45' title="bbox 857 804 1644 839">
    <p class='ocr_par' dir='ltr' id='par_1_45' title="bbox 857 804 1644 839">
     <span class='ocr_line' id='line_1_45' title="bbox 857 804 1644 839; baseline -0.005 -4"><span class='ocrx_word' id='word_1_345' title='bbox 857 806 890 834; x_wconf 88' lang='lat' dir='ltr'><strong>Et</strong></span> <span class='ocrx_word' id='word_1_346' title='bbox 901 807 972 835; x_wconf 89' lang='lat' dir='ltr'><strong>dicet</strong></span> <span class='ocrx_word' id='word_1_347' title='bbox 988 816 994 834; x_wconf 94' lang='lat'>:</span> <span class='ocrx_word' id='word_1_348' title='bbox 1013 806 1042 834; x_wconf 90' lang='lat' dir='ltr'><strong>Si</strong></span> <span class='ocrx_word' id='word_1_349' title='bbox 1059 806 1129 834; x_wconf 88' lang='lat' dir='ltr'><strong>beati</strong></span> <span class='ocrx_word' id='word_1_350' title='bbox 1145 806 1270 833; x_wconf 84' lang='lat' dir='ltr'><strong>homines</strong></span> <span class='ocrx_word' id='word_1_351' title='bbox 1285 805 1313 832; x_wconf 89' lang='lat' dir='ltr'><strong>in</strong></span> <span class='ocrx_word' id='word_1_352' title='bbox 1326 804 1445 832; x_wconf 88' lang='lat' dir='ltr'><strong>nubibus</strong></span> <span class='ocrx_word' id='word_1_353' title='bbox 1457 804 1596 839; x_wconf 81' lang='lat' dir='ltr'><strong>rapientur</strong></span> <span class='ocrx_word' id='word_1_354' title='bbox 1616 804 1644 831; x_wconf 92' lang='lat' dir='ltr'><strong>in</strong></span> 
     </span>
    </p>
   </div>
   <div class='ocr_carea' id='block_1_46' title="bbox 857 850 1646 889">
    <p class='ocr_par' dir='ltr' id='par_1_46' title="bbox 857 850 1646 889">
     <span class='ocr_line' id='line_1_46' title="bbox 857 850 1646 889; baseline -0.005 -7"><span class='ocrx_word' id='word_1_355' title='bbox 857 862 958 887; x_wconf 87' lang='lat' dir='ltr'><strong>aerem,</strong></span> <span class='ocrx_word' id='word_1_356' title='bbox 973 853 1038 889; x_wconf 91' lang='lat' dir='ltr'><strong>quid</strong></span> <span class='ocrx_word' id='word_1_357' title='bbox 1051 853 1151 880; x_wconf 92' lang='lat' dir='ltr'><strong>mirum</strong></span> <span class='ocrx_word' id='word_1_358' title='bbox 1166 857 1208 880; x_wconf 87' lang='lat' dir='ltr'><strong>est</strong></span> <span class='ocrx_word' id='word_1_359' title='bbox 1224 851 1253 878; x_wconf 90' lang='lat' dir='ltr'><strong>in</strong></span> <span class='ocrx_word' id='word_1_360' title='bbox 1274 851 1394 879; x_wconf 89' lang='lat' dir='ltr'><strong>nubibus</strong></span> <span class='ocrx_word' id='word_1_361' title='bbox 1416 850 1514 878; x_wconf 87' lang='lat' dir='ltr'><strong>Filium</strong></span> <span class='ocrx_word' id='word_1_362' title='bbox 1529 850 1576 878; x_wconf 86' lang='lat' dir='ltr'><strong>Dei</strong></span> <span class='ocrx_word' id='word_1_363' title='bbox 1599 858 1646 878; x_wconf 86' lang='lat' dir='ltr'><strong>ve-</strong></span> 
     </span>
    </p>
   </div>
   <div class='ocr_carea' id='block_1_47' title="bbox 855 897 1644 934">
    <p class='ocr_par' dir='ltr' id='par_1_47' title="bbox 855 897 1644 934">
     <span class='ocr_line' id='line_1_47' title="bbox 855 897 1644 934; baseline -0.008 -5"><span class='ocrx_word' id='word_1_364' title='bbox 855 901 914 929; x_wconf 86' lang='lat' dir='ltr'><strong>nire</strong></span> <span class='ocrx_word' id='word_1_365' title='bbox 924 909 987 928; x_wconf 91' lang='lat' dir='ltr'><strong>cum</strong></span> <span class='ocrx_word' id='word_1_366' title='bbox 1002 900 1101 927; x_wconf 90' lang='lat' dir='ltr'><strong>virtute</strong></span> <span class='ocrx_word' id='word_1_367' title='bbox 1116 903 1142 927; x_wconf 86' lang='lat' dir='ltr'><strong>et</strong></span> <span class='ocrx_word' id='word_1_368' title='bbox 1155 898 1241 934; x_wconf 81' lang='lat' dir='ltr'><strong>gloria</strong></span> <span class='ocrx_word' id='word_1_369' title='bbox 1252 898 1355 925; x_wconf 87' lang='lat' dir='ltr'><strong>multa?</strong></span> <span class='ocrx_word' id='word_1_370' title='bbox 1367 897 1433 925; x_wconf 90' lang='lat' dir='ltr'><strong>ltem</strong></span> <span class='ocrx_word' id='word_1_371' title='bbox 1451 897 1537 925; x_wconf 89' lang='lat' dir='ltr'><strong>nubes</strong></span> <span class='ocrx_word' id='word_1_372' title='bbox 1548 897 1644 924; x_wconf 82' lang='lat' dir='ltr'><strong>obum-</strong></span> 
     </span>
    </p>
   </div>
   <div class='ocr_carea' id='block_1_48' title="bbox 855 943 1647 982">
    <p class='ocr_par' dir='ltr' id='par_1_48' title="bbox 855 943 1647 982">
     <span class='ocr_line' id='line_1_48' title="bbox 855 943 1647 982; baseline -0.005 -8"><span class='ocrx_word' id='word_1_373' title='bbox 855 947 951 975; x_wconf 81' lang='lat' dir='ltr'><strong>brabat</strong></span> <span class='ocrx_word' id='word_1_374' title='bbox 963 946 1094 982; x_wconf 89' lang='lat' dir='ltr'><strong>populum</strong></span> <span class='ocrx_word' id='word_1_375' title='bbox 1109 945 1260 973; x_wconf 87' lang='lat' dir='ltr'><strong>venientem</strong></span> <span class='ocrx_word' id='word_1_376' title='bbox 1277 952 1309 972; x_wconf 77' lang='lat' dir='ltr'><strong>ex</strong></span> <span class='ocrx_word' id='word_1_377' title='bbox 1327 943 1455 980; x_wconf 68' lang='lat' dir='ltr'><strong>IEgypto.</strong></span> <span class='ocrx_word' id='word_1_378' title='bbox 1473 943 1502 971; x_wconf 88' lang='lat' dir='ltr'><strong>Si</strong></span> <span class='ocrx_word' id='word_1_379' title='bbox 1523 944 1573 971; x_wconf 88' lang='lat' dir='ltr'><strong>ista</strong></span> <span class='ocrx_word' id='word_1_380' title='bbox 1588 950 1647 971; x_wconf 86' lang='lat' dir='ltr'><strong>cre-</strong></span> 
     </span>
    </p>
   </div>
   <div class='ocr_carea' id='block_1_49' title="bbox 855 988 1646 1027">
    <p class='ocr_par' dir='ltr' id='par_1_49' title="bbox 855 988 1646 1027">
     <span class='ocr_line' id='line_1_49' title="bbox 855 988 1646 1027; baseline -0.008 -7"><span class='ocrx_word' id='word_1_381' title='bbox 855 992 968 1024; x_wconf 91' lang='lat' dir='ltr'><strong>duntur,</strong></span> <span class='ocrx_word' id='word_1_382' title='bbox 987 991 1125 1027; x_wconf 88' lang='lat' dir='ltr'><strong>quomodo</strong></span> <span class='ocrx_word' id='word_1_383' title='bbox 1144 998 1197 1017; x_wconf 92' lang='lat' dir='ltr'><strong>non</strong></span> <span class='ocrx_word' id='word_1_384' title='bbox 1212 997 1382 1024; x_wconf 87' lang='lat' dir='ltr'><strong>consequens</strong></span> <span class='ocrx_word' id='word_1_385' title='bbox 1395 993 1437 1016; x_wconf 88' lang='lat' dir='ltr'><strong>est</strong></span> <span class='ocrx_word' id='word_1_386' title='bbox 1459 988 1574 1015; x_wconf 91' lang='lat' dir='ltr'><strong>Domino</strong></span> <span class='ocrx_word' id='word_1_387' title='bbox 1595 995 1646 1023; x_wconf 87' lang='lat' dir='ltr'><strong>po-</strong></span> 
     </span>
    </p>
   </div>
   <div class='ocr_carea' id='block_1_50' title="bbox 855 1035 1646 1074">
    <p class='ocr_par' dir='ltr' id='par_1_50' title="bbox 855 1035 1646 1074">
     <span class='ocr_line' id='line_1_50' title="bbox 855 1035 1646 1074; baseline -0.006 -8"><span class='ocrx_word' id='word_1_388' title='bbox 855 1039 909 1074; x_wconf 92' lang='lat' dir='ltr'><strong>puli</strong></span> <span class='ocrx_word' id='word_1_389' title='bbox 925 1038 952 1065; x_wconf 91' lang='lat' dir='ltr'><strong>in</strong></span> <span class='ocrx_word' id='word_1_390' title='bbox 968 1037 1122 1065; x_wconf 87' lang='lat' dir='ltr'><strong>vehiculum</strong></span> <span class='ocrx_word' id='word_1_391' title='bbox 1140 1036 1198 1064; x_wconf 84' lang='lat' dir='ltr'><strong>ﬁeri</strong></span> <span class='ocrx_word' id='word_1_392' title='bbox 1212 1035 1298 1063; x_wconf 88' lang='lat' dir='ltr'><strong>nubes</strong></span> <span class='ocrx_word' id='word_1_393' title='bbox 1313 1035 1437 1063; x_wconf 78' lang='lat' dir='ltr'><strong>caelestes</strong></span> <span class='ocrx_word' id='word_1_394' title='bbox 1453 1039 1483 1062; x_wconf 91' lang='lat' dir='ltr'><strong>ut</strong></span> <span class='ocrx_word' id='word_1_395' title='bbox 1495 1035 1587 1062; x_wconf 86' lang='lat' dir='ltr'><strong>sedeat</strong></span> <span class='ocrx_word' id='word_1_396' title='bbox 1600 1042 1646 1062; x_wconf 87' lang='lat' dir='ltr'><strong>su-</strong></span> 
     </span>
    </p>
   </div>
   <div class='ocr_carea' id='block_1_51' title="bbox 854 1080 1647 1120">
    <p class='ocr_par' dir='ltr' id='par_1_51' title="bbox 854 1080 1647 1120">
     <span class='ocr_line' id='line_1_51' title="bbox 854 1080 1647 1120; baseline -0.008 -8"><span class='ocrx_word' id='word_1_397' title='bbox 854 1093 902 1120; x_wconf 83' lang='lat' dir='ltr'><strong>per</strong></span> <span class='ocrx_word' id='word_1_398' title='bbox 913 1085 978 1112; x_wconf 86' lang='lat' dir='ltr'><strong>cas?</strong></span> <span class='ocrx_word' id='word_1_399' title='bbox 989 1083 1016 1111; x_wconf 92' lang='lat' dir='ltr'><strong>Si</strong></span> <span class='ocrx_word' id='word_1_400' title='bbox 1032 1088 1121 1111; x_wconf 85' lang='lat' dir='ltr'><strong>autem</strong></span> <span class='ocrx_word' id='word_1_401' title='bbox 1136 1083 1263 1118; x_wconf 85' lang='lat' dir='ltr'><strong>recipitur</strong></span> <span class='ocrx_word' id='word_1_402' title='bbox 1277 1082 1343 1109; x_wconf 89' lang='lat' dir='ltr'><strong>liber</strong></span> <span class='ocrx_word' id='word_1_403' title='bbox 1356 1081 1402 1116; x_wconf 90' lang='lat' dir='ltr'><strong>qui</strong></span> <span class='ocrx_word' id='word_1_404' title='bbox 1415 1081 1480 1109; x_wconf 89' lang='lat' dir='ltr'><strong>dicit</strong></span> <span class='ocrx_word' id='word_1_405' title='bbox 1492 1090 1499 1108; x_wconf 92' lang='lat'><strong>:</strong></span> <span class='ocrx_word' id='word_1_406' title='bbox 1516 1080 1647 1113; x_wconf 77' lang='lat' dir='ltr'><strong>Quoniam</strong></span> 
     </span>
    </p>
   </div>
   <div class='ocr_carea' id='block_1_52' title="bbox 855 1126 1647 1166">
    <p class='ocr_par' dir='ltr' id='par_1_52' title="bbox 855 1126 1647 1166">
     <span class='ocr_line' id='line_1_52' title="bbox 855 1126 1647 1166; baseline -0.006 -9"><span class='ocrx_word' id='word_1_407' title='bbox 855 1131 985 1166; x_wconf 75' lang='lat' dir='ltr'><strong>sapientia</strong></span> <span class='ocrx_word' id='word_1_408' title='bbox 1002 1134 1040 1157; x_wconf 70' lang='lat' dir='ltr'><strong>est</strong></span> <span class='ocrx_word' id='word_1_409' title='bbox 1055 1137 1114 1165; x_wconf 72' lang='lat' dir='ltr'><strong>quae</strong></span> <span class='ocrx_word' id='word_1_410' title='bbox 1131 1129 1202 1164; x_wconf 76' lang='lat' dir='ltr'><strong>facta</strong></span> <span class='ocrx_word' id='word_1_411' title='bbox 1214 1133 1252 1155; x_wconf 82' lang='lat' dir='ltr'><strong>est</strong></span> <span class='ocrx_word' id='word_1_412' title='bbox 1267 1127 1362 1163; x_wconf 87' lang='lat' dir='ltr'><strong>populo</strong></span> <span class='ocrx_word' id='word_1_413' title='bbox 1383 1132 1444 1154; x_wconf 88' lang='lat' dir='ltr'><strong>tunc</strong></span> <span class='ocrx_word' id='word_1_414' title='bbox 1458 1126 1581 1153; x_wconf 76' lang='lat' dir='ltr'><strong>columna</strong></span> <span class='ocrx_word' id='word_1_415' title='bbox 1596 1134 1647 1153; x_wconf 83' lang='lat' dir='ltr'><strong>nu-</strong></span> 
     </span>
    </p>
   </div>
   <div class='ocr_carea' id='block_1_53' title="bbox 856 1172 1647 1211">
    <p class='ocr_par' dir='ltr' id='par_1_53' title="bbox 856 1172 1647 1211">
     <span class='ocr_line' id='line_1_53' title="bbox 856 1172 1647 1211; baseline -0.006 -7"><span class='ocrx_word' id='word_1_416' title='bbox 856 1177 894 1204; x_wconf 85' lang='lat' dir='ltr'><strong>bis</strong></span> <span class='ocrx_word' id='word_1_417' title='bbox 915 1178 943 1204; x_wconf 87' lang='lat' dir='ltr'><strong>in</strong></span> <span class='ocrx_word' id='word_1_418' title='bbox 962 1177 1015 1209; x_wconf 85' lang='lat' dir='ltr'><strong>die,</strong></span> <span class='ocrx_word' id='word_1_419' title='bbox 1036 1181 1061 1203; x_wconf 88' lang='lat' dir='ltr'><strong>et</strong></span> <span class='ocrx_word' id='word_1_420' title='bbox 1080 1176 1189 1211; x_wconf 77' lang='lat' dir='ltr'><strong>ﬂantum</strong></span> <span class='ocrx_word' id='word_1_421' title='bbox 1214 1175 1281 1210; x_wconf 83' lang='lat' dir='ltr'><strong>ignis</strong></span> <span class='ocrx_word' id='word_1_422' title='bbox 1299 1175 1326 1200; x_wconf 87' lang='lat' dir='ltr'><strong>in</strong></span> <span class='ocrx_word' id='word_1_423' title='bbox 1343 1179 1426 1205; x_wconf 85' lang='lat' dir='ltr'><strong>nocte,</strong></span> <span class='ocrx_word' id='word_1_424' title='bbox 1450 1172 1522 1200; x_wconf 86' lang='lat' dir='ltr'><strong>dicet</strong></span> <span class='ocrx_word' id='word_1_425' title='bbox 1547 1172 1647 1207; x_wconf 87' lang='lat' dir='ltr'><strong>aliquis</strong></span> 
     </span>
    </p>
   </div>
   <div class='ocr_carea' id='block_1_54' title="bbox 856 1219 1641 1259">
    <p class='ocr_par' dir='ltr' id='par_1_54' title="bbox 856 1219 1641 1259">
     <span class='ocr_line' id='line_1_54' title="bbox 856 1219 1641 1259; baseline -0.006 -9"><span class='ocrx_word' id='word_1_426' title='bbox 856 1223 988 1259; x_wconf 85' lang='lat' dir='ltr'><strong>quoniam</strong></span> <span class='ocrx_word' id='word_1_427' title='bbox 1004 1221 1090 1249; x_wconf 90' lang='lat' dir='ltr'><strong>nubes</strong></span> <span class='ocrx_word' id='word_1_428' title='bbox 1106 1229 1188 1256; x_wconf 89' lang='lat' dir='ltr'><strong>super</strong></span> <span class='ocrx_word' id='word_1_429' title='bbox 1204 1220 1303 1255; x_wconf 86' lang='lat' dir='ltr'><strong>quibus</strong></span> <span class='ocrx_word' id='word_1_430' title='bbox 1325 1219 1455 1247; x_wconf 88' lang='lat' dir='ltr'><strong>videbunt</strong></span> <span class='ocrx_word' id='word_1_431' title='bbox 1475 1219 1573 1246; x_wconf 88' lang='lat' dir='ltr'><strong>Filiutn</strong></span> <span class='ocrx_word' id='word_1_432' title='bbox 1595 1219 1641 1245; x_wconf 89' lang='lat' dir='ltr'><strong>ho-</strong></span> 
     </span>
    </p>
   </div>
   <div class='ocr_carea' id='block_1_55' title="bbox 856 1264 1646 1300">
    <p class='ocr_par' dir='ltr' id='par_1_55' title="bbox 856 1264 1646 1300">
     <span class='ocr_line' id='line_1_55' title="bbox 856 1264 1646 1300; baseline -0.004 -4"><span class='ocrx_word' id='word_1_433' title='bbox 856 1269 939 1296; x_wconf 87' lang='lat' dir='ltr'><strong>minis</strong></span> <span class='ocrx_word' id='word_1_434' title='bbox 959 1268 1122 1300; x_wconf 80' lang='lat' dir='ltr'><strong>venientem,</strong></span> <span class='ocrx_word' id='word_1_435' title='bbox 1145 1267 1233 1295; x_wconf 86' lang='lat' dir='ltr'><strong>virtus</strong></span> <span class='ocrx_word' id='word_1_436' title='bbox 1258 1265 1389 1294; x_wconf 84' lang='lat' dir='ltr'><strong>Altissimi</strong></span> <span class='ocrx_word' id='word_1_437' title='bbox 1411 1270 1453 1293; x_wconf 91' lang='lat' dir='ltr'><strong>est</strong></span> <span class='ocrx_word' id='word_1_438' title='bbox 1475 1269 1502 1292; x_wconf 89' lang='lat' dir='ltr'><strong>et</strong></span> <span class='ocrx_word' id='word_1_439' title='bbox 1527 1264 1646 1300; x_wconf 87' lang='lat' dir='ltr'><strong>Spiritus</strong></span> 
     </span>
    </p>
   </div>
   <div class='ocr_carea' id='block_1_56' title="bbox 856 1311 1646 1350">
    <p class='ocr_par' dir='ltr' id='par_1_56' title="bbox 856 1311 1646 1350">
     <span class='ocr_line' id='line_1_56' title="bbox 856 1311 1646 1350; baseline -0.006 -7"><span class='ocrx_word' id='word_1_440' title='bbox 856 1319 977 1349; x_wconf 86' lang='lat' dir='ltr'><strong>sanctus,</strong></span> <span class='ocrx_word' id='word_1_441' title='bbox 996 1322 1056 1350; x_wconf 76' lang='lat' dir='ltr'><strong>qua:</strong></span> <span class='ocrx_word' id='word_1_442' title='bbox 1068 1314 1134 1341; x_wconf 81' lang='lat' dir='ltr'><strong>[ient</strong></span> <span class='ocrx_word' id='word_1_443' title='bbox 1147 1314 1171 1341; x_wconf 88' lang='lat' dir='ltr'><strong>ei</strong></span> <span class='ocrx_word' id='word_1_444' title='bbox 1184 1313 1211 1341; x_wconf 90' lang='lat' dir='ltr'><strong>in</strong></span> <span class='ocrx_word' id='word_1_445' title='bbox 1227 1313 1346 1340; x_wconf 90' lang='lat' dir='ltr'><strong>nubibus</strong></span> <span class='ocrx_word' id='word_1_446' title='bbox 1363 1312 1436 1345; x_wconf 76' lang='lat' dir='ltr'><strong>cteli,</strong></span> <span class='ocrx_word' id='word_1_447' title='bbox 1453 1317 1483 1339; x_wconf 91' lang='lat' dir='ltr'><strong>ut</strong></span> <span class='ocrx_word' id='word_1_448' title='bbox 1498 1312 1589 1339; x_wconf 83' lang='lat' dir='ltr'><strong>veniat</strong></span> <span class='ocrx_word' id='word_1_449' title='bbox 1611 1311 1646 1338; x_wconf 88' lang='lat' dir='ltr'><strong>il-</strong></span> 
     </span>
    </p>
   </div>
   <div class='ocr_carea' id='block_1_57' title="bbox 856 1357 1645 1396">
    <p class='ocr_par' dir='ltr' id='par_1_57' title="bbox 856 1357 1645 1396">
     <span class='ocr_line' id='line_1_57' title="bbox 856 1357 1645 1396; baseline -0.006 -6"><span class='ocrx_word' id='word_1_450' title='bbox 856 1362 890 1390; x_wconf 89' lang='lat' dir='ltr'><strong>lis</strong></span> <span class='ocrx_word' id='word_1_451' title='bbox 905 1362 1039 1390; x_wconf 87' lang='lat' dir='ltr'><strong>invectus.</strong></span> <span class='ocrx_word' id='word_1_452' title='bbox 1051 1362 1120 1388; x_wconf 88' lang='lat' dir='ltr'><strong>Cum</strong></span> <span class='ocrx_word' id='word_1_453' title='bbox 1134 1361 1170 1388; x_wconf 88' lang='lat' dir='ltr'><strong>sit</strong></span> <span class='ocrx_word' id='word_1_454' title='bbox 1183 1368 1248 1396; x_wconf 77' lang='lat' dir='ltr'><strong>ergo</strong></span> <span class='ocrx_word' id='word_1_455' title='bbox 1267 1359 1362 1387; x_wconf 83' lang='lat' dir='ltr'><strong>fortior</strong></span> <span class='ocrx_word' id='word_1_456' title='bbox 1375 1364 1403 1386; x_wconf 89' lang='lat' dir='ltr'><strong>et</strong></span> <span class='ocrx_word' id='word_1_457' title='bbox 1416 1367 1470 1386; x_wconf 90' lang='lat' dir='ltr'><strong>non</strong></span> <span class='ocrx_word' id='word_1_458' title='bbox 1481 1357 1645 1394; x_wconf 75' lang='lat' dir='ltr'><strong>contempti~</strong></span> 
     </span>
    </p>
   </div>
   <div class='ocr_carea' id='block_1_58' title="bbox 855 1405 1647 1443">
    <p class='ocr_par' dir='ltr' id='par_1_58' title="bbox 855 1405 1647 1443">
     <span class='ocr_line' id='line_1_58' title="bbox 855 1405 1647 1443; baseline -0.008 -7"><span class='ocrx_word' id='word_1_459' title='bbox 855 1408 919 1437; x_wconf 87' lang='lat' dir='ltr'><strong>bilis</strong></span> <span class='ocrx_word' id='word_1_460' title='bbox 936 1409 1006 1436; x_wconf 80' lang='lat' dir='ltr'><strong>ratio</strong></span> <span class='ocrx_word' id='word_1_461' title='bbox 1024 1408 1092 1442; x_wconf 78' lang='lat' dir='ltr'><strong>inec,</strong></span> <span class='ocrx_word' id='word_1_462' title='bbox 1107 1408 1154 1443; x_wconf 85' lang='lat' dir='ltr'><strong>qui</strong></span> <span class='ocrx_word' id='word_1_463' title='bbox 1167 1407 1226 1434; x_wconf 89' lang='lat' dir='ltr'><strong>vult</strong></span> <span class='ocrx_word' id='word_1_464' title='bbox 1240 1406 1349 1442; x_wconf 87' lang='lat' dir='ltr'><strong>quidem</strong></span> <span class='ocrx_word' id='word_1_465' title='bbox 1365 1405 1516 1434; x_wconf 83' lang='lat' dir='ltr'><strong>secundum</strong></span> <span class='ocrx_word' id='word_1_466' title='bbox 1539 1409 1647 1431; x_wconf 82' lang='lat' dir='ltr'><strong>utrum-</strong></span> 
     </span>
    </p>
   </div>
   <div class='ocr_carea' id='block_1_59' title="bbox 857 1450 1650 1489">
    <p class='ocr_par' dir='ltr' id='par_1_59' title="bbox 857 1450 1650 1489">
     <span class='ocr_line' id='line_1_59' title="bbox 857 1450 1650 1489; baseline -0.008 -7"><span class='ocrx_word' id='word_1_467' title='bbox 857 1461 910 1489; x_wconf 88' lang='lat' dir='ltr'><strong>que</strong></span> <span class='ocrx_word' id='word_1_468' title='bbox 924 1454 1037 1481; x_wconf 89' lang='lat' dir='ltr'><strong>modum</strong></span> <span class='ocrx_word' id='word_1_469' title='bbox 1055 1453 1195 1488; x_wconf 89' lang='lat' dir='ltr'><strong>suscipere</strong></span> <span class='ocrx_word' id='word_1_470' title='bbox 1212 1459 1272 1487; x_wconf 82' lang='lat' dir='ltr'><strong>quae</strong></span> <span class='ocrx_word' id='word_1_471' title='bbox 1284 1451 1422 1485; x_wconf 86' lang='lat' dir='ltr'><strong>dicuntur,</strong></span> <span class='ocrx_word' id='word_1_472' title='bbox 1443 1458 1498 1478; x_wconf 89' lang='lat' dir='ltr'><strong>non</strong></span> <span class='ocrx_word' id='word_1_473' title='bbox 1517 1450 1650 1485; x_wconf 76' lang='lat' dir='ltr'><strong>reproba-</strong></span> 
     </span>
    </p>
   </div>
   <div class='ocr_carea' id='block_1_60' title="bbox 857 1495 1645 1534">
    <p class='ocr_par' dir='ltr' id='par_1_60' title="bbox 857 1495 1645 1534">
     <span class='ocr_line' id='line_1_60' title="bbox 857 1495 1645 1534; baseline -0.009 -5"><span class='ocrx_word' id='word_1_474' title='bbox 857 1501 915 1533; x_wconf 87' lang='lat' dir='ltr'><strong>bit;</strong></span> <span class='ocrx_word' id='word_1_475' title='bbox 935 1504 963 1528; x_wconf 88' lang='lat' dir='ltr'><strong>et</strong></span> <span class='ocrx_word' id='word_1_476' title='bbox 980 1500 1002 1528; x_wconf 89' lang='lat' dir='ltr'><strong>si</strong></span> <span class='ocrx_word' id='word_1_477' title='bbox 1015 1499 1114 1527; x_wconf 79' lang='lat' dir='ltr'><strong>dixerit</strong></span> <span class='ocrx_word' id='word_1_478' title='bbox 1129 1500 1190 1534; x_wconf 88' lang='lat' dir='ltr'><strong>quis</strong></span> <span class='ocrx_word' id='word_1_479' title='bbox 1210 1497 1392 1533; x_wconf 80' lang='lat' dir='ltr'><strong>intelligibiles</strong></span> <span class='ocrx_word' id='word_1_480' title='bbox 1406 1497 1493 1524; x_wconf 89' lang='lat' dir='ltr'><strong>nubes</strong></span> <span class='ocrx_word' id='word_1_481' title='bbox 1505 1495 1532 1523; x_wconf 93' lang='lat' dir='ltr'><strong>in</strong></span> <span class='ocrx_word' id='word_1_482' title='bbox 1546 1495 1645 1531; x_wconf 89' lang='lat' dir='ltr'><strong>quibus</strong></span> 
     </span>
    </p>
   </div>
   <div class='ocr_carea' id='block_1_61' title="bbox 28 1541 751 1583">
    <p class='ocr_par' dir='ltr' id='par_1_61' title="bbox 28 1541 743 1577">
     <span class='ocr_line' id='line_1_61' title="bbox 28 1541 743 1577; baseline -0.003 -6"><span class='ocrx_word' id='word_1_483' title='bbox 28 1548 54 1571; x_wconf 91' lang='lat' dir='ltr'><strong>st</strong></span> <span class='ocrx_word' id='word_1_484' title='bbox 68 1544 275 1571; x_wconf 82' lang='lat' dir='ltr'><strong>vestimentum.</strong></span> <span class='ocrx_word' id='word_1_485' title='bbox 292 1542 444 1577; x_wconf 80' lang='lat' dir='ltr'><strong>lntelligens</strong></span> <span class='ocrx_word' id='word_1_486' title='bbox 461 1546 551 1569; x_wconf 87' lang='lat' dir='ltr'><strong>autem</strong></span> <span class='ocrx_word' id='word_1_487' title='bbox 565 1541 647 1569; x_wconf 89' lang='lat' dir='ltr'><strong>etiam</strong></span> <span class='ocrx_word' id='word_1_488' title='bbox 669 1542 743 1576; x_wconf 89' lang='lat' dir='ltr'><strong>quod</strong></span> 
     </span>
    </p>
   </div>
   <div class='ocr_carea' id='block_1_62' title="bbox 893 1541 1647 1583">
    <p class='ocr_par' dir='ltr' id='par_1_62' title="bbox 893 1543 1647 1580">
     <span class='ocr_line' id='line_1_62' title="bbox 893 1543 1647 1580; baseline -0.007 -6"><span class='ocrx_word' id='word_1_489' title='bbox 893 1546 947 1574; x_wconf 88' lang='lat' dir='ltr'><strong>niet</strong></span> <span class='ocrx_word' id='word_1_490' title='bbox 963 1546 1049 1574; x_wconf 84' lang='lat' dir='ltr'><strong>Filius</strong></span> <span class='ocrx_word' id='word_1_491' title='bbox 1062 1545 1192 1580; x_wconf 79' lang='lat' dir='ltr'><strong>hominis,</strong></span> <span class='ocrx_word' id='word_1_492' title='bbox 1209 1544 1265 1573; x_wconf 84' lang='lat' dir='ltr'><strong>sive</strong></span> <span class='ocrx_word' id='word_1_493' title='bbox 1278 1549 1388 1572; x_wconf 85' lang='lat' dir='ltr'><strong>sanctas</strong></span> <span class='ocrx_word' id='word_1_494' title='bbox 1402 1547 1429 1571; x_wconf 87' lang='lat' dir='ltr'><strong>et</strong></span> <span class='ocrx_word' id='word_1_495' title='bbox 1442 1543 1549 1571; x_wconf 88' lang='lat' dir='ltr'><strong>divinas</strong></span> <span class='ocrx_word' id='word_1_496' title='bbox 1563 1543 1647 1570; x_wconf 90' lang='lat' dir='ltr'><strong>virtu-</strong></span> 
     </span>
    </p>
   </div>
   <div class='ocr_carea' id='block_1_63' title="bbox 29 1587 806 1624">
    <p class='ocr_par' dir='ltr' id='par_1_63' title="bbox 29 1587 806 1624">
     <span class='ocr_line' id='line_1_63' title="bbox 29 1587 806 1624; baseline -0.003 -7"><span class='ocrx_word' id='word_1_497' title='bbox 29 1590 84 1617; x_wconf 85' lang='lat' dir='ltr'><strong>itur</strong></span> <span class='ocrx_word' id='word_1_498' title='bbox 98 1589 122 1605; x_wconf 85' lang='grc'><strong>⁷⁷</strong></span> <span class='ocrx_word' id='word_1_499' title='bbox 136 1599 142 1616; x_wconf 88' lang='grc'>;</span> <span class='ocrx_word' id='word_1_500' title='bbox 159 1588 189 1616; x_wconf 89' lang='lat' dir='ltr'><strong>Si</strong></span> <span class='ocrx_word' id='word_1_501' title='bbox 202 1589 270 1616; x_wconf 85' lang='lat' dir='ltr'><strong>enim</strong></span> <span class='ocrx_word' id='word_1_502' title='bbox 284 1588 352 1624; x_wconf 87' lang='lat' dir='ltr'><strong>quod</strong></span> <span class='ocrx_word' id='word_1_503' title='bbox 367 1592 518 1621; x_wconf 77' lang='lat' dir='ltr'><strong>evacuatur,</strong></span> <span class='ocrx_word' id='word_1_504' title='bbox 528 1595 574 1622; x_wconf 81' lang='lat' dir='ltr'><strong>per</strong></span> <span class='ocrx_word' id='word_1_505' title='bbox 587 1587 709 1623; x_wconf 84' lang='lat' dir='ltr'><strong>gloriam,</strong></span> <span class='ocrx_word' id='word_1_506' title='bbox 722 1587 806 1615; x_wconf 88' lang='lat' dir='ltr'><strong>multo</strong></span> 
     </span>
    </p>
   </div>
   <div class='ocr_carea' id='block_1_64' title="bbox 27 1633 805 1673">
    <p class='ocr_par' dir='ltr' id='par_1_64' title="bbox 27 1633 805 1673">
     <span class='ocr_line' id='line_1_64' title="bbox 27 1633 805 1673; baseline -0.004 -9"><span class='ocrx_word' id='word_1_507' title='bbox 27 1638 98 1673; x_wconf 69' lang='lat' dir='ltr'><strong>magis</strong></span> <span class='ocrx_word' id='word_1_508' title='bbox 116 1636 185 1672; x_wconf 86' lang='lat' dir='ltr'><strong>quod</strong></span> <span class='ocrx_word' id='word_1_509' title='bbox 200 1640 299 1669; x_wconf 83' lang='lat' dir='ltr'><strong>manet,</strong></span> <span class='ocrx_word' id='word_1_510' title='bbox 314 1635 342 1662; x_wconf 86' lang='lat' dir='ltr'><strong>in</strong></span> <span class='ocrx_word' id='word_1_511' title='bbox 364 1635 461 1671; x_wconf 78' lang='lat' dir='ltr'><strong>gloria,</strong></span> <span class='ocrx_word' id='word_1_512' title='bbox 476 1633 581 1662; x_wconf 87' lang='lat' dir='ltr'><strong>videbis</strong></span> <span class='ocrx_word' id='word_1_513' title='bbox 601 1634 714 1661; x_wconf 87' lang='lat' dir='ltr'><strong>multam</strong></span> <span class='ocrx_word' id='word_1_514' title='bbox 732 1634 805 1661; x_wconf 89' lang='lat' dir='ltr'><strong>illam</strong></span> 
     </span>
    </p>
   </div>
   <div class='ocr_carea' id='block_1_65' title="bbox 27 1681 804 1717">
    <p class='ocr_par' dir='ltr' id='par_1_65' title="bbox 27 1681 804 1717">
     <span class='ocr_line' id='line_1_65' title="bbox 27 1681 804 1717; baseline -0.005 -7"><span class='ocrx_word' id='word_1_515' title='bbox 27 1682 130 1713; x_wconf 88' lang='lat' dir='ltr'><strong>loriam</strong></span> <span class='ocrx_word' id='word_1_516' title='bbox 144 1681 216 1716; x_wconf 89' lang='lat' dir='ltr'><strong>Filii,</strong></span> <span class='ocrx_word' id='word_1_517' title='bbox 229 1682 263 1709; x_wconf 81' lang='lat' dir='ltr'><strong>de</strong></span> <span class='ocrx_word' id='word_1_518' title='bbox 278 1689 331 1717; x_wconf 88' lang='lat' dir='ltr'><strong>qua</strong></span> <span class='ocrx_word' id='word_1_519' title='bbox 348 1681 479 1716; x_wconf 88' lang='lat' dir='ltr'><strong>scriptum</strong></span> <span class='ocrx_word' id='word_1_520' title='bbox 501 1684 560 1712; x_wconf 89' lang='lat' dir='ltr'><strong>est,</strong></span> <span class='ocrx_word' id='word_1_521' title='bbox 581 1688 641 1707; x_wconf 87' lang='lat' dir='ltr'><strong>cum</strong></span> <span class='ocrx_word' id='word_1_522' title='bbox 667 1681 762 1707; x_wconf 83' lang='lat' dir='ltr'><strong>virtute</strong></span> <span class='ocrx_word' id='word_1_523' title='bbox 781 1685 804 1707; x_wconf 82' lang='lat' dir='ltr'><strong>et</strong></span> 
     </span>
    </p>
   </div>
   <div class='ocr_carea' id='block_1_66' title="bbox 29 1726 804 1762">
    <p class='ocr_par' dir='ltr' id='par_1_66' title="bbox 29 1726 804 1762">
     <span class='ocr_line' id='line_1_66' title="bbox 29 1726 804 1762; baseline -0.003 -7"><span class='ocrx_word' id='word_1_524' title='bbox 29 1728 101 1755; x_wconf 84' lang='lat' dir='ltr'><strong>toria</strong></span> <span class='ocrx_word' id='word_1_525' title='bbox 116 1727 211 1755; x_wconf 83' lang='lat' dir='ltr'><strong>multa.</strong></span> <span class='ocrx_word' id='word_1_526' title='bbox 229 1727 326 1755; x_wconf 83' lang='lat' dir='ltr'><strong>Adhuc</strong></span> <span class='ocrx_word' id='word_1_527' title='bbox 339 1731 430 1754; x_wconf 85' lang='lat' dir='ltr'><strong>autent</strong></span> <span class='ocrx_word' id='word_1_528' title='bbox 450 1726 537 1762; x_wconf 78' lang='lat' dir='ltr'><strong>magis</strong></span> <span class='ocrx_word' id='word_1_529' title='bbox 549 1726 683 1761; x_wconf 77' lang='lat' dir='ltr'><strong>intelliges</strong></span> <span class='ocrx_word' id='word_1_530' title='bbox 694 1726 727 1754; x_wconf 88' lang='lat' dir='ltr'><strong>de</strong></span> <span class='ocrx_word' id='word_1_531' title='bbox 752 1734 804 1761; x_wconf 90' lang='lat' dir='ltr'><strong>qua</strong></span> 
     </span>
    </p>
   </div>
   <div class='ocr_carea' id='block_1_67' title="bbox 27 1772 806 1809">
    <p class='ocr_par' dir='ltr' id='par_1_67' title="bbox 27 1772 806 1809">
     <span class='ocr_line' id='line_1_67' title="bbox 27 1772 806 1809; baseline -0.001 -8"><span class='ocrx_word' id='word_1_532' title='bbox 27 1774 138 1809; x_wconf 77' lang='lat' dir='ltr'><strong>Jquitur</strong></span> <span class='ocrx_word' id='word_1_533' title='bbox 149 1778 249 1806; x_wconf 78' lang='lat' dir='ltr'><strong>textus,</strong></span> <span class='ocrx_word' id='word_1_534' title='bbox 260 1773 397 1808; x_wconf 88' lang='lat' dir='ltr'><strong>accipiens</strong></span> <span class='ocrx_word' id='word_1_535' title='bbox 410 1772 443 1800; x_wconf 86' lang='lat' dir='ltr'><strong>de</strong></span> <span class='ocrx_word' id='word_1_536' title='bbox 455 1772 571 1800; x_wconf 89' lang='lat' dir='ltr'><strong>Actuum</strong></span> <span class='ocrx_word' id='word_1_537' title='bbox 585 1772 722 1800; x_wconf 87' lang='lat' dir='ltr'><strong>volumine</strong></span> <span class='ocrx_word' id='word_1_538' title='bbox 732 1772 806 1807; x_wconf 92' lang='lat' dir='ltr'><strong>quod</strong></span> 
     </span>
    </p>
   </div>
   <div class='ocr_carea' id='block_1_68' title="bbox 27 1818 805 1852">
    <p class='ocr_par' dir='ltr' id='par_1_68' title="bbox 27 1818 805 1852">
     <span class='ocr_line' id='line_1_68' title="bbox 27 1818 805 1852; baseline 0 -5"><span class='ocrx_word' id='word_1_539' title='bbox 27 1820 105 1848; x_wconf 74' lang='lat' dir='ltr'><strong>aliter</strong></span> <span class='ocrx_word' id='word_1_540' title='bbox 121 1820 203 1847; x_wconf 85' lang='lat' dir='ltr'><strong>habet</strong></span> <span class='ocrx_word' id='word_1_541' title='bbox 214 1819 237 1836; x_wconf 77' lang='grc'><strong>⁷⁸</strong></span> <span class='ocrx_word' id='word_1_542' title='bbox 254 1818 307 1846; x_wconf 88' lang='lat' dir='ltr'><strong>:Et</strong></span> <span class='ocrx_word' id='word_1_543' title='bbox 320 1819 442 1846; x_wconf 72' lang='lat' dir='ltr'><strong>cum/tan:</strong></span> <span class='ocrx_word' id='word_1_544' title='bbox 450 1818 573 1852; x_wconf 69' lang='lat' dir='ltr'><strong>dixisset,</strong></span> <span class='ocrx_word' id='word_1_545' title='bbox 588 1818 734 1845; x_wconf 76' lang='lat' dir='ltr'><strong>videntibus</strong></span> <span class='ocrx_word' id='word_1_546' title='bbox 751 1818 805 1847; x_wconf 73' lang='lat' dir='ltr'><strong>illis</strong></span> 
     </span>
    </p>
   </div>
   <div class='ocr_carea' id='block_1_69' title="bbox 27 1864 804 1899">
    <p class='ocr_par' dir='ltr' id='par_1_69' title="bbox 27 1864 804 1899">
     <span class='ocr_line' id='line_1_69' title="bbox 27 1864 804 1899; baseline -0.004 -4"><span class='ocrx_word' id='word_1_547' title='bbox 27 1871 131 1895; x_wconf 80' lang='lat' dir='ltr'><strong>levatus</strong></span> <span class='ocrx_word' id='word_1_548' title='bbox 145 1871 194 1898; x_wconf 77' lang='lat' dir='ltr'><strong>est,</strong></span> <span class='ocrx_word' id='word_1_549' title='bbox 208 1871 232 1892; x_wconf 79' lang='lat' dir='ltr'><strong>et</strong></span> <span class='ocrx_word' id='word_1_550' title='bbox 247 1865 326 1892; x_wconf 84' lang='lat' dir='ltr'><strong>nubes</strong></span> <span class='ocrx_word' id='word_1_551' title='bbox 341 1865 455 1899; x_wconf 80' lang='lat' dir='ltr'><strong>suscepit</strong></span> <span class='ocrx_word' id='word_1_552' title='bbox 470 1872 529 1892; x_wconf 86' lang='lat' dir='ltr'><strong>eum</strong></span> <span class='ocrx_word' id='word_1_553' title='bbox 544 1864 577 1891; x_wconf 89' lang='lat' dir='ltr'><strong>ab</strong></span> <span class='ocrx_word' id='word_1_554' title='bbox 601 1864 684 1891; x_wconf 80' lang='lat' dir='ltr'><strong>oculis</strong></span> <span class='ocrx_word' id='word_1_555' title='bbox 704 1872 804 1892; x_wconf 83' lang='lat' dir='ltr'><strong>eorum.</strong></span> 
     </span>
    </p>
   </div>
   <div class='ocr_carea' id='block_1_70' title="bbox 27 1909 806 1944">
    <p class='ocr_par' dir='ltr' id='par_1_70' title="bbox 27 1909 806 1944">
     <span class='ocr_line' id='line_1_70' title="bbox 27 1909 806 1944; baseline 0 -5"><span class='ocrx_word' id='word_1_556' title='bbox 27 1913 45 1939; x_wconf 77' lang='lat' dir='ltr'><strong>It</strong></span> <span class='ocrx_word' id='word_1_557' title='bbox 59 1921 124 1939; x_wconf 84' lang='lat' dir='ltr'><strong>cum</strong></span> <span class='ocrx_word' id='word_1_558' title='bbox 137 1911 299 1938; x_wconf 77' lang='lat' dir='ltr'><strong>intenderent</strong></span> <span class='ocrx_word' id='word_1_559' title='bbox 314 1911 340 1937; x_wconf 84' lang='lat' dir='ltr'><strong>in</strong></span> <span class='ocrx_word' id='word_1_560' title='bbox 354 1910 447 1937; x_wconf 71' lang='lat' dir='ltr'><strong>emtum</strong></span> <span class='ocrx_word' id='word_1_561' title='bbox 461 1914 537 1937; x_wconf 85' lang='lat' dir='ltr'><strong>eunte</strong></span> <span class='ocrx_word' id='word_1_562' title='bbox 551 1909 609 1944; x_wconf 90' lang='lat' dir='ltr'><strong>illo,</strong></span> <span class='ocrx_word' id='word_1_563' title='bbox 620 1919 678 1938; x_wconf 83' lang='lat' dir='ltr'><strong>ecce</strong></span> <span class='ocrx_word' id='word_1_564' title='bbox 692 1910 745 1938; x_wconf 89' lang='lat' dir='ltr'><strong>duo</strong></span> <span class='ocrx_word' id='word_1_565' title='bbox 756 1911 806 1939; x_wconf 82' lang='lat' dir='ltr'><strong>viri</strong></span> 
     </span>
    </p>
   </div>
   <div class='ocr_carea' id='block_1_71' title="bbox 27 1955 805 1991">
    <p class='ocr_par' dir='ltr' id='par_1_71' title="bbox 27 1955 805 1991">
     <span class='ocr_line' id='line_1_71' title="bbox 27 1955 805 1991; baseline -0.004 -4"><span class='ocrx_word' id='word_1_566' title='bbox 27 1963 145 1987; x_wconf 83' lang='lat' dir='ltr'><strong>teterunt</strong></span> <span class='ocrx_word' id='word_1_567' title='bbox 157 1957 184 1984; x_wconf 89' lang='lat' dir='ltr'><strong>in</strong></span> <span class='ocrx_word' id='word_1_568' title='bbox 194 1962 262 1984; x_wconf 82' lang='lat' dir='ltr'><strong>veste</strong></span> <span class='ocrx_word' id='word_1_569' title='bbox 275 1956 347 1989; x_wconf 88' lang='lat' dir='ltr'><strong>alba,</strong></span> <span class='ocrx_word' id='word_1_570' title='bbox 361 1956 407 1991; x_wconf 86' lang='lat' dir='ltr'><strong>qui</strong></span> <span class='ocrx_word' id='word_1_571' title='bbox 420 1961 443 1983; x_wconf 90' lang='lat' dir='ltr'><strong>et</strong></span> <span class='ocrx_word' id='word_1_572' title='bbox 456 1956 581 1983; x_wconf 78' lang='lat' dir='ltr'><strong>dixerunt</strong></span> <span class='ocrx_word' id='word_1_573' title='bbox 594 1964 602 1983; x_wconf 89' lang='lat'><strong><em>:</em></strong></span> <span class='ocrx_word' id='word_1_574' title='bbox 619 1955 674 1984; x_wconf 84' lang='lat' dir='ltr'><strong>Viri</strong></span> <span class='ocrx_word' id='word_1_575' title='bbox 687 1956 805 1991; x_wconf 73' lang='lat' dir='ltr'><strong>Galilwi,</strong></span> 
     </span>
    </p>
   </div>
   <div class='ocr_carea' id='block_1_72' title="bbox 27 2001 806 2039">
    <p class='ocr_par' dir='ltr' id='par_1_72' title="bbox 27 2001 806 2039">
     <span class='ocr_line' id='line_1_72' title="bbox 27 2001 806 2039; baseline -0.001 -7"><span class='ocrx_word' id='word_1_576' title='bbox 27 2006 75 2032; x_wconf 83' lang='lat' dir='ltr'><strong>uid</strong></span> <span class='ocrx_word' id='word_1_577' title='bbox 88 2004 172 2032; x_wconf 77' lang='lat' dir='ltr'><strong>statis</strong></span> <span class='ocrx_word' id='word_1_578' title='bbox 187 2003 341 2039; x_wconf 78' lang='lat' dir='ltr'><strong>aspicientes</strong></span> <span class='ocrx_word' id='word_1_579' title='bbox 353 2002 381 2029; x_wconf 85' lang='lat' dir='ltr'><strong>in</strong></span> <span class='ocrx_word' id='word_1_580' title='bbox 399 2001 512 2030; x_wconf 78' lang='lat' dir='ltr'><strong>caelum?</strong></span> <span class='ocrx_word' id='word_1_581' title='bbox 526 2001 579 2029; x_wconf 83' lang='lat' dir='ltr'><strong>llic</strong></span> <span class='ocrx_word' id='word_1_582' title='bbox 594 2002 672 2031; x_wconf 76' lang='lat' dir='ltr'><strong>Iesus</strong></span> <span class='ocrx_word' id='word_1_583' title='bbox 695 2004 740 2039; x_wconf 86' lang='lat' dir='ltr'><strong>qui</strong></span> <span class='ocrx_word' id='word_1_584' title='bbox 762 2012 806 2031; x_wconf 83' lang='lat' dir='ltr'><strong>as-</strong></span> 
     </span>
    </p>
   </div>
   <div class='ocr_carea' id='block_1_73' title="bbox 27 2048 805 2086">
    <p class='ocr_par' dir='ltr' id='par_1_73' title="bbox 27 2048 805 2086">
     <span class='ocr_line' id='line_1_73' title="bbox 27 2048 805 2086; baseline -0.003 -8"><span class='ocrx_word' id='word_1_585' title='bbox 27 2056 138 2086; x_wconf 85' lang='lat' dir='ltr'><strong>umptus</strong></span> <span class='ocrx_word' id='word_1_586' title='bbox 157 2054 195 2078; x_wconf 82' lang='lat' dir='ltr'><strong>est</strong></span> <span class='ocrx_word' id='word_1_587' title='bbox 208 2058 225 2076; x_wconf 87' lang='lat' dir='ltr'><strong>a</strong></span> <span class='ocrx_word' id='word_1_588' title='bbox 240 2048 310 2076; x_wconf 88' lang='lat' dir='ltr'><strong>vobis</strong></span> <span class='ocrx_word' id='word_1_589' title='bbox 323 2049 348 2075; x_wconf 88' lang='lat' dir='ltr'><strong>in</strong></span> <span class='ocrx_word' id='word_1_590' title='bbox 363 2048 467 2083; x_wconf 80' lang='lat' dir='ltr'><strong>rwlum,</strong></span> <span class='ocrx_word' id='word_1_591' title='bbox 483 2049 521 2076; x_wconf 81' lang='lat' dir='ltr'><strong>sic</strong></span> <span class='ocrx_word' id='word_1_592' title='bbox 534 2049 616 2076; x_wconf 84' lang='lat' dir='ltr'><strong>veniet</strong></span> <span class='ocrx_word' id='word_1_593' title='bbox 635 2050 805 2085; x_wconf 82' lang='lat' dir='ltr'><strong>quemadmo-</strong></span> 
     </span>
    </p>
   </div>
   <div class='ocr_carea' id='block_1_74' title="bbox 28 2094 806 2125">
    <p class='ocr_par' dir='ltr' id='par_1_74' title="bbox 28 2094 806 2125">
     <span class='ocr_line' id='line_1_74' title="bbox 28 2094 806 2125; baseline -0.004 0"><span class='ocrx_word' id='word_1_594' title='bbox 28 2107 74 2125; x_wconf 89' lang='lat' dir='ltr'><strong>um</strong></span> <span class='ocrx_word' id='word_1_595' title='bbox 87 2097 194 2125; x_wconf 78' lang='lat' dir='ltr'><strong>vidistis</strong></span> <span class='ocrx_word' id='word_1_596' title='bbox 210 2105 268 2124; x_wconf 84' lang='lat' dir='ltr'><strong>eum</strong></span> <span class='ocrx_word' id='word_1_597' title='bbox 284 2101 389 2123; x_wconf 84' lang='lat' dir='ltr'><strong>euntem</strong></span> <span class='ocrx_word' id='word_1_598' title='bbox 408 2096 436 2122; x_wconf 88' lang='lat' dir='ltr'><strong>in</strong></span> <span class='ocrx_word' id='word_1_599' title='bbox 453 2095 557 2123; x_wconf 69' lang='lat' dir='ltr'><strong>cretum.</strong></span> <span class='ocrx_word' id='word_1_600' title='bbox 572 2094 601 2123; x_wconf 89' lang='lat' dir='ltr'><strong>Si</strong></span> <span class='ocrx_word' id='word_1_601' title='bbox 621 2095 694 2123; x_wconf 88' lang='lat' dir='ltr'><strong>enim</strong></span> <span class='ocrx_word' id='word_1_602' title='bbox 719 2095 806 2123; x_wconf 87' lang='lat' dir='ltr'><strong>credi-</strong></span> 
     </span>
    </p>
   </div>
   <div class='ocr_carea' id='block_1_75' title="bbox 27 2141 806 2178">
    <p class='ocr_par' dir='ltr' id='par_1_75' title="bbox 27 2141 806 2178">
     <span class='ocr_line' id='line_1_75' title="bbox 27 2141 806 2178; baseline -0.004 -5"><span class='ocrx_word' id='word_1_603' title='bbox 27 2153 73 2173; x_wconf 87' lang='lat' dir='ltr'><strong>tus</strong></span> <span class='ocrx_word' id='word_1_604' title='bbox 92 2144 156 2171; x_wconf 79' lang='lat' dir='ltr'><strong>istis</strong></span> <span class='ocrx_word' id='word_1_605' title='bbox 172 2143 271 2178; x_wconf 90' lang='lat' dir='ltr'><strong>quibus</strong></span> <span class='ocrx_word' id='word_1_606' title='bbox 284 2142 371 2170; x_wconf 83' lang='lat' dir='ltr'><strong>nubes</strong></span> <span class='ocrx_word' id='word_1_607' title='bbox 391 2141 490 2169; x_wconf 83' lang='lat' dir='ltr'><strong>dicitur</strong></span> <span class='ocrx_word' id='word_1_608' title='bbox 511 2149 572 2169; x_wconf 90' lang='lat' dir='ltr'><strong>cum</strong></span> <span class='ocrx_word' id='word_1_609' title='bbox 591 2142 759 2177; x_wconf 84' lang='lat' dir='ltr'><strong>suscepisse,</strong></span> <span class='ocrx_word' id='word_1_610' title='bbox 779 2147 806 2170; x_wconf 89' lang='lat' dir='ltr'><strong>et</strong></span> 
     </span>
    </p>
   </div>
   <div class='ocr_carea' id='block_1_76' title="bbox 27 2189 806 2223">
    <p class='ocr_par' dir='ltr' id='par_1_76' title="bbox 27 2189 806 2223">
     <span class='ocr_line' id='line_1_76' title="bbox 27 2189 806 2223; baseline -0.004 -4"><span class='ocrx_word' id='word_1_611' title='bbox 27 2191 163 2219; x_wconf 84' lang='lat' dir='ltr'><strong>ustulisse</strong></span> <span class='ocrx_word' id='word_1_612' title='bbox 175 2190 202 2216; x_wconf 89' lang='lat' dir='ltr'><strong>iu</strong></span> <span class='ocrx_word' id='word_1_613' title='bbox 221 2189 331 2222; x_wconf 73' lang='lat' dir='ltr'><strong>etelum,</strong></span> <span class='ocrx_word' id='word_1_614' title='bbox 347 2189 485 2223; x_wconf 85' lang='lat' dir='ltr'><strong>quomodo</strong></span> <span class='ocrx_word' id='word_1_615' title='bbox 503 2196 557 2215; x_wconf 92' lang='lat' dir='ltr'><strong>non</strong></span> <span class='ocrx_word' id='word_1_616' title='bbox 572 2189 723 2216; x_wconf 86' lang='lat' dir='ltr'><strong>secundum</strong></span> <span class='ocrx_word' id='word_1_617' title='bbox 746 2192 806 2216; x_wconf 81' lang='lat' dir='ltr'><strong>tex-</strong></span> 
     </span>
    </p>
   </div>
   <div class='ocr_carea' id='block_1_77' title="bbox 28 2234 805 2267">
    <p class='ocr_par' dir='ltr' id='par_1_77' title="bbox 28 2234 805 2267">
     <span class='ocr_line' id='line_1_77' title="bbox 28 2234 805 2267; baseline -0.005 -2"><span class='ocrx_word' id='word_1_618' title='bbox 28 2246 67 2265; x_wconf 88' lang='lat' dir='ltr'><strong>tm</strong></span> <span class='ocrx_word' id='word_1_619' title='bbox 85 2236 180 2264; x_wconf 88' lang='lat' dir='ltr'><strong>veniet</strong></span> <span class='ocrx_word' id='word_1_620' title='bbox 194 2236 227 2263; x_wconf 90' lang='lat' dir='ltr'><strong>de</strong></span> <span class='ocrx_word' id='word_1_621' title='bbox 243 2235 323 2267; x_wconf 69' lang='lat' dir='ltr'><strong>caelo,</strong></span> <span class='ocrx_word' id='word_1_622' title='bbox 343 2235 414 2263; x_wconf 87' lang='lat' dir='ltr'><strong>sicut</strong></span> <span class='ocrx_word' id='word_1_623' title='bbox 431 2234 556 2262; x_wconf 87' lang='lat' dir='ltr'><strong>viderttnt</strong></span> <span class='ocrx_word' id='word_1_624' title='bbox 572 2242 635 2262; x_wconf 88' lang='lat' dir='ltr'><strong>eum</strong></span> <span class='ocrx_word' id='word_1_625' title='bbox 651 2240 760 2263; x_wconf 89' lang='lat' dir='ltr'><strong>euntem</strong></span> <span class='ocrx_word' id='word_1_626' title='bbox 779 2236 805 2262; x_wconf 91' lang='lat' dir='ltr'><strong>in</strong></span> 
     </span>
    </p>
   </div>
   <div class='ocr_carea' id='block_1_78' title="bbox 27 2280 805 2317">
    <p class='ocr_par' dir='ltr' id='par_1_78' title="bbox 27 2280 805 2317">
     <span class='ocr_line' id='line_1_78' title="bbox 27 2280 805 2317; baseline -0.003 -6"><span class='ocrx_word' id='word_1_627' title='bbox 27 2284 116 2312; x_wconf 77' lang='lat' dir='ltr'><strong>uelum</strong></span> <span class='ocrx_word' id='word_1_628' title='bbox 133 2281 259 2317; x_wconf 85' lang='lat' dir='ltr'><strong>discipuli</strong></span> <span class='ocrx_word' id='word_1_629' title='bbox 285 2281 366 2316; x_wconf 82' lang='lat' dir='ltr'><strong>ejus?</strong></span> <span class='ocrx_word' id='word_1_630' title='bbox 387 2280 421 2308; x_wconf 87' lang='lat' dir='ltr'><strong>Et</strong></span> <span class='ocrx_word' id='word_1_631' title='bbox 441 2280 469 2308; x_wconf 88' lang='lat' dir='ltr'><strong>in</strong></span> <span class='ocrx_word' id='word_1_632' title='bbox 489 2280 663 2308; x_wconf 81' lang='lat' dir='ltr'><strong>Revelatione</strong></span> <span class='ocrx_word' id='word_1_633' title='bbox 682 2280 805 2316; x_wconf 33' lang='lat' dir='ltr'><strong>‘Joanues</strong></span> 
     </span>
    </p>
   </div>
   <div class='ocr_carea' id='block_1_79' title="bbox 32 2324 805 2359">
    <p class='ocr_par' dir='ltr' id='par_1_79' title="bbox 32 2324 805 2359">
     <span class='ocr_line' id='line_1_79' title="bbox 32 2324 805 2359; baseline -0.004 -3"><span class='ocrx_word' id='word_1_634' title='bbox 32 2327 143 2356; x_wconf 84' lang='lat' dir='ltr'><strong>militer</strong></span> <span class='ocrx_word' id='word_1_635' title='bbox 153 2326 217 2353; x_wconf 90' lang='lat' dir='ltr'><strong>dicit</strong></span> <span class='ocrx_word' id='word_1_636' title='bbox 228 2326 251 2341; x_wconf 87' lang='lat'>&quot;</span> <span class='ocrx_word' id='word_1_637' title='bbox 266 2334 273 2353; x_wconf 91' lang='lat'>:</span> <span class='ocrx_word' id='word_1_638' title='bbox 289 2324 355 2352; x_wconf 84' lang='lat' dir='ltr'><strong>Ecce</strong></span> <span class='ocrx_word' id='word_1_639' title='bbox 370 2325 450 2352; x_wconf 80' lang='lat' dir='ltr'><strong>veniet</strong></span> <span class='ocrx_word' id='word_1_640' title='bbox 465 2333 524 2351; x_wconf 85' lang='lat' dir='ltr'><strong>cum</strong></span> <span class='ocrx_word' id='word_1_641' title='bbox 537 2324 657 2359; x_wconf 85' lang='lat' dir='ltr'><strong>nubibus,</strong></span> <span class='ocrx_word' id='word_1_642' title='bbox 671 2331 695 2352; x_wconf 84' lang='lat' dir='ltr'><strong>et</strong></span> <span class='ocrx_word' id='word_1_643' title='bbox 708 2326 805 2353; x_wconf 82' lang='lat' dir='ltr'><strong>videbit</strong></span> 
     </span>
    </p>
   </div>
   <div class='ocr_carea' id='block_1_80' title="bbox 27 2371 807 2408">
    <p class='ocr_par' dir='ltr' id='par_1_80' title="bbox 27 2371 807 2408">
     <span class='ocr_line' id='line_1_80' title="bbox 27 2371 807 2408; baseline -0.003 -7"><span class='ocrx_word' id='word_1_644' title='bbox 27 2383 68 2401; x_wconf 85' lang='lat' dir='ltr'><strong>mt</strong></span> <span class='ocrx_word' id='word_1_645' title='bbox 87 2373 177 2400; x_wconf 79' lang='lat' dir='ltr'><strong>omnis</strong></span> <span class='ocrx_word' id='word_1_646' title='bbox 189 2372 292 2404; x_wconf 81' lang='lat' dir='ltr'><strong>oculus,</strong></span> <span class='ocrx_word' id='word_1_647' title='bbox 305 2376 328 2398; x_wconf 89' lang='lat' dir='ltr'><strong>et</strong></span> <span class='ocrx_word' id='word_1_648' title='bbox 343 2371 388 2406; x_wconf 80' lang='lat' dir='ltr'><strong>qui</strong></span> <span class='ocrx_word' id='word_1_649' title='bbox 401 2379 459 2398; x_wconf 85' lang='lat' dir='ltr'><strong>eum</strong></span> <span class='ocrx_word' id='word_1_650' title='bbox 481 2376 656 2406; x_wconf 81' lang='lat' dir='ltr'><strong>pupugerunt.</strong></span> <span class='ocrx_word' id='word_1_651' title='bbox 673 2371 807 2408; x_wconf 80' lang='lat' dir='ltr'><strong>lnlelligat</strong></span> 
     </span>
    </p>
   </div>
   <div class='ocr_carea' id='block_1_81' title="bbox 27 2417 807 2454">
    <p class='ocr_par' dir='ltr' id='par_1_81' title="bbox 27 2417 807 2454">
     <span class='ocr_line' id='line_1_81' title="bbox 27 2417 807 2454; baseline -0.003 -5"><span class='ocrx_word' id='word_1_652' title='bbox 27 2427 106 2449; x_wconf 82' lang='lat' dir='ltr'><strong>utem</strong></span> <span class='ocrx_word' id='word_1_653' title='bbox 125 2419 170 2454; x_wconf 93' lang='lat' dir='ltr'><strong>qui</strong></span> <span class='ocrx_word' id='word_1_654' title='bbox 185 2422 283 2453; x_wconf 87' lang='lat' dir='ltr'><strong>potest,</strong></span> <span class='ocrx_word' id='word_1_655' title='bbox 299 2423 390 2445; x_wconf 85' lang='lat' dir='ltr'><strong>utrum</strong></span> <span class='ocrx_word' id='word_1_656' title='bbox 405 2417 431 2444; x_wconf 93' lang='lat' dir='ltr'><strong>id</strong></span> <span class='ocrx_word' id='word_1_657' title='bbox 447 2417 535 2452; x_wconf 92' lang='lat' dir='ltr'><strong>ipsum</strong></span> <span class='ocrx_word' id='word_1_658' title='bbox 553 2423 596 2446; x_wconf 86' lang='lat' dir='ltr'><strong>est</strong></span> <span class='ocrx_word' id='word_1_659' title='bbox 617 2426 699 2454; x_wconf 90' lang='lat' dir='ltr'><strong>super</strong></span> <span class='ocrx_word' id='word_1_660' title='bbox 720 2419 807 2447; x_wconf 86' lang='lat' dir='ltr'><strong>nubes</strong></span> 
     </span>
    </p>
   </div>
   <div class='ocr_carea' id='block_1_82' title="bbox 27 2463 808 2498">
    <p class='ocr_par' dir='ltr' id='par_1_82' title="bbox 27 2463 808 2498">
     <span class='ocr_line' id='line_1_82' title="bbox 27 2463 808 2498; baseline -0.001 -4"><span class='ocrx_word' id='word_1_661' title='bbox 27 2467 73 2495; x_wconf 72' lang='lat' dir='ltr'><strong>teli</strong></span> <span class='ocrx_word' id='word_1_662' title='bbox 91 2465 188 2493; x_wconf 87' lang='lat' dir='ltr'><strong>venire</strong></span> <span class='ocrx_word' id='word_1_663' title='bbox 203 2472 278 2497; x_wconf 86' lang='lat' dir='ltr'><strong>eum,</strong></span> <span class='ocrx_word' id='word_1_664' title='bbox 293 2468 396 2491; x_wconf 88' lang='lat' dir='ltr'><strong>etcum</strong></span> <span class='ocrx_word' id='word_1_665' title='bbox 413 2463 531 2491; x_wconf 82' lang='lat' dir='ltr'><strong>nubibus</strong></span> <span class='ocrx_word' id='word_1_666' title='bbox 545 2471 608 2491; x_wconf 91' lang='lat' dir='ltr'><strong>eum</strong></span> <span class='ocrx_word' id='word_1_667' title='bbox 626 2465 739 2498; x_wconf 87' lang='lat' dir='ltr'><strong>venire;</strong></span> <span class='ocrx_word' id='word_1_668' title='bbox 760 2470 808 2493; x_wconf 81' lang='lat' dir='ltr'><strong>aut</strong></span> 
     </span>
    </p>
   </div>
   <div class='ocr_carea' id='block_1_83' title="bbox 27 2509 808 2548">
    <p class='ocr_par' dir='ltr' id='par_1_83' title="bbox 27 2509 808 2548">
     <span class='ocr_line' id='line_1_83' title="bbox 27 2509 808 2548; baseline -0.003 -8"><span class='ocrx_word' id='word_1_669' title='bbox 27 2514 70 2541; x_wconf 84' lang='lat' dir='ltr'><strong>liae</strong></span> <span class='ocrx_word' id='word_1_670' title='bbox 83 2511 197 2548; x_wconf 87' lang='lat' dir='ltr'><strong>quidem</strong></span> <span class='ocrx_word' id='word_1_671' title='bbox 214 2515 278 2538; x_wconf 90' lang='lat' dir='ltr'><strong>sunt</strong></span> <span class='ocrx_word' id='word_1_672' title='bbox 291 2510 377 2537; x_wconf 75' lang='lat' dir='ltr'><strong>nubes</strong></span> <span class='ocrx_word' id='word_1_673' title='bbox 388 2517 469 2544; x_wconf 81' lang='lat' dir='ltr'><strong>super</strong></span> <span class='ocrx_word' id='word_1_674' title='bbox 485 2517 553 2544; x_wconf 87' lang='lat' dir='ltr'><strong>quas</strong></span> <span class='ocrx_word' id='word_1_675' title='bbox 567 2509 664 2543; x_wconf 84' lang='lat' dir='ltr'><strong>veniet,</strong></span> <span class='ocrx_word' id='word_1_676' title='bbox 680 2510 740 2538; x_wconf 77' lang='lat' dir='ltr'><strong>aliae</strong></span> <span class='ocrx_word' id='word_1_677' title='bbox 758 2518 808 2538; x_wconf 90' lang='lat' dir='ltr'><strong>au-</strong></span> 
     </span>
    </p>
   </div>
   <div class='ocr_carea' id='block_1_84' title="bbox 27 2555 808 2592">
    <p class='ocr_par' dir='ltr' id='par_1_84' title="bbox 27 2555 808 2592">
     <span class='ocr_line' id='line_1_84' title="bbox 27 2555 808 2592; baseline -0.004 -5"><span class='ocrx_word' id='word_1_678' title='bbox 27 2568 63 2587; x_wconf 67' lang='lat' dir='ltr'><strong>em</strong></span> <span class='ocrx_word' id='word_1_679' title='bbox 80 2565 148 2586; x_wconf 90' lang='lat' dir='ltr'><strong>cum</strong></span> <span class='ocrx_word' id='word_1_680' title='bbox 160 2556 260 2592; x_wconf 84' lang='lat' dir='ltr'><strong>quibus</strong></span> <span class='ocrx_word' id='word_1_681' title='bbox 273 2555 381 2583; x_wconf 84' lang='lat' dir='ltr'><strong>veniet?</strong></span> <span class='ocrx_word' id='word_1_682' title='bbox 394 2555 543 2583; x_wconf 85' lang='lat' dir='ltr'><strong>Considera</strong></span> <span class='ocrx_word' id='word_1_683' title='bbox 559 2561 649 2583; x_wconf 87' lang='lat' dir='ltr'><strong>autem</strong></span> <span class='ocrx_word' id='word_1_684' title='bbox 662 2556 687 2583; x_wconf 92' lang='lat' dir='ltr'><strong>in</strong></span> <span class='ocrx_word' id='word_1_685' title='bbox 703 2556 808 2584; x_wconf 87' lang='lat' dir='ltr'><strong>visione</strong></span> 
     </span>
    </p>
   </div>
   <div class='ocr_carea' id='block_1_85' title="bbox 27 2602 805 2641">
    <p class='ocr_par' dir='ltr' id='par_1_85' title="bbox 27 2602 805 2641">
     <span class='ocr_line' id='line_1_85' title="bbox 27 2602 805 2641; baseline -0.004 -8"><span class='ocrx_word' id='word_1_686' title='bbox 27 2604 146 2641; x_wconf 70' lang='lat' dir='ltr'><strong>Egyptia</strong></span> <span class='ocrx_word' id='word_1_687' title='bbox 161 2603 258 2631; x_wconf 88' lang='lat' dir='ltr'><strong>Isaiam</strong></span> <span class='ocrx_word' id='word_1_688' title='bbox 276 2603 409 2631; x_wconf 88' lang='lat' dir='ltr'><strong>dicentem</strong></span> <span class='ocrx_word' id='word_1_689' title='bbox 431 2603 454 2618; x_wconf 81' lang='grc'><strong>⁸⁸</strong></span> <span class='ocrx_word' id='word_1_690' title='bbox 470 2612 476 2630; x_wconf 89' lang='lat'>:</span> <span class='ocrx_word' id='word_1_691' title='bbox 498 2602 566 2630; x_wconf 80' lang='lat' dir='ltr'><strong>Ecce</strong></span> <span class='ocrx_word' id='word_1_692' title='bbox 590 2603 716 2630; x_wconf 80' lang='lat' dir='ltr'><strong>Dominus</strong></span> <span class='ocrx_word' id='word_1_693' title='bbox 735 2604 805 2630; x_wconf 79' lang='lat' dir='ltr'><strong>sedet</strong></span> 
     </span>
    </p>
   </div>
   <div class='ocr_carea' id='block_1_86' title="bbox 27 2647 804 2686">
    <p class='ocr_par' dir='ltr' id='par_1_86' title="bbox 27 2647 804 2686">
     <span class='ocr_line' id='line_1_86' title="bbox 27 2647 804 2686; baseline -0.003 -8"><span class='ocrx_word' id='word_1_694' title='bbox 27 2658 91 2686; x_wconf 70' lang='lat' dir='ltr'><strong>iper</strong></span> <span class='ocrx_word' id='word_1_695' title='bbox 110 2648 204 2676; x_wconf 84' lang='lat' dir='ltr'><strong>nubem</strong></span> <span class='ocrx_word' id='word_1_696' title='bbox 220 2648 317 2681; x_wconf 85' lang='lat' dir='ltr'><strong>levem,</strong></span> <span class='ocrx_word' id='word_1_697' title='bbox 334 2653 359 2676; x_wconf 86' lang='lat' dir='ltr'><strong>et</strong></span> <span class='ocrx_word' id='word_1_698' title='bbox 378 2649 459 2675; x_wconf 82' lang='lat' dir='ltr'><strong>veniet</strong></span> <span class='ocrx_word' id='word_1_699' title='bbox 485 2648 512 2675; x_wconf 87' lang='lat' dir='ltr'><strong>in</strong></span> <span class='ocrx_word' id='word_1_700' title='bbox 532 2647 688 2683; x_wconf 62' lang='lat' dir='ltr'><strong>Egyptum.</strong></span> <span class='ocrx_word' id='word_1_701' title='bbox 708 2647 804 2676; x_wconf 87' lang='lat' dir='ltr'><strong>Utrum</strong></span> 
     </span>
    </p>
   </div>
   <div class='ocr_carea' id='block_1_87' title="bbox 27 2694 805 2732">
    <p class='ocr_par' dir='ltr' id='par_1_87' title="bbox 27 2694 805 2732">
     <span class='ocr_line' id='line_1_87' title="bbox 27 2694 805 2732; baseline 0.003 -11"><span class='ocrx_word' id='word_1_702' title='bbox 27 2697 164 2732; x_wconf 66' lang='lat' dir='ltr'><strong>Egyptum</strong></span> <span class='ocrx_word' id='word_1_703' title='bbox 180 2695 246 2722; x_wconf 87' lang='lat' dir='ltr'><strong>dicit</strong></span> <span class='ocrx_word' id='word_1_704' title='bbox 261 2694 332 2722; x_wconf 87' lang='lat' dir='ltr'><strong>hanc</strong></span> <span class='ocrx_word' id='word_1_705' title='bbox 346 2702 408 2730; x_wconf 74' lang='lat' dir='ltr'><strong>qua:</strong></span> <span class='ocrx_word' id='word_1_706' title='bbox 428 2695 610 2721; x_wconf 85' lang='lat' dir='ltr'><strong>communiter</strong></span> <span class='ocrx_word' id='word_1_707' title='bbox 634 2694 805 2730; x_wconf 73' lang='lat' dir='ltr'><strong>intelligitur,</strong></span> 
     </span>
    </p>
   </div>
   <div class='ocr_carea' id='block_1_88' title="bbox 27 2739 807 2776">
    <p class='ocr_par' dir='ltr' id='par_1_88' title="bbox 27 2739 807 2776">
     <span class='ocr_line' id='line_1_88' title="bbox 27 2739 807 2776; baseline -0.003 -5"><span class='ocrx_word' id='word_1_708' title='bbox 27 2753 40 2771; x_wconf 75' lang='grc' dir='ltr'><strong>ιι</strong></span> <span class='ocrx_word' id='word_1_709' title='bbox 59 2747 155 2770; x_wconf 87' lang='lat' dir='ltr'><strong>totum</strong></span> <span class='ocrx_word' id='word_1_710' title='bbox 178 2741 317 2768; x_wconf 89' lang='lat' dir='ltr'><strong>mundum.</strong></span> <span class='ocrx_word' id='word_1_711' title='bbox 347 2739 502 2769; x_wconf 85' lang='lat' dir='ltr'><strong>Secundum</strong></span> <span class='ocrx_word' id='word_1_712' title='bbox 523 2740 595 2767; x_wconf 83' lang='lat' dir='ltr'><strong>enim</strong></span> <span class='ocrx_word' id='word_1_713' title='bbox 621 2741 709 2776; x_wconf 90' lang='lat' dir='ltr'><strong>ipsum</strong></span> <span class='ocrx_word' id='word_1_714' title='bbox 723 2741 807 2769; x_wconf 82' lang='lat' dir='ltr'><strong>Joan-</strong></span> 
     </span>
    </p>
   </div>
   <div class='ocr_carea' id='block_1_89' title="bbox 38 2843 618 2877">
    <p class='ocr_par' dir='ltr' id='par_1_89' title="bbox 38 2843 618 2877">
     <span class='ocr_line' id='line_1_89' title="bbox 38 2843 618 2877; baseline -0.003 -6"><span class='ocrx_word' id='word_1_715' title='bbox 38 2849 65 2863; x_wconf 85' lang='grc' dir='ltr'><strong>τ·</strong></span> <span class='ocrx_word' id='word_1_716' title='bbox 81 2844 154 2872; x_wconf 87' lang='lat' dir='ltr'><strong>Luc.</strong></span> <span class='ocrx_word' id='word_1_717' title='bbox 168 2851 228 2877; x_wconf 87' lang='lat' dir='ltr'><strong>vnt,</strong></span> <span class='ocrx_word' id='word_1_718' title='bbox 240 2844 285 2871; x_wconf 72' lang='grc'><strong>46.</strong></span> <span class='ocrx_word' id='word_1_719' title='bbox 339 2844 362 2860; x_wconf 75' lang='grc'>⁷⁸</span> <span class='ocrx_word' id='word_1_720' title='bbox 372 2843 470 2872; x_wconf 84' lang='lat' dir='ltr'><strong>Matth.</strong></span> <span class='ocrx_word' id='word_1_721' title='bbox 485 2851 560 2873; x_wconf 72' lang='lat' dir='ltr'><strong>xxxv.</strong></span> <span class='ocrx_word' id='word_1_722' title='bbox 574 2843 618 2870; x_wconf 84' lang='lat'><strong>50.</strong></span> 
     </span>
    </p>
   </div>
   <div class='ocr_carea' id='block_1_90' title="bbox 35 2878 751 2915">
    <p class='ocr_par' dir='ltr' id='par_1_90' title="bbox 35 2878 751 2915">
     <span class='ocr_line' id='line_1_90' title="bbox 35 2878 751 2915; baseline -0.003 -9"><span class='ocrx_word' id='word_1_723' title='bbox 35 2885 135 2915; x_wconf 71' lang='lat' dir='ltr'><strong>Apoc.</strong></span> <span class='ocrx_word' id='word_1_724' title='bbox 151 2887 187 2909; x_wconf 76' lang='lat' dir='ltr'><strong>tu.</strong></span> <span class='ocrx_word' id='word_1_725' title='bbox 203 2881 228 2908; x_wconf 84' lang='lat'><strong>8.</strong></span> <span class='ocrx_word' id='word_1_726' title='bbox 267 2880 288 2895; x_wconf 83' lang='grc'><strong>¹⁴¹</strong></span> <span class='ocrx_word' id='word_1_727' title='bbox 302 2878 352 2907; x_wconf 78' lang='lat' dir='ltr'><strong>lsa.</strong></span> <span class='ocrx_word' id='word_1_728' title='bbox 370 2887 388 2911; x_wconf 86' lang='grc' dir='ltr'><strong>ι,</strong></span> <span class='ocrx_word' id='word_1_729' title='bbox 405 2879 448 2906; x_wconf 82' lang='grc'><strong>10.</strong></span> <span class='ocrx_word' id='word_1_730' title='bbox 486 2879 530 2906; x_wconf 69' lang='grc' dir='ltr'><strong>ιιι</strong></span> <span class='ocrx_word' id='word_1_731' title='bbox 547 2878 642 2906; x_wconf 74' lang='lat' dir='ltr'><strong>Thess.</strong></span> <span class='ocrx_word' id='word_1_732' title='bbox 659 2886 695 2911; x_wconf 85' lang='lat' dir='ltr'><strong>tv,</strong></span> <span class='ocrx_word' id='word_1_733' title='bbox 709 2879 751 2904; x_wconf 78' lang='lat' dir='ltr'><strong>Hi.</strong></span> 
     </span>
    </p>
   </div>
   <div class='ocr_carea' id='block_1_91' title="bbox 675 2841 916 2874">
    <p class='ocr_par' dir='ltr' id='par_1_91' title="bbox 675 2841 916 2874">
     <span class='ocr_line' id='line_1_91' title="bbox 675 2841 916 2874; baseline 0 -6"><span class='ocrx_word' id='word_1_734' title='bbox 675 2843 695 2857; x_wconf 87' lang='lat'>&quot;</span> <span class='ocrx_word' id='word_1_735' title='bbox 708 2841 803 2869; x_wconf 83' lang='lat' dir='ltr'><strong>&quot;Cor.</strong></span> <span class='ocrx_word' id='word_1_736' title='bbox 820 2850 859 2874; x_wconf 86' lang='lat' dir='ltr'><strong>Ill,</strong></span> <span class='ocrx_word' id='word_1_737' title='bbox 873 2842 916 2869; x_wconf 83' lang='lat' dir='ltr'><strong>‘ll.</strong></span> 
     </span>
    </p>
   </div>
   <div class='ocr_carea' id='block_1_92' title="bbox 791 2876 1069 2910">
    <p class='ocr_par' dir='ltr' id='par_1_92' title="bbox 791 2876 1069 2910">
     <span class='ocr_line' id='line_1_92' title="bbox 791 2876 1069 2910; baseline 0.004 -7"><span class='ocrx_word' id='word_1_738' title='bbox 791 2878 814 2893; x_wconf 67' lang='grc'><strong>⁸⁵</strong></span> <span class='ocrx_word' id='word_1_739' title='bbox 824 2876 919 2904; x_wconf 80' lang='lat' dir='ltr'><strong>Matth.</strong></span> <span class='ocrx_word' id='word_1_740' title='bbox 936 2885 1010 2910; x_wconf 74' lang='lat' dir='ltr'><strong>xxtv,</strong></span> <span class='ocrx_word' id='word_1_741' title='bbox 1025 2877 1069 2904; x_wconf 77' lang='lat'><strong>3|.</strong></span> 
     </span>
    </p>
   </div>
   <div class='ocr_carea' id='block_1_93' title="bbox 857 1589 1651 1629">
    <p class='ocr_par' dir='ltr' id='par_1_93' title="bbox 857 1589 1651 1629">
     <span class='ocr_line' id='line_1_93' title="bbox 857 1589 1651 1629; baseline -0.008 -7"><span class='ocrx_word' id='word_1_742' title='bbox 857 1598 909 1629; x_wconf 92' lang='lat' dir='ltr'><strong>tes,</strong></span> <span class='ocrx_word' id='word_1_743' title='bbox 926 1593 983 1622; x_wconf 87' lang='lat' dir='ltr'><strong>sive</strong></span> <span class='ocrx_word' id='word_1_744' title='bbox 992 1593 1166 1621; x_wconf 87' lang='lat' dir='ltr'><strong>beatissitnos</strong></span> <span class='ocrx_word' id='word_1_745' title='bbox 1181 1591 1338 1627; x_wconf 87' lang='lat' dir='ltr'><strong>prophetas.</strong></span> <span class='ocrx_word' id='word_1_746' title='bbox 1352 1589 1385 1617; x_wconf 91' lang='lat' dir='ltr'><strong>Et</strong></span> <span class='ocrx_word' id='word_1_747' title='bbox 1395 1590 1478 1624; x_wconf 81' lang='lat' dir='ltr'><strong>dicet,</strong></span> <span class='ocrx_word' id='word_1_748' title='bbox 1491 1589 1537 1625; x_wconf 90' lang='lat' dir='ltr'><strong>qui</strong></span> <span class='ocrx_word' id='word_1_749' title='bbox 1553 1597 1651 1617; x_wconf 77' lang='lat' dir='ltr'><strong>secun-</strong></span> 
     </span>
    </p>
   </div>
   <div class='ocr_carea' id='block_1_94' title="bbox 856 1634 1648 1675">
    <p class='ocr_par' dir='ltr' id='par_1_94' title="bbox 856 1634 1648 1675">
     <span class='ocr_line' id='line_1_94' title="bbox 856 1634 1648 1675; baseline -0.006 -8"><span class='ocrx_word' id='word_1_750' title='bbox 856 1640 921 1668; x_wconf 92' lang='lat' dir='ltr'><strong>dum</strong></span> <span class='ocrx_word' id='word_1_751' title='bbox 938 1643 964 1667; x_wconf 89' lang='lat' dir='ltr'><strong>ct</strong></span> <span class='ocrx_word' id='word_1_752' title='bbox 982 1639 1130 1675; x_wconf 82' lang='lat' dir='ltr'><strong>gloriosum</strong></span> <span class='ocrx_word' id='word_1_753' title='bbox 1151 1637 1233 1665; x_wconf 81' lang='lat' dir='ltr'><strong>Verbi</strong></span> <span class='ocrx_word' id='word_1_754' title='bbox 1247 1636 1392 1664; x_wconf 86' lang='lat' dir='ltr'><strong>adventum</strong></span> <span class='ocrx_word' id='word_1_755' title='bbox 1411 1635 1532 1663; x_wconf 77' lang='lat' dir='ltr'><strong>futurum</strong></span> <span class='ocrx_word' id='word_1_756' title='bbox 1558 1634 1648 1663; x_wconf 87' lang='lat' dir='ltr'><strong>homi-</strong></span> 
     </span>
    </p>
   </div>
   <div class='ocr_carea' id='block_1_95' title="bbox 857 1681 1649 1714">
    <p class='ocr_par' dir='ltr' id='par_1_95' title="bbox 857 1681 1649 1714">
     <span class='ocr_line' id='line_1_95' title="bbox 857 1681 1649 1714; baseline -0.008 0"><span class='ocrx_word' id='word_1_757' title='bbox 857 1687 937 1714; x_wconf 88' lang='lat' dir='ltr'><strong>nibus</strong></span> <span class='ocrx_word' id='word_1_758' title='bbox 951 1686 978 1713; x_wconf 93' lang='lat' dir='ltr'><strong>in</strong></span> <span class='ocrx_word' id='word_1_759' title='bbox 994 1684 1257 1712; x_wconf 86' lang='lat' dir='ltr'><strong>consummationem</strong></span> <span class='ocrx_word' id='word_1_760' title='bbox 1276 1683 1367 1710; x_wconf 71' lang='lat' dir='ltr'><strong>steculi</strong></span> <span class='ocrx_word' id='word_1_761' title='bbox 1381 1682 1520 1710; x_wconf 80' lang='lat' dir='ltr'><strong>moraliter</strong></span> <span class='ocrx_word' id='word_1_762' title='bbox 1535 1681 1649 1709; x_wconf 80' lang='lat' dir='ltr'><strong>conﬁte—</strong></span> 
     </span>
    </p>
   </div>
   <div class='ocr_carea' id='block_1_96' title="bbox 857 1728 1649 1766">
    <p class='ocr_par' dir='ltr' id='par_1_96' title="bbox 857 1728 1649 1766">
     <span class='ocr_line' id='line_1_96' title="bbox 857 1728 1649 1766; baseline -0.008 -6"><span class='ocrx_word' id='word_1_763' title='bbox 857 1737 911 1765; x_wconf 79' lang='lat' dir='ltr'><strong>tur,</strong></span> <span class='ocrx_word' id='word_1_764' title='bbox 928 1731 999 1760; x_wconf 87' lang='lat' dir='ltr'><strong>sicut</strong></span> <span class='ocrx_word' id='word_1_765' title='bbox 1013 1738 1095 1766; x_wconf 86' lang='lat' dir='ltr'><strong>supra</strong></span> <span class='ocrx_word' id='word_1_766' title='bbox 1109 1730 1229 1758; x_wconf 79' lang='lat' dir='ltr'><strong>diximus</strong></span> <span class='ocrx_word' id='word_1_767' title='bbox 1241 1729 1381 1761; x_wconf 86' lang='lat' dir='ltr'><strong>traditum,</strong></span> <span class='ocrx_word' id='word_1_768' title='bbox 1397 1728 1444 1756; x_wconf 86' lang='lat' dir='ltr'><strong>sed</strong></span> <span class='ocrx_word' id='word_1_769' title='bbox 1460 1735 1514 1755; x_wconf 90' lang='lat' dir='ltr'><strong>non</strong></span> <span class='ocrx_word' id='word_1_770' title='bbox 1527 1728 1649 1755; x_wconf 88' lang='lat' dir='ltr'><strong>destruet</strong></span> 
     </span>
    </p>
   </div>
   <div class='ocr_carea' id='block_1_97' title="bbox 856 1774 1648 1810">
    <p class='ocr_par' dir='ltr' id='par_1_97' title="bbox 856 1774 1648 1810">
     <span class='ocr_line' id='line_1_97' title="bbox 856 1774 1648 1810; baseline -0.008 -4"><span class='ocrx_word' id='word_1_771' title='bbox 856 1779 938 1806; x_wconf 90' lang='lat' dir='ltr'><strong>etiam</strong></span> <span class='ocrx_word' id='word_1_772' title='bbox 961 1782 1074 1805; x_wconf 79' lang='lat' dir='ltr'><strong>textum.</strong></span> <span class='ocrx_word' id='word_1_773' title='bbox 1096 1776 1148 1809; x_wconf 83' lang='lat' dir='ltr'><strong>Qui</strong></span> <span class='ocrx_word' id='word_1_774' title='bbox 1165 1780 1256 1803; x_wconf 84' lang='lat' dir='ltr'><strong>autem</strong></span> <span class='ocrx_word' id='word_1_775' title='bbox 1284 1774 1431 1810; x_wconf 85' lang='lat' dir='ltr'><strong>dispiciens</strong></span> <span class='ocrx_word' id='word_1_776' title='bbox 1451 1774 1600 1810; x_wconf 81' lang='lat' dir='ltr'><strong>gloriosum</strong></span> <span class='ocrx_word' id='word_1_777' title='bbox 1621 1778 1648 1801; x_wconf 87' lang='lat' dir='ltr'><strong>et</strong></span> 
     </span>
    </p>
   </div>
   <div class='ocr_carea' id='block_1_98' title="bbox 856 1815 1646 1854">
    <p class='ocr_par' dir='ltr' id='par_1_98' title="bbox 856 1815 1646 1854">
     <span class='ocr_line' id='line_1_98' title="bbox 856 1815 1646 1854; baseline -0.006 -2"><span class='ocrx_word' id='word_1_778' title='bbox 856 1815 1044 1852; x_wconf 83' lang='lat' dir='ltr'><strong>admirabilem</strong></span> <span class='ocrx_word' id='word_1_779' title='bbox 1059 1827 1162 1850; x_wconf 79' lang='lat' dir='ltr'><strong>textum</strong></span> <span class='ocrx_word' id='word_1_780' title='bbox 1177 1821 1239 1854; x_wconf 89' lang='lat' dir='ltr'><strong>loci,</strong></span> <span class='ocrx_word' id='word_1_781' title='bbox 1253 1825 1280 1848; x_wconf 89' lang='lat' dir='ltr'><strong>et</strong></span> <span class='ocrx_word' id='word_1_782' title='bbox 1291 1821 1362 1848; x_wconf 88' lang='lat' dir='ltr'><strong>sicut</strong></span> <span class='ocrx_word' id='word_1_783' title='bbox 1375 1820 1420 1848; x_wconf 86' lang='lat' dir='ltr'><strong>Dei</strong></span> <span class='ocrx_word' id='word_1_784' title='bbox 1432 1820 1573 1847; x_wconf 83' lang='lat' dir='ltr'><strong>amicusin</strong></span> <span class='ocrx_word' id='word_1_785' title='bbox 1587 1820 1646 1848; x_wconf 91' lang='lat' dir='ltr'><strong>solo</strong></span> 
     </span>
    </p>
   </div>
   <div class='ocr_carea' id='block_1_99' title="bbox 857 1865 1646 1906">
    <p class='ocr_par' dir='ltr' id='par_1_99' title="bbox 857 1865 1646 1906">
     <span class='ocr_line' id='line_1_99' title="bbox 857 1865 1646 1906; baseline -0.009 -7"><span class='ocrx_word' id='word_1_786' title='bbox 857 1869 972 1906; x_wconf 83' lang='lat' dir='ltr'><strong>spiritali</strong></span> <span class='ocrx_word' id='word_1_787' title='bbox 991 1872 1068 1905; x_wconf 88' lang='lat' dir='ltr'><strong>putat</strong></span> <span class='ocrx_word' id='word_1_788' title='bbox 1080 1868 1232 1895; x_wconf 86' lang='lat' dir='ltr'><strong>consistere</strong></span> <span class='ocrx_word' id='word_1_789' title='bbox 1245 1874 1350 1900; x_wconf 83' lang='lat' dir='ltr'><strong>verum,</strong></span> <span class='ocrx_word' id='word_1_790' title='bbox 1365 1865 1560 1901; x_wconf 77' lang='lat' dir='ltr'><strong>ignoscendum</strong></span> <span class='ocrx_word' id='word_1_791' title='bbox 1585 1873 1646 1893; x_wconf 89' lang='lat' dir='ltr'><strong>esse</strong></span> 
     </span>
    </p>
   </div>
   <div class='ocr_carea' id='block_1_100' title="bbox 857 1910 1645 1951">
    <p class='ocr_par' dir='ltr' id='par_1_100' title="bbox 857 1910 1645 1951">
     <span class='ocr_line' id='line_1_100' title="bbox 857 1910 1645 1951; baseline -0.009 -7"><span class='ocrx_word' id='word_1_792' title='bbox 857 1917 928 1945; x_wconf 89' lang='lat' dir='ltr'><strong>dicet</strong></span> <span class='ocrx_word' id='word_1_793' title='bbox 943 1914 1022 1951; x_wconf 88' lang='lat' dir='ltr'><strong>quasi</strong></span> <span class='ocrx_word' id='word_1_794' title='bbox 1042 1913 1133 1949; x_wconf 88' lang='lat' dir='ltr'><strong>pueris</strong></span> <span class='ocrx_word' id='word_1_795' title='bbox 1159 1918 1186 1940; x_wconf 89' lang='lat' dir='ltr'><strong>et</strong></span> <span class='ocrx_word' id='word_1_796' title='bbox 1204 1911 1325 1947; x_wconf 88' lang='lat' dir='ltr'><strong>parvulis</strong></span> <span class='ocrx_word' id='word_1_797' title='bbox 1348 1912 1374 1938; x_wconf 94' lang='lat' dir='ltr'><strong>in</strong></span> <span class='ocrx_word' id='word_1_798' title='bbox 1396 1910 1506 1938; x_wconf 88' lang='lat' dir='ltr'><strong>Christo</strong></span> <span class='ocrx_word' id='word_1_799' title='bbox 1531 1910 1572 1938; x_wconf 91' lang='lat' dir='ltr'><strong>eis</strong></span> <span class='ocrx_word' id='word_1_800' title='bbox 1599 1912 1645 1946; x_wconf 87' lang='lat' dir='ltr'><strong>qui</strong></span> 
     </span>
    </p>
   </div>
   <div class='ocr_carea' id='block_1_101' title="bbox 857 1955 1647 1995">
    <p class='ocr_par' dir='ltr' id='par_1_101' title="bbox 857 1955 1647 1995">
     <span class='ocr_line' id='line_1_101' title="bbox 857 1955 1647 1995; baseline -0.006 -8"><span class='ocrx_word' id='word_1_801' title='bbox 857 1959 1034 1995; x_wconf 86' lang='lat' dir='ltr'><strong>corporaliter</strong></span> <span class='ocrx_word' id='word_1_802' title='bbox 1047 1957 1200 1992; x_wconf 85' lang='lat' dir='ltr'><strong>suscipiunt</strong></span> <span class='ocrx_word' id='word_1_803' title='bbox 1215 1956 1275 1984; x_wconf 91' lang='lat' dir='ltr'><strong>ista.</strong></span> <span class='ocrx_word' id='word_1_804' title='bbox 1290 1955 1359 1983; x_wconf 87' lang='lat' dir='ltr'><strong>Cum</strong></span> <span class='ocrx_word' id='word_1_805' title='bbox 1375 1956 1461 1983; x_wconf 88' lang='lat' dir='ltr'><strong>multa</strong></span> <span class='ocrx_word' id='word_1_806' title='bbox 1482 1959 1573 1983; x_wconf 75' lang='lat' dir='ltr'><strong>autem</strong></span> <span class='ocrx_word' id='word_1_807' title='bbox 1590 1956 1647 1983; x_wconf 89' lang='lat' dir='ltr'><strong>vir-</strong></span> 
     </span>
    </p>
   </div>
   <div class='ocr_carea' id='block_1_102' title="bbox 859 2002 1648 2040">
    <p class='ocr_par' dir='ltr' id='par_1_102' title="bbox 859 2002 1648 2040">
     <span class='ocr_line' id='line_1_102' title="bbox 859 2002 1648 2040; baseline -0.005 -6"><span class='ocrx_word' id='word_1_808' title='bbox 859 2011 914 2034; x_wconf 90' lang='lat' dir='ltr'><strong>tute</strong></span> <span class='ocrx_word' id='word_1_809' title='bbox 931 2006 1003 2033; x_wconf 88' lang='lat' dir='ltr'><strong>venit</strong></span> <span class='ocrx_word' id='word_1_810' title='bbox 1018 2004 1139 2040; x_wconf 87' lang='lat' dir='ltr'><strong>quotidie</strong></span> <span class='ocrx_word' id='word_1_811' title='bbox 1153 2003 1186 2030; x_wconf 88' lang='lat' dir='ltr'><strong>ad</strong></span> <span class='ocrx_word' id='word_1_812' title='bbox 1202 2003 1322 2030; x_wconf 86' lang='lat' dir='ltr'><strong>animam</strong></span> <span class='ocrx_word' id='word_1_813' title='bbox 1337 2003 1427 2030; x_wconf 89' lang='lat' dir='ltr'><strong>omnis</strong></span> <span class='ocrx_word' id='word_1_814' title='bbox 1448 2002 1583 2030; x_wconf 90' lang='lat' dir='ltr'><strong>credentis</strong></span> <span class='ocrx_word' id='word_1_815' title='bbox 1603 2010 1648 2030; x_wconf 86' lang='lat' dir='ltr'><strong>se-</strong></span> 
     </span>
    </p>
   </div>
   <div class='ocr_carea' id='block_1_103' title="bbox 857 2048 1647 2084">
    <p class='ocr_par' dir='ltr' id='par_1_103' title="bbox 857 2048 1647 2084">
     <span class='ocr_line' id='line_1_103' title="bbox 857 2048 1647 2084; baseline -0.004 -4"><span class='ocrx_word' id='word_1_816' title='bbox 857 2052 962 2080; x_wconf 87' lang='lat' dir='ltr'><strong>cundus</strong></span> <span class='ocrx_word' id='word_1_817' title='bbox 978 2050 1058 2078; x_wconf 80' lang='lat' dir='ltr'><strong>Verbi</strong></span> <span class='ocrx_word' id='word_1_818' title='bbox 1078 2050 1209 2077; x_wconf 86' lang='lat' dir='ltr'><strong>adventus</strong></span> <span class='ocrx_word' id='word_1_819' title='bbox 1227 2049 1254 2076; x_wconf 87' lang='lat' dir='ltr'><strong>itt</strong></span> <span class='ocrx_word' id='word_1_820' title='bbox 1277 2049 1395 2077; x_wconf 90' lang='lat' dir='ltr'><strong>nubibus</strong></span> <span class='ocrx_word' id='word_1_821' title='bbox 1412 2048 1598 2084; x_wconf 87' lang='lat' dir='ltr'><strong>propheticis,</strong></span> <span class='ocrx_word' id='word_1_822' title='bbox 1621 2050 1647 2077; x_wconf 90' lang='lat' dir='ltr'><strong>id</strong></span> 
     </span>
    </p>
   </div>
   <div class='ocr_carea' id='block_1_104' title="bbox 857 2094 1649 2132">
    <p class='ocr_par' dir='ltr' id='par_1_104' title="bbox 857 2094 1649 2132">
     <span class='ocr_line' id='line_1_104' title="bbox 857 2094 1649 2132; baseline -0.006 -6"><span class='ocrx_word' id='word_1_823' title='bbox 857 2102 898 2126; x_wconf 82' lang='lat' dir='ltr'><strong>est</strong></span> <span class='ocrx_word' id='word_1_824' title='bbox 912 2097 939 2124; x_wconf 90' lang='lat' dir='ltr'><strong>in</strong></span> <span class='ocrx_word' id='word_1_825' title='bbox 958 2096 1107 2132; x_wconf 90' lang='lat' dir='ltr'><strong>Scripturis</strong></span> <span class='ocrx_word' id='word_1_826' title='bbox 1121 2095 1314 2131; x_wconf 85' lang='lat' dir='ltr'><strong>prophetarum</strong></span> <span class='ocrx_word' id='word_1_827' title='bbox 1331 2099 1356 2122; x_wconf 90' lang='lat' dir='ltr'><strong>et</strong></span> <span class='ocrx_word' id='word_1_828' title='bbox 1372 2094 1569 2130; x_wconf 84' lang='lat' dir='ltr'><strong>apostolorum,</strong></span> <span class='ocrx_word' id='word_1_829' title='bbox 1586 2103 1649 2131; x_wconf 71' lang='lat' dir='ltr'><strong>qua:</strong></span> 
     </span>
    </p>
   </div>
   <div class='ocr_carea' id='block_1_105' title="bbox 857 2139 1648 2176">
    <p class='ocr_par' dir='ltr' id='par_1_105' title="bbox 857 2139 1648 2176">
     <span class='ocr_line' id='line_1_105' title="bbox 857 2139 1648 2176; baseline -0.004 -5"><span class='ocrx_word' id='word_1_830' title='bbox 857 2143 1105 2172; x_wconf 81' lang='lat' dir='ltr'><strong>manifestanteum</strong></span> <span class='ocrx_word' id='word_1_831' title='bbox 1119 2162 1126 2176; x_wconf 93' lang='lat'><strong>,</strong></span> <span class='ocrx_word' id='word_1_832' title='bbox 1147 2145 1175 2169; x_wconf 91' lang='lat' dir='ltr'><strong>et</strong></span> <span class='ocrx_word' id='word_1_833' title='bbox 1192 2141 1219 2168; x_wconf 89' lang='lat' dir='ltr'><strong>in</strong></span> <span class='ocrx_word' id='word_1_834' title='bbox 1237 2140 1365 2168; x_wconf 88' lang='lat' dir='ltr'><strong>omnibus</strong></span> <span class='ocrx_word' id='word_1_835' title='bbox 1385 2139 1474 2168; x_wconf 85' lang='lat' dir='ltr'><strong>verbis</strong></span> <span class='ocrx_word' id='word_1_836' title='bbox 1494 2141 1552 2169; x_wconf 89' lang='lat' dir='ltr'><strong>suis</strong></span> <span class='ocrx_word' id='word_1_837' title='bbox 1574 2140 1648 2168; x_wconf 90' lang='lat' dir='ltr'><strong>veri-</strong></span> 
     </span>
    </p>
   </div>
   <div class='ocr_carea' id='block_1_106' title="bbox 857 2187 1650 2220">
    <p class='ocr_par' dir='ltr' id='par_1_106' title="bbox 857 2187 1650 2220">
     <span class='ocr_line' id='line_1_106' title="bbox 857 2187 1650 2220; baseline -0.004 -3"><span class='ocrx_word' id='word_1_838' title='bbox 857 2190 922 2218; x_wconf 88' lang='lat' dir='ltr'><strong>tatis</strong></span> <span class='ocrx_word' id='word_1_839' title='bbox 945 2190 1036 2217; x_wconf 90' lang='lat' dir='ltr'><strong>lutnen</strong></span> <span class='ocrx_word' id='word_1_840' title='bbox 1065 2187 1233 2220; x_wconf 85' lang='lat' dir='ltr'><strong>ostendunt,</strong></span> <span class='ocrx_word' id='word_1_841' title='bbox 1257 2191 1284 2214; x_wconf 86' lang='lat' dir='ltr'><strong>et</strong></span> <span class='ocrx_word' id='word_1_842' title='bbox 1304 2187 1472 2215; x_wconf 88' lang='lat' dir='ltr'><strong>exorientem</strong></span> <span class='ocrx_word' id='word_1_843' title='bbox 1494 2194 1556 2215; x_wconf 86' lang='lat' dir='ltr'><strong>eum</strong></span> <span class='ocrx_word' id='word_1_844' title='bbox 1579 2187 1650 2215; x_wconf 59' lang='lat' dir='ltr'><strong>divi.</strong></span> 
     </span>
    </p>
   </div>
   <div class='ocr_carea' id='block_1_107' title="bbox 858 2233 1649 2270">
    <p class='ocr_par' dir='ltr' id='par_1_107' title="bbox 858 2233 1649 2270">
     <span class='ocr_line' id='line_1_107' title="bbox 858 2233 1649 2270; baseline -0.001 -7"><span class='ocrx_word' id='word_1_845' title='bbox 858 2236 900 2264; x_wconf 89' lang='lat' dir='ltr'><strong>uis</strong></span> <span class='ocrx_word' id='word_1_846' title='bbox 916 2239 943 2263; x_wconf 88' lang='lat' dir='ltr'><strong>et</strong></span> <span class='ocrx_word' id='word_1_847' title='bbox 960 2241 1041 2270; x_wconf 90' lang='lat' dir='ltr'><strong>super</strong></span> <span class='ocrx_word' id='word_1_848' title='bbox 1062 2234 1210 2262; x_wconf 88' lang='lat' dir='ltr'><strong>hutnanam</strong></span> <span class='ocrx_word' id='word_1_849' title='bbox 1236 2237 1361 2261; x_wconf 89' lang='lat' dir='ltr'><strong>naturam</strong></span> <span class='ocrx_word' id='word_1_850' title='bbox 1389 2233 1571 2261; x_wconf 88' lang='lat' dir='ltr'><strong>intellectibus</strong></span> <span class='ocrx_word' id='word_1_851' title='bbox 1591 2234 1649 2262; x_wconf 79' lang='lat' dir='ltr'><strong>suis</strong></span> 
     </span>
    </p>
   </div>
   <div class='ocr_carea' id='block_1_108' title="bbox 858 2280 1649 2315">
    <p class='ocr_par' dir='ltr' id='par_1_108' title="bbox 858 2280 1649 2315">
     <span class='ocr_line' id='line_1_108' title="bbox 858 2280 1649 2315; baseline -0.005 -5"><span class='ocrx_word' id='word_1_852' title='bbox 858 2282 1008 2310; x_wconf 84' lang='lat' dir='ltr'><strong>declarant.</strong></span> <span class='ocrx_word' id='word_1_853' title='bbox 1027 2281 1072 2308; x_wconf 86' lang='lat' dir='ltr'><strong>Sic</strong></span> <span class='ocrx_word' id='word_1_854' title='bbox 1088 2285 1179 2308; x_wconf 89' lang='lat' dir='ltr'><strong>autem</strong></span> <span class='ocrx_word' id='word_1_855' title='bbox 1193 2280 1233 2308; x_wconf 88' lang='lat' dir='ltr'><strong>eis</strong></span> <span class='ocrx_word' id='word_1_856' title='bbox 1247 2280 1294 2315; x_wconf 90' lang='lat' dir='ltr'><strong>qui</strong></span> <span class='ocrx_word' id='word_1_857' title='bbox 1313 2280 1467 2315; x_wconf 76' lang='lat' dir='ltr'><strong>intelligunt</strong></span> <span class='ocrx_word' id='word_1_858' title='bbox 1489 2281 1649 2308; x_wconf 78' lang='lat' dir='ltr'><strong>manifesta-</strong></span> 
     </span>
    </p>
   </div>
   <div class='ocr_carea' id='block_1_109' title="bbox 859 2325 1649 2363">
    <p class='ocr_par' dir='ltr' id='par_1_109' title="bbox 859 2325 1649 2363">
     <span class='ocr_line' id='line_1_109' title="bbox 859 2325 1649 2363; baseline -0.005 -7"><span class='ocrx_word' id='word_1_859' title='bbox 859 2334 945 2356; x_wconf 88' lang='lat' dir='ltr'><strong>torcm</strong></span> <span class='ocrx_word' id='word_1_860' title='bbox 960 2328 1116 2363; x_wconf 86' lang='lat' dir='ltr'><strong>dogmatum</strong></span> <span class='ocrx_word' id='word_1_861' title='bbox 1134 2327 1161 2354; x_wconf 89' lang='lat' dir='ltr'><strong>in</strong></span> <span class='ocrx_word' id='word_1_862' title='bbox 1178 2326 1318 2362; x_wconf 86' lang='lat' dir='ltr'><strong>prophetis</strong></span> <span class='ocrx_word' id='word_1_863' title='bbox 1333 2332 1414 2361; x_wconf 90' lang='lat' dir='ltr'><strong>atque</strong></span> <span class='ocrx_word' id='word_1_864' title='bbox 1427 2326 1558 2360; x_wconf 87' lang='lat' dir='ltr'><strong>apostolis</strong></span> <span class='ocrx_word' id='word_1_865' title='bbox 1580 2325 1649 2352; x_wconf 91' lang='lat' dir='ltr'><strong>dici-</strong></span> 
     </span>
    </p>
   </div>
   <div class='ocr_carea' id='block_1_110' title="bbox 858 2371 1649 2410">
    <p class='ocr_par' dir='ltr' id='par_1_110' title="bbox 858 2371 1649 2410">
     <span class='ocr_line' id='line_1_110' title="bbox 858 2371 1649 2410; baseline -0.006 -7"><span class='ocrx_word' id='word_1_866' title='bbox 858 2383 919 2403; x_wconf 92' lang='lat' dir='ltr'><strong>mus</strong></span> <span class='ocrx_word' id='word_1_867' title='bbox 933 2382 1063 2410; x_wconf 86' lang='lat' dir='ltr'><strong>apparere</strong></span> <span class='ocrx_word' id='word_1_868' title='bbox 1076 2373 1155 2401; x_wconf 87' lang='lat' dir='ltr'><strong>etiam</strong></span> <span class='ocrx_word' id='word_1_869' title='bbox 1170 2372 1282 2408; x_wconf 73' lang='lat' dir='ltr'><strong>gloriam</strong></span> <span class='ocrx_word' id='word_1_870' title='bbox 1299 2372 1424 2404; x_wconf 90' lang='lat' dir='ltr'><strong>multam,</strong></span> <span class='ocrx_word' id='word_1_871' title='bbox 1435 2379 1495 2406; x_wconf 78' lang='lat' dir='ltr'><strong>quo:</strong></span> <span class='ocrx_word' id='word_1_872' title='bbox 1510 2371 1536 2397; x_wconf 91' lang='lat' dir='ltr'><strong>in</strong></span> <span class='ocrx_word' id='word_1_873' title='bbox 1552 2379 1649 2398; x_wconf 83' lang='lat' dir='ltr'><strong>secun-</strong></span> 
     </span>
    </p>
   </div>
   <div class='ocr_carea' id='block_1_111' title="bbox 858 2418 1252 2449">
    <p class='ocr_par' dir='ltr' id='par_1_111' title="bbox 858 2418 1252 2449">
     <span class='ocr_line' id='line_1_111' title="bbox 858 2418 1252 2449; baseline -0.01 0"><span class='ocrx_word' id='word_1_874' title='bbox 858 2423 892 2449; x_wconf 91' lang='lat' dir='ltr'><strong>do</strong></span> <span class='ocrx_word' id='word_1_875' title='bbox 909 2420 990 2448; x_wconf 80' lang='lat' dir='ltr'><strong>Verbi</strong></span> <span class='ocrx_word' id='word_1_876' title='bbox 1003 2420 1118 2447; x_wconf 75' lang='lat' dir='ltr'><strong>adventu</strong></span> <span class='ocrx_word' id='word_1_877' title='bbox 1135 2418 1252 2446; x_wconf 90' lang='lat' dir='ltr'><strong>videtur.</strong></span> 
     </span>
    </p>
   </div>
   <div class='ocr_carea' id='block_1_112' title="bbox 893 2463 1649 2500">
    <p class='ocr_par' dir='ltr' id='par_1_112' title="bbox 893 2463 1649 2500">
     <span class='ocr_line' id='line_1_112' title="bbox 893 2463 1649 2500; baseline -0.009 -6"><span class='ocrx_word' id='word_1_878' title='bbox 893 2467 936 2494; x_wconf 74' lang='lat'><strong>5!.</strong></span> <span class='ocrx_word' id='word_1_879' title='bbox 953 2466 986 2494; x_wconf 82' lang='lat' dir='ltr'><strong>Et</strong></span> <span class='ocrx_word' id='word_1_880' title='bbox 1001 2467 1083 2492; x_wconf 88' lang='lat' dir='ltr'><strong>mittet</strong></span> <span class='ocrx_word' id='word_1_881' title='bbox 1096 2465 1200 2500; x_wconf 85' lang='lat' dir='ltr'><strong>angelos</strong></span> <span class='ocrx_word' id='word_1_882' title='bbox 1212 2472 1274 2491; x_wconf 83' lang='lat' dir='ltr'><strong>suos</strong></span> <span class='ocrx_word' id='word_1_883' title='bbox 1285 2472 1342 2490; x_wconf 89' lang='lat' dir='ltr'><strong>cum</strong></span> <span class='ocrx_word' id='word_1_884' title='bbox 1357 2463 1419 2490; x_wconf 84' lang='lat' dir='ltr'><strong>tuba</strong></span> <span class='ocrx_word' id='word_1_885' title='bbox 1430 2471 1536 2497; x_wconf 85' lang='lat' dir='ltr'><strong>magna,</strong></span> <span class='ocrx_word' id='word_1_886' title='bbox 1550 2467 1573 2489; x_wconf 88' lang='lat' dir='ltr'><strong>et</strong></span> <span class='ocrx_word' id='word_1_887' title='bbox 1587 2470 1649 2488; x_wconf 84' lang='lat' dir='ltr'><strong>con-</strong></span> 
     </span>
    </p>
   </div>
   <div class='ocr_carea' id='block_1_113' title="bbox 858 2508 1649 2550">
    <p class='ocr_par' dir='ltr' id='par_1_113' title="bbox 858 2508 1649 2550">
     <span class='ocr_line' id='line_1_113' title="bbox 858 2508 1649 2550; baseline -0.01 -9"><span class='ocrx_word' id='word_1_888' title='bbox 858 2513 1001 2550; x_wconf 85' lang='lat' dir='ltr'><strong>gregabunt</strong></span> <span class='ocrx_word' id='word_1_889' title='bbox 1026 2513 1119 2539; x_wconf 84' lang='lat' dir='ltr'><strong>electos</strong></span> <span class='ocrx_word' id='word_1_890' title='bbox 1136 2511 1193 2546; x_wconf 85' lang='lat' dir='ltr'><strong>ejus</strong></span> <span class='ocrx_word' id='word_1_891' title='bbox 1208 2519 1224 2537; x_wconf 82' lang='grc' dir='ltr'><em>α</em></span> <span class='ocrx_word' id='word_1_892' title='bbox 1246 2515 1359 2545; x_wconf 86' lang='lat' dir='ltr'><strong>quatuor</strong></span> <span class='ocrx_word' id='word_1_893' title='bbox 1374 2509 1455 2536; x_wconf 78' lang='lat' dir='ltr'><strong>ventis</strong></span> <span class='ocrx_word' id='word_1_894' title='bbox 1467 2529 1474 2541; x_wconf 89' lang='lat'><strong>,</strong></span> <span class='ocrx_word' id='word_1_895' title='bbox 1502 2516 1518 2534; x_wconf 91' lang='lat' dir='ltr'><strong>a</strong></span> <span class='ocrx_word' id='word_1_896' title='bbox 1539 2508 1649 2534; x_wconf 84' lang='lat' dir='ltr'><strong>summis</strong></span> 
     </span>
    </p>
   </div>
   <div class='ocr_carea' id='block_1_114' title="bbox 860 2553 1648 2594">
    <p class='ocr_par' dir='ltr' id='par_1_114' title="bbox 860 2553 1648 2594">
     <span class='ocr_line' id='line_1_114' title="bbox 860 2553 1648 2594; baseline -0.01 -6"><span class='ocrx_word' id='word_1_897' title='bbox 860 2561 981 2588; x_wconf 74' lang='lat' dir='ltr'><strong>caelorum</strong></span> <span class='ocrx_word' id='word_1_898' title='bbox 998 2567 1077 2594; x_wconf 85' lang='lat' dir='ltr'><strong>usque</strong></span> <span class='ocrx_word' id='word_1_899' title='bbox 1092 2558 1126 2585; x_wconf 88' lang='lat' dir='ltr'><strong>ad</strong></span> <span class='ocrx_word' id='word_1_900' title='bbox 1139 2557 1262 2585; x_wconf 85' lang='lat' dir='ltr'><strong>terminos</strong></span> <span class='ocrx_word' id='word_1_901' title='bbox 1278 2563 1367 2583; x_wconf 88' lang='lat' dir='ltr'><strong>eorum</strong></span> <span class='ocrx_word' id='word_1_902' title='bbox 1377 2555 1410 2581; x_wconf 67' lang='grc'><strong>⁸⁵.</strong></span> <span class='ocrx_word' id='word_1_903' title='bbox 1431 2554 1561 2581; x_wconf 88' lang='lat' dir='ltr'><strong>Similiter</strong></span> <span class='ocrx_word' id='word_1_904' title='bbox 1577 2553 1648 2588; x_wconf 90' lang='lat' dir='ltr'><strong>apud</strong></span> 
     </span>
    </p>
   </div>
   <div class='ocr_carea' id='block_1_115' title="bbox 861 2599 1649 2635">
    <p class='ocr_par' dir='ltr' id='par_1_115' title="bbox 861 2599 1649 2635">
     <span class='ocr_line' id='line_1_115' title="bbox 861 2599 1649 2635; baseline -0.01 -1"><span class='ocrx_word' id='word_1_905' title='bbox 861 2607 981 2634; x_wconf 85' lang='lat' dir='ltr'><strong>Marcum</strong></span> <span class='ocrx_word' id='word_1_906' title='bbox 1006 2606 1057 2633; x_wconf 89' lang='lat' dir='ltr'><strong>hoc</strong></span> <span class='ocrx_word' id='word_1_907' title='bbox 1077 2604 1143 2632; x_wconf 89' lang='lat' dir='ltr'><strong>dicit</strong></span> <span class='ocrx_word' id='word_1_908' title='bbox 1168 2603 1248 2630; x_wconf 90' lang='lat' dir='ltr'><strong>modo</strong></span> <span class='ocrx_word' id='word_1_909' title='bbox 1271 2611 1276 2628; x_wconf 97' lang='lat'><strong>:</strong></span> <span class='ocrx_word' id='word_1_910' title='bbox 1298 2601 1332 2628; x_wconf 87' lang='lat' dir='ltr'><strong>Et</strong></span> <span class='ocrx_word' id='word_1_911' title='bbox 1352 2606 1414 2628; x_wconf 87' lang='lat' dir='ltr'><strong>tunc</strong></span> <span class='ocrx_word' id='word_1_912' title='bbox 1434 2600 1518 2627; x_wconf 88' lang='lat' dir='ltr'><strong>mittet</strong></span> <span class='ocrx_word' id='word_1_913' title='bbox 1542 2599 1649 2635; x_wconf 84' lang='lat' dir='ltr'><strong>angelos</strong></span> 
     </span>
    </p>
   </div>
   <div class='ocr_carea' id='block_1_116' title="bbox 861 2645 1648 2684">
    <p class='ocr_par' dir='ltr' id='par_1_116' title="bbox 861 2645 1648 2684">
     <span class='ocr_line' id='line_1_116' title="bbox 861 2645 1648 2684; baseline -0.01 -6"><span class='ocrx_word' id='word_1_914' title='bbox 861 2659 934 2684; x_wconf 83' lang='lat' dir='ltr'><strong>suos,</strong></span> <span class='ocrx_word' id='word_1_915' title='bbox 958 2655 982 2677; x_wconf 91' lang='lat' dir='ltr'><strong>et</strong></span> <span class='ocrx_word' id='word_1_916' title='bbox 1007 2648 1202 2684; x_wconf 68' lang='lat' dir='ltr'><strong>congregabunt</strong></span> <span class='ocrx_word' id='word_1_917' title='bbox 1227 2647 1321 2674; x_wconf 84' lang='lat' dir='ltr'><strong>electos</strong></span> <span class='ocrx_word' id='word_1_918' title='bbox 1343 2654 1359 2673; x_wconf 90' lang='lat' dir='ltr'><strong>a</strong></span> <span class='ocrx_word' id='word_1_919' title='bbox 1379 2649 1493 2681; x_wconf 86' lang='lat' dir='ltr'><strong>quatuor</strong></span> <span class='ocrx_word' id='word_1_920' title='bbox 1515 2645 1608 2676; x_wconf 85' lang='lat' dir='ltr'><strong>ventis,</strong></span> <span class='ocrx_word' id='word_1_921' title='bbox 1632 2652 1648 2671; x_wconf 88' lang='lat' dir='ltr'><strong>a</strong></span> 
     </span>
    </p>
   </div>
   <div class='ocr_carea' id='block_1_117' title="bbox 861 2690 1648 2731">
    <p class='ocr_par' dir='ltr' id='par_1_117' title="bbox 861 2690 1648 2731">
     <span class='ocr_line' id='line_1_117' title="bbox 861 2690 1648 2731; baseline -0.009 -7"><span class='ocrx_word' id='word_1_922' title='bbox 861 2705 964 2724; x_wconf 85' lang='lat' dir='ltr'><strong>summo</strong></span> <span class='ocrx_word' id='word_1_923' title='bbox 978 2701 1055 2723; x_wconf 70' lang='lat' dir='ltr'><strong>terrm</strong></span> <span class='ocrx_word' id='word_1_924' title='bbox 1075 2703 1155 2731; x_wconf 83' lang='lat' dir='ltr'><strong>usque</strong></span> <span class='ocrx_word' id='word_1_925' title='bbox 1176 2694 1210 2721; x_wconf 85' lang='lat' dir='ltr'><strong>ad</strong></span> <span class='ocrx_word' id='word_1_926' title='bbox 1224 2701 1355 2720; x_wconf 86' lang='lat' dir='ltr'><strong>summum</strong></span> <span class='ocrx_word' id='word_1_927' title='bbox 1367 2692 1424 2719; x_wconf 71' lang='lat' dir='ltr'><strong>caeli</strong></span> <span class='ocrx_word' id='word_1_928' title='bbox 1437 2691 1470 2718; x_wconf 80' lang='grc'><strong>⁸³.</strong></span> <span class='ocrx_word' id='word_1_929' title='bbox 1492 2690 1567 2724; x_wconf 87' lang='lat' dir='ltr'><strong>Quod</strong></span> <span class='ocrx_word' id='word_1_930' title='bbox 1584 2690 1648 2718; x_wconf 84' lang='lat' dir='ltr'><strong>dicit</strong></span> 
     </span>
    </p>
   </div>
   <div class='ocr_carea' id='block_1_118' title="bbox 863 2737 1647 2775">
    <p class='ocr_par' dir='ltr' id='par_1_118' title="bbox 863 2737 1647 2775">
     <span class='ocr_line' id='line_1_118' title="bbox 863 2737 1647 2775; baseline -0.008 -6"><span class='ocrx_word' id='word_1_931' title='bbox 863 2742 1033 2769; x_wconf 83' lang='lat' dir='ltr'><strong>Salvatorem</strong></span> <span class='ocrx_word' id='word_1_932' title='bbox 1051 2741 1159 2768; x_wconf 87' lang='lat' dir='ltr'><strong>mittere</strong></span> <span class='ocrx_word' id='word_1_933' title='bbox 1177 2739 1288 2775; x_wconf 74' lang='lat' dir='ltr'><strong>angelos</strong></span> <span class='ocrx_word' id='word_1_934' title='bbox 1302 2746 1367 2767; x_wconf 89' lang='lat' dir='ltr'><strong>suos</strong></span> <span class='ocrx_word' id='word_1_935' title='bbox 1383 2745 1444 2766; x_wconf 84' lang='lat' dir='ltr'><strong>cum</strong></span> <span class='ocrx_word' id='word_1_936' title='bbox 1462 2737 1525 2764; x_wconf 86' lang='lat' dir='ltr'><strong>tuba</strong></span> <span class='ocrx_word' id='word_1_937' title='bbox 1539 2744 1647 2771; x_wconf 75' lang='lat' dir='ltr'><strong>magna,</strong></span> 
     </span>
    </p>
   </div>
   <div class='ocr_carea' id='block_1_119' title="bbox 955 2841 1634 2876">
    <p class='ocr_par' dir='ltr' id='par_1_119' title="bbox 955 2841 1634 2876">
     <span class='ocr_line' id='line_1_119' title="bbox 955 2841 1634 2876; baseline 0.001 -8"><span class='ocrx_word' id='word_1_938' title='bbox 955 2841 977 2858; x_wconf 83' lang='grc'><strong>⁷⁸</strong></span> <span class='ocrx_word' id='word_1_939' title='bbox 991 2841 1051 2869; x_wconf 81' lang='lat' dir='ltr'><strong>Act.</strong></span> <span class='ocrx_word' id='word_1_940' title='bbox 1069 2849 1089 2874; x_wconf 86' lang='grc' dir='ltr'><strong>ι,</strong></span> <span class='ocrx_word' id='word_1_941' title='bbox 1103 2841 1179 2868; x_wconf 67' lang='grc' dir='ltr'><strong>9έΗ.</strong></span> <span class='ocrx_word' id='word_1_942' title='bbox 1218 2841 1240 2858; x_wconf 77' lang='grc'>⁷³</span> <span class='ocrx_word' id='word_1_943' title='bbox 1251 2841 1336 2876; x_wconf 79' lang='lat' dir='ltr'><strong>Apoc.</strong></span> <span class='ocrx_word' id='word_1_944' title='bbox 1353 2850 1371 2876; x_wconf 88' lang='grc' dir='ltr'><strong>ι,</strong></span> <span class='ocrx_word' id='word_1_945' title='bbox 1388 2845 1414 2871; x_wconf 86' lang='grc'><strong>’1.</strong></span> <span class='ocrx_word' id='word_1_946' title='bbox 1453 2842 1475 2859; x_wconf 80' lang='grc'><strong>⁸⁸</strong></span> <span class='ocrx_word' id='word_1_947' title='bbox 1487 2841 1540 2871; x_wconf 86' lang='lat' dir='ltr'><strong>lsa.</strong></span> <span class='ocrx_word' id='word_1_948' title='bbox 1554 2850 1611 2876; x_wconf 63' lang='grc' dir='ltr'><strong>χιιι,</strong></span> <span class='ocrx_word' id='word_1_949' title='bbox 1626 2842 1634 2869; x_wconf 85' lang='lat' dir='ltr'><strong>l</strong></span> 
     </span>
    </p>
   </div>
   <div class='ocr_carea' id='block_1_120' title="bbox 1108 2876 1364 2911">
    <p class='ocr_par' dir='ltr' id='par_1_120' title="bbox 1108 2876 1364 2911">
     <span class='ocr_line' id='line_1_120' title="bbox 1108 2876 1364 2911; baseline 0 -7"><span class='ocrx_word' id='word_1_950' title='bbox 1108 2877 1130 2892; x_wconf 81' lang='grc'><strong>⁸⁵</strong></span> <span class='ocrx_word' id='word_1_951' title='bbox 1144 2876 1226 2904; x_wconf 84' lang='lat' dir='ltr'><strong>Marc.</strong></span> <span class='ocrx_word' id='word_1_952' title='bbox 1242 2885 1302 2911; x_wconf 83' lang='lat' dir='ltr'><strong>xm,</strong></span> <span class='ocrx_word' id='word_1_953' title='bbox 1320 2877 1364 2904; x_wconf 71' lang='grc'><strong>27.</strong></span> 
     </span>
    </p>
   </div>
  </div>
