1839 3053
187 95 260 122 4079

775 93 935 122 OR‘IGENIS
954 93 987 122 IN
1008 94 1215 124 ΜΑΤΤΙΙΑΞΗΜ

1749 99 1792 126 168!

192 159 362 188 quzecunque
379 156 420 179 est
439 151 496 184 illa,
512 151 545 179 ad
562 150 766 187 congregandos
785 151 886 178 electos
909 151 978 186 ejus,
995 153 1017 182 Α
1032 151 1073 186 gis
1101 155 1191 178 autem
1228 151 1388 186 sapientiam
1419 151 1512 186 ipsum
1535 151 1646 179 Filium
1675 151 1735 183 Dei.
1754 162 1794 180 eun

192 202 390 233 consequenter
407 198 506 225 dicitur
525 197 575 230 eis,
594 205 654 232 quae
672 197 699 224 in
715 197 844 231 parabola
863 197 915 223 alia
933 204 976 224 re-

192 243 317 272 feruntur
335 244 367 271 de
385 243 534 271 seminibus
554 248 579 270 et
594 243 725 275 zizaniis;
751 247 777 270 et
795 242 977 277 interpretans

192 290 352 325 parabolam
377 289 416 316 sic
431 289 496 316 dicit
509 289 551 316 “z
577 288 706 323 quoniam
737 288 828 315 messis
853 296 977 315 consum-

192 336 274 363 matio
294 341 342 367 est,
367 343 491 362 messores
517 335 603 370 angeli
623 339 694 362 sunt.
725 334 800 362 Sicut
820 343 880 370 ergo
902 334 978 361 colli-

191 387 290 416 guntur
311 382 426 413 zizania,
449 385 473 408 et
487 381 541 416 igni
562 386 724 414 cremantur,
744 381 782 407 sic
795 381 844 407 erit
867 381 894 407 in
913 389 978 408 con-

190 427 364 454 cummalione
385 427 486 453 surculi.
514 426 602 453 Mittet
627 425 717 452 Filius
739 426 852 453 hominis
871 425 977 461 angelos

191 481 272 504 suos,
295 477 318 498 et
338 471 461 507 colligant
484 472 515 498 de
539 480 617 508 regno
640 471 696 506 ejus
724 473 813 499 omnia
837 472 976 505 scandala,

189 523 213 544 et
230 525 272 544 eos
288 518 333 551 qui
349 517 450 552 faciunt
471 517 650 552 iniquitatem,
675 522 700 545 et
719 519 805 545 mittat
823 526 865 545 eos
887 519 913 545 in
933 527 978 545 ca-

190 563 290 588 minum
308 563 400 597 ignis:
423 561 479 588 illic
499 562 548 589 erit
568 563 662 596 ﬂetus,
684 567 707 589 et
727 563 828 590 stridor
847 563 975 590 dentium.

191 606 263 633 Tum:
280 607 350 641 justi
369 606 505 642 fulgebunt
524 608 590 634 sicut
614 608 652 635 sol
671 609 697 634 in
718 616 796 643 regno
816 607 906 635 Patris
924 608 975 635 sui.

189 651 254 679 Tale
273 657 299 679 et
315 652 416 687 aliquid
434 653 501 680 dicit
520 654 546 679 in
563 654 692 688 parabola
713 662 821 689 sagente
840 654 930 681 missae
949 654 976 680 in

188 706 263 725 mare
275 698 307 724 ³⁷.
327 698 396 733 Ergo
414 706 552 737 messores
576 700 663 734 augt-li
682 700 826 727 mittuntur
849 707 864 726 a
884 699 977 726 Salva-

189 749 246 771 torc
260 744 417 779 colligentes
433 745 559 772 tutiversa
574 745 689 778 zizania,
705 751 734 773 ut
747 751 808 781 post
821 746 878 773 inme
889 747 976 774 sancti

188 788 309 822 fulgeant
333 789 403 816 sicut
425 790 466 816 sol
493 790 519 816 in
543 797 625 825 regno
643 790 732 819 Patris
756 791 810 824 sui,
835 796 864 818 ut
884 797 976 826 postea

190 839 391 869 congregemur
424 835 504 862 electi
533 843 548 862 a
569 840 687 870 quatuor
713 837 809 870 ventis,
831 844 846 864 a
864 838 978 865 summis

188 880 320 907 caelorum
348 888 435 916 usque
464 882 497 908 ad
523 882 653 909 terminos
686 889 791 910 eorum.
828 882 976 910 Considera

189 928 292 957 utrum,
307 924 377 951 sicut
391 926 537 959 opinantur
550 927 740 961 simpliciores,
751 935 798 955 eos
812 932 915 955 tantum
931 929 977 963 qui

188 973 253 998 tunc
269 971 369 998 inventi
388 971 490 999 fttcrint
506 972 532 999 lll
549 980 674 1008 corpore,
693 975 914 1010 congregandos;
931 981 978 1003 aut

188 1021 261 1043 certe
277 1024 372 1044 omnes
387 1017 433 1052 qui
454 1017 480 1044 in
496 1017 551 1045 Deo
565 1018 645 1046 Patre
664 1019 756 1046 dilecti
775 1024 850 1054 sunt,
873 1025 898 1048 et
913 1020 976 1049 Jesu

187 1062 297 1090 Christo
325 1068 388 1091 sunt
414 1065 585 1099 conservati;
606 1070 633 1092 et
656 1065 717 1093 vide
736 1066 789 1093 nisi
815 1067 911 1094 melius
936 1072 977 1095 est

187 1108 297 1142 dicere,
342 1110 544 1145 congregandos
581 1118 641 1138 esse
667 1112 701 1139 ab
735 1113 839 1146 angelis
875 1113 976 1140 Christi

187 1163 282 1182 omnes
297 1155 331 1182 ab
345 1156 465 1183 adventu
480 1156 581 1184 Christi
603 1165 690 1193 usque
710 1158 743 1186 ad
759 1159 976 1186 consummatio-

187 1209 248 1228 nem
265 1206 374 1230 vocatos
391 1206 474 1238 atque
490 1203 601 1231 electos.
621 1203 732 1237 Quaeres
747 1210 837 1233 autem
855 1206 877 1233 si
893 1206 974 1233 etiam

186 1255 233 1275 eos
257 1248 303 1282 qui
329 1248 438 1276 fuerunt
465 1257 480 1276 a
506 1250 702 1278 constitutione
727 1251 820 1279 mundi
842 1259 927 1286 usque
942 1251 975 1279 ad

186 1293 334 1321 adventum
350 1302 356 1320 :
371 1295 393 1322 si
413 1299 502 1322 tamen
518 1295 595 1323 electi
610 1295 709 1324 Christi
734 1305 788 1325 non
806 1298 893 1325 solum
913 1303 976 1325 sunt

187 1339 225 1366 illi
240 1339 287 1374 qui
303 1348 336 1367 cx
348 1340 465 1368 adventu
481 1341 540 1376 ejus
565 1347 627 1369 sunt
643 1343 744 1376 sancti,
770 1343 842 1371 sicut
865 1344 975 1378 quidam

186 1385 310 1420 magistri
329 1386 463 1414 hazresum
481 1387 585 1420 dicunt,
608 1388 653 1415 sed
671 1395 766 1416 omnes
780 1389 827 1424 qui
844 1397 860 1416 a
875 1389 976 1416 consti-

187 1431 291 1458 tutione
316 1432 411 1459 mundi
439 1432 558 1467 fuerunt,
581 1433 628 1468 qui
649 1434 776 1462 viderunt
800 1435 870 1463 sicut
885 1436 974 1463 Abra-

187 1477 249 1504 ham
264 1477 366 1505 Christi
386 1478 468 1511 dietn,
487 1483 514 1506 et
533 1479 624 1506 divina
648 1480 831 1508 exsultatione
855 1481 975 1509 exsulta-

188 1529 285 1552 verunt
309 1525 336 1551 in
352 1533 425 1552 eum.
453 1524 481 1551 Si
501 1530 591 1552 autem
613 1534 666 1552 non
683 1530 799 1559 tantum,
816 1527 887 1554 sicut
907 1527 974 1555 sim-

186 1569 269 1604 plices
287 1570 465 1603 arbitrantur,
482 1578 530 1598 eos
543 1571 589 1606 qui
608 1571 785 1598 inveniuntur
804 1572 830 1599 in
847 1580 972 1608 corpore,

187 1615 378 1650 congregaturi
403 1620 467 1643 sunt
490 1617 595 1652 angeli,
619 1617 666 1645 sed
688 1625 783 1646 omnes
801 1618 902 1647 Christi
918 1620 974 1648 cle-

185 1665 254 1693 ctos,
272 1661 445 1689 considerare
461 1666 502 1690 est
515 1663 626 1697 dignum
639 1663 704 1698 quid
716 1663 817 1692 interea
829 1664 972 1698 facientes,

185 1711 234 1734 aut
247 1707 272 1733 in
288 1714 343 1742 quo
355 1707 416 1734 loco
427 1713 630 1736 commorantes
643 1709 846 1745 congregabunt
861 1711 970 1738 electos.

184 1750 320 1784 Quoniam
346 1757 436 1780 autem
462 1761 515 1781 non
535 1758 641 1781 tantum
664 1755 725 1782 illos
745 1755 791 1790 qui
812 1756 839 1783 in
857 1763 972 1791 corpore

183 1798 284 1826 fuerint
298 1799 489 1834 comprehensi
506 1800 571 1827 dicit
586 1801 789 1835 congregattdos
802 1801 903 1829 Christi
917 1802 972 1829 ele-

182 1849 252 1876 ctos,
283 1845 331 1872 sed
364 1845 445 1872 etiam
481 1845 541 1872 illos
570 1846 617 1880 qui
648 1846 681 1873 de
711 1846 873 1881 corporibus
907 1852 972 1875 sunt

182 1891 296 1926 egressi,
330 1890 489 1919 manifestat
518 1899 610 1919 sermo
640 1891 733 1919 dicens
766 1893 970 1928 congregandos

182 1936 283 1963 electos
309 1943 364 1963 non
389 1937 478 1964 solum
504 1944 520 1964 a
543 1941 662 1972 quatuor
684 1937 790 1970 ventis,
815 1938 863 1965 sed
887 1939 969 1965 etiam

182 1989 198 2008 a
222 1982 340 2009 summis
370 1982 501 2009 caelorum
532 1989 619 2017 usque
647 1981 680 2009 ad
708 1982 840 2010 terminos
864 1990 967 2010 eorum.

183 2026 288 2054 Nemini
317 2031 407 2054 autem
435 2035 517 2062 super
548 2031 647 2055 terram
680 2028 798 2055 arbitror
824 2029 970 2057 convenire

182 2073 254 2108 quod
272 2073 320 2106 ait,
337 2078 367 2100 ut
381 2077 580 2108 congregemur
593 2081 607 2100 a
621 2074 737 2102 summis
756 2074 899 2109 cozlorum,
917 2075 969 2102 nisi

182 2117 253 2145 forte
268 2125 316 2144 eos
330 2117 377 2152 qui
398 2118 468 2144 inter
482 2118 607 2145 homines
629 2119 738 2146 interim
767 2120 838 2154 apud
856 2120 967 2155 angelos

988 1492 1010 1521 C

1031 197 1136 223 venerit
1149 195 1222 231 quod
1233 203 1296 223 Vere
1310 196 1458 231 perfectum
1477 201 1533 224 est.
1551 197 1589 224 Et
1603 203 1722 232 quatuor
1733 204 1798 226 ventos

1029 249 1062 269 ex
1088 242 1189 277 quibus
1216 237 1293 269 electi
1318 242 1419 270 Christi
1443 244 1710 278 congregahuntur,
1731 245 1799 272 llllr‘lll-

1030 288 1121 323 gimus
1151 292 1320 323 qumrentes,
1354 296 1472 323 quorum
1498 289 1650 316 bonorum
1683 289 1800 318 futurorum

1030 333 1183 361 habuerunt
1205 335 1328 361 umbram
1354 342 1413 369 qua:
1432 334 1459 361 in
1483 333 1626 362 Numeris
1642 335 1668 351 ⁸⁸
1689 341 1743 362 sunt
1758 344 1802 363 eon-

1030 378 1130 413 scripta
1152 378 1185 406 de
1207 386 1369 413 unaquaque
1390 379 1460 406 tribu
1478 379 1609 407 ﬁliorum
1637 379 1726 408 Israel.
1749 380 1802 408 Emi»

1029 423 1133 458 primus
1152 423 1203 450 fuit
1218 424 1284 451 ordo
1299 428 1451 453 castrorum
1467 424 1542 451 Juda
1560 432 1631 452 cum
1646 427 1739 454 virtute
1753 427 1800 461 ipso

1029 477 1107 502 rum,
1141 469 1310 497 constituens
1342 470 1375 497 ad
1400 470 1563 504 orientem,
1594 475 1626 498 et
1656 479 1715 499 cum
1734 472 1767 499 his
1780 480 1802 500 ex

1029 519 1143 549 utraque
1164 519 1240 549 parte
1260 514 1384 542 lssachar
1402 519 1429 542 et
1441 515 1584 543 Zabulon.
1612 516 1651 544 Et
1674 517 1705 544 ad
1714 517 1801 544 Alricum

1027 561 1108 596 871
1136 561 1222 588 tribus
1246 560 1352 593 Ruben,
1374 565 1402 588 et
1420 569 1454 589 ex
1475 567 1602 597 utraque
1618 568 1698 597 parte
1711 562 1801 593 Simeon.

1028 610 1054 632 et
1071 605 1145 639 Gad;
1174 611 1200 633 et
1216 606 1302 633 tribus
1316 605 1433 641 Ephrem
1456 607 1620 634 secundum
1652 616 1733 642 mare,
1746 614 1767 636 et
1781 618 1802 636 et

1029 656 1144 686 utraque
1163 656 1238 686 parte
1252 650 1393 686 Beniamin
1412 655 1440 678 et
1455 651 1589 680 Manasse
1611 654 1764 681 novissima.
1783 654 1803 680 Et

1029 696 1116 723 tribus
1123 696 1179 723 Dan
1191 697 1223 723 ad
1240 697 1404 731 aquilonem,
1416 701 1444 724 et
1458 705 1492 724 ex
1504 703 1631 733 utraque
1642 705 1717 734 parte
1727 700 1803 727 Ascra

1028 741 1213 777 Nephthalim.
1230 742 1354 770 Forsitan
1370 750 1436 778 ergo
1451 750 1486 770 ex
1507 748 1586 776 tunc,
1610 745 1702 772 tribus
1717 753 1804 781 egressa

1029 789 1132 816 umbra:
1154 793 1232 816 erant
1255 793 1407 816 castrorum
1433 789 1591 816 secundum
1623 791 1749 824 mysteria
1765 793 1803 817 ven

994 826 1014 853 Β
1030 833 1122 861 Israel.
1142 833 1175 860 Et
1194 833 1263 861 sicut
1287 838 1351 861 tunc
1366 841 1399 861 ex
1414 839 1540 869 quatuor
1553 835 1650 862 ventis
1665 842 1804 871 congregata.-

1029 884 1093 907 sunt
1115 880 1141 906 in
1156 878 1289 913 Iudaeam,
1302 884 1328 907 et
1344 880 1371 906 in
1387 880 1579 907 hatreditatem
1595 889 1648 916 per
1663 881 1750 909 Iesum
1762 888 1804 917 post

1028 924 1137 960 Moysen
1153 925 1326 960 paedagogum
1344 930 1371 953 et
1387 932 1604 960 procuratorem
1628 927 1762 961 institutae,
1778 930 1803 955 sic

1028 977 1043 996 a
1059 975 1176 1005 quatuor
1201 971 1289 998 ventis
1308 971 1397 1006 angeli
1421 972 1638 1006 congregabunt
1664 973 1758 1000 electos
1774 983 1779 1000 :
1794 982 1803 999 ι

1029 1016 1117 1044 ventis
1131 1021 1221 1043 autem
1242 1024 1295 1043 non
1311 1017 1438 1049 terrenis,
1459 1025 1475 1045 a
1492 1019 1615 1045 sutnmis
1631 1019 1758 1046 caelorum
1770 1027 1804 1046 ns-

1027 1070 1080 1097 que
1097 1063 1130 1089 ad
1146 1063 1276 1090 terminos
1296 1070 1403 1096 eorum,
1419 1068 1450 1090 ut
1465 1064 1501 1091 ab
1516 1063 1582 1092 Jesu
1605 1070 1705 1093 nostro
1716 1074 1804 1101 congre-

1027 1109 1081 1144 gati
1105 1109 1254 1144 percipiant
1287 1110 1408 1137 divinam
1441 1114 1469 1138 et
1494 1119 1591 1138 veram
1629 1112 1803 1139 hereditatem.

1026 1154 1104 1189 Apud
1121 1154 1276 1182 Matthmum
1291 1163 1356 1191 ergo
1371 1156 1418 1191 qui
1433 1162 1644 1192 congregantur
1657 1159 1754 1185 Christi
1765 1158 1804 1185 ele-

1027 1202 1072 1234 cti,
1089 1209 1121 1228 ex
1137 1206 1254 1236 quatuor
1267 1201 1354 1229 ventis
1370 1208 1589 1238 congregantur,
1600 1211 1615 1230 a
1635 1204 1751 1231 summis
1763 1211 1804 1230 tte-

1026 1245 1114 1272 lorum
1139 1253 1225 1281 usque
1246 1245 1279 1272 ad
1304 1246 1435 1274 terminos
1457 1254 1568 1274 eorum.
1596 1248 1680 1282 Apud
1703 1247 1802 1276 Marcum

1026 1283 1127 1324 autem,
1145 1300 1160 1319 a
1175 1297 1292 1327 quatuor
1305 1293 1404 1324 ventis,
1426 1301 1442 1320 a
1458 1301 1571 1321 summo
1590 1298 1674 1322 terra:
1690 1303 1769 1330 usque
1781 1296 1804 1321 al

1027 1346 1165 1366 sumntum
1181 1338 1259 1372 coali;
1277 1343 1371 1373 postea
1394 1344 1486 1366 autem
1514 1347 1530 1366 a
1552 1341 1678 1368 summis
1694 1342 1804 1369 caelorum

1027 1391 1113 1418 usque
1131 1384 1163 1410 ad
1179 1384 1310 1411 terminos
1324 1391 1431 1411 eorum.
1452 1383 1596 1417 Intellich
1609 1390 1704 1412 autem
1718 1393 1761 1413 eos
1772 1387 1805 1420 qni

1026 1432 1227 1462 congregantur
1250 1435 1264 1454 a
1279 1435 1387 1455 summo
1405 1433 1496 1461 terra),
1510 1430 1699 1458 considerans
1712 1439 1806 1458 conver-

1027 1473 1159 1500 sationem
1174 1480 1268 1500 eorum
1285 1473 1331 1508 qui
1347 1473 1456 1501 fuerunt
1471 1474 1498 1501 in
1517 1475 1612 1508 terris,
1629 1481 1659 1503 et
1674 1477 1807 1504 secundum

1025 1517 1096 1553 quod
1107 1518 1237 1552 possibile
1250 1522 1291 1545 est
1302 1517 1499 1553 perfectionem
1512 1527 1613 1547 eorum
1626 1521 1678 1556 qui
1690 1526 1807 1548 sunttan-

1024 1563 1123 1591 versati
1139 1563 1166 1590 in
1179 1565 1267 1591 terris.
1282 1562 1383 1591 Omnes
1397 1572 1463 1600 ergo
1473 1565 1521 1600 qui
1539 1573 1625 1600 super
1642 1571 1744 1594 terram
1755 1567 1808 1594 bene

1024 1609 1171 1641 vixerunt,
1198 1616 1252 1636 non
1278 1608 1437 1643 simpliciter
1459 1616 1673 1646 congregantur
1699 1620 1716 1639 a
1737 1617 1808 1642 tem.

1024 1655 1071 1683 sed
1092 1662 1107 1681 a
1119 1661 1228 1682 summo
1253 1658 1342 1688 terra},
1358 1659 1466 1689 utputa,
1485 1663 1501 1682 a
1513 1663 1627 1684 summa
1653 1664 1807 1684 conversan-

1024 1701 1090 1728 tium
1112 1708 1194 1735 super
1214 1704 1324 1728 terram.
1343 1699 1372 1727 Si
1390 1706 1481 1728 autem
1503 1706 1568 1736 post
1594 1709 1739 1730 summam
1756 1711 1808 1731 coa-

1023 1747 1186 1774 versationis
1201 1755 1260 1782 quaa
1269 1746 1319 1773 fuit
1332 1748 1359 1773 in
1374 1747 1466 1779 terris,
1479 1750 1638 1783 susceperit
1651 1750 1809 1784 subsequr:

1022 1793 1195 1820 conversatio
1216 1800 1262 1820 eos
1282 1793 1329 1827 qui
1351 1793 1592 1821 conversationem
1616 1795 1775 1822 habuerunt
1790 1795 1808 1819 in

1022 1839 1109 1871 ctelis,
1120 1845 1174 1865 non
1187 1838 1344 1872 simpliciter
1359 1846 1374 1865 a
1387 1846 1497 1866 summo
1510 1839 1582 1866 cmlo
1595 1840 1673 1867 sicut
1686 1848 1702 1867 ι
1716 1847 1809 1868 summo

1021 1890 1111 1918 terra},
1125 1885 1172 1912 sed
1187 1892 1202 1912 a
1217 1885 1331 1912 summis
1347 1885 1436 1917 cadis,
1451 1885 1586 1920 quoniam
1603 1886 1809 1922 unumquodque

1021 1932 1119 1960 corium
1138 1939 1194 1959 suae
1215 1931 1397 1959 institutionis
1414 1935 1441 1958 et
1463 1931 1542 1959 initia
1566 1932 1673 1965 habet,
1693 1937 1719 1960 et
1736 1932 1808 1967 peris

1020 1978 1136 2009 ctiones,
1153 1977 1179 2004 id
1196 1982 1238 2004 est
1251 1976 1392 2004 terminos.
1414 1975 1528 2011 Utputa,
1544 1983 1609 2012 post
1628 1979 1807 2005 conversatio-

1020 2031 1083 2050 nem
1099 2031 1237 2060 summam.
1249 2030 1309 2057 quze
1325 2023 1377 2050 fuit
1395 2031 1479 2058 super
1497 2028 1614 2057 terram,
1633 2026 1755 2060 suscipit
1769 2027 1807 2051 in.L

1020 2078 1081 2098 rum
1096 2070 1235 2097 hominem
1258 2070 1431 2097 conversatio
1447 2070 1532 2097 unius
1549 2070 1628 2103 caeli,
1647 2076 1676 2098 et
1690 2070 1807 2106 perfectio

1020 2123 1080 2150 quae
1098 2115 1124 2142 in
1139 2123 1171 2143 eo
1187 2120 1238 2142 est.
1258 2115 1356 2142 Iterum
1382 2116 1504 2150 suscepit
1518 2123 1584 2143 eum
1603 2117 1735 2144 secunda
1758 2124 1808 2143 mir

183 2163 310 2190 docentes
329 2163 449 2190 cmlcstia
467 2168 681 2196 commorantur,
697 2165 901 2199 congregabunt
916 2174 966 2193 an-
982 2162 1005 2191 D
1018 2161 1138 2188 versallo
1160 2160 1272 2188 secundi
1292 2160 1365 2194 mali,
1388 2164 1416 2187 et
1433 2160 1567 2195 perfectio
1588 2168 1656 2195 qua:
1675 2161 1704 2188 in
1723 2169 1755 2188 eo
1768 2165 1805 2186 ut

180 2208 232 2243 geli
247 2209 344 2241 sancti,
362 2213 392 2236 ut
409 2213 471 2236 ante
486 2209 609 2237 eruditos
626 2210 652 2237 in
667 2212 781 2238 summis
797 2212 858 2239 coeli
878 2219 966 2246 usque

181 2254 215 2281 ad
234 2254 366 2282 terminos
381 2262 476 2282 eorum
493 2259 520 2282 et
537 2255 689 2284 instructos
707 2257 815 2284 tradant
831 2257 966 2292 perfectos

181 2307 280 2335 magno
296 2299 350 2328 Deo
371 2299 456 2327 Verbo
476 2299 546 2328 Filio
560 2301 607 2328 Dei
633 2301 666 2328 ad
687 2303 909 2336 conregnandum
929 2303 966 2336 ei,

179 2351 207 2374 et
223 2347 257 2374 ad
276 2347 476 2381 susceptionem
492 2355 587 2375 eorum
603 2356 663 2383 quae
678 2349 817 2376 tradiderit
830 2349 915 2376 Filius
933 2349 966 2377 de

181 2392 222 2419 his
235 2392 282 2427 qui
296 2392 446 2419 doctrinam
466 2393 603 2421 ccelestem
619 2400 681 2421 ante
695 2395 874 2429 susceperint.
892 2395 967 2428 Quo~

180 2437 254 2465 niam
274 2443 364 2465 autem
385 2439 480 2466 umbra
499 2444 540 2467 est
560 2440 616 2468 lucc
637 2440 691 2467 vita
711 2445 805 2468 nostra
829 2441 857 2467 in
875 2441 964 2474 terris,

179 2491 350 2518 consequens
366 2489 408 2511 est
425 2489 454 2512 ut
471 2493 545 2513 nunc
566 2485 624 2521 lege
639 2490 666 2513 et
680 2487 818 2521 prophetis
838 2487 966 2514 erudian-

179 2534 224 2556 tur
238 2530 284 2564 qui
308 2530 335 2556 in
359 2530 404 2557 illa
426 2531 594 2565 plenitudine
619 2532 746 2566 temporis
772 2533 876 2568 reliqua
903 2537 967 2560 sunt

179 2575 285 2608 scituri,
306 2579 333 2602 et
355 2576 475 2610 pleniora
498 2584 512 2603 a
529 2576 598 2604 Filio
618 2576 665 2604 Dei
695 2578 788 2605 scituri
816 2579 964 2606 secundum

179 2628 223 2648 res
246 2621 320 2655 ipsas
343 2622 478 2654 caelestes,
504 2627 534 2650 ut
556 2623 602 2658 qui
623 2628 686 2651 sunt
711 2624 737 2651 in
754 2625 869 2652 summis
883 2625 966 2652 cmlo-

179 2674 256 2699 rum,
280 2668 359 2702 quasi
384 2668 410 2694 in
432 2668 597 2702 quibusdam
620 2670 820 2698 eruditionibus
846 2671 914 2703 sint,
935 2675 965 2697 ut

179 2713 284 2745 possint
303 2713 475 2747 postmodum
500 2722 596 2749 capere
621 2716 781 2751 sapientiam
815 2716 871 2749 Dei,
903 2723 962 2743 ma-

574 2794 596 2809 ⁸7

216 2789 237 2805 ⁵⁸
251 2788 342 2816 Matth.
363 2798 423 2825 xm,
440 2792 534 2820 59-45.
574 2794 596 2809 "
630 2793 694 2821 ibid.
713 2794 756 2821 47.

798 2794 835 2827 ,,⁸⁸
850 2793 930 2822 Num.
948 2801 973 2827 x,

1019 2207 1118 2235 lterum
1135 2207 1254 2241 suscepit
1271 2213 1333 2233 eum
1350 2206 1428 2232 tertia
1447 2206 1628 2233 conversatio
1647 2207 1726 2234 tertii
1750 2206 1807 2233 cali.

1018 2257 1045 2280 et
1053 2252 1181 2287 perfectio
1197 2259 1258 2286 quze
1275 2252 1303 2278 in
1316 2259 1348 2278 eo
1363 2255 1413 2278 est.
1429 2250 1463 2278 Et
1477 2252 1519 2279 sic
1530 2252 1657 2288 intellige
1674 2253 1743 2280 mihi
1753 2252 1806 2279 mul-

1020 2304 1111 2326 torum
1135 2298 1267 2326 cmlorum
1290 2298 1437 2325 multarum
1467 2300 1720 2327 conversationum
1745 2300 1807 2326 initi:

1018 2351 1079 2372 esse
1097 2348 1122 2371 et
1141 2343 1282 2374 terminos,
1301 2342 1327 2369 id
1344 2348 1385 2369 est
1401 2342 1596 2376 perfectiones,
1616 2352 1633 2371 a
1650 2346 1756 2380 quibus
1770 2345 1808 2370 in?

1019 2391 1064 2418 tiis
1091 2395 1118 2418 et
1145 2389 1269 2417 terminis
1294 2389 1466 2416 diversorum
1498 2390 1640 2418 ccelorum
1669 2395 1807 2426 congregat

1019 2436 1092 2464 Deus
1106 2435 1296 2463 suoselectos.
1312 2434 1365 2461 Aut
1382 2434 1419 2461 ita
1433 2442 1440 2460 :
1458 2442 1474 2460 α
1489 2436 1603 2462 summis
1619 2436 1751 2462 εωιοηηι
1772 2443 1806 2460 u-

1019 2490 1067 2518 que
1089 2481 1124 2508 ad
1145 2481 1269 2508 terminos
1292 2487 1391 2507 eorum.
1418 2479 1487 2507 Caeli
1513 2485 1581 2507 sunt
1601 2481 1648 2508 vel
1668 2481 1806 2515 Scriptura

1019 2528 1135 2559 divinae,
1161 2527 1203 2554 vel
1228 2530 1355 2554 auctores
1376 2532 1495 2557 earum,
1527 2526 1555 2552 in
1582 2527 1688 2562 quibus
1715 2526 1805 2552 habitat

1019 2572 1099 2599 Deus.
1130 2571 1243 2598 Summa
1278 2574 1368 2598 autem
1395 2569 1606 2605 Scripturarum
1642 2576 1710 2599 sunt
1740 2570 1803 2596 iniu

1017 2625 1132 2650 earum,
1162 2615 1270 2644 termini
1302 2619 1392 2642 autem
1423 2616 1682 2643 consummatioues
1708 2621 1800 2642 carui.

1017 2664 1221 2698 Congregautur
1246 2668 1311 2697 ergo
1340 2661 1428 2688 sancti
1453 2669 1469 2688 a
1487 2662 1604 2689 summis
1626 2659 1801 2690 crelorum.i—

1015 2717 1057 2739 est
1073 2712 1107 2739 ab
1123 2712 1163 2740 eis
1178 2710 1225 2747 qui
1242 2709 1311 2739 coelo
1325 2709 1423 2737 vivunt
1439 2710 1468 2738 in
1493 2710 1582 2739 initiis
1596 2710 1798 2746 Scripturarut

991 2793 1002 2820 1
1025 2797 1050 2820 et
1066 2800 1120 2827 seq.
