1839 3053
20 117 82 147 881

591 121 918 152 COMMENTARIOBUM
939 123 1070 152 SERIES.

1588 133 1663 160 I68?

20 185 113 212 sque
142 175 176 204 ad
203 184 251 205 eos
280 177 327 213 qui
356 178 452 205 vivunt
479 179 505 206 in
533 180 818 208 consummationibus
834 183 855 210 Δ
871 188 919 214 pro
934 180 1017 207 verbo
1034 181 1193 216 suscipitur,
1218 189 1316 218 magna
1335 191 1387 211 vox
1403 186 1478 213 verbi
1499 187 1660 223 iltlelligitur

20 229 118 250 arum
140 230 147 249 :
166 230 198 251 ae
220 228 250 250 ut
263 223 325 258 plus
340 224 439 256 dicam,
459 232 473 252 a
488 225 603 253 rudibus
619 234 713 254 eorum
731 233 817 262 usque

20 271 37 298 Il
67 268 213 303 perfectos
235 277 342 298 eorum.
369 270 422 303 Qui
449 275 540 298 autem
563 272 712 299 mittuntur
729 273 816 307 angeli

38 317 199 343 Salvatore
226 316 259 343 ad
281 317 502 351 congregandum
526 317 627 346 electos
649 318 719 353 ejus,
749 327 817 347 con-

20 361 179 398 regabunt
206 370 253 391 eos
278 370 334 390 non
358 371 421 391 eum
445 371 513 392 voce
536 365 738 400 qualicunque,
769 366 816 394 sed

20 416 79 435 um
107 407 175 434 tuba
201 415 263 442 qua:
284 414 396 436 vocatur
416 417 525 445 magna,
549 418 604 438 non
620 419 713 439 vocem
737 412 817 440 dante

22 457 176 485 icerlam,
201 453 248 481 sed
269 459 369 481 certam
390 458 416 482 et
432 454 618 488 manifestam,
650 461 678 483 ut
698 456 744 492 qui
770 464 817 484 au-

20 499 125 526 ierint
139 503 166 526 et
177 499 333 533 didicerint,
347 505 443 535 parent
459 508 489 529 se
502 501 536 529 ad
552 501 623 529 viam
639 501 816 537 perfectionis

20 553 74 572 uae
98 546 178 573 ducit
190 547 222 574 ad
236 546 334 574 Filium
351 547 408 575 Dei.

44 592 100 619 5‘2.
123 592 260 626 Quoniam
274 594 366 621 autem
385 594 512 623 volumus
530 595 679 631 intelligere
693 596 759 632 quid
774 601 816 625 est

20 638 81 665 Jba
104 646 216 674 magna,
232 640 364 668 debemus
388 641 557 675 spiritalibus
581 642 715 677 spiritalia
738 651 815 671 com-

21 693 129 712 arare.
146 686 203 721 Age
228 694 301 714 nunc
319 691 346 714 et
362 687 395 714 de
418 687 501 720 tubis,
520 687 546 714 in
563 692 695 723 quantum
719 697 816 724 capere

21 739 180 764 assumus,
197 732 315 759 breviter
329 739 509 767 exporiamus,
526 734 549 761 si
563 739 653 761 tamen
668 743 814 770 possumus

22 785 40 803 ι
63 777 301 812 congregatione,
319 782 345 805 et
361 778 546 807 admonitione
573 780 690 807 istorum
720 789 814 808 excin-

23 824 128 850 lorum
161 823 313 859 intelligere
332 830 358 852 et
380 832 506 860 magnam
532 827 690 861 angelorum
707 828 811 856 tubam.

20 870 166 904 Scriptum
189 875 231 897 est
253 870 326 897 enim
344 869 370 897 in
387 869 515 899 Numeris
527 872 570 899 ’9:
601 872 635 900 Et
653 873 756 901 locutus
775 879 814 902 est

20 916 151 943 )ominus
168 916 202 942 ad
219 915 338 950 Moysen,
362 916 450 943 dicens
472 925 481 944 :
505 917 559 945 Fac
581 919 628 946 tibi
649 920 716 947 duas
737 921 814 948 tubas

26 967 158 997 rgenteas
170 970 179 989 ε
192 962 303 990 ductiles
323 963 405 997 facies
426 972 481 997 eas,
500 969 524 991 et
541 971 616 993 erunt
633 967 680 993 tibi
698 967 732 994 ad
750 976 813 994 con-

25 1008 182 1044 rcgandant
200 1016 373 1043 synagogam,
395 1014 419 1036 ct
437 1015 514 1037 erant
535 1011 627 1038 tibiad
638 1014 813 1046 promovenda

21 1062 131 1087 astra;
159 1059 183 1082 et
206 1054 310 1081 tubabis
333 1055 360 1082 in
383 1056 441 1090 eis,
463 1062 486 1084 et
512 1058 715 1093 congregabitur
737 1059 764 1086 in
789 1064 813 1087 te

26 1103 104 1128 mnis
127 1109 262 1136 synagoga
283 1101 317 1128 ad
345 1102 444 1129 ostium
469 1103 632 1131 tabernaculi
658 1105 810 1132 testimonii.

20 1147 39 1174 ii
54 1152 151 1174 autem
170 1147 198 1173 in
213 1155 266 1174 una
286 1147 347 1174 tuba
359 1149 475 1175 venerint
488 1149 522 1176 ad
541 1154 565 1177 te
579 1158 667 1178 omnes
680 1151 811 1186 principes

20 1193 135 1220 nilitum
153 1193 257 1227 Israel,
278 1193 381 1221 tubabis
400 1196 623 1230 signiﬁcationem
642 1198 766 1232 primum,
786 1203 811 1226 et

20 1238 204 1266 trontovebunt
220 1245 310 1267 castra
323 1241 367 1276 qui
379 1242 526 1269 consistunt
535 1242 569 1269 ad
579 1243 714 1271 orientem.
731 1244 765 1271 Et
782 1249 809 1272 tu

20 1285 93 1311 labis
114 1285 336 1320 signiﬁcationem
351 1287 506 1320 secundum,
523 1292 547 1315 et
564 1289 750 1323 promovebant
764 1299 809 1317 ca-

24 1336 71 1358 tra
89 1331 137 1366 qui
156 1332 304 1359 consistunt
325 1333 359 1359 ad
380 1337 511 1361 austrum.
533 1333 568 1360 Et
582 1335 685 1361 tubabis
703 1336 808 1371 signiﬁ-

20 1377 148 1404 ‘alionem
169 1377 275 1405 tertiam
296 1382 322 1405 et
344 1379 532 1412 promovebant
552 1385 641 1407 castra
656 1382 700 1416 qui
721 1382 809 1409 consi-

23 1427 86 1449 tunt
111 1424 256 1451 secundum
282 1432 365 1452 mare.
395 1423 430 1450 Et
457 1426 561 1452 tababis
585 1427 807 1462 signiﬁcationem

20 1473 149 1503 vuartam,
158 1474 181 1496 et
191 1470 282 1497 tollent
292 1475 381 1497 castra
389 1471 434 1506 qui
442 1473 589 1499 consistunt
601 1474 635 1500 ad
645 1475 804 1509 aquilonem.

20 1514 85 1550 Ergo
105 1515 234 1542 tubabunt
247 1517 308 1543 tuba
325 1518 353 1544 in
365 1519 528 1552 promotioae
537 1527 636 1547 eorum.
652 1520 687 1548 Et
701 1523 806 1557 quando

20 1563 180 1597 'ongregatis
195 1565 434 1598 congregationem,
454 1564 544 1592 tubate
559 1571 583 1592 et
605 1575 655 1593 non
671 1568 807 1603 signi/ica-

24 1608 98 1634 ione.
123 1607 156 1635 Et
181 1608 231 1643 ﬁlii
245 1608 335 1636 Aaron
359 1610 508 1638 sacerdotes
531 1612 658 1639 tububunt
681 1614 762 1647 tubis,
782 1619 807 1642 et

20 1652 60 1678 'rit
78 1652 151 1678 vobis
172 1652 320 1687 legitimum
340 1655 528 1689 sempiternum
552 1657 580 1683 in
595 1660 806 1693 generationibus

20 1697 117 1724 vestris.
132 1696 161 1724 Si
174 1703 262 1725 autem
283 1699 402 1727 ericritis
423 1700 458 1727 ad
469 1701 564 1729 bellum
586 1703 612 1730 in
630 1708 700 1731 terra
719 1711 806 1733 vestra

20 1748 105 1770 ‘ontra
125 1744 301 1778 adversarios,
321 1745 448 1774 tubabitis
467 1747 547 1782 tubis,
567 1753 591 1776 et
605 1752 806 1780 remorabimini

21 1798 37 1815 η
59 1796 200 1825 conspectu
216 1791 267 1818 Dei
288 1793 378 1825 vestri,
401 1798 426 1821 et
448 1794 616 1824 salvabimini
637 1805 669 1824 ex
689 1798 805 1826 inimicis

20 1836 118 1864 ἐδει-ῖς.
134 1836 168 1863 Et
184 1837 210 1864 in
223 1838 315 1865 diebus
333 1839 434 1867 (milite
450 1845 552 1876 vestrm,
565 1847 590 1870 et
605 1844 632 1870 in
647 1845 804 1879 festivitati-

20 1890 69 1915 tus,
83 1887 109 1909 et
123 1882 275 1911 Neomeniis
291 1887 396 1917 vestris,
411 1887 538 1915 tubabitis
551 1890 630 1923 tubis,
647 1896 671 1917 et
687 1892 713 1918 in
729 1892 804 1919 holo-

20 1930 112 1956 'austis
135 1932 245 1964 vestris,
265 1937 289 1959 et
311 1934 339 1960 in
359 1935 501 1969 sacriﬁciis
517 1936 678 1964 salutarium
702 1943 803 1966 vestro-

20 1983 83 2007 ‘um,
103 1981 126 2002 et
144 1977 193 2003 erit
212 1980 339 2006 memoria
358 1982 438 2008 uestri
456 1982 483 2008 in
498 1988 635 2017 conspectu
653 1983 700 2011 Dei
711 1986 799 2013 vestri.

20 2022 69 2057 Ego
83 2022 212 2052 Dominus
225 2025 297 2052 Deus
318 2032 410 2061 vester.
432 2028 499 2055 Vide
510 2030 591 2056 etiam
614 2030 640 2057 in
659 2031 718 2059 istis
733 2040 802 2067 quo-

20 2069 84 2096 tiam
99 2069 124 2096 in
139 2070 227 2104 prima
239 2071 441 2106 signiﬁcatione
453 2074 523 2102 tubae
534 2081 696 2109 promovent
712 2082 801 2105 castra

20 2117 55 2151 [ui
79 2122 143 2145 sunt
166 2118 316 2145 secundum
351 2119 494 2152 orientem,
519 2121 546 2148 in
569 2122 690 2149 secunda
708 2128 799 2152 autem

20 2168 170 2190 n-omovent
181 2168 271 2191 castra
283 2165 328 2199 qui
342 2170 406 2192 sunt
417 2167 567 2194 secundum
581 2173 721 2202 austrum;
733 2175 799 2198 etut

871 226 936 253 tuba
955 232 1082 261 argentea
1098 235 1268 263 congregans
1286 237 1509 266 unumquemque
1525 233 1551 259 in
1568 234 1663 262 ordine

872 271 956 308 [suo].
986 272 1142 300 Secundum
1172 275 1298 303 umbram
1324 277 1433 311 quidem
1462 278 1534 306 sicut
1556 279 1662 315 Moyses

871 320 1033 353 nominavit,
1062 321 1213 348 secundum
1243 324 1404 358 mysterium
1431 329 1534 358 autem,
1561 333 1660 354 secun-

870 366 933 393 dum
951 366 1022 401 quod
1040 366 1106 394 dicit
1121 366 1223 395 Paulus
1240 368 1267 395 in
1282 368 1404 403 Epistola
1418 371 1500 405 872
1516 372 1549 398 ad
1564 371 1663 399 Corin-

871 411 944 439 thios
961 413 1081 440 secunda
1092 413 1125 440 9‘.
1150 413 1273 442 Primum
1300 419 1389 442 autem
1406 424 1466 444 cum
1490 418 1562 445 tubis
1578 419 1662 446 rat-io-

870 458 978 486 nalihns
1003 463 1164 494 promovent
1188 464 1287 488 castra.
1316 461 1355 488 Ita
1379 462 1513 497 legislatio
1528 463 1556 491 lit
1570 464 1603 492 de
1620 465 1662 493 his

869 505 951 532 rebus
969 513 1029 540 qua:
1045 505 1079 532 ad
1097 506 1198 532 bellum
1224 507 1361 541 pertinent
1379 507 1461 535 lsracl
1484 511 1662 538 memorantis

869 551 997 586 perillam
1013 552 1240 587 significationem
1253 554 1378 581 tubarum
1389 554 1504 582 bellicas
1523 564 1565 583 res
1579 566 1585 584 :
1600 565 1661 591 qua;

869 596 941 623 tuba:
956 595 1046 623 ferunt
1061 604 1108 625 eos
1122 597 1168 630 qui
1183 603 1434 626 commemorantur
1446 608 1493 634 per
1510 607 1557 628 eas
1574 602 1663 635 signi-—

869 642 1010 670 licationes
1029 644 1155 670 tubarum
1168 664 1175 677 ,
1201 644 1234 671 ad
1254 645 1415 672 salvandum
1431 653 1477 673 eos
1493 647 1527 674 ab
1542 647 1660 676 inimicis

868 695 973 716 eorum.
997 688 1084 717 Voces
1101 694 1190 717 autem
1212 695 1402 724 argentearum
1423 695 1449 718 et
1464 691 1659 726 productilium

869 734 994 761 tubarum
1011 734 1038 761 in
1052 734 1148 762 diebus
1172 735 1271 762 lu-titite
1288 734 1380 769 Israel,
1397 743 1458 771 qua:
1480 742 1664 766 assumuntur

869 778 896 806 iu
922 777 1078 807 Neomcniis
1103 780 1244 814 ipsorum,
1271 785 1349 808 erant
1371 782 1475 809 umbrat
1504 783 1659 812 futurarum

868 823 1092 858 Neomeniarum,
1110 826 1143 853 de
1155 826 1256 861 quibus
1278 826 1345 854 dicit
1355 827 1504 863 Apostolus
1516 830 1538 844 "
1552 839 1558 856 :
1573 829 1658 857 Nemo

832 864 852 892 Β
869 880 914 898 cos
926 871 1030 906 judice!
1052 873 1079 898 in
1101 880 1173 906 esca,
1197 877 1243 900 aut
1265 874 1292 900 in
1305 878 1379 907 potu,
1403 880 1449 900 aut
1469 875 1498 901 in
1520 881 1595 910 parte
1605 877 1659 904 diei

869 917 942 952 festi,
966 921 1012 944 aut
1035 917 1197 951 Neomeniw,
1222 923 1269 945 aut
1297 918 1492 953 Sabbatorum,
1517 929 1575 956 qua:
1597 926 1659 950 sunt

868 963 962 990 umbra
980 963 1142 995 futurorum.
1165 964 1352 991 Assumuntur
1376 969 1466 993 autem
1483 970 1510 994 et
1527 967 1554 994 in
1572 967 1658 994 sacri-

868 1007 936 1035 ticiis
956 1012 983 1035 et
1001 1009 1028 1035 in
1041 1008 1209 1036 holocaustis
1226 1009 1387 1038 salutarium
1408 1011 1502 1040 Israel.
1529 1012 1603 1045 Quas
1619 1013 1660 1041 si-

866 1054 1056 1089 gniﬁcationes
1078 1055 1205 1082 tubarum
1230 1057 1365 1091 exemplo,
1381 1062 1408 1085 et
1425 1058 1521 1086 umbra
1537 1059 1662 1087 caelestis-

866 1099 989 1132 culturae,
1008 1100 1086 1135 quasi
1104 1100 1221 1136 alicujus
1237 1102 1358 1130 caelestis
1376 1107 1403 1130 et
1420 1105 1664 1135 conversationem-

867 1143 994 1174 habentis
1013 1146 1040 1173 in
1055 1147 1134 1180 uelo,
1156 1155 1294 1183 exponere
1319 1151 1456 1177 convenit.
1485 1150 1548 1178 Ilaec
1564 1156 1656 1180 autem

865 1193 989 1228 exempla
1015 1193 1189 1227 accepimus,
1216 1198 1246 1221 ut
1269 1195 1311 1222 vel
1338 1202 1370 1222 ex
1395 1200 1471 1230 parte
1504 1197 1656 1233 intelligere

865 1238 1004 1266 valeamus
1019 1239 1090 1274 quod
1109 1239 1241 1275 scriptum
1259 1245 1300 1268 est
1311 1241 1334 1257 ”
1349 1249 1355 1267 :
1368 1241 1455 1269 Mittet
1473 1243 1579 1278 angelos
1595 1252 1656 1271 suos

864 1293 923 1311 cum
942 1285 1004 1312 tuba
1016 1293 1121 1320 magna,
1133 1289 1158 1312 et
1168 1287 1363 1322 congregabunt
1375 1287 1470 1314 electos
1482 1289 1549 1322 ejus.
1566 1288 1662 1316 Even-7

863 1331 962 1365 gelicas
979 1335 1069 1358 autem
1084 1332 1164 1359 tubas
1180 1332 1299 1359 ostendit
1315 1336 1342 1359 et
1361 1333 1387 1360 in
1408 1334 1496 1368 prima
1516 1334 1550 1361 ad
1567 1334 1655 1363 Thes-

862 1375 1046 1404 salouicenses
1061 1377 1085 1392 ἰ
1105 1377 1253 1412 Apostolus
1272 1377 1384 1405 dicens:
1401 1378 1459 1405 Hoc
1476 1384 1564 1406 autent
1582 1381 1653 1408 vobis

861 1421 973 1448 dicimus
990 1422 1018 1448 in
1034 1421 1110 1449 uerbo
1123 1422 1241 1456 Domini,
1258 1424 1386 1458 quoniam
1406 1432 1452 1451 nos
1470 1425 1516 1460 qui
1530 1426 1652 1459 vivimus,

861 1467 905 1502 qui
921 1467 1113 1495 remanebimus
1129 1468 1156 1494 in
1172 1468 1285 1496 adventu
1304 1469 1420 1503 Domini,
1443 1478 1495 1497 non
1511 1472 1654 1506 prwvenie—

861 1521 919 1539 mus
935 1521 978 1540 eos
998 1514 1043 1549 qui
1058 1514 1234 1548 dormierunt,
1257 1517 1383 1550 quoniam
1407 1516 1463 1551 ipse
1476 1516 1605 1544 Dominus
1624 1517 1652 1545 iu

855 1558 946 1593 jussu,
961 1565 985 1586 at
1001 1559 1028 1586 in
1042 1567 1102 1587 voce
1115 1560 1278 1595 archangeli,
1290 1565 1314 1588 et
1331 1561 1359 1587 in
1376 1561 1439 1588 tuba
1452 1561 1501 1588 Dei
1514 1562 1653 1590 descendat

859 1604 891 1631 de
908 1605 982 1632 caelo.
1005 1605 1071 1633 Item
1087 1606 1121 1633 ad
1139 1606 1297 1634 Corinthios
1311 1608 1400 1642 prima
1414 1608 1436 1624 ³⁵
1450 1617 1456 1633 ;
1473 1608 1570 1635 Omnes
1591 1609 1651 1643 qui-

858 1653 918 1679 dem
938 1652 1118 1685 dormiemus,
1142 1661 1194 1680 non
1218 1657 1306 1680 autent
1328 1662 1416 1681 onmes
1440 1655 1651 1683 immutabimur.

859 1696 893 1723 In
907 1701 1047 1730 momenta,
1068 1697 1096 1723 in
1115 1697 1170 1724 ictu
1193 1698 1273 1729 oculi,
1292 1698 1319 1724 in
1338 1698 1482 1725 novissima
1501 1698 1573 1726 tuba.
1595 1698 1650 1725 Tu<

858 1743 929 1769 babit
948 1743 1027 1776 enim,
1045 1747 1070 1770 et
1090 1744 1189 1770 mortui
1213 1748 1348 1779 rcsurgent
1370 1745 1536 1780 incorrupti,
1557 1749 1581 1771 ct
1602 1752 1649 1772 nos

856 1790 1065 1816 immutabimur.
1081 1789 1129 1817 Est
1142 1793 1232 1817 autem
1248 1794 1275 1818 et
1289 1791 1380 1825 aliqua
1396 1792 1547 1819 secundum
1561 1792 1648 1827 legem

855 1840 883 1863 et
899 1836 1027 1863 tubarum
1051 1836 1196 1869 festivitas,
1222 1836 1371 1864 Ncomenia
1399 1838 1507 1872 septimi
1532 1839 1651 1870 mensis.

855 1882 972 1910 forsitan
999 1883 1159 1918 mysterium
1186 1883 1302 1918 alicujus
1332 1891 1403 1910 vera:
1427 1883 1595 1918 festivitatis,
1621 1890 1648 1913 et

855 1932 926 1960 tuba:
942 1931 1058 1966 alicujus
1072 1931 1200 1966 spiritalis
1217 1935 1243 1958 et
1257 1931 1445 1966 magniloquii.

890 1979 934 2006 53.
958 1981 979 2006 A
991 1979 1043 2013 ﬁcu
1055 1983 1143 2006 autem
1155 1978 1250 2005 discite
1260 1978 1428 2012 parabolam.
1449 1978 1562 2012 Quando
1575 1981 1646 2008 enint

849 2023 908 2058 jam
919 2032 1009 2051 ramus
1022 2024 1079 2058 ejus
1092 2023 1179 2057 factus
1193 2023 1273 2057 fuerit
1293 2028 1373 2055 tener,
1388 2029 1412 2050 et
1426 2023 1493 2058 [alia
1508 2025 1643 2060 producit,

853 2071 946 2097 scitote
958 2071 1020 2105 quia
1034 2078 1114 2105 prope
1129 2074 1167 2096 est
1181 2074 1271 2096 wstas.
1288 2068 1332 2096 Sic
1345 2074 1369 2096 et
1385 2077 1428 2096 vos
1448 2078 1507 2096 cum
1525 2071 1643 2098 videritis

853 2117 908 2144 Izwc
926 2117 1026 2148 omnia,
1046 2117 1140 2142 scitote
1161 2116 1224 2150 quia
1244 2124 1322 2151 prope
1343 2121 1381 2143 est
1400 2118 1426 2143 in
1445 2117 1545 2144 limine.
1560 2117 1643 2145 Amen

852 2162 911 2188 dico
931 2161 1011 2193 vobis,
1030 2161 1155 2191 quoniam
1181 2169 1232 2187 non
1252 2161 1397 2195 prwteribit
1419 2163 1553 2197 generatio
1576 2163 1641 2195 licet,

20 2208 130 2235 treviter
143 2209 248 2242 dicant,
265 2218 298 2236 ex
315 2215 432 2245 quatuor
456 2213 544 2241 ventis
567 2221 732 2250 congregant
755 2225 795 2245 εδ,
816 2215 839 2244 ι)
853 2209 936 2235 donec
953 2208 1041 2234 omnia
1053 2207 1129 2242 fiant.
1149 2207 1249 2234 leum
1264 2212 1288 2234 et
1301 2212 1372 2235 terra
1389 2209 1552 2241 transibunt,
1564 2210 1643 2237 verba

20 2255 131 2281 :erdotes
147 2255 273 2283 tubantes
289 2265 336 2285 eos
352 2259 398 2294 qui
416 2263 480 2286 sunt
492 2266 525 2286 ex
541 2261 640 2289 castris
658 2261 739 2290 Israel
755 2269 799 2291 :ct

20 2298 160 2326 iocundum
186 2302 418 2335 comparationem
446 2304 618 2331 sacerdotum
631 2305 797 2340 tubantium,

20 2344 98 2379 mgeli
114 2344 213 2372 Christi
230 2354 291 2373 eum
308 2348 373 2374 tuba
390 2357 486 2384 magna
511 2351 717 2386 congregabunt
741 2352 794 2379 ele-

20 2394 65 2417 ‘tos
78 2390 138 2424 ejus
153 2398 168 2417 a
183 2396 302 2426 quatuor
315 2395 413 2422 ventis.
433 2394 484 2422 Sed
500 2396 528 2422 in
543 2396 671 2425 Numeris
684 2398 793 2433 quidem

20 2444 64 2464 nec
79 2436 148 2464 facta
162 2439 320 2466 scribuntur
336 2440 362 2467 in
380 2442 472 2474 terris,
491 2441 518 2469 in
531 2442 686 2478 Evangeliis
702 2449 793 2473 autem

20 2493 23 2510 I
40 2490 147 2510 summo
163 2488 242 2511 terrae
257 2493 344 2520 usque
360 2487 392 2514 ad
409 2495 546 2516 summum
563 2490 637 2517 cmli.
655 2489 720 2518 I’ost
736 2491 794 2519 hate

20 2536 98 2557 unum
112 2536 126 2556 a
138 2531 252 2558 summis
266 2532 398 2560 caelorum
414 2541 502 2569 usque
517 2535 550 2562 ad
566 2543 674 2564 summa
686 2545 793 2566 eorum.

20 2574 39 2602 Et
58 2575 169 2602 forsitan
191 2575 234 2603 lex
253 2578 373 2605 umbram
391 2579 468 2606 habet
493 2580 644 2614 futurorum
657 2583 698 2609 9°:
724 2588 750 2611 et
767 2585 794 2612 in

20 2619 131 2648 iumeris
145 2629 253 2656 quoque
265 2623 338 2657 quod
352 2626 468 2658 positum
484 2630 525 2653 est
539 2627 572 2654 de
586 2628 658 2656 tubis
674 2633 701 2656 et
718 2629 794 2657 ordi-

20 2667 88 2694 nibus
101 2666 190 2699 Israel,
214 2669 309 2696 umbra
328 2674 370 2698 est
387 2670 552 2700 futurorum.
578 2673 617 2702 Ne
634 2675 702 2702 forte
728 2683 793 2710 ergo

20 2716 138 2747 trgenlca’.
155 2713 237 2748 tubae,
252 2715 382 2748 quoniam
400 2723 542 2753 argentum
565 2719 592 2747 in
613 2721 705 2749 multis
725 2721 792 2749 locis

57 2819 79 2834 θ’
92 2827 117 2848 s.
141 2819 148 2845 Ι
170 2823 195 2845 οι
211 2827 286 2854 seqq.
339 2820 361 2835 ¹¹¹¹
375 2818 455 2846 Ilchr.
473 2827 498 2851 κ,
513 2819 537 2846 I.
576 2819 597 2835 θ’
611 2828 665 2854 xw,
678 2819 705 2847 ‘2.

22 2853 30 2869 '
44 2863 83 2888 xv,
95 2854 136 2889 5|,
147 2855 188 2881 52.
229 2856 250 2871 9"
262 2854 356 2882 Matth.
377 2862 452 2889 sxw,
465 2855 499 2882 52
515 2859 540 2882 et
553 2862 629 2890 seqq.

761 2822 783 2837 ⁹²
795 2821 900 2849 Coloss.
917 2829 947 2854 ιι,
965 2820 1005 2854 l6,
1023 2820 1063 2847 l7.

853 2260 941 2282 autem
954 2262 1011 2281 mea
1028 2263 1079 2281 non
1100 2254 1249 2280 transibunt
1265 2254 1299 2281 π.
1316 2253 1460 2287 Quomodo
1478 2256 1511 2283 de
1529 2256 1581 2284 ficu
1602 2257 1642 2285 si-

850 2301 975 2329 militudo
991 2308 1086 2328 eorum
1102 2307 1162 2334 quae
1179 2300 1252 2327 dicta
1270 2305 1334 2327 sunt
1352 2301 1464 2335 intelligi
1482 2303 1578 2336 possit,
1594 2310 1639 2331 se-

849 2348 968 2376 cundum
986 2347 1058 2382 quod
1072 2354 1221 2381 possumus
1235 2354 1415 2380 exponemus,
1430 2355 1464 2374 ne
1479 2348 1548 2376 forte
1565 2353 1640 2377 totus

851 2395 893 2422 hic
911 2393 1030 2421 mundus
1046 2397 1072 2420 ct
1087 2393 1287 2420 consummatio
1302 2393 1362 2427 ejus
1376 2393 1437 2420 [icui
1458 2394 1634 2422 assimilelur.

850 2440 1045 2475 Unusquisque
1061 2438 1261 2474 proficientium
1279 2438 1311 2465 ad
1325 2439 1408 2465 vitam
1422 2439 1527 2467 beatam
1547 2445 1576 2468 ut
1594 2442 1636 2468 vi-

849 2489 910 2516 dcat
929 2486 1030 2514 Christi
1055 2485 1129 2512 verbi
1155 2484 1304 2520 gloriosum
1329 2485 1356 2511 in
1381 2492 1410 2512 se
1434 2490 1461 2512 et
1484 2485 1634 2520 perfectum

849 2535 1006 2564 adventum,
1027 2531 1090 2558 {icui
1108 2530 1205 2558 similis
1221 2530 1362 2557 habeatur.
1388 2530 1464 2558 Sicut
1478 2531 1550 2558 enim
1567 2531 1634 2559 ficus

847 2580 873 2606 in
887 2583 1006 2613 tempore
1019 2577 1128 2612 quidem
1146 2576 1243 2603 hiemis
1256 2575 1364 2603 vitalem
1379 2576 1489 2610 quidem
1505 2576 1632 2604 virtutem

845 2625 925 2651 habet
942 2624 969 2651 iu
985 2631 1024 2656 se,
1041 2621 1228 2649 absconditam
1245 2626 1336 2648 autem
1351 2620 1431 2648 habet
1445 2628 1516 2653 eam,
1533 2625 1561 2648 et
1578 2629 1632 2649 non

844 2671 911 2698 satis
927 2669 1100 2698 manifestam
1121 2676 1127 2693 :
1151 2668 1324 2703 postmodum
1347 2672 1436 2695 autem
1462 2675 1523 2694 cum
1547 2667 1633 2695 virtus

843 2719 901 2753 ipsa
930 2717 1020 2744 vitalis
1048 2715 1156 2750 prodire
1180 2715 1293 2750 coeperit
1325 2714 1358 2742 ad
1385 2714 1632 2742 manifestationcm

1117 2820 1241 2848 “Matth.
1258 2828 1333 2852 xxn‘,
1347 2821 1391 2848 5|.
1447 2820 1468 2836 “
1481 2827 1517 2852 tv,
1531 2817 1574 2853 Η,
1589 2817 1634 2846 15.
