1839 3053
145 106 210 134 1665

737 105 898 133 ORIGENIS
918 105 950 132 IN
969 104 1178 134 MATTﬂ/EUM'

1696 101 1766 130 ιῡει

142 165 214 192 modi
235 163 423 200 generationes
442 162 532 191 veniet
552 162 624 198 quod
648 170 730 197 super
742 168 878 198 sugrnlcs.
893 162 921 190 Si
937 164 958 192 Α
974 161 1191 190 fornicationem.
1208 161 1242 190 Et
1266 169 1320 189 non
1347 161 1433 189 solum
1452 159 1599 189 fornicatio
1619 161 1700 188 nobis
1725 165 1766 187 est

141 215 244 242 autem,
270 210 342 237 sicut
362 209 388 236 in
409 209 500 236 multis
519 208 719 243 exemplaribus
737 209 867 243 Scriptum
884 213 926 236 est

140 265 179 284 me
191 256 354 291 uigentibus,
382 255 526 282 dicendum
544 259 587 282 est
606 254 734 288 quoniam
747 255 845 281 anima:
861 258 926 280 stitit

141 311 203 336 qum
219 303 355 330 Iactantur
377 301 467 328 adhuc
494 301 526 328 ad
540 308 609 335 quas
623 300 688 327 dicit
708 300 857 335 Apostolus
875 301 896 315 "
915 309 922 327 :

141 349 196 376 Lac
212 348 283 376 nobis
294 353 385 383 potum
404 347 465 373 dedi
484 355 535 373 non
552 355 650 379 escam,
667 347 784 373 nomium
796 347 863 372 enim
878 354 925 380 po-

145 395 249 426 teratis,
274 392 320 420 sed
347 401 393 419 nec
415 399 497 426 usque
511 391 597 418 adhuc
613 391 732 425 potestis,
746 390 832 418 adhuc
853 391 922 418 enim

138 440 202 466 estis
225 438 356 466 carnales.
381 437 449 464 Dicit
471 442 560 464 autem
583 441 610 464 et
630 436 695 464 alibi
708 437 747 463 “z
763 436 839 463 Facti
860 437 923 464 estis

138 492 203 518 opus
217 484 338 510 habentes
359 483 437 513 lacte,
449 487 473 508 et
496 490 546 508 non
560 482 647 508 solida
663 491 732 509 esca.
748 482 839 510 Omnis
853 483 922 509 enim

137 530 182 563 qui
195 528 262 555 (arte
279 528 372 559 alitur,
392 527 529 562 imperitus
543 533 580 554 est
594 528 668 554 verba
680 528 797 562 jurtititz
808 536 922 563 :pnreu-

137 574 177 599 Ius
193 574 259 600 rttim
273 578 322 600 est.
340 573 398 600 lstzc
414 578 478 599 sunt
493 582 557 609 ergo
569 573 668 600 anima:
681 581 741 608 qua"
752 578 861 608 propter
879 574 921 600 in-

137 620 303 651 tinnitatem,
320 623 347 646 et
360 619 422 653 quia
439 617 517 646 facile
541 619 719 651 seducuntur,
735 626 789 645 non
807 623 922 653 possunt

136 664 359 691 lnseduetibilitcr
378 671 538 698 permanere
558 663 584 690 in
609 668 756 698 conspectu
780 664 922 691 abomina-

136 708 218 735 tionis
234 709 409 736 dcsolationis
432 709 529 736 stantis
544 709 570 735 in
589 709 650 736 loco
667 713 761 736 sancto
776 717 782 734 :
803 709 920 737 seut-icta:

134 754 206 781 enim
225 755 399 782 consentiunt
413 755 448 787 ei,
466 759 559 789 utpote
575 755 639 782 Deo.
657 754 689 781 Et
703 759 745 782 est
760 755 850 782 videre
866 756 920 783 lue—

134 800 279 826 reticorum
314 799 450 828 Ecclesias
482 801 576 835 plenas
600 800 633 827 de
650 800 830 828 lamentandis
851 809 918 835 pne-

134 846 291 880 guantibus.
319 847 361 873 vel
387 846 581 878 nutrientibus,
604 847 646 873 vel
669 846 839 880 sugentibus.
860 847 921 875 Ple-
939 836 959 864 Β

134 898 248 925 rumque
263 890 335 918 enim
363 891 462 918 animae
484 898 546 926 quae
572 894 605 918 in~
614 890 736 918 Ecclesia
749 897 919 927 pra‘gnautes

133 935 254 968 fuerunt,
268 940 316 963 aut
340 936 502 968 nutrientes,
525 940 572 963 aut
594 940 732 971 Sugentes,
749 935 859 964 fuerunt
876 944 919 964 se—

131 982 220 1008 ducta:
236 989 250 1008 a
266 981 443 1009 desolationis
458 981 661 1008 abominationc
677 989 686 1008 :
700 986 727 1008 et
750 981 868 1009 seducta:
884 982 919 1008 ab

131 1034 164 1053 co
177 1026 259 1054 verbo
273 1026 342 1054 falso
350 1027 395 1062 qui
405 1031 458 1054 stat
472 1027 497 1054 in
509 1027 568 1054 loco
584 1031 678 1054 sancto
691 1034 739 1062 per
751 1027 844 1054 falsam
864 1031 919 1054 tra-

131 1072 260 1099 ditionem
289 1072 446 1107 dogmatum
475 1080 678 1108 perversorum,
705 1073 918 1100 abominationis

131 1117 203 1144 illius
216 1123 395 1153 susceperunt
405 1126 444 1145 vze
459 1119 531 1153 quod
550 1125 565 1145 a
584 1117 701 1145 Domino
711 1118 810 1145 factum
824 1122 867 1146 est
877 1119 916 1146 "z

136 1162 179 1189 Vat
195 1163 220 1189 in
237 1169 310 1190 utero
335 1163 490 1190 habentibus
510 1169 533 1190 et
550 1164 733 1190 nutrientibus.
753 1163 811 1191 Non
826 1170 917 1192 autem

133 1209 363 1244 quandocnnque,
388 1209 434 1236 sed
461 1210 486 1236 in
517 1209 614 1237 diebus
631 1209 684 1236 illis
705 1210 918 1238 abominationis

129 1254 306 1282 ile-solutionis
327 1255 539 1283 desolationum.
565 1254 660 1282 Omnis
675 1255 747 1282 enim
769 1256 816 1291 qui
842 1256 918 1283 audit

129 1300 209 1327 verba
225 1300 392 1334 iniquitatem
408 1300 433 1327 in
459 1301 596 1328 excelsum
613 1300 795 1335 loquentium,
811 1306 838 1329 et
853 1310 916 1329 sus-

128 1345 193 1380 cipit
206 1354 238 1373 ea
254 1347 279 1373 in
301 1347 396 1374 diebus
407 1347 477 1382 ejus,
495 1347 538 1374 ille
554 1347 916 1376 abominationedesolatio-

129 1393 171 1419 uis
184 1393 310 1420 subditus
331 1394 366 1420 tit.

163 1439 207 1466 Η.
218 1438 299 1466 Orate
325 1444 411 1466 autent
430 1444 456 1466 ut
473 1448 504 1466 ne
518 1440 565 1474 fiat
582 1440 645 1475 fuga
667 1446 752 1467 vestra
769 1440 852 1467 hieme
878 1441 916 1468 uel

128 1483 254 1511 Sabbato.
273 1484 320 1512 Est
329 1485 412 1515 enim,
430 1485 637 1517 sieutdiximus,
650 1486 772 1519 quadam
784 1484 846 1520 fuga
864 1485 914 1512 Ιιοο

129 1528 232 1556 minum
262 1529 412 1557 secundum
442 1535 607 1565 praeceptum
627 1529 720 1563 Verbi,
742 1535 772 1558 ut
785 1531 831 1565 qui
847 1530 915 1566 fugit

129 1583 190 1609 qua:
208 1575 300 1610 fugere
316 1580 430 1610 oportet.
449 1576 545 1603 melior
560 1576 594 1604 sit
607 1584 640 1603 eo
652 1577 698 1611 qui
716 1585 770 1604 non
785 1576 862 1612 fugit.
877 1576 915 1613 [et

127 1621 257 1648 ideotalia
267 1626 292 1648 et
304 1621 404 1655 majora
417 1621 602 1656 delinquitpcr
612 1622 740 1656 hocquod
757 1630 809 1649 non
823 1622 914 1659 fugit,]

126 1666 172 1693 sed
189 1667 364 1701 semetipsum
376 1667 513 1694 subditum
524 1667 587 1695 facit
603 1668 780 1702 perdentibus
794 1669 913 1697 animam

127 1712 216 1739 malis.
233 1711 310 1744 Quod
334 1716 378 1752 cst
405 1718 496 1740 autem
518 1714 666 1741 constituta
685 1714 748 1749 fuga
760 1719 841 1750 atque
854 1716 913 1743 lau-

125 1757 222 1784 dabilis
237 1758 379 1786 manifeste
393 1759 742 1794 docetApostolus,dicens
756 1761 779 1776 “
792 1770 798 1788 ε
818 1760 913 1796 Fugite

126 1803 339 1838 fornicationem.
357 1803 436 1839 Fugit
450 1809 538 1832 atttcm
554 1804 761 1833 fornicationem
785 1807 831 1841 qui
854 1815 913 1834 om-

125 1857 186 1876 nem
204 1849 376 1877 occasionem
393 1850 544 1878 irritantem
562 1855 588 1878 et
605 1855 798 1880 provocantem
813 1854 846 1879 ad
857 1852 912 1880 for-

123 1894 270 1922 niraudnm
281 1895 374 1928 evitat,
388 1900 415 1922 rt
437 1903 523 1931 neque
538 1896 682 1927 iuvenibus
707 1899 910 1932 commiscctur,

122 1939 151 1967 in
169 1944 299 1975 quantum
317 1945 414 1975 potest,
444 1949 477 1968 ne
499 1943 568 1970 forte
589 1949 766 1971 consumatur
782 1952 830 1979 per
844 1953 909 1976 eas;

123 1993 211 2020 neque
234 1987 373 2014 descendit
396 1988 428 2015 ad
455 1992 665 2018 consuetudines
691 1998 787 2018 eorum
803 1991 908 2022 talium,

124 2032 170 2058 sed
184 2032 281 2059 avertit
298 2041 328 2060 se
341 2034 453 2060 omnino
465 2034 499 2061 ab
516 2034 672 2069 bujusmodi
690 2036 831 2063 hominum
843 2044 911 2063 ροη-

122 2077 309 2104 ritalionibus.
337 2079 388 2111 Qui
402 2079 459 2106 vult
476 2079 569 2114 fugere
584 2080 803 2113 fornicationem,
817 2081 910 2108 audiat

121 2128 149 2148 ct
166 2122 229 2148 illud
251 2123 322 2157 quod
344 2123 443 2150 dicitur
456 2124 479 2140 “
497 2133 503 2153 :
518 2123 582 2151 Cum
602 2125 737 2152 saltatrice
757 2126 813 2153 noli
840 2127 909 2153 assi-

121 2170 189 2195 duus
200 2177 266 2200 esse,
294 2177 325 2196 ne
351 2169 418 2204 forte
444 2171 608 2197 ransumaria
628 2171 654 2197 in
681 2171 821 2198 desideriis
836 2171 904 2206 ejus.

121 2213 201 2248 Fugit
213 2217 303 2240 autem
320 2213 526 2242 fornicationem
536 2215 728 2247 abundantius,
745 2216 790 2250 qui
809 2224 906 2244 accen-

121 2258 216 2286 dentes
236 2263 263 2286 ct
285 2259 456 2288 excitatrices
480 2261 592 2288 seminis
614 2268 701 2294 escas,
720 2262 746 2288 in
772 2268 904 2297 quantum

122 2304 203 2336 \alet,
215 2304 309 2336 evitat,
323 2310 349 2332 et
369 2306 442 2339 vino,
458 2307 480 2334 si
495 2311 582 2341 potest
600 2307 666 2337 fieri.
685 2315 737 2335 non
755 2309 840 2336 utitur
855 2310 906 2336 do-

121 2357 170 2377 m-e
186 2354 308 2378 transrat
320 2351 468 2379 ferventior
489 2357 564 2379 retas.
583 2353 610 2379 Si
624 2358 714 2380 autem
732 2355 829 2387 utitur,
847 2363 906 2382 mo-

119 2395 181 2422 dico
205 2400 296 2424 utatur
313 2397 463 2424 secundum
485 2397 664 2432 apostohcum
682 2405 845 2435 praeceptum
864 2401 906 2428 di-

118 2450 183 2470 rens
199 2442 342 2470 Timotheo
356 2444 397 2469 ’σε
415 2442 476 2470 Ιαηι
492 2443 546 2470 noli
561 2452 656 2479 aquam
677 2445 772 2477 bibere,
789 2447 833 2473 sed
846 2447 905 2474 vitta

120 2489 221 2515 modico
232 2494 304 2516 ntere
319 2494 424 2523 propter
440 2490 603 2516 stomachum
618 2496 704 2522 ιιιιιηι,
717 2497 742 2518 et
758 2493 905 2528 frequentes

119 2539 178 2560 tuas
194 2535 365 2569 inﬁrmitates
393 2534 425 2560 Et
444 2535 508 2569 qttid
537 2536 633 2570 plura?
644 2536 690 2564 Ille
702 2541 743 2564 est
758 2539 804 2572 qui
821 2538 906 2566 forni-

119 2580 252 2607 cationem
271 2580 349 2615 fugit,
366 2585 393 2607 ct
407 2589 513 2615 semper
532 2581 623 2616 fugam
644 2582 723 2609 istam
742 2583 904 2611 laudabilem

118 2630 246 2659 operatur
260 2633 345 2660 qtuea
364 2625 419 2652 Deo
432 2626 525 2660 tngere
543 2635 596 2653 non
609 2628 752 2662 permittit.
769 2628 903 2662 Operatur

118 2674 208 2696 autem
234 2670 304 2697 hanc
320 2670 410 2706 fugam
429 2671 474 2706 qui
494 2676 634 2706 promptus
645 2677 686 2700 est
701 2673 733 2699 ad
749 2673 902 2708 fugiendam

171 2740 190 2754 "
211 2739 218 2764 I
237 2740 302 2766 (lor.
322 2749 363 2772 ιιι,
385 2741 412 2768 2.

127 2773 250 2800 "lTnu.
265 2783 291 2806 ν,
310 2776 354 2802 25.
410 2777 431 2791 ¹⁷
449 2775 530 2804 ΙίςιἸί.
546 2786 600 2809 xxt,
615 2777 642 2803 ‘2.

124 2815 228 2839 ηιμ-1,
260 2810 282 2834 1.
321 2810 343 2826 ³’
362 2810 446 2838 Ειοιι.
464 2819 502 2844 ιιι,
521 2812 547 2838 ὅ.

465 2743 487 2758 ’ί
516 2741 597 2769 Hebr.
626 2751 652 2774 v,
681 2743 723 2772 Η,
754 2743 795 2769 15.

835 2742 858 2758 ¹¹
879 2743 973 2770 Matth.
1002 2750 1085 2771 xxiv,
1118 2741 1158 2768 l9.

695 2778 716 2792 "‘
739 2777 758 2803 ll
773 2777 869 2805 Thess.
905 2787 934 2807 ll,
951 2780 978 2805 ὖ.

587 2812 608 2827 ³³
627 2812 681 2840 ibid
707 2812 733 2839 5.
770 2813 975 2849 “Mutilum”,
988 2812 1031 2839 ‘26.

978 207 1115 243 fugienda.
1140 209 1187 236 sed
1208 213 1235 236 et
1251 216 1332 236 omne
1352 213 1500 243 peceatum.
1524 207 1586 234 Ideo
1610 208 1679 235 bene
1697 208 1766 234 dixit

977 254 1115 289 Scriptura
1129 255 1151 270 "
1168 264 1174 281 :
1192 255 1299 287 Quasia
1314 255 1382 289 facie
1398 255 1524 288 serpentis
1539 254 1601 288 fuge
1613 259 1765 288 peccatum.

976 299 1142 334 Frequenter
1166 305 1256 327 autem
1271 301 1398 327 convenit
1415 299 1506 335 fugere
1524 301 1559 327 ab
1574 299 1766 332 Antichristo,

974 345 1057 372 verbo
1080 350 1105 372 et
1133 345 1192 372 falsi
1221 345 1339 372 nominis
1360 345 1485 376 scientia,
1511 345 1633 371 maxime
1651 345 1766 378 quando

975 390 1091 417 necdum
1108 391 1271 418 sicidoneus
1284 395 1326 418 est
1341 391 1422 417 homo
1433 395 1462 417 ut
1478 390 1576 416 habeat
1587 389 1614 416 in
1629 397 1659 416 se
1670 389 1766 415 Domi-

975 441 1039 461 num
1065 440 1233 469 operantem,
1255 434 1300 468 qui
1328 434 1453 461 interficit
1478 434 1576 468 spiritu
1602 434 1661 460 oris
1687 433 1733 460 sui
1745 433 1766 448 "

974 479 1165 513 persuasiones
1190 479 1414 511 mendaciorum;
1439 486 1489 506 nec
1506 478 1631 505 ascendit
1653 477 1686 504 ad
1705 484 1765 505 ιλιι.

974 529 1030 551 ιιιιιι
1052 524 1215 557 altitudinis,
1239 529 1269 551 ut
1289 524 1388 551 habeat
1408 524 1433 550 in
1449 531 1550 550 secum
1568 523 1615 558 qui
1646 523 1766 550 destruit

971 571 1171 599 illuminationc
1189 572 1321 599 adventus
1345 572 1388 599 sui
1410 580 1518 599 omnem
1551 572 1763 607 persuasionem

973 616 1235 644 vcrisimilitudinem
1252 618 1375 645 veritatis
1391 618 1533 645 habentem
1556 622 1584 645 et
1601 618 1765 645 assimulam-

973 665 1025 688 tem
1045 670 1073 690 sc
1086 663 1203 690 veritati.
1223 663 1274 696 Qui
1295 668 1385 690 autem
1400 663 1478 698 fugit,
1496 664 1578 690 debet
1593 672 1765 699 cognoscere

971 708 1053 734 etiam
1068 708 1157 735 locum
1173 708 1204 735 ad
1217 716 1296 742 quem
1321 708 1413 744 fugere
1432 709 1521 741 debet,
1538 713 1566 736 et
1581 717 1667 736 orare
1683 710 1763 737 etiam

971 758 1082 788 propter
1097 759 1212 789 tempus,
1229 758 1258 781 ut
1273 761 1325 780 non
1343 754 1369 781 in
1390 762 1423 782 eo
1443 758 1565 789 tempore
1583 754 1674 789 fugiat
1694 756 1763 790 quod

971 805 1013 827 est
1028 800 1212 827 adversarium
1231 799 1311 834 fugat.
1328 799 1400 826 Loca
1417 807 1482 835 ergo
1499 799 1674 834 fugientibus
1687 807 1764 827 erunt

973 850 1088 876 montes,
1097 853 1167 880 quos
1177 845 1303 872 Christus
1315 845 1444 878 ostendit,
1457 845 1552 872 dicens
1566 846 1588 861 "
1606 853 1622 872 :'
1633 845 1710 872 Tum:
1722 848 1763 881 qui

971 891 998 917 in
1010 890 1106 918 Juda'a
1116 895 1188 923 sunt,
1201 891 1304 926 fugiant
1321 892 1347 917 in
1366 895 1475 917 montes.
1495 890 1528 917 Et
1543 891 1591 926 qui
1612 890 1724 926 fugiunt
1740 892 1762 917 in

971 936 1038 964 istos
1060 942 1166 964 montes
1191 937 1282 964 dicant
1296 937 1429 971 psalmum
1448 936 1584 971 graduum
1598 936 1641 964 sic
1663 937 1763 964 haben-

971 986 1023 1009 tem
1041 982 1062 997 ³⁸
1078 993 1083 1009 ;
1099 981 1193 1010 Levavi
1214 983 1302 1009 oculos
1322 990 1392 1009 meos
1409 983 1436 1008 in
1460 987 1570 1014 montes,
1594 982 1667 1009 unde
1684 984 1762 1009 veniet

970 1027 1101 1053 auxilium
1131 1027 1206 1054 mihi.
1235 1027 1296 1054 Ideo
1325 1032 1413 1054 autem
1442 1027 1512 1054 tollit
1534 1027 1635 1054 oculos
1658 1035 1724 1054 suns
1739 1029 1761 1053 in

969 1079 1087 1104 montes,
1101 1073 1165 1108 quia
1180 1073 1230 1100 scit
1244 1073 1437 1101 abundantiam
1450 1080 1511 1108 qum
1523 1079 1566 1100 est
1582 1073 1610 1100 in
1624 1074 1762 1100 montibus

970 1119 1039 1152 illis;
1055 1123 1197 1153 propterea
1210 1119 1277 1146 dicit
1290 1119 1310 1134 ³¹
1329 1128 1335 1145 :
1354 1118 1541 1146 Fundamenta
1555 1118 1618 1153 ejus
1635 1119 1663 1145 in
1690 1127 1760 1145 nion-

969 1167 1037 1193 tibut
1053 1167 1160 1193 sanctis.
1178 1165 1210 1193 Et
1223 1165 1245 1193 si
1260 1165 1358 1199 fugerit
1371 1165 1398 1192 in
1412 1169 1519 1191 montes
1540 1172 1615 1198 quos
1637 1165 1760 1199 praecepit

969 1211 1111 1243 Dominus,
1142 1211 1229 1238 veniet
1252 1212 1286 1238 ad
1310 1211 1398 1238 locum
1411 1215 1547 1242 sanctum,
1566 1209 1594 1236 in
1605 1217 1665 1244 quo
1678 1209 1761 1236 factus

967 1261 995 1284 et
1012 1257 1104 1284 videns
1129 1257 1217 1284 \isum
1230 1257 1304 1284 illum
1325 1264 1465 1291 magnum,
1480 1255 1554 1283 dicet
1567 1255 1644 1290 quod
1659 1255 1759 1282 dictum

967 1308 1009 1330 cst
1026 1303 1048 1319 "
1064 1302 1226 1330 :Transient
1250 1302 1341 1330 ridebo
1355 1303 1439 1329 visum
1464 1301 1533 1328 Itum:
1566 1309 1708 1336 magnum.
1730 1300 1761 1327 Et

967 1349 1014 1383 qui
1032 1349 1187 1384 bujusmodi
1204 1353 1257 1380 est,
1271 1347 1363 1375 audiet
1377 1355 1383 1374 :
1395 1346 1470 1374 Salve
1485 1347 1700 1374 catceamentum
1720 1354 1759 1379 pe-

966 1395 1029 1423 dum
1044 1400 1158 1426 tuorum,
1177 1395 1249 1422 locus
1264 1395 1332 1422 enim
1344 1395 1369 1421 in
1381 1402 1431 1428 quo
1448 1398 1475 1420 tu
1487 1398 1555 1425 stas,
1574 1398 1649 1419 terra
1669 1398 1759 1419 sancta

966 1446 1003 1467 est
1015 1441 1045 1469 ".
1063 1441 1254 1476 Fuginntcrgo
1266 1441 1292 1468 in
1306 1445 1412 1468 montes
1422 1439 1468 1474 qui
1481 1439 1591 1474 fugiunt
1606 1439 1758 1466 secundum

968 1485 1014 1514 Dei
1046 1487 1214 1514 mandatum.
1245 1486 1380 1520 Quoniam
1408 1493 1473 1521 ergo
1499 1485 1527 1512 in
1558 1485 1759 1520 tranquillitate

939 1520 949 1548 ³
967 1532 1066 1560 anima:
1079 1534 1233 1560 constituta:
1247 1537 1363 1568 possunt
1373 1520 1520 1567 impetrare
1535 1530 1631 1565 fugam
1651 1530 1757 1562 salutis,

966 1577 1055 1605 hieme
1082 1582 1173 1606 autem
1204 1577 1450 1613 comprehendente
1476 1575 1626 1603 incurrunt
1660 1575 1688 1602 in
1713 1582 1759 1602 eos

965 1631 1033 1659 quos
1051 1624 1167 1659 fugiunt,
1179 1624 1238 1651 ideo
1254 1627 1370 1651 orentut
1384 1630 1418 1650 ne
1429 1622 1476 1649 ﬁat
1487 1621 1550 1657 fuga
1561 1628 1662 1649 eorum
1672 1621 1758 1648 hieme

965 1671 1005 1698 vel
1023 1671 1152 1703 Sabbato,
1167 1671 1189 1698 si
1209 1671 1318 1706 quidem
1337 1669 1490 1705 vigilaverit
1505 1668 1638 1696 Christus
1664 1668 1692 1694 in
1709 1667 1756 1695 eis.

965 1715 994 1743 Si
1019 1721 1108 1743 autem
1136 1714 1323 1746 obdormierit,
1354 1719 1419 1741 tunc
1445 1713 1617 1740 descendens
1641 1713 1756 1748 procella

963 1762 1037 1789 venti
1065 1761 1092 1788 in
1121 1765 1258 1796 stagnum,
1275 1760 1420 1787 descendet
1436 1759 1517 1787 etiam
1530 1766 1615 1793 super
1630 1766 1696 1785 eum
1712 1759 1755 1793 qui

964 1807 1042 1841 fugit,
1062 1807 1126 1842 quia
1150 1815 1204 1834 non
1220 1805 1325 1842 [simul]
1353 1805 1433 1833 Jesus
1458 1805 1526 1840 fugit
1543 1812 1607 1832 cum
1625 1804 1700 1838 ipso,
1715 1813 1755 1831 os-

965 1853 1077 1880 tendens
1094 1853 1117 1880 ei
1131 1853 1220 1887 fugam
1246 1853 1356 1887 optima:
1368 1852 1428 1879 viae.
1447 1851 1549 1878 Tamen
1569 1852 1592 1879 si
1605 1851 1754 1878 descende-

963 1900 998 1925 rit
1024 1899 1170 1933 aliquando
1196 1898 1324 1933 procella,
1341 1902 1368 1925 et
1385 1897 1501 1924 hiemem
1521 1896 1605 1924 fuerit
1633 1902 1753 1931 operata,

962 1949 1018 1971 oret
1034 1945 1095 1979 quis
1121 1948 1148 1971 et
1177 1944 1291 1971 suscitet
1309 1943 1479 1971 orationibus
1498 1943 1556 1969 suis
1570 1942 1715 1970 Christum
1728 1947 1754 1968 ιιι

962 1990 1074 2024 imperet
1092 1994 1171 2016 vento
1189 1994 1216 2016 ct
1234 1989 1301 2016 mari
1316 1988 1347 2021 “,
1362 1993 1391 2015 ut
1406 1988 1604 2023 tranquillitate
1618 1987 1693 2015 facta
1706 1989 1751 2015 ite-

961 2042 1020 2061 rum
1036 2033 1131 2068 fugiat.
1150 2037 1179 2059 ut
1200 2041 1252 2060 non
1268 2032 1514 2067 comprehendatur
1525 2038 1540 2057 a
1557 2031 1753 2062 fornicatione,

961 2083 1005 2105 aut
1021 2078 1145 2108 avaritia,
1161 2081 1207 2104 aut
1223 2085 1237 2104 ιι
1259 2077 1345 2112 gloria
1361 2084 1440 2108 vana,
1458 2080 1507 2102 aut
1521 2075 1556 2102 ab
1571 2075 1670 2110 aliquo
1685 2075 1751 2101 male

960 2128 1139 2159 persequente
1163 2131 1203 2153 se.
1227 2123 1267 2150 vel
1285 2123 1319 2150 ab
1337 2122 1395 2156 ipsa
1420 2121 1629 2149 abominatioue
1647 2121 1750 2148 desola-

960 2170 1052 2204 tionis,
1065 2169 1147 2206 863
1160 2170 1185 2196 id
1201 2174 1243 2196 est
1255 2170 1380 2204 dogmate
1393 2168 1472 2196 falso.

993 2217 1037 2244 45.
1051 2218 1131 2245 Orate
1146 2222 1172 2243 ut
1191 2224 1222 2242 ne
1235 2216 1282 2250 ﬁat
1297 2215 1359 2250 fuga
1382 2220 1466 2242 uestra
1483 2214 1567 2241 hieme
1582 2215 1622 2241 vel
1639 2214 1750 2242 Sabban

959 2263 991 2288 ³³.
1012 2262 1081 2289 Deus
1099 2261 1124 2288 in
1141 2269 1160 2288 s'
1171 2269 1188 2287 χ
1203 2261 1299 2287 diebus
1316 2260 1378 2287 fecit
1391 2267 1472 2294 opera
1487 2260 1581 2286 mundi
1597 2264 1627 2286 et
1643 2261 1748 2294 requie-

958 2310 996 2336 vit
1012 2309 1038 2336 ιιι
1055 2307 1183 2335 Sabbato.
1202 2307 1342 2341 [iequievit
1355 2311 1444 2333 autem
1459 2306 1493 2332 ab
1509 2306 1646 2340 operibus
1661 2306 1748 2333 mundi

958 2362 1018 2390 qua‘
1029 2353 1118 2381 facere
1128 2353 1220 2388 cuipit.
1237 2351 1324 2387 Opera
1339 2356 1430 2378 autem
1444 2351 1558 2385 iustitia:
1570 2358 1684 2386 semper
1696 2352 1748 2378 sine

957 2400 1035 2427 initio
1051 2405 1180 2435 operatur
1198 2404 1224 2426 et
1239 2398 1396 2433 operabitur
1414 2397 1473 2424 sine
1495 2397 1568 2424 tiue:
1592 2402 1622 2424 ct
1643 2397 1685 2424 sic
1704 2398 1747 2423 ho-

958 2446 1063 2473 minum
1080 2453 1165 2479 genus
1187 2449 1249 2471 ante
1265 2443 1366 2470 Christi
1385 2443 1530 2470 adventum
1557 2444 1667 2477 operati
1691 2448 1748 2470 sunt

957 2499 1052 2519 omnes
1068 2498 1148 2525 opera
1173 2490 1277 2522 mutuli,
1288 2494 1314 2517 et
1327 2497 1408 2516 nemo
1426 2489 1561 2524 requievit
1577 2490 1614 2516 ab
1626 2490 1679 2521 eis,
1693 2490 1748 2516 sab-

959 2536 1081 2562 batizaus
1094 2535 1196 2569 jugitcr
1212 2535 1245 2561 ab
1261 2534 1387 2568 operibus
1404 2534 1494 2560 bonis.
1515 2533 1639 2561 Veniens
1661 2540 1747 2561 autem

959 2581 1090 2608 Dominus
1107 2585 1199 2607 uoster
1222 2580 1369 2606 Sabbutnm
1395 2585 1518 2606 nostrum
1535 2584 1562 2606 et
1580 2580 1692 2614 requies
1708 2588 1747 2606 ιιι)-

958 2633 1025 2657 stra,
1053 2627 1140 2653 attulit
1164 2627 1241 2654 nobis
1266 2626 1385 2660 requiem
1409 2625 1520 2652 Sabbati
1543 2626 1600 2658 sui,
1629 2631 1658 2652 ut
1686 2627 1748 2653 sicut

958 2673 1003 2699 ille
1028 2673 1158 2707 requievit
1179 2672 1206 2699 in
1223 2671 1342 2698 Sabliato
1362 2671 1397 2698 ab
1419 2672 1552 2706 operibus
1568 2673 1678 2704 mundi,
1704 2679 1747 2698 non

1210 2740 1254 2767 ’Ἰ
1275 2740 1337 2766 Cor.
1359 2748 1395 2768 vt.
1422 2740 1462 2766 I8.

1384 2775 1406 2791 ³⁸
1421 2776 1494 2803 Psal.
1516 2785 1581 2805 cxx.

1512 2742 1535 2757 “
1561 2741 1645 2770 Eoili.
1665 2751 1707 2769 ις.
1727 2742 1745 2767 ὃ.

1034 2779 1054 2793 τῃ
1072 2777 1166 2803 Μδιιὶι.
1188 2784 1259 2809 xuv,
1286 2775 1326 2800 Hi.
1384 2775 1406 2791 ³⁸
1421 2776 1494 2803 rga],
1516 2785 1581 2805 cxx.
1640 2778 1662 2792 Jl
1683 2777 1746 2803 PQL

1073 2813 1094 2828 ιλ
1110 2812 1132 2838 Μ
1145 2813 1191 2838 ιιιιι
1217 2814 1288 2843 uri,
1303 2810 1347 2837 :1".
