1839 3053
30 136 69 163 ἱΰΰ

561 127 888 161 ευιιιιειιτλιιιυιιιῖιι
911 131 1040 160 SERiES.

1555 132 1621 160 "566

30 203 89 225 item
107 196 235 230 requiem
251 195 284 222 ab
301 194 560 229 operibusjustititc,
577 195 617 221 sic
631 199 657 222 et
671 202 721 222 nos
736 202 783 229 per
801 197 819 223 Α
834 193 918 226 tione,
930 193 1007 228 quasi
1021 199 1075 219 non
1089 191 1123 218 sit
1135 191 1301 218 abominalio
1313 191 1499 225 ilesolalionis,
1513 198 1539 219 et
1551 193 1621 219 vidr-

32 251 88 269 snm
114 242 314 270 sabbatizemus
339 241 374 267 ab
397 241 525 274 operibus
540 240 735 272 mundialibus,
756 245 783 267 et

30 288 164 320 n-nalibus,
180 291 207 314 et
222 287 334 319 nocivis,
351 293 432 320 opera
447 291 537 313 autem
551 286 663 321 justitim
678 294 784 321 semper

30 341 184 360 :crceamus.
209 332 342 365 Quoniam
359 337 449 358 autent
472 332 528 365 ipse
551 331 629 358 nobis
651 331 783 358 allaturus

32 383 88 406 erat.
109 378 264 413 ltujusmodi
288 377 447 409 Sabbatum,
472 377 498 403 iit
514 385 567 411 quo
590 377 695 404 nullum
716 385 784 411 opus

31 424 133 450 ciamus
150 422 257 454 servile,
283 426 397 448 testatur
417 427 443 449 ct
467 422 525 456 ipse
549 429 596 455 per
621 421 783 456 Prophetam

31 476 92 495 cens
107 468 139 494 de
154 467 270 501 indignis
282 466 381 494 Iudicis
397 466 434 494 ita
449 467 470 482 "
485 476 491 493 :
507 466 592 493 Donec
600 467 690 500 juravi
701 468 728 493 in
742 467 784 493 ira

30 523 67 547 ea,
89 514 112 541 si
128 515 270 541 introibant
285 514 311 540 in
326 514 439 549 requiem
455 521 549 540 meum.
566 513 598 540 Et
613 513 713 540 iterum
729 512 782 540 ιη.

31 561 77 587 ech
100 567 198 587 nomen
216 560 358 594 imponens
379 559 434 586 lilio
457 567 507 586 suo
527 558 583 586 Noe
603 559 629 586 in
655 559 784 594 mysterio

30 605 110 634 hristi.
131 604 166 631 ita
191 604 258 631 dixit
271 604 304 631 de
328 611 361 631 eo
375 604 417 630 ⁵⁷ε
444 603 476 630 Et
496 605 596 630 vocavit
621 612 712 630 nomen
726 603 783 638 ejus

32 659 68 680 ae,
84 650 184 683 dicens,
201 650 325 684 quoniam
340 649 382 676 hic
393 649 466 676 datit
479 650 551 677 nobis
568 650 680 684 requiem
694 658 709 676 α
722 656 784 676 miz-

30 696 103 722 vribus
123 696 229 727 nostris,
243 700 267 722 et
285 695 317 721 ab
338 695 458 729 operibus
480 703 605 721 manuum
620 699 783 727 nostrarum,

42 750 56 767 α
69 747 139 767 terra
153 749 231 775 quam
246 740 384 767 maledixit
401 740 538 767 Dominus.
551 740 644 767 Omnis
661 747 724 774 ergo
737 740 784 775 qui

31 787 65 813 vit
80 787 106 813 in
123 786 243 817 Christo,
262 794 369 821 semper
384 786 410 813 in
431 785 551 813 Sabbato
567 786 631 813 vivit
647 789 674 813 et
696 785 723 813 in
742 793 784 813 re-

31 833 62 859 iic
79 833 251 867 requiescens
270 832 304 859 ab
326 832 454 866 operibus
478 832 568 863 tnalis,
590 835 718 866 operatur
733 838 784 858 au-

836 240 871 267 rit
884 247 912 266 se
930 239 1075 274 periclitari
1092 243 1200 272 propter
1213 239 1383 265 dilectionem
1404 247 1486 272 quam
1500 239 1580 266 habet
1595 240 1620 265 in

837 291 960 313 sanetum
977 284 1078 315 locum,
1095 284 1131 310 ita
1148 288 1176 310 ut
1191 291 1257 318 pene
1273 284 1424 311 cottsctttiat
1440 285 1463 311 ei
1482 285 1622 311 abomina-

837 329 904 357 tioui
916 335 1044 365 tanquam
1065 329 1099 356 sit
1113 329 1194 360 Deus,
1207 334 1232 356 et
1250 331 1338 355 tradat
1353 330 1530 363 semetipsum
1554 330 1620 355 abo-

837 376 978 403 minationi
996 376 1075 410 quasi
1098 375 1163 408 Deo,
1177 376 1315 410 quomodo
1330 380 1408 410 putas
1419 383 1481 402 eum
1498 376 1621 402 ιι·ἱὶ›ιι1.ιι·ἱ

838 429 934 456 magna
951 421 1136 453 tribulatione,
1159 421 1247 456 qualis
1267 429 1320 447 non
1342 421 1391 447 fuit
1407 421 1430 448 ei
1448 422 1482 448 ab
1496 421 1573 448 initio
1589 428 1622 447 ex

836 475 891 502 quo
911 467 984 493 venit
999 467 1026 493 in
1041 467 1172 493 mutnlum
1195 474 1281 500 usque
1297 466 1330 493 ad
1346 466 1410 492 illud
1429 467 1555 500 tempus?
1569 467 1622 494 Sed

837 521 887 541 nec
900 513 952 540 alia
968 513 1105 540 tribulatio
1121 513 1181 539 talis
1197 519 1258 539 cum
1275 512 1374 546 poterit
1392 513 1622 546 comprehendere

837 559 994 593 aliquando,
1011 563 1037 585 et
1054 558 1209 591 maxime_si
1226 558 1287 593 quis
1304 557 1418 584 trahitur
1439 562 1468 584 ut
1483 558 1620 584 cxistinu-t

837 605 1065 632 abominatiouem
1080 608 1195 631 stantem
1217 605 1243 630 ιιι
1259 603 1327 630 coelo
1348 602 1432 639 [loco]
1446 608 1550 633 sancto.
1567 611 1620 630 non

837 658 897 678 esse
915 649 1145 677 abominationem
1169 648 1355 679 desolationis,
1378 649 1424 674 sed
1446 646 1530 674 Deum
1556 647 1620 674 Ver—

837 696 912 723 bum.
929 695 1024 722 Adhuc
1039 699 1128 722 autent
1142 699 1169 722 et
1182 695 1204 722 si
1219 695 1280 728 quis
1297 693 1438 721 manifeste
1454 694 1564 728 quidem
1581 694 1620 720 vi-

837 742 899 768 deat
913 740 1145 767 abominationem
1169 739 1345 767 desolationis
1368 744 1482 766 stantem
1511 739 1537 765 itt
1560 739 1619 766 loc»

838 792 941 818 saneto.
958 790 985 813 ct
1001 786 1023 813 si
1040 789 1169 820 sequatur
1190 792 1260 816 eam,
1282 785 1417 819 accipiens
1432 785 1482 812 sibi
1503 793 1619 812 excusa-

839 832 939 859 tionem
967 833 999 858 dc
1022 831 1123 858 divinis
1146 830 1306 865 Scripturis.
1334 831 1412 864 quasi
1437 830 1620 857 indilfercnter

30 887 53 905 ιη
70 886 151 913 opera
164 878 274 912 justitiae
288 878 464 905 incessanter.
485 877 558 904 Multi
576 881 666 904 autent
685 883 784 903 nomen
801 874 820 900 Β
835 878 914 906 liceat
929 877 1159 904 Cltristianitatem
1176 884 1285 911 negare,
1300 876 1393 903 dicens
1415 876 1620 911 denegationetn

30 925 99 951 luisti
116 924 256 956 habentes,
272 931 325 950 non
347 924 472 959 gratiam,
485 927 596 950 econtra
613 922 784 950 sabbatizant

30 969 178 1003 topcribus
200 968 288 1001 bonis,
311 973 458 1003 operantur
481 973 570 995 autem
597 975 678 1001 opera
700 967 782 994 mala.

30 1015 148 1041 cdiocres
165 1019 254 1041 autem
274 1015 408 1041 interdum
428 1015 568 1041 dimittunt.
586 1014 782 1041 sabbatismum

30 1068 109 1087 ictum
123 1061 267 1092 malorum,
281 1065 308 1087 et
322 1060 491 1088 sabbatilant
505 1061 538 1087 ab
554 1059 680 1094 operibus
693 1060 782 1092 benis,

30 1115 54 1133 )II
71 1107 141 1133 bona
161 1110 313 1140 operantcs,
330 1106 386 1133 scd‘
400 1106 480 1132 tnala.
506 1105 621 1138 Quidam
643 1111 732 1133 autem
749 1105 783 1131 ab

30 1153 125 1180 ictibus
150 1152 228 1179 malis
252 1151 430 1184 sabbatizant,
458 1159 511 1179 non
537 1156 627 1178 autem
657 1155 784 1178 exercent

30 1205 80 1224 tera
97 1198 178 1229 bona,
197 1205 258 1224 cum
277 1201 401 1231 oporteat
418 1204 471 1223 non
488 1196 576 1223 solum
594 1195 664 1222 mala
679 1195 781 1231 fugere,

30 1244 48 1270 id
60 1244 138 1270 etiam
154 1243 224 1270 bona
240 1250 375 1270 exercere.
391 1241 418 1269 ln
436 1242 482 1269 tali
503 1249 567 1277 ergo
582 1242 699 1269 Sabbato
717 1249 782 1276 ope-

30 1297 59 1315 nn
76 1290 220 1321 bonorum,
234 1289 343 1324 quando
357 1289 427 1315 bona
445 1295 526 1322 opera
542 1295 596 1314 tton
615 1287 679 1314 facit
702 1287 783 1314 homo

30 1335 179 1366 hristianus,
190 1335 266 1368 jubet
277 1342 325 1361 nos
337 1333 462 1361 Christus
473 1340 552 1361 orare
566 1341 599 1361 ne
615 1333 676 1368 fuga
691 1337 783 1360 nostra

30 1385 48 1407 ιι
63 1380 89 1407 in
106 1381 162 1408 illo.
179 1380 309 1408 Cessante
323 1379 395 1407 enim
411 1384 436 1406 te
450 1379 484 1406 ab
506 1379 634 1414 operibus
653 1378 743 1410 bonis,
760 1378 783 1405 sl

30 1426 106 1453 tidem
122 1425 232 1453 steteris
245 1429 307 1452 ante
318 1425 413 1452 faciem
432 1423 654 1455 abominationis,
673 1428 700 1451 et
712 1423 783 1450 ultro

40 1472 191 1498 subdideris
204 1471 239 1503 ei,
255 1470 408 1498 voluntarie
423 1475 547 1497 mortuus
560 1476 589 1496 es
604 1468 694 1504 gladio
706 1468 782 1495 verbi

31 1517 146 1544 cndaeis.
171 1516 198 1543 Si
215 1520 306 1543 autem
322 1515 440 1542 volueris
457 1514 559 1549 fugere,
573 1517 600 1541 et
615 1513 783 1540 abotninatio

30 1562 175 1589 tsolationis
190 1566 282 1589 secuta
299 1561 378 1588 fuerit
396 1565 430 1593 te,
447 1559 505 1587 sine
521 1559 602 1595 [sive]
617 1559 783 1594 persecutio-

33 1609 78 1635 bus
91 1608 149 1636 suis
165 1607 269 1642 franget
286 1612 320 1641 te,
336 1607 397 1642 quia
414 1615 468 1634 non
482 1613 630 1642 operantur
647 1605 674 1632 in
691 1609 716 1632 te
728 1605 784 1632 vir-

34 1659 82 1680 tem
98 1654 234 1688 patientia:
250 1661 333 1688 opera
347 1658 392 1679 tua
415 1652 505 1679 bona:
526 1651 584 1680 sine
599 1649 680 1687 [sive]
703 1650 784 1677 sedn-

30 1700 132 1727 ionibus
157 1699 215 1727 suis
236 1699 324 1734 capiet
337 1703 373 1729 te.
388 1699 517 1733 quoniam
535 1696 718 1731 intelligentia
742 1695 783 1722 lu-

31 1753 60 1772 cn
75 1753 126 1773 non
144 1749 272 1780 operatur
284 1745 309 1771 in
323 1749 347 1771 te
361 1752 442 1779 opera
456 1748 500 1771 tua
517 1744 597 1770 bona.
614 1741 699 1769 Nemo
710 1740 781 1768 enim

51 1791 94 1817 tali
120 1791 240 1826 periculo
265 1790 324 1817 falsi
340 1789 475 1825 dogmatis
496 1788 576 1815 facile
595 1791 738 1822 superatur
757 1790 783 1812 et

31 1837 108 1868 llitur,
123 1836 174 1864 nisi
187 1836 250 1871 quia
267 1835 356 1862 nudus
370 1839 410 1861 est
423 1834 455 1861 ab
468 1833 595 1868 operibus
609 1832 696 1859 bonis.
713 1831 782 1857 Pro-

31 1890 87 1908 erea
108 1887 135 1908 et
151 1881 298 1915 Apostolus
313 1880 378 1907 dicit
398 1880 430 1906 de
444 1880 503 1914 ipso
524 1878 646 1913 periculo
663 1878 704 1905 ":
729 1877 782 1904 Pro

50 1927 115 1958 quod
136 1927 290 1953 tliaritntem
313 1927 431 1953 caritatis
452 1933 503 1952 non
521 1930 686 1959 occeperunt,
707 1924 781 1950 dabit

33 1974 51 1998 is
73 1973 249 2007 operationem
272 1973 379 2004 erroris,
402 1976 429 1998 ut
452 1971 558 1997 credunt
584 1970 730 2002 mendacio,
754 1975 782 1997 ut

30 2018 147 2044 eluentur
170 2017 286 2044 homines
301 2017 346 2052 qui
360 2025 411 2044 non
426 2016 592 2043 crediderunt
609 2016 722 2046 veritati,
737 2014 782 2041 sed

32 2069 183 2090 munerant
197 2064 342 2098 iniquitati.
358 2063 426 2090 Cum
441 2067 530 2090 autem
549 2061 698 2088 viderimus
714 2060 782 2087 abo-

30 2110 174 2137 inationem
191 2109 377 2140 desolationis,
395 2117 455 2144 qua:
475 2109 546 2135 dicta
568 2115 608 2135 est
623 2115 671 2142 per
688 2106 784 2133 Danie-

30 2164 51 2182 nt
70 2157 240 2191 prophetam,
256 2161 371 2182 stantem
396 2155 422 2181 iit
438 2155 496 2182 loco
512 2158 617 2185 sancto,
630 2152 783 2179 videbimus

796 1538 818 1567 C

835 931 889 950 non
902 930 961 950 esse
972 923 1194 957 denegationem;
1207 927 1232 949 et
1242 929 1319 949 escas
1331 922 1529 948 immolatarum
1541 922 1620 955 quasi

835 968 902 994 nihil
916 972 1045 995 nocentes
1059 967 1233 994 manducauti
1254 966 1335 993 fuerit
1358 966 1516 998 arbitratus,
1532 965 1622 1000 profe-

835 1021 899 1040 rens
921 1013 954 1040 de
975 1012 1124 1047 Scripturis
1144 1012 1283 1046 exempla;
1302 1017 1330 1038 et
1350 1011 1413 1046 quia
1440 1010 1622 1037 indillerenter

835 1059 897 1086 licet
922 1058 948 1084 in
969 1065 1023 1084 uno
1046 1057 1197 1090 eodemque
1220 1063 1341 1090 tempore
1364 1055 1524 1082 mulieribus
1544 1063 1621 1082 com»

835 1104 943 1131 misceri
959 1102 1085 1134 diversis,
1102 1101 1180 1136 quasi
1196 1106 1224 1128 et
1245 1101 1369 1136 patribus
1391 1101 1441 1127 ista
1460 1100 1621 1128 facientibus

834 1151 899 1178 olim
913 1158 920 1176 :
937 1149 1064 1176 omnibus
1079 1147 1140 1175 istis
1156 1147 1275 1182 peccatis
1290 1146 1377 1181 majus
1399 1151 1441 1173 est
1456 1147 1621 1174 abominatio

833 1192 1019 1224 desolationis,
1038 1191 1063 1218 id
1076 1195 1128 1223 est,
1141 1190 1254 1218 verbum
1268 1191 1339 1225 quod
1353 1191 1378 1217 in
1391 1191 1450 1218 loco
1465 1189 1620 1225 Scriptura-

834 1246 894 1266 rum
917 1241 1072 1265 sanctarum
1095 1236 1230 1267 consistit,
1249 1236 1418 1270 iniquitatem
1440 1235 1466 1262 in
1482 1236 1619 1263 excelsum

835 1284 948 1318 loquens
959 1287 985 1310 et
997 1281 1165 1317 persuadens
1182 1289 1197 1308 a
1210 1281 1339 1308 Crcatore
1351 1281 1500 1313 discedere,
1515 1281 1560 1315 qtti
1581 1288 1620 1307 so-

835 1330 877 1357 lus
890 1333 917 1357 et
939 1336 1020 1356 verus
1039 1332 1083 1355 est
1102 1328 1184 1360 Deus,
1202 1332 1228 1354 et
1247 1327 1355 1355 credere
1371 1327 1449 1354 alteri
1468 1327 1559 1354 nescio
1577 1326 1620 1353 cui

834 1375 890 1402 Deo
913 1382 994 1409 super
1014 1375 1107 1406 istum,
1125 1374 1168 1401 cui
1191 1373 1281 1400 nullus
1303 1373 1401 1400 similis
1417 1377 1468 1405 est,
1483 1380 1543 1400 cum
1559 1373 1621 1400 talis

834 1426 927 1449 noster
942 1420 1067 1448 Salvator
1082 1419 1155 1447 dicat
1166 1419 1188 1435 "
1202 1429 1208 1446 :
1224 1418 1304 1445 Pater
1321 1419 1365 1453 qui
1383 1418 1455 1445 misit
1470 1426 1519 1450 me,
1535 1419 1623 1452 major

834 1474 875 1493 me
885 1471 933 1493 eu.
949 1465 1046 1500 Magna
1061 1472 1126 1500 ergo
1144 1463 1282 1490 tribulatio
1296 1468 1439 1498 generatur
1453 1470 1468 1488 a
1479 1462 1623 1489 desolatit»

835 1512 878 1540 nis
892 1511 1095 1539 abominationc
1113 1514 1200 1537 stante
1216 1509 1241 1535 in
1265 1508 1324 1536 locu
1344 1511 1448 1540 sancto,
1467 1508 1504 1534 ita
1517 1511 1546 1534 ut
1557 1508 1620 1534 tale:

834 1558 960 1586 dicantur
973 1557 1007 1584 de
1020 1565 1051 1584 ea
1064 1556 1105 1582 “z
1125 1555 1159 1582 Et
1177 1555 1228 1582 nisi
1245 1553 1387 1580 abbrct-iati
1402 1559 1485 1580 essent
1501 1554 1556 1580 dies
1569 1553 1620 1585 illi,

833 1613 884 1631 non
899 1607 965 1630 esset
977 1603 1050 1629 salua
1064 1602 1137 1638 facta
1157 1601 1241 1628 omnis
1253 1607 1324 1626 caro.
1343 1599 1454 1633 Propter
1464 1599 1558 1626 electos
1573 1608 1623 1626 au-

835 1656 886 1677 tem
909 1648 1132 1676 abbreviabuntur
1152 1647 1208 1673 dies
1224 1646 1275 1673 illi.
1296 1645 1383 1672 Tanta
1405 1651 1505 1678 autem,
1531 1649 1557 1672 et
1582 1645 1623 1673 sic

833 1703 930 1730 magna
953 1695 980 1722 in
1002 1695 1047 1721 illa
1069 1692 1272 1720 abominatione
1292 1691 1469 1718 desolationis
1485 1690 1513 1717 tit
1536 1690 1623 1718 tribu-

833 1742 908 1774 latio,
928 1745 958 1768 ιιι
973 1740 1045 1766 Deus
1060 1742 1188 1773 operetur
1202 1737 1432 1764 abbreviationem
1452 1736 1503 1763 diei
1513 1744 1557 1762 um
1574 1736 1622 1762 tri-

833 1784 1073 1815 bulationisillius,
1092 1782 1259 1816 superﬂuum
1275 1788 1370 1808 eorum
1388 1780 1537 1814 praecidens
1549 1780 1621 1815 quod

834 1831 942 1858 additur
954 1837 969 1856 a
984 1827 1161 1857 tlesolationis
1177 1826 1350 1852 tribulatione
1366 1829 1393 1851 et
1407 1824 1619 1852 abominatione.

833 1877 918 1903 Aliter
934 1876 1006 1902 enim
1019 1882 1073 1901 non
1088 1877 1130 1901 est
1144 1871 1273 1907 possibile
1286 1876 1315 1898 ut
1330 1876 1443 1898 sanetur
1456 1871 1547 1898 otnnis
1560 1879 1621 1905 qua:

834 1922 964 1950 salvanda
979 1925 1021 1948 est
1041 1927 1114 1951 caro,
1135 1919 1188 1946 nisi
1204 1917 1338 1952 acceperit
1356 1917 1587 1944 abbreviationem
1605 1925 1620 1943 a

834 1969 899 1996 Deo.
927 1967 989 1994 Dies
1009 1966 1081 1994 enim
1103 1964 1291 1998 intelliguntur
1309 1966 1440 1996 princepta
1454 1966 1481 1988 ct
1494 1961 1619 1996 dogmata

834 2014 955 2042 veritatis
975 2013 1062 2048 posita
1079 2012 1104 2038 in
1123 2009 1273 2044 Scripturis
1289 2009 1322 2034 ad
1339 2007 1565 2034 illuntinationcm
1579 2007 1619 2033 iu«

835 2060 1012 2095 telligentium
1028 2058 1191 2085 animarum.
1207 2054 1290 2090 864.
1307 2053 1408 2080 Omnes
1425 2057 1514 2080 autent
1538 2053 1619 2079 intel~-

834 2106 919 2132 lectus
941 2111 956 2131 a
971 2103 1083 2131 scientia
1107 2101 1166 2128 falsi
1192 2099 1311 2126 nominis
1332 2097 1481 2128 venientes,
1502 2097 1548 2132 qui
1573 2096 1620 2123 ad-

834 2151 935 2178 duntur
951 2147 1124 2176 sermonibus
1144 2145 1346 2179 Scripturarum
1363 2148 1390 2169 et
1405 2142 1618 2176 conjunguutur,

47 2187 171 2237 magnam
196 2201 397 2228 tribttlatiOnem
422 2200 578 2232 instantem,
599 2198 688 2233 qualis
712 2197 781 2224 facta
799 2206 820 2233 ι)
835 2195 953 2229 intelligo
963 2193 1028 2220 ntilti
1040 2192 1222 2219 additamenta
1240 2197 1300 2217 esse
1312 2197 1393 2237 supra
1408 2187 1618 2237 titaqttitudincm

30 2254 52 2272 in
65 2251 106 2274 est
119 2247 153 2273 ab
167 2246 243 2272 initio
263 2245 355 2272 mundi
373 2252 459 2279 usque
475 2245 507 2270 ad
524 2243 596 2270 illam
619 2243 716 2277 ipsam,
731 2250 779 2268 ne-

30 2298 51 2318 te
75 2292 119 2318 lict
136 2297 237 2326 postea.
254 2290 319 2323 Quae
343 2290 414 2317 enim
433 2289 519 2323 major
542 2288 679 2315 tribulatio
699 2295 780 2321 quam

30 2338 87 2364 ilere
106 2337 205 2364 fratres
221 2341 330 2364 nostros
351 2335 443 2363 seduci
465 2339 572 2369 propter
589 2338 714 2361 sattctum
737 2333 780 2359 lo-

30 2391 59 2409 im
77 2391 90 2410 a
105 2382 282 2410 desolationis
306 2382 509 2408 abominatione
522 2384 609 2407 stante
630 2379 657 2405 in
677 2378 733 2406 eo?
750 2377 782 2404 Et

34 2428 141 2462 quidem
154 2428 233 2454 amici
251 2428 366 2462 alicujus
379 2433 426 2454 aut
439 2426 554 2461 proximi
568 2433 640 2452 mors
655 2431 782 2459 corpora-

30 2490 32 2498 .
46 2482 170 2509 magnam
188 2479 314 2508 operatur
327 2473 526 2500 tribulatioucnt
539 2472 563 2498 ei
576 2471 622 2506 qui
635 2478 687 2497 ttou
700 2470 782 2496 luerit

30 2522 142 2549 editutus
159 2525 188 2548 ut
202 2520 313 2548 suli‘crat
327 2527 396 2551 eam,
412 2518 519 2553 qualem
534 2523 612 2552 putas
629 2517 782 2544 tribulatio‘

30 2574 59 2592 -ιιι
78 2567 102 2593 ei
118 2566 164 2601 qui
177 2564 340 2599 compalitur
355 2564 462 2597 quando
477 2571 559 2589 unum
574 2569 681 2596 passum
700 2560 782 2588 fuerit.

30 2613 162 2643 cmhrum,
182 2616 209 2638 et
228 2610 251 2638 ci
274 2610 319 2645 qui
342 2610 438 2636 viderit
453 2609 562 2644 quando
582 2607 780 2635 scandalilatus

30 2658 78 2685 crit
93 2658 194 2693 aliquis
212 2656 313 2684 frater?
330 2656 358 2683 Si
379 2661 468 2682 autem
487 2659 512 2681 ct
537 2654 598 2688 quis
623 2653 719 2679 viderit
735 2659 780 2678 sc-

30 2711 85 2729 sutu
101 2703 203 2730 moveri
215 2707 241 2729 et
254 2700 410 2729 conturbari
422 2708 437 2727 ει
451 2699 626 2727 dcsolationis
641 2698 781 2725 abomina-

34 2827 55 2843 ³⁶
68 2827 141 2854 Psal.
154 2833 228 2857 serv,
242 2826 284 2852 tl.
324 2824 343 2839 ³⁷
358 2823 424 2850 Gen.
439 2829 464 2854 v,
480 2820 526 2847 9.9.

566 2819 587 2834 ³⁸
604 2817 623 2844 ll
636 2816 733 2843 Thess.
749 2823 783 2847 ιι,
800 2814 841 2842 10.

834 2239 984 2267 naturalem
1006 2238 1110 2264 dierum
1129 2235 1295 2269 Scripturat:
1312 2233 1382 2267 quod
1406 2232 1618 2259 additamentum

834 2286 923 2313 bonus
937 2284 1007 2311 Deus
1023 2282 1158 2310 abbrevial
1172 2288 1219 2315 per
1232 2287 1301 2314 quos
1319 2279 1383 2305 vult.
1401 2278 1433 2305 Et
1447 2278 1621 2313 quotiescun-

834 2339 887 2366 que
911 2329 1010 2357 videris
1032 2328 1148 2355 adventu
1172 2325 1245 2352 verbi
1268 2323 1390 2351 veritatis
1413 2324 1439 2349 in
1465 2330 1547 2349 sensu
1575 2327 1620 2349 tuo

834 2376 943 2412 praecidi
958 2373 1115 2401 altitudines
1129 2370 1286 2399 extollentes
1298 2377 1326 2395 se
1337 2376 1351 2395 a
1363 2368 1466 2394 lvcrsus
1479 2367 1619 2393 scientiam

836 2410 893 2453 Dei,
912 2421 991 2448 toties
1015 2417 1132 2451 intelligo
1150 2414 1321 2442 abbreviatos
1344 2412 1401 2439 dies
1425 2410 1619 2441 tribulationis,

833 2474 859 2496 et
886 2465 1075 2495 circumcisam
1100 2460 1265 2496 superfluam
1290 2456 1514 2493 tttagnitudincm,
1537 2463 1618 2490 quam

833 2519 926 2541 contra
941 2516 1064 2539 naturam
1079 2506 1245 2536 aboutinatio
1258 2502 1434 2532 desolationis
1449 2509 1557 2535 semper
1573 2509 1619 2527 stt-

833 2558 986 2595 pcraddidit
996 2556 1094 2584 diebus
1111 2552 1217 2580 Domini
1234 2549 1394 2595 quisuutin
1413 2546 1569 2595 Scripturis.

832 2590 941 2640 propter
957 2602 1057 2629 electos
1073 2597 1265 2626 abbreviantur
1278 2593 1337 2621 dies
1350 2593 1398 2640 illi,
1408 2591 1577 2640 vaidcntes
1592 2590 1620 2618 in

834 2637 914 2676 sensu
929 2654 979 2674 suo
992 2644 1177 2680 prazeisionem
1190 2637 1385 2674 superﬂuitatis
1399 2637 1515 2668 dierum,
1533 2639 1558 2661 et
1577 2643 1619 2660 re-

836 2697 989 2720 manentem
1005 2691 1079 2717 illam
1094 2686 1265 2716 solummodo
1282 2684 1370 2712 lucem
1387 2690 1449 2718 qum
1466 2679 1617 2708 scentulum

880 2813 902 2829 ³⁹
917 2812 996 2840 .ioan.
1016 2818 1072 2843 xtv,
1088 2811 1132 2838 ‘28.
1172 2810 1195 2826 ⁸⁸
1208 2808 1303 2837 Matth.
1320 2813 1394 2838 utV,
1410 2804 1450 2835 23
