1839 3053
39 126 98 153 1669
501 159 515 172 .

37 192 99 211 rnnn
123 187 183 210 sunt
205 180 367 211 antichristi,
387 184 414 206 et
434 177 591 214 quicunque
611 183 674 213 post
694 186 741 206 eos
763 185 807 205 re-
825 181 845 208 Λ

36 228 203 256 surrexerint.
221 226 298 253 Sicut
315 231 405 252 autent
421 225 476 252 veri
491 224 593 252 Chriin
605 229 632 252 et
647 224 729 252 unius
743 223 806 251 lacti

35 281 91 303 stltll
109 274 153 308 qui
173 281 187 300 a
209 272 308 300 szecnlo
328 272 438 299 fuerunt
462 272 547 300 sancti
560 271 715 307 prophetae,
739 279 808 305 pra:-

35 321 180 348 nuntiantes
197 319 298 346 Christi
316 319 458 352 passiones
472 322 501 345 et
516 317 690 352 postmodum
706 317 807 352 glorias

33 367 87 401 ejus
100 366 218 397 futuras,
243 365 282 391 sic
307 364 374 390 mihi
394 364 512 398 intelligo
535 363 684 390 secundum
709 371 808 390 unum-

33 419 158 447 quemque
177 410 427 446 pseudochristum,
446 409 547 436 mullos
564 408 630 444 ejus;
642 408 725 436 falsos
745 416 808 443 pro-

34 458 129 492 phetas.
142 456 199 484 Non
214 464 279 490 ergo
294 455 410 490 alicujus
425 455 506 482 unius
521 454 655 481 mendacii
670 454 805 485 doctores.

32 503 73 529 sed
84 503 201 529 omnium
212 501 454 537 pseudoprophette
473 505 537 528 sunt
547 500 620 528 illius
634 500 806 533 Antichristi,

32 548 103 581 cujus
127 547 209 575 falsos
233 554 375 575 sermones
402 547 548 582 praedicant
576 546 654 581 quasi
681 554 760 574 veros
780 550 807 574 et

31 594 131 621 docent.
161 593 317 620 Secundum
345 593 402 620 hare
427 599 492 627 ergo
518 600 578 627 quae
598 591 732 623 diximus,
759 591 806 626 qui

31 638 202 665 ecclesiastica
216 638 314 665 docent
329 637 453 670 verbum,
467 637 605 672 propheta:
617 641 680 664 sunt
692 636 804 664 Christi.

31 684 75 716 Qui
93 688 179 711 autem
196 684 341 711 Marcionis
360 684 400 710 vel
415 683 530 718 alicujus
550 691 643 710 eorum
659 682 806 717 pradicant

32 729 132 755 ret-bum
165 728 282 760 falsum,
308 728 445 763 prophetze
470 732 534 755 sunt
558 727 716 755 Antichristi
747 728 806 762 ejus

30 774 70 807 qui
95 778 135 800 est
151 775 301 800 secundum
323 772 498 805 Marcionem,
528 772 553 799 id
575 776 617 799 est
639 772 711 799 illius
728 780 805 799 men-

29 819 91 846 dacii
109 820 180 854 quod
205 820 356 847 introduxit
377 819 515 852 Marcion;
537 823 565 846 et
592 819 637 846 alii
661 817 720 845 ltilsi
742 825 805 852 pro-

29 866 110 898 pheta:
131 870 195 892 sunt
220 865 354 892 mendacii
381 865 454 892 illius
482 864 555 899 quod
583 869 625 892 est
654 864 803 891 secundum
821 855 840 882 Β

31 910 166 937 Basiliden]
178 920 185 943 ;
198 911 244 937 alii
261 918 326 938 vero
343 911 415 938 illius
430 910 503 945 quod
515 910 664 937 secundum
673 909 803 943 Apellem.

30 954 153 983 Similiter
177 956 252 983 dio‘s
279 960 306 982 et
332 955 365 983 de
388 955 613 990 praedicatoribus
636 955 804 990 singularum

29 1001 163 1027 Interesum.
179 1000 277 1028 Omnia
300 1001 372 1028 enim
390 1005 418 1028 et
441 1000 612 1035 persuasoria
632 1008 692 1035 qua
714 1000 806 1035 proic-

27 1050 118 1072 Hltllul‘
141 1046 173 1072 ad
199 1045 387 1074 defensionem
418 1045 576 1073 Antichristi
607 1046 697 1077 verbi,
727 1046 804 1081 signa

26 1095 85 1117 sunt
108 1091 181 1118 illius
212 1091 373 1119 Antichristi
401 1096 428 1119 et
466 1091 608 1127 prodigia:
633 1099 805 1126 quaecunque

27 1141 202 1171 suggeruntur
230 1145 244 1165 a
277 1138 479 1172 sapientissimo
503 1137 625 1165 omnium
657 1138 804 1166 bestiarum

26 1184 97 1206 terrae
114 1186 240 1215 serpente
252 1182 284 1214 ⁸⁷,
300 1186 327 1209 et
339 1189 354 1209 a
371 1190 470 1217 magno
487 1190 568 1210 sensu
588 1182 707 1218 principe
719 1182 804 1218 Assy~

27 1225 134 1258 riorum,
151 1227 229 1261 signa
247 1231 311 1255 sunt
327 1235 423 1262 magna
440 1233 465 1255 et
482 1227 620 1263 prodigia,
638 1233 667 1255 ιιι
682 1228 708 1254 in
729 1236 805 1255 erro-

26 1279 76 1298 rem
100 1272 284 1305 inducantur,
313 1273 335 1301 si
367 1274 496 1309 possibile
518 1278 578 1306 est,
606 1274 687 1302 etiam
714 1275 802 1303 electi.

26 1317 243 1353 Exaggerationis
255 1323 346 1347 autem
364 1327 454 1347 sermo
465 1325 506 1347 est
523 1320 626 1353 dicens,
645 1321 668 1347 si
680 1320 804 1355 possibile

26 1368 72 1394 est,
102 1372 153 1390 non
186 1365 260 1391 enirn
289 1365 473 1400 pronuntiavit
503 1373 591 1400 neque
613 1366 697 1398 dixit,
723 1373 751 1394 ut
776 1367 802 1394 in

26 1416 139 1436 errorem
154 1411 298 1438 mittantur
313 1411 393 1438 etiam
411 1411 505 1444 electi,
525 1412 571 1440 sed
591 1412 733 1439 ostendere
748 1412 804 1439 vult

26 1455 144 1486 quoniam
175 1456 332 1491 frequenter
358 1456 436 1484 valde
461 1458 625 1492 persuasorii
651 1462 715 1485 sunt
744 1466 803 1486 scr-

26 1507 112 1528 mont‘s
131 1502 334 1534 haereticorum,
348 1507 375 1530 et
397 1510 569 1530 commovere
581 1507 702 1538 potentes
721 1503 803 1532 etiam

26 1552 65 1571 eos
86 1547 130 1580 qui
155 1548 293 1582 sapienter
318 1548 441 1576 audiunt.
465 1548 516 1576 Sed
540 1549 702 1583 praedicente
724 1550 802 1577 nobis

26 1590 108 1617 munia
126 1590 279 1624 Salvatorc,
303 1599 390 1627 neque
410 1591 436 1619 in
461 1591 635 1619 solitudinem
660 1599 800 1624 exeamus,

26 1642 105 1669 teque
119 1637 165 1672 qui
191 1637 353 1672 proﬁtentur
373 1637 511 1665 Christum
537 1638 563 1665 in
584 1638 709 1666 domibus
724 1646 802 1672 esse,

26 1681 170 1711 :rcdamus.
197 1682 245 1710 His
274 1688 364 1710 autem
393 1691 453 1718 quae
480 1683 614 1716 diximus,
641 1684 803 1719 adjiciamus

26 1728 106 1755 tdhuc
120 1730 253 1764 quoniam
270 1730 359 1757 omnis
375 1736 464 1757 sermo
487 1729 616 1763 proiitens
637 1737 666 1757 se
679 1737 740 1758 esse
754 1739 801 1758 ve-

26 1773 131 1806 ~itatem,
150 1783 214 1802 cum
224 1783 276 1802 non
290 1775 325 1802 sit
336 1775 444 1806 veritas,
462 1775 519 1802 sive
526 1775 596 1810 apud
609 1775 732 1811 gentiles,
746 1776 802 1803 sive

26 1820 84 1852 Ipud
100 1820 249 1852 barbaros,
265 1821 358 1855 aliquo.
374 1820 456 1848 modo
475 1820 661 1848 Antichristus
681 1825 736 1854 est,
754 1828 802 1848 vo-

26 1874 72 1893 ens
89 1867 224 1894 seducere
240 1867 317 1901 quasi
339 1866 448 1898 veritas,
469 1871 495 1893 et
512 1873 637 1901 separare
655 1866 689 1894 ab
706 1874 737 1893 eo
754 1867 801 1901 qui

26 1910 82 1937 lixit
94 1911 115 1926 ⁸⁸
130 1921 136 1939 ;
162 1912 221 1947 Ego
237 1920 294 1938 sum
310 1912 417 1940 veritas.
435 1911 579 1946 Propterea
600 1920 654 1939 non
672 1912 802 1939 debemus

31 1957 152 1984 ttendere
172 1957 214 1984 eis
236 1958 281 1991 qui
302 1957 417 1984 dicunt:
437 1956 502 1983 Ecce
525 1956 566 1983 lu'c
589 1955 727 1988 Christus,
747 1964 800 1984 non

31 2007 102 2029 utcm
119 2003 270 2031 ostendunt
290 2011 350 2030 eum
376 2003 402 2029 in
431 2001 550 2029 Ecclesia
574 2009 634 2036 quae
655 2002 734 2036 plena
760 2007 802 2029 est

26 2049 115 2083 algore
134 2049 171 2077 ab
188 2049 292 2076 Oriente
307 2056 392 2084 usque
407 2048 439 2074 ad
455 2048 633 2080 occidentem,
650 2055 710 2082 quze
723 2047 800 2082 plena

27 2098 51 2119 st
66 2094 171 2121 lumine
189 2102 264 2125 viro,
280 2102 339 2128 qua:
355 2098 397 2121 cst
414 2093 540 2120 columna
556 2097 583 2120 et
600 2092 800 2120 ﬁrmamentum

27 2141 147 2173 eritatis,
165 2141 192 2167 in
211 2149 264 2174 qua
291 2145 344 2167 tota
364 2145 436 2167 totus
457 2145 498 2167 est
521 2139 652 2167 adventus
671 2139 730 2166 Filii
753 2139 801 2166 lto-

26 2186 92 2214 ainis
107 2187 227 2214 dicentis
244 2186 370 2213 omnibus
383 2187 428 2221 qui
453 2186 552 2220 ubique
566 2190 648 2212 sunt:
667 2185 733 2212 Ecce
753 2193 798 2220 ego
817 2185 837 2212 D

26 2233 144 2259 obiscunt
162 2241 221 2259 sunt
238 2232 358 2258 ontnibus
382 2232 471 2258 diebus
488 2232 565 2262 rita,
587 2239 667 2266 usque
681 2226 714 2257 ad
737 2239 799 2257 con-

26 2279 218 2305 ummationem
240 2277 370 2304 siccati“.
394 2277 424 2303 Et
445 2278 598 2311 ubicunque
624 2277 703 2303 l'ueril
726 2277 799 2311 quod

26 2330 45 2350 ,ι
61 2324 220 2351 secundum
243 2323 473 2356 dispensationem
498 2323 633 2357 passionis
651 2322 710 2356 ejus
723 2343 730 2354 ,
754 2331 799 2349 ca-

26 2378 89 2396 urcr
104 2370 181 2404 ejus,
198 2369 243 2403 qui
261 2369 322 2396 ideo
334 2369 431 2395 cecidit
449 2374 478 2394 ut
494 2368 579 2402 erigat
595 2376 642 2395 eos
660 2368 705 2402 qui
726 2368 798 2395 ceci—

26 2422 117 2450 erunt,
140 2417 208 2443 illuc
232 2416 468 2450 congregabuutur
494 2424 546 2443 non
574 2415 798 2449 qualescunque.

26 2463 50 2490 :d
66 2463 173 2498 aquilae
188 2461 324 2495 discipuli.
347 2460 383 2488 De
394 2461 493 2494 quibus
513 2461 593 2488 etiam
611 2461 743 2496 propheta
759 2462 800 2488 di-

26 2512 82 2538 :bat
93 2511 141 2538 ‘°:
165 2509 378 2544 Pennigcrabunt
403 2509 470 2535 sicut
494 2508 607 2544 aquilw,
631 2516 655 2535 et
682 2514 797 2541 current,

50 2565 103 2583 non
125 2554 306 2587 Iabarabunt-,
329 2559 353 2581 et
377 2553 468 2586 ibunt,
494 2560 518 2581 et
545 2563 595 2580 non
620 2555 743 2581 esurienl.
767 2554 799 2581 Et

26 2603 138 2629 ,ιιοηιοη
156 2601 184 2627 in
209 2600 362 2627 Proverbiis
374 2600 394 2615 "
411 2600 543 2626 assimilat
556 2608 617 2627 cum
633 2600 679 2634 qtti
698 2600 723 2626 in
744 2599 798 2627 Deo

26 2652 43 2674 il
58 2648 153 2680 dives,
171 2647 264 2673 dicens
278 2655 284 2672 :
303 2645 409 2673 Parata:
423 2650 483 2672 sunt
497 2646 519 2671 ei
534 2653 624 2679 pcmnc
639 2646 706 2672 sicut
722 2640 799 2680 nan-

27 2703 52 2728 r,
71 2701 98 2721 et
117 2698 286 2720 convertatur
308 2693 334 2720 in
350 2693 427 2720 domo
454 2691 587 2726 prwpositi
607 2691 658 2718 sui.
683 2690 714 2718 Et
740 2692 798 2718 \ide

35 2830 58 2844 "
76 2829 152 2856 Gen.
168 2836 206 2855 In.
255 2830 275 2845 ⁸³
291 2829 367 2856 .loan.
387 2837 440 2858 ViY,
460 2830 484 2854 li.
525 2830 545 2843 ’θ
559 2827 653 2855 Matth.
672 2835 768 2858 xvrttl.
782 2826 826 2854 20.

586 119 907 148 (ΣΟΜΜΕΝΤΜΗΟΠΕΗ
930 121 1060 150 SEltlES.

1579 132 1648 159 1670

859 179 990 214 quoniam
1006 188 1060 206 non
1078 181 1164 208 dixit:
1186 182 1349 219 Ubicunque
1370 184 1451 212 fuerit
1466 187 1593 220 cadaver,
1610 189 1646 216 ini

858 226 1101 260 congregabuntur
1123 228 1258 261 vultures,
1284 235 1331 257 aut
1349 232 1445 264 corvi;
1475 233 1521 260 sed
1548 235 1645 261 volens

856 272 1003 299 ostendere
1019 274 1180 308 magnificos
1204 279 1232 302 et
1248 276 1353 311 regales
1370 285 1430 305 esse
1445 285 1543 306 omnes
1561 280 1605 314 qui
1620 280 1645 307 in

858 316 1012 350 passionem
1029 318 1135 346 Domini
1153 320 1341 352 crediderunt.
1361 325 1469 357 proprie
1484 323 1572 351 dixit:
1598 324 1648 352 Ubi

856 361 936 394 fuerit
954 362 1077 395 cadaver.
1095 364 1151 391 illis
1165 366 1396 401 congregabantur
1410 373 1434 396 et
1450 369 1557 404 aquilae.

891 408 935 435 48.
958 408 1058 436 Statim
1075 415 1133 443 post
1149 411 1347 439 tribulationem
1368 414 1469 441 dierum
1486 416 1593 443 illorum
1608 417 1646 444 to!

855 453 1059 485 obscurabitur.
1080 461 1104 482 et
1130 456 1195 483 lmta
1215 465 1266 484 non
1289 459 1363 484 dabit
1388 459 1478 486 tamen
1504 469 1595 490 suum.
1622 469 1646 489 et

857 498 941 526 stella:
960 499 1054 526 cadem
1077 500 1109 526 de
1134 499 1210 533 tazlo,
1225 504 1249 527 et
1277 501 1385 527 virtutes
1405 501 1529 528 nte/orum
1559 511 1630 528 move

858 545 964 571 buntur.
990 544 1023 570 Et
1040 549 1101 572 tunc
1121 546 1256 580 apparebit
1275 547 1381 582 signum
1401 545 1465 573 Filii
1482 548 1595 574 hominis
1617 549 1645 575 in

857 591 930 623 (telo,
943 596 967 618 et
983 596 1045 617 tunc
1060 591 1183 626 plangant
1198 600 1225 618 se
1236 600 1323 618 omnes
1337 593 1420 620 tribus
1438 598 1512 619 terrtc
1526 594 1558 620 ".
1572 593 1645 621 Con-

858 636 1010 664 sidcrantcs
1035 637 1154 672 majores
1178 638 1378 672 propositiones
1401 639 1541 666 incurrere
1562 647 1644 674 quam

857 685 898 708 est
918 689 1014 709 sensus
1033 681 1188 713 hominum,
1208 682 1289 708 etiam
1312 690 1406 708 eorum
1424 683 1470 717 qui
1496 683 1644 717 plurimum

858 727 884 753 in
899 727 1032 762 sapientia
1050 726 1223 762 profecerunt
1245 735 1298 761 pne
1316 728 1386 759 aliis,
1402 736 1451 762 age
1463 728 1644 756 discutiamus

858 780 1030 800 sermonem:
1050 771 1168 806 primum
1183 772 1292 806 quidem
1312 778 1465 807 quaerentes
1485 781 1546 807 quae
1566 773 1645 800 facile

858 818 941 854 rccipi
960 823 1074 853 possunt
1097 819 1129 845 ad
1151 819 1348 853 expositionem
1374 819 1520 853 evangelici
1543 823 1643 852 textus,

855 864 933 900 quasi
949 864 1064 891 Domino
1081 864 1107 890 in
1135 864 1193 898 ipso
1219 864 1412 899 prophetante:
1433 864 1530 891 deinde
1552 866 1643 900 requi-

855 917 946 937 remus
962 917 1022 944 quae
1042 910 1077 936 sit
1093 909 1192 936 veritas
1215 909 1312 936 ltorttm
1332 910 1476 936 verborum
1494 911 1642 937 secundum

855 963 903 983 cos
918 955 964 990 qtti
986 955 1067 982 altius
1083 960 1109 982 et
1129 955 1257 981 subtilius
1270 962 1331 982 esse
1356 955 1457 989 aliquid
1478 955 1644 982 arbitrantur

856 999 882 1026 in
899 999 1001 1032 verbis,
1019 1003 1159 1025 servantes
1175 999 1400 1033 consequentiam
1422 999 1566 1026 moraliunt
1588 1004 1644 1026 trao

855 1045 990 1072 ditionutn
1005 1045 1085 1071 etiam
1102 1044 1128 1070 in
1144 1044 1197 1075 his,
1214 1044 1443 1079 quemadmodum
1461 1053 1553 1079 supra.
1572 1044 1645 1072 Dicet

855 1098 919 1126 ergo
942 1090 1041 1124 aliquis
1062 1099 1067 1116 :
1094 1089 1328 1122 Quemadmodum
1355 1090 1381 1117 in
1410 1091 1514 1125 magnis
1536 1091 1644 1125 ignibus

855 1138 983 1166 succendi
1006 1136 1217 1172 incipientibus,
1241 1137 1357 1164 tenebrae
1375 1145 1407 1163 cx
1432 1136 1508 1163 fumo
1525 1137 1644 1172 plurimo

854 1184 981 1211 videntur
1000 1184 1103 1216 extolli,
1127 1184 1166 1210 sic
1191 1184 1217 1210 in
1235 1184 1472 1211 consummatione
1491 1184 1585 1211 mttndi
1609 1185 1644 1211 ab

855 1229 916 1264 igne
939 1230 983 1265 qui
1012 1230 1201 1257 accendendus
1228 1233 1284 1261 est,
1313 1229 1533 1256 obscur-aluntur
1561 1230 1642 1257 etiam

855 1275 999 1302 luminaria
1016 1283 1124 1310 magna,
1143 1280 1181 1306 ut,
1198 1276 1255 1302 sole
1268 1274 1424 1307 obscurato,
1443 1280 1643 1309 consequenlcr

855 1321 1047 1348 obscuratione
1062 1321 1128 1348 solis
1142 1321 1224 1348 etiam
1241 1321 1305 1348 luna
1331 1321 1469 1355 impedita,
1487 1327 1536 1347 nec
1551 1329 1565 1347 a
1587 1321 1643 1347 sole

855 1366 994 1400 percipere
1008 1365 1100 1392 lumen
1118 1373 1168 1392 nec
1183 1365 1322 1400 propr-ium
1340 1365 1431 1391 lumctt
1449 1365 1513 1391 dare
1524 1365 1639 1392 sinatur.

855 1411 887 1438 Et
902 1411 942 1439 sic
958 1418 1068 1438 necesse
1083 1415 1124 1438 est
1138 1411 1367 1445 comprehendant
1397 1410 1488 1437 mundi
1518 1415 1639 1437 naturam

854 1457 971 1492 primum
1000 1456 1118 1483 tenebrat
1144 1463 1248 1491 magna:
1274 1465 1280 1482 :
1306 1455 1346 1483 sic
1370 1461 1459 1482 autem
1489 1463 1641 1490 pertnurcc-

855 1507 948 1530 scente
967 1502 1106 1530 stellarum
1130 1502 1244 1534 lumine,
1269 1501 1403 1536 reliquum
1431 1510 1524 1528 catum
1541 1509 1640 1536 corpus

855 1547 975 1575 crassius
990 1546 1090 1574 factum
1103 1551 1133 1574 ut
1145 1554 1197 1573 non
1213 1546 1300 1573 valeat
1311 1545 1423 1573 exaltari
1440 1546 1509 1572 sicut
1523 1545 1639 1580 primum

854 1601 915 1622 cum
929 1601 943 1620 a
957 1593 1060 1620 lumine
1078 1593 1138 1627 ipso
1159 1597 1294 1627 portatum
1310 1591 1498 1622 extollebatur,
1517 1591 1594 1618 cadet
1608 1591 1641 1617 de

853 1640 932 1667 ctelo.
962 1638 1010 1666 llis
1041 1638 1228 1665 accidentibus
1256 1645 1426 1672 consequens
1446 1640 1487 1663 est
1509 1638 1639 1664 creleruzu

854 1685 1029 1713 rationabiles
1055 1685 1188 1716 virtutes,
1212 1684 1295 1719 866
1323 1684 1456 1718 patientes
1483 1689 1639 1719 stuporem,

853 1732 1065 1758 commotionem
1087 1730 1207 1764 aliquam
1234 1730 1289 1763 puti
1304 1734 1329 1756 ct
1348 1729 1640 1760 conturbari,remotas

853 1777 977 1804 videlicet
994 1784 1008 1803 a
1027 1776 1123 1810 pritnis
1139 1775 1324 1802 ium-tionibus
1336 1775 1402 1801 suis.
1422 1774 1458 1801 ιω
1473 1775 1518 1809 qui
1532 1775 1587 1802 haec
1601 1775 1640 1801 sic

854 1821 981 1856 intelligit
1003 1829 1074 1852 esse,
1097 1821 1207 1855 adjici-tt
1226 1820 1288 1854 quia
1305 1820 1412 1854 signum
1432 1820 1492 1846 Filii
1520 1820 1639 1847 hominis

853 1869 950 1902 inquo
972 1867 1091 1894 coelestia
1108 1865 1179 1893 facta
1204 1869 1267 1892 sunt
1291 1873 1351 1899 quzc
1374 1866 1399 1891 in
1424 1865 1501 1892 cmlis
1514 1870 1593 1892 erant
1614 1873 1641 1893 et

852 1924 913 1950 qua)
930 1915 955 1941 iu
974 1913 1063 1945 terris,
1080 1918 1144 1940 tunc
1157 1911 1316 1948 apparebit:
1335 1915 1441 1945 utputn,
1458 1911 1637 1945 virtttsqnam

852 1963 1033 1995 operatusest
1055 1958 1139 1985 Filius
1163 1966 1312 1992 suspensus
1328 1956 1354 1984 in
1377 1957 1463 1992 ligno;
1483 1957 1551 1983 etin
1569 1957 1638 1984 malo

853 2006 970 2033 maxime
996 2004 1109 2038 fulgebit
1137 2004 1243 2039 signum
1267 2004 1368 2038 ipsius;
1400 2009 1428 2030 et
1453 2002 1578 2030 homines
1605 2011 1638 2030 cx

852 2052 981 2080 omnibus
997 2050 1122 2077 tribubus
1136 2050 1182 2085 qui
1202 2051 1276 2085 prius
1293 2058 1346 2076 non
1367 2050 1540 2077 crediderunt
1557 2050 1637 2077 Chri-

852 2097 981 2126 stianitati
1009 2095 1194 2127 annuntiane,
1217 2096 1304 2122 adhuc
1332 2101 1420 2122 autem
1450 2096 1520 2122 male
1550 2096 1582 2122 de
1605 2104 1635 2123 ca

852 2145 988 2177 dixerunt,
1005 2151 1069 2172 tunc
1081 2147 1304 2178 recognoscentes
1317 2150 1363 2176 per
1376 2142 1483 2176 signum
1499 2142 1563 2169 illud
1578 2151 1635 2169 ina—

854 2192 1029 2223 nil'estatnzn,
1054 2191 1182 2225 plangcnt
1205 2197 1249 2222 se,
1273 2193 1299 2215 ct
1321 2188 1506 2215 latnentabunt
1527 2192 1634 2223 propte:

855 2235 1035 2271 ignorantiam
1065 2243 1141 2263 suam
1170 2239 1252 2268 atque
1278 2239 1405 2268 peccata.
1435 2234 1498 2268 quia
1522 2234 1635 2261 verbum

854 2281 960 2307 Domini
972 2281 1118 2315 figuraliter
1132 2287 1186 2306 non
1205 2283 1374 2313 receperunt.
1391 2279 1467 2306 Alius
1480 2287 1542 2306 vcro
1559 2279 1637 2306 aliter

854 2325 1031 2352 arbitrabitur
1058 2325 1090 2351 de
1118 2324 1160 2351 his
1190 2323 1304 2350 verbis:
1325 2325 1454 2358 quoniam
1482 2325 1552 2351 sicut
1582 2325 1638 2352 haec

853 2371 932 2398 verba
949 2371 1145 2401 demonstrant,
1163 2376 1212 2396 nec
1230 2375 1278 2404 per
1292 2370 1380 2403 ignem
1400 2369 1443 2396 t'iet
1462 2369 1555 2396 mundi
1574 2377 1638 2396 cor-

853 2416 952 2451 ruptio,
970 2415 1017 2443 sed
1039 2423 1086 2450 per
1099 2414 1279 2442 deiectionem
1298 2415 1393 2449 ipsinS.
1411 2413 1444 2440 Et
1465 2415 1535 2441 alius
1551 2415 1638 2441 utitur

851 2461 985 2495 exemplo,
1002 2460 1130 2495 quoniam
1146 2460 1215 2487 sicut
1238 2460 1378 2486 deﬁciente
1394 2460 1496 2486 lumine
1519 2460 1638 2487 lucerna

851 2507 980 2542 paulatim
997 2506 1129 2532 minuitur
1143 2505 1232 2532 latnten
1246 2525 1253 2537 ,
1276 2506 1316 2532 sic
1333 2504 1483 2531 caelestium
1501 2504 1635 2531 luminum

852 2552 994 2579 deﬁciente
1019 2551 1183 2582 nutrimine,
1209 2550 1250 2577 sol
1267 2550 1478 2582 obscurabitnr,
1501 2550 1557 2585 jam
1582 2558 1634 2577 nou

853 2599 955 2625 habens
971 2606 1052 2632 super
1066 2605 1095 2624 se
1111 2596 1244 2623 venientia
1256 2596 1421 2630 spiramenta
1433 2596 1466 2622 ab
1482 2596 1530 2623 eis.
1541 2596 1636 2631 Majeri

853 2649 944 2672 autem
961 2635 1090 2670 luminari
1107 2643 1163 2669 haec
1181 2642 1307 2675 patiente,
1326 2642 1411 2668 multo
1423 2642 1509 2676 magis
1526 2647 1553 2669 cl
1573 2643 1636 2669 luna

853 2698 901 2717 ncc
929 2690 1017 2724 ipsum
1044 2690 1142 2723 poterit
1175 2688 1303 2716 exhibere
1331 2687 1500 2722 splendorem
1527 2687 1635 2723 igneum

1143 2766 1158 2783 θα

865 2825 1010 2856 501:3.XL,
1026 2825 1068 2850 3|.
1110 2825 1127 2839 “
1144 2831 1220 2854 axttt.
1237 2823 1261 2849 5.
1301 2823 1322 2838 '5’
1336 2822 1429 2849 .ilatth.
1447 2831 1518 2855 xxn‘,
1533 2822 1577 2856 ΞΕ),
1593 2822 1637 2849 50.
