1839 3053
46 119 106 147 1675

599 113 923 143 COMMENTARIORUM
946 113 1076 142 SERIES.

1587 117 1619 145 tt,"
1628 123 1656 146 It

44 184 134 207 storum
146 185 243 212 semper
253 176 465 211 incastinguibile
472 175 613 209 est,lumcn
627 181 715 203 autent
726 177 816 211 impio-
831 179 853 207 Α
867 175 1229 211 cumipseliberpropositus
1237 175 1441 205 fueritnobisad
1448 179 1654 214 exponendum:

43 233 97 252 rum
109 223 284 257 exstinguetur
296 223 329 249 ⁵⁷.
347 221 493 250 Seicutiam
511 223 619 257 quidem
634 231 724 250 veram
737 231 818 257 quam

43 270 255 298 illuminaverunt
270 269 321 296 sibi
335 269 381 303 qui
397 268 541 295 audierunt
567 269 700 296 dicentem
718 278 725 295 ε
751 268 820 295 Illu—

43 317 135 343 nu'nute
154 313 223 341 vobis
238 314 325 340 lumen
337 314 465 344 scientiw,
487 314 577 340 lumen
594 321 655 340 esse
670 313 818 347 justorum,

43 361 130 387 falsam
154 365 241 386 autem
263 359 405 386 scientiam
430 359 520 385 lumen
539 366 600 385 esse
624 358 820 393 impiorum,ct

41 410 189 433 sanctorum
197 402 304 438 quidem
311 403 402 429 lumen
411 410 516 436 semper
523 401 740 436 inexstinguibile
748 409 818 434 esse,

40 449 186 478 cadentium
212 452 302 475 autent
320 455 334 474 a
349 447 463 475 veritate
486 447 577 474 lumen
599 447 746 481 exstingui.
764 447 820 474 0b-

41 496 191 524 scurabitur
201 501 265 529 ergo
280 494 371 521 lumen
388 494 454 521 solis
469 493 541 520 illius
552 501 632 528 quem
646 493 774 524 diximus.
792 498 820 520 et

41 542 107 569 lunae
123 541 193 568 illius
207 547 288 575 quam
301 540 492 574 exposuimus;
508 539 553 566 sed
570 542 595 566 et
611 546 706 566 onmcs
718 539 763 573 qui
775 546 819 566 ex-

41 586 132 613 tollunt
143 593 172 612 se
184 590 278 612 contra
294 584 435 612 scientiam
453 583 510 616 Dci,
525 583 621 610 cadent
635 584 669 610 ab
677 583 819 610 altitudine

40 640 85 660 sua
98 639 150 667 qua
162 639 191 658 se
205 630 329 658 arbitrati
354 633 419 657 sunt
432 637 492 656 esse
519 629 629 656 cadum.
646 628 772 655 Forsitan
792 633 818 656 et

39 679 76 705 sic
93 676 217 704 convenit
230 667 304 711 quod
315 679 357 703 est
369 675 470 702 dictum
487 675 509 690 "
523 683 530 702 :
553 674 677 701 Videbam
689 674 818 701 Satanam

37 728 100 750 sicut
117 724 206 758 fulgur
219 723 354 749 cadentem
371 722 403 747 de
416 721 488 747 cwlo.
505 719 552 747 "is
566 724 655 747 autem
671 719 818 747 accidenti—

39 770 85 797 bus
97 770 129 797 de
145 769 301 804 huiusmodi
318 769 385 801 sole,
403 773 429 795 ct
445 768 520 799 luna,
535 771 561 794 et
578 767 680 798 stellis,
705 766 817 793 virtutes

40 814 166 841 caelorum
181 814 280 841 divina:
293 821 347 840 non
361 813 474 840 omnino
489 812 641 839 immobiles
657 815 754 844 erunt;
770 811 816 838 scd

38 860 211 887 movebuntur
223 859 332 894 quando
344 859 466 894 arguitus
477 857 556 884 fuerit
574 857 618 884 ille
627 857 667 884 sol
679 861 705 884 ct
718 857 818 884 obscu-
834 847 853 873 Β

37 910 117 937 ratus,
135 910 161 933 et
176 906 241 932 luna
269 905 313 932 illa
327 913 382 932 non
402 904 539 932 exhibebit
555 903 705 930 claritatem
727 910 815 935 suam,

37 958 61 979 ct
75 952 140 979 tales
163 952 247 979 stella:
261 951 429 982 ceciderint,
455 950 526 978 sicut
541 953 568 977 et
592 948 677 976 Judas
700 949 766 976 dicit
789 949 816 976 in

37 996 151 1031 Epistula
167 1005 227 1024 sua.
252 996 328 1023 Tunc
349 995 421 1030 quod
441 995 545 1023 clarum
568 999 609 1022 est
628 994 766 1029 apparebit
789 994 815 1021 in

36 1043 120 1075 coelo,
139 1047 166 1070 et
185 1043 275 1070 omnis
300 1042 346 1077 qui
372 1042 490 1077 portavit
510 1041 654 1076 imaginem
681 1040 814 1068 Ctelestis.

35 1088 99 1116 Cum
117 1093 206 1116 autem
225 1089 281 1116 haec
304 1089 341 1115 ita
359 1087 459 1116 fuerint
483 1087 553 1114 facta
566 1107 574 1119 ,
594 1087 681 1115 tribus
706 1087 815 1122 quidem

36 1134 94 1161 coeli
109 1135 288 1168 laetabuntur;
306 1139 384 1161 terra:
394 1138 483 1161 autem
499 1133 585 1161 tribus
599 1141 659 1168 quae
670 1133 815 1168 imaginem

34 1185 207 1215 portaverum.
225 1185 312 1214 terrm,
336 1180 515 1215 plaugentse.
540 1179 637 1206 Adhuc
654 1183 742 1206 autem
767 1185 816 1213 pro

34 1227 247 1255 counncndanda
271 1226 428 1261 hujusmodi
456 1233 505 1253 sua
532 1225 678 1253 traditione
708 1225 817 1259 adjiciet

33 1272 122 1300 dicens
135 1273 182 1308 qui
205 1273 276 1300 hanc
300 1272 363 1299 fecit
384 1271 651 1306 interpretationem,
674 1270 815 1306 quoniam,

34 1317 153 1344 sensibili
166 1318 225 1345 sole
239 1317 386 1345 obscurato
399 1317 440 1351 (ut
455 1317 505 1344 hoc
514 1316 550 1343 ita
561 1323 621 1343 esse
628 1315 814 1350 concedatur),

32 1367 58 1389 et
71 1363 134 1390 luna
149 1364 300 1391 claritatem
317 1370 370 1390 non
389 1363 481 1394 dante,
500 1366 527 1390 et
540 1361 702 1389 cadentibus
717 1362 815 1394 stellis,

34 1415 80 1435 nec
94 1414 134 1436 est
147 1409 278 1444 possibile
292 1416 353 1436 esse
366 1408 506 1436 hominum
521 1408 609 1436 tribus
633 1408 660 1435 in
679 1407 767 1436 terris.
788 1408 816 1435 Si

32 1458 118 1482 autem
135 1455 268 1490 possibile
282 1462 336 1482 non
348 1459 399 1486 est,
415 1455 507 1489 utique
519 1461 568 1481 nec
579 1453 729 1482 secundum
745 1453 817 1488 quod

32 1498 150 1535 loquitur
164 1506 266 1534 textus,
279 1506 303 1528 et
314 1500 437 1536 plangent
447 1509 473 1527 se
487 1499 569 1526 tribus
583 1505 669 1527 terrm.
687 1499 762 1526 Tunc
774 1506 817 1526 er-

32 1554 74 1582 go,
89 1547 163 1575 sicut
179 1547 218 1575 ait
235 1547 367 1575 Dominus
387 1547 413 1574 in
434 1546 597 1581 Evangelio,
614 1545 660 1580 qui
681 1553 754 1573 nunc
780 1545 817 1571 ri-

31 1591 103 1623 dent,
118 1592 250 1626 plangant
263 1599 302 1624 se,
321 1595 348 1618 et
358 1591 484 1626 plangent
499 1591 577 1624 quasi
593 1590 639 1624 qui
655 1589 682 1616 in
693 1589 817 1617 tribubus

31 1642 117 1665 terrae.
136 1637 294 1665 Secundum
313 1638 370 1664 haec
386 1641 413 1664 et
434 1636 507 1664 Isaiae
521 1643 661 1664 sermones
685 1640 711 1663 et
734 1635 817 1663 Joelis

30 1684 143 1710 tentahit
155 1682 328 1718 interpretari
342 1703 349 1716 ,
372 1682 418 1717 qui
434 1682 490 1709 vult
506 1681 540 1709 ad
559 1681 688 1708 moralem
707 1681 817 1716 exposi-

29 1728 128 1756 tionem
142 1729 288 1756 sublevare
302 1735 362 1763 quae
377 1728 448 1754 dicta
469 1732 542 1754 sunt.
561 1726 655 1753 Adhuc
670 1730 760 1753 autem
783 1726 816 1753 ad

27 1781 58 1801 ea
68 1783 130 1809 quae
146 1775 221 1802 dicta
235 1778 298 1802 sunt
310 1774 342 1801 dc
357 1773 517 1801 cadentibus
531 1772 625 1804 stellis,
637 1780 691 1799 non
702 1771 760 1798 sine
774 1779 818 1798 ra-

27 1820 101 1848 tione
114 1825 156 1848 est
169 1827 312 1848 assumere
325 1821 356 1847 de
368 1818 541 1846 Rcvelatione
555 1817 678 1848 Joannis,
692 1817 725 1844 de
739 1817 818 1844 tertia

27 1871 102 1900 parte
114 1867 258 1894 stellarum
275 1870 361 1893 tracta
377 1873 392 1892 a
407 1865 492 1893 cauda
507 1864 633 1891 draconis
654 1863 681 1890 in
703 1866 816 1890 terram.

29 1911 98 1939 Dicit
111 1912 186 1938 enim
201 1912 239 1938 ita
255 1920 262 1937 :
281 1911 313 1937 Et
327 1912 412 1938 visunt
429 1915 465 1938 est
482 1909 556 1936 aliud
569 1909 672 1944 signant
685 1909 711 1935 in
727 1908 790 1936 creto
808 1917 817 1935 :

25 1961 49 1983 ct
67 1965 125 1984 ecce
139 1957 225 1983 draco
242 1965 352 1992 magnus
369 1956 444 1991 rufus
461 1955 558 1982 habens
574 1955 660 1990 capita
674 1959 781 1990 septem,
792 1960 817 1982 et

25 2009 125 2029 cornua
139 2003 243 2034 decem,
256 2007 280 2029 et
298 2009 375 2036 super
389 2002 475 2036 capita
490 2009 538 2028 sua
550 2010 648 2028 cornua
663 2006 777 2036 septem;
794 2006 818 2029 et

24 2051 111 2077 cauda
129 2051 190 2085 ejus
206 2051 289 2076 traxit
306 2050 411 2076 tertiam
429 2053 530 2084 partem
546 2049 684 2076 stellarum
704 2050 776 2082 caeli,
793 2056 817 2077 et

26 2097 96 2123 misit
108 2105 155 2124 eas
171 2097 200 2123 in
218 2096 357 2123 terram”.
372 2094 536 2123 Omniahaec
547 2103 684 2130 exponere
694 2096 818 2131 singilla-

25 2143 72 2169 tim
88 2143 122 2170 de
133 2142 275 2177 capitibus
291 2146 392 2176 septem
404 2141 540 2174 draconis,
553 2149 614 2175 quae
628 2141 742 2168 forsitan
756 2149 818 2175 pos-

24 2192 88 2216 sunt
111 2188 214 2215 referri
233 2187 265 2214 ad
280 2187 386 2221 aliquos
406 2187 541 2222 principes
561 2194 652 2214 rerum
676 2186 818 2221 nequitiae,

22 2234 79 2261 sive
91 2233 127 2260 ad
145 2238 224 2261 tanta
240 2233 395 2260 ducentium
414 2231 448 2259 ad
474 2236 588 2259 mortem
611 2236 720 2266 peccata
732 2251 740 2264 ,
763 2239 817 2259 non

21 2285 62 2307 est
75 2279 215 2314 temporis
230 2278 311 2312 hujus
325 2287 331 2306 :
348 2282 499 2312 exponetur
512 2283 603 2306 autem
620 2281 744 2313 tempore
768 2285 818 2306 suo

21 2322 47 2350 in
67 2322 251 2350 Revelatione
262 2321 384 2349 Joannis.
400 2321 452 2348 Sed
471 2325 498 2349 et
513 2322 605 2350 decem
622 2330 724 2349 cornua
744 2322 818 2350 dicc-

20 2375 61 2402 re,
80 2369 219 2404 quoniam
231 2372 295 2395 sunt
305 2375 387 2402 regna
412 2368 573 2402 serpentium
588 2369 708 2401 malitia},
724 2373 750 2396 ct
768 2369 814 2397 ha-

20 2416 113 2444 bentis
132 2415 274 2450 serpentis
286 2419 422 2447 naturam,
436 2418 463 2442 et
476 2422 582 2449 semper
594 2419 702 2449 pectore
714 2419 741 2442 et
756 2423 819 2443 ven-

20 2467 61 2490 tre
79 2463 213 2490 incedere
228 2469 275 2496 per
290 2466 397 2496 peccata
409 2481 417 2494 ,
435 2468 484 2488 nec
503 2461 585 2488 modo
601 2469 737 2496 exponere
751 2466 820 2489 tem-

20 2517 72 2543 pus
88 2515 144 2536 est.
160 2507 235 2540 Quid
252 2507 370 2534 narratio
387 2513 506 2541 praesens
520 2506 552 2533 de
568 2511 669 2541 septem
685 2507 820 2535 diadema-

20 2556 96 2582 tibus
111 2562 179 2590 quin
195 2553 278 2580 draco
292 2553 397 2580 videtur
413 2552 511 2579 habere
528 2560 608 2587 super
622 2557 725 2587 septem
742 2554 817 2588 capi-

20 2605 46 2628 ta
61 2609 113 2628 sua
123 2601 136 2627 ?
152 2599 258 2634 Utputa
271 2599 422 2626 diademata
442 2606 487 2633 per
501 2598 623 2633 singulos
638 2599 683 2633 qui
699 2599 817 2634 iungun-

20 2652 65 2675 tur
74 2645 317 2681 suscipitaliquod
333 2651 414 2680 caput
427 2645 565 2672 draconis.
579 2644 632 2672 Has
641 2649 730 2671 autem
745 2646 818 2680 prin-

20 2693 126 2728 cipales
145 2690 335 2726 expositiones
350 2696 430 2725 atque
447 2691 620 2724 probationes
637 2694 742 2724 oportet
761 2691 816 2718 fieri

53 2797 76 2813 ⁸⁷
90 2795 180 2823 Prov.
196 2801 251 2820 χιιι.
268 2793 293 2820 9.
333 2792 354 2808 ⁵⁸
368 2791 432 2818 Luc.
450 2799 475 2822 x,
491 2791 532 2818 l8.

20 2832 155 2860 ιεΜῃιιΙι.
175 2837 205 2858 v.
218 2830 258 2854 lti.
296 2827 318 2843 "’
329 2826 411 2853 Zach.
429 2834 477 2857 xu,
489 2827 505 2853 9
522 2830 547 2854 et
568 2834 643 2862 seqq.

193 2875 330 2904 ΡΔτιιοι..
349 2873 407 2902 (in.
437 2873 522 2904 Xlll.

572 2792 594 2807 ³⁵
606 2791 688 2825 Apoc.
699 2800 747 2822 xu.
765 2793 791 2825 5,
806 2793 831 2821 l.

871 227 944 246 nunc
958 224 1048 246 autem
1067 219 1119 247 hoc
1135 220 1223 248 Solum
1239 226 1347 255 oportet
1363 222 1396 249 de
1414 223 1589 251 ltevelatioue
1612 226 1656 252 illa

870 273 1016 300 exponere,
1035 266 1163 300 quoniam
1190 268 1276 294 cauda
1301 267 1430 296 draconis
1449 270 1530 297 traxit
1552 271 1656 298 tertiam

870 316 974 345 partem
999 311 1138 338 stellarum
1165 313 1243 346 caeli,
1260 317 1287 340 et
1304 314 1378 341 misit
1404 322 1464 341 eam
1492 316 1519 342 iu
1545 320 1657 345 terram.

871 357 1003 384 Existimo
1017 357 1088 384 enim
1100 358 1228 391 quoniam
1244 360 1290 393 qui
1304 359 1383 386 debet
1394 361 1489 388 audire
1504 371 1510 389 :
1525 360 1590 388 Post
1605 362 1658 389 Do-

870 403 968 428 minum
981 402 1063 430 Deum
1080 407 1152 429 tuum
1164 403 1224 436 ibis,
1240 409 1267 431 et
1283 413 1289 431 :
1314 404 1401 432 Venite
1412 412 1470 441 post
1482 416 1521 435 me
1541 407 1574 441 ",
1587 412 1613 435 ct
1625 409 1657 435 ad

870 448 927 475 haec
940 447 1046 482 quidem
1061 449 1177 476 obstruit
1194 457 1273 476 aures
1298 458 1361 477 suas
1373 471 1381 484 ,
1400 457 1540 486 peccatum
1565 460 1657 480 autent

870 496 1001 529 sequitur,
1017 496 1134 522 trahitur
1147 503 1161 522 a
1171 496 1254 523 cauda
1264 495 1390 524 draconis
1403 498 1503 526 vadens
1512 504 1574 534 post
1583 507 1656 527 eum.

871 540 897 567 Si
914 545 1002 568 autem
1019 542 1162 577 contigerit
1185 549 1246 569 eum
1263 543 1308 577 qui
1334 543 1373 570 sic
1392 543 1459 570 vixit
1482 548 1511 571 ut
1535 545 1630 572 audiat
1648 554 1656 572 :

874 587 924 613 Vos
940 588 1001 614 estis
1015 588 1061 615 lux
1078 589 1169 615 mundi
1191 589 1227 622 δι,
1252 593 1279 616 et
1298 590 1445 624 aliquando
1471 591 1657 626 splenduerint

869 641 949 668 opera
966 634 1025 668 ejus
1040 634 1122 665 bona,
1150 634 1195 662 hic
1220 634 1365 669 aliquando
1381 636 1545 664 constitutus
1566 638 1655 671 stella,

869 680 933 707 etin
948 680 1017 707 coelo
1031 679 1134 707 habens
1149 681 1396 714 conversationem,
1414 681 1436 709 si
1450 682 1561 710 avulsus
1574 682 1657 710 fuerit

869 732 883 751 a
898 725 1015 752 dracone
1030 725 1057 751 in
1075 729 1186 758 terram,
1203 725 1247 752 hic
1259 725 1311 752 erit
1326 726 1403 754 stella
1419 735 1433 754 a
1449 729 1535 754 cauda
1558 728 1656 756 draco-

868 770 911 798 nis
928 775 1013 798 tracta
1036 775 1062 798 et
1078 771 1161 798 missa
1186 771 1212 798 in
1228 776 1339 799 terram.
1356 772 1401 800 Sic
1427 773 1509 800 stellas
1531 781 1546 801 a
1570 775 1656 801 cauda

869 816 997 843 draconis
1012 817 1158 844 trahuntur
1171 821 1197 844 et
1208 817 1352 844 mittuntur
1363 817 1389 844 in
1404 822 1512 846 terram.
1527 818 1595 846 Sunt
1608 828 1658 847 au-

872 865 925 889 tem
942 862 1001 889 alia:
1016 870 1132 897 quarum
1146 870 1211 897 pars
1223 863 1314 897 aliqua
1331 862 1494 890 obscuratur
1505 884 1513 896 ,
1535 868 1562 891 ct
1583 865 1663 899 quod’

871 907 960 942 majus
972 912 1013 935 est
1027 908 1148 942 quidem,
1161 908 1327 935 luminosum
1342 912 1393 937 est,
1408 915 1476 942 quas
1489 909 1596 936 videtur
1611 917 1658 937 os-

872 953 982 981 tendere
997 953 1029 980 de
1039 952 1214 981 Rcvelationc
1221 961 1311 981 sermo
1320 954 1359 981 sic
1372 953 1475 981 habens
1486 955 1508 970 ε’
1519 963 1525 981 :
1538 954 1570 981 Et
1581 962 1658 989 quar-

872 1003 912 1024 tus
930 997 1037 1033 angelus
1050 998 1111 1024 tuba
1127 998 1238 1030 cecinit,
1257 1003 1281 1025 et
1299 1006 1422 1031 percussa
1439 1003 1476 1025 est
1493 999 1574 1026 tertia
1595 1008 1656 1033 pars

871 1045 950 1078 luaw,
962 1049 986 1071 et
1002 1045 1079 1071 tertia
1091 1053 1153 1079 pars
1165 1045 1313 1076 stellarum,
1327 1050 1356 1071 ut
1373 1045 1561 1072 obscuraretur
1580 1046 1657 1072 tertia

870 1097 931 1123 pars
944 1097 1044 1116 eorum.
1067 1089 1137 1116 Sunt
1159 1089 1269 1124 quidam
1291 1094 1380 1117 autem
1407 1090 1453 1123 qui
1477 1097 1527 1117 nec
1546 1091 1657 1117 omnino

870 1138 1046 1162 servaverunt
1062 1133 1135 1168 quod
1150 1134 1252 1161 dictum
1272 1138 1314 1161 est
1331 1134 1353 1149 “
1374 1143 1380 1161 :
1401 1133 1446 1161 Sic
1463 1134 1548 1161 luceat
1570 1135 1658 1162 lumen

870 1184 982 1205 vestrum
992 1186 1080 1205 caram
1095 1179 1428 1212 hominibus,necomnino
1440 1179 1565 1207 exstincti
1574 1180 1658 1214 868

870 1228 896 1252 et
910 1224 1046 1252 obscurati
1060 1229 1133 1258 sunt,
1146 1225 1192 1252 sed
1205 1232 1237 1252 ex
1251 1229 1336 1260 parte.
1358 1225 1472 1258 Quidam
1492 1226 1564 1252 enim
1591 1233 1656 1260 pro—

870 1274 929 1304 pter
946 1270 1086 1298 scientiam
1102 1271 1210 1305 quidem
1227 1270 1362 1298 fulserunt
1375 1271 1447 1308 sicut
1460 1271 1586 1305 splendor
1597 1279 1655 1299 coc-

869 1315 899 1349 li,
920 1316 1029 1351 quidam
1042 1321 1131 1343 autem
1146 1320 1255 1351 propter
1268 1317 1500 1344 conversationem
1513 1317 1576 1344 facti
1591 1321 1657 1345 sunt

870 1362 942 1390 sicut
953 1362 1047 1390 stellae.
1073 1361 1124 1389 Sed
1153 1362 1276 1389 videmur
1300 1362 1462 1396 quibusdam
1485 1370 1538 1389 non
1559 1370 1657 1389 conse-

870 1412 985 1442 quenter
1013 1408 1161 1435 sccundum
1186 1407 1371 1442 pracedentes.
1390 1408 1574 1442 expositiones
1599 1408 1657 1434 huc

871 1454 1014 1488 protulisse
1038 1458 1065 1480 et
1088 1461 1136 1488 pro
1152 1458 1228 1488 parte
1250 1453 1419 1488 exposuisse.
1447 1453 1580 1486 Quoniam
1603 1453 1658 1480 illic

870 1499 979 1534 quidem
1005 1499 1097 1527 stellas
1120 1507 1231 1527 casuras
1258 1499 1398 1531 diximus,
1422 1499 1468 1534 qui
1495 1499 1657 1526 videbantur

868 1545 953 1572 fuisse
962 1545 1056 1577 stellae,
1072 1552 1126 1572 non
1141 1550 1231 1573 autem
1243 1550 1334 1578 erant;
1351 1545 1395 1572 hic
1407 1549 1495 1572 autem
1510 1545 1542 1571 de
1554 1545 1600 1572 his‘
1610 1545 1657 1579 qui

867 1598 930 1618 vere
947 1590 1057 1618 fuerunt
1071 1591 1164 1624 stellte,
1181 1595 1208 1618 et
1227 1595 1275 1618 aut
1300 1591 1334 1617 ad
1355 1591 1463 1625 plenum
1487 1590 1657 1624 ceciderunt,

868 1642 916 1664 aut
928 1645 959 1664 ex
975 1641 1060 1671 parte.
1079 1637 1119 1664 Ad
1135 1645 1204 1671 quos
1218 1637 1433 1671 respondeamus
1448 1636 1577 1670 quoniam
1593 1643 1658 1670 pro-

868 1682 986 1710 ferentes
1002 1683 1125 1718 exempla
1141 1683 1199 1710 haec
1212 1690 1273 1717 quae
1285 1683 1458 1717 protulimus,
1474 1683 1526 1709 hoc
1542 1681 1656 1709 demon~

868 1727 1016 1755 stravimus
1028 1728 1092 1762 quia
1106 1728 1217 1754 umuino
1232 1728 1315 1754 stella:
1332 1728 1455 1754 homines
1477 1732 1540 1754 sunt
1557 1727 1656 1754 intelli-

868 1773 958 1807 gendi,
974 1780 1027 1799 non
1043 1773 1136 1807 quales
1151 1773 1243 1800 stcllre.
1269 1772 1397 1807 Alioquin
1413 1773 1456 1799 ille
1479 1773 1556 1800 locus
1577 1780 1655 1799 suam

869 1818 949 1845 habet
964 1818 1223 1851 interpretationem,
1240 1823 1267 1845 et
1282 1818 1325 1844 hic
1339 1826 1428 1845 suam.
1444 1817 1546 1845 Tamen
1564 1819 1606 1845 his
1618 1818 1656 1845 ita

869 1863 948 1890 factis
964 1863 1064 1898 parebit
1080 1864 1183 1898 signant
1198 1862 1264 1889 Filii
1278 1863 1390 1889 hominis
1406 1863 1433 1889 in
1449 1863 1522 1896 cazlo,
1535 1868 1560 1889 et
1579 1863 1657 1897 plalt-

869 1916 927 1948 gent
944 1920 970 1939 se
986 1916 1046 1938 tunc
1060 1911 1141 1938 tribus
1153 1915 1239 1938 terrw.
1255 1911 1295 1938 Ad
1311 1911 1368 1938 hinc
1382 1919 1435 1938 nou
1451 1915 1492 1938 est
1507 1911 1656 1938 absurdum

869 1959 907 1986 uti
925 1958 1056 1992 exemplis
1067 1957 1205 1984 Zacharize
1217 1957 1354 1991 prophetae
1369 1956 1405 1983 ita
1421 1956 1583 1983 habentibus
1599 1964 1607 1984 :
1621 1955 1655 1982 Et

869 2006 918 2032 erit
929 2005 956 2031 in
971 2004 1019 2031 illa
1032 2004 1084 2036 die,
1097 2011 1213 2038 quwram
1225 2003 1329 2037 auferre
1339 2011 1428 2029 omnes
1440 2006 1527 2037 gentes
1540 2010 1599 2036 quia
1613 2009 1657 2029 trc-

870 2050 945 2077 niunt
965 2057 1043 2084 super
1068 2048 1237 2081 Jerusalem,
1256 2053 1280 2074 et
1303 2048 1436 2082 effundant
1454 2055 1532 2082 super
1549 2047 1656 2073 domum

870 2094 970 2126 David,
993 2098 1017 2121 et
1036 2101 1113 2128 super
1127 2093 1306 2120 habitantibus
1326 2094 1353 2120 in
1368 2092 1517 2119 Jerusalem
1535 2092 1657 2126 spiritum

869 2141 998 2175 graliteet
1011 2139 1205 2170 miserationis,
1223 2143 1248 2165 et
1262 2139 1398 2173 respiciant
1419 2138 1453 2164 ad
1473 2145 1513 2164 me
1532 2138 1657 2172 quoniam

835 2192 856 2218 ι)
871 2186 1044 2219 saltauerunt,
1064 2190 1088 2212 et
1104 2185 1224 2221 plangent
1242 2193 1320 2219 super
1330 2193 1356 2211 se
1370 2182 1506 2219 planctum
1525 2184 1593 2210 sicut
1613 2188 1658 2209 su-

871 2241 916 2267 per
927 2232 1060 2265 dilectum,
1073 2236 1097 2258 et
1113 2230 1236 2258 dolebant
1251 2229 1341 2257 dolore
1352 2231 1422 2256 sicut
1434 2237 1511 2264 super
1525 2229 1659 2264 primoge-

872 2280 965 2306 nitum.
979 2277 1013 2304 Et
1026 2278 1053 2305 in
1066 2278 1107 2304 die
1120 2276 1166 2304 illo
1181 2276 1395 2312 magni/imbitur
1407 2277 1529 2310 planctus
1542 2275 1569 2301 in
1580 2274 1658 2301 Jeru-

871 2324 954 2351 salem
965 2324 1033 2351 sicut
1047 2323 1169 2358 planctus
1188 2322 1252 2349 mali
1269 2322 1374 2357 granati
1387 2321 1469 2348 excisi
1479 2321 1506 2346 in
1518 2328 1620 2354 campo,
1635 2323 1659 2345 ct

870 2371 974 2406 plangat
987 2378 1013 2397 se
1028 2375 1098 2396 terra
1109 2368 1262 2402 pertribus;
1273 2368 1356 2394 tribus
1368 2367 1459 2393 domus
1472 2365 1556 2392 David
1566 2373 1658 2392 secun-

868 2417 929 2444 dum
941 2425 978 2449 se,
990 2420 1015 2443 et
1027 2415 1148 2442 mulieres
1160 2422 1249 2441 eorum
1262 2413 1403 2440 secundum
1419 2420 1460 2443 se;
1471 2412 1552 2437 tribus
1564 2411 1658 2437 domus

870 2462 979 2489 Nat/tan
992 2461 1135 2489 secundum
1156 2468 1202 2492 se,
1223 2464 1247 2486 et
1269 2459 1390 2485 mulieres
1405 2465 1495 2484 eorum
1515 2457 1658 2483 secundum

868 2517 910 2541 se;
925 2508 1007 2535 tribus
1022 2507 1114 2534 domus
1126 2505 1186 2533 Levi
1198 2505 1340 2532 secundum
1355 2513 1390 2536 se,
1400 2508 1423 2530 et
1436 2503 1556 2530 mulieres
1566 2509 1658 2528 eorum

870 2554 1014 2580 serundum
1029 2560 1070 2584 se;
1089 2552 1172 2579 tribus
1187 2552 1280 2578 domus
1296 2549 1402 2577 Simeon
1414 2549 1557 2576 soctmtlum
1574 2556 1611 2581 se,
1631 2553 1656 2574 et

871 2599 992 2626 mulieres
1005 2606 1095 2624 eorum
1109 2596 1294 2627 secundumse,
1311 2599 1334 2621 et
1349 2602 1437 2621 onmes
1451 2594 1548 2620 relicta:
1559 2592 1654 2624 tribus,

871 2646 1013 2673 secundum
1031 2653 1076 2678 se,
1097 2649 1122 2671 et
1149 2644 1270 2671 mulieres
1289 2649 1379 2669 eorum
1408 2639 1550 2668 secundum
1570 2648 1597 2667 se
1622 2640 1656 2668 δ’.

871 2692 957 2719 Omne
974 2692 1055 2726 igitur
1072 2697 1208 2718 terrenum
1224 2696 1320 2724 agmen
1334 2695 1396 2715 cum
1411 2687 1446 2714 sit
1461 2687 1548 2714 tribus
1564 2691 1654 2719 terra;

871 2793 892 2809 πα
903 2792 996 2820 Matth.
1012 2801 1048 2827 tv,
1064 2794 1105 2821 ιε).
1144 2793 1273 2821 “Matth.
1289 2801 1315 2825 ν,
1330 2793 1371 2819 H.
1411 2793 1431 2807 θ’
1442 2791 1526 2825 Apoc.
1541 2796 1598 2821 vui.
1613 2783 1655 2813 i2-

1482 2871 1521 2901 53
