1839 3053
169 115 238 144 Ιδῗῦ

757 111 919 140 ORIGENIS
934 111 968 140 IN
988 111 1198 142 MATTHIEUM

1768 112 1823 141 Ιετῦ

166 174 238 210 quod
253 180 314 202 esse
326 173 378 201 sibi
395 173 446 208 ipsi
465 173 659 203 attribuerunt,
676 171 794 200 maxime
817 171 839 200 si
858 176 965 208 oportet
980 173 1001 202 Α
1017 172 1172 200 uestimenta
1191 172 1248 208 ejus
1266 172 1339 207 facta
1357 177 1421 199 sunt
1436 172 1509 199 sicut
1525 171 1638 203 tum}
1660 174 1687 198 et
1704 170 1773 197 vim
1790 176 1820 198 at

166 221 194 248 in
210 220 305 256 aliquo
324 224 497 256 peccatorum
522 218 709 246 abundantius
726 218 867 254 plangere,
886 218 965 253 plan-

167 272 231 303 gent
246 275 308 295 cum
331 267 468 294 similibus
493 265 561 293 suis.
584 264 710 292 Arbitror
726 270 817 292 autem
839 273 887 300 per
911 266 968 292 haac

168 312 276 340 ostendi
291 311 458 340 ditfcrentias
471 318 566 338 eorum
582 310 628 346 qui
638 309 799 337 videnturin
813 310 865 338 ﬁde
882 309 967 338 fuisse

166 362 194 385 ct
212 359 238 386 in
257 366 308 386 suo
324 358 443 393 agmine,
462 364 517 384 non
540 361 630 384 autem
655 357 818 391 placuerunt
834 356 900 384 Deo.
919 356 967 386 Est

168 411 233 439 ergo
247 404 343 432 domus
360 402 442 430 David
458 403 600 438 plangens.
616 402 663 437 qui
680 409 713 430 ex
734 402 836 437 popqu
862 402 967 430 consti-

168 451 219 478 tuti
234 450 315 485 digna
333 450 442 484 planctu
458 453 588 484 egerunt.
603 452 651 475 aut
669 448 703 475 de
719 447 831 484 regibus
854 452 882 475 et
906 456 966 475 ma-

168 495 306 531 gnatibus.
324 494 375 527 Qui
395 500 486 521 autem
501 501 534 521 ex
547 493 707 522 doctoribus
732 494 803 521 male
828 493 965 526 vixerunt,

168 545 232 569 sunt
247 541 334 568 tribus
348 539 454 568 Nathan
468 540 611 575 plangens,
635 539 766 576 quoniam
789 539 896 568 Nathan
916 539 966 568 fuit

168 587 322 622 propheta;
351 587 449 613 docere
471 590 562 613 autem
588 590 630 613 est
655 586 828 621 prophetare.
853 586 891 613 Ita
918 585 966 621 qui

167 638 230 661 sunt
251 637 406 668 peccatores
425 640 457 659 ex
482 632 526 660 his
548 632 594 668 qui
620 632 758 668 praepositi
786 632 897 660 fuerunt
912 632 966 660 Ec-

166 679 265 713 clesiae,
295 683 322 707 et
352 679 534 707 sacerdotium
569 679 724 707 habuerunt
749 679 920 715 injunctum',
939 684 967 708 et

169 733 222 753 non
261 725 330 753 bene
363 725 591 760 dispensarcrunt
622 726 830 761 prmposituram
859 734 937 754 suam
957 746 966 760 ,

166 771 254 799 tribus
277 776 340 799 sunt
360 771 459 799 domus
480 771 543 799 Levi
567 771 708 807 plangens.
735 771 768 799 Et
789 779 882 800 rerum
903 774 966 808 qui-

165 818 226 846 dem
247 818 354 850 dicere,
375 818 417 846 vel
437 818 471 845 de
485 818 528 846 his
549 825 610 853 quae
629 818 762 852 diximus,
777 818 819 846 vel
834 818 868 846 de
892 819 964 847 tribu

166 864 289 897 Simeon,
305 864 350 892 Dei
368 864 454 892 solius
467 868 510 891 est
524 873 530 891 :
547 871 598 892 nos
615 869 706 892 autem
723 865 750 891 in
766 865 893 900 przesenti
915 872 964 901 ap-

166 915 269 944 tamus,
289 911 418 946 quoniam
444 918 540 938 omnes
561 911 608 947 qui
629 911 789 939 catechizati
809 911 919 939 fuerunt
935 915 963 940 et

165 957 291 985 instructi
304 962 368 984 sunt
383 958 476 985 divino
491 958 633 993 mysterio,
651 965 701 986 nec
718 957 829 986 fuerunt
844 957 962 986 ordinati

165 1002 193 1030 in
211 1003 301 1038 aliqua
318 1002 438 1030 tribuum
454 1011 522 1038 quas
541 1003 661 1030 diximus
674 1010 768 1039 supra,
790 1008 816 1031 et
830 1011 961 1039 peccave-

166 1054 230 1076 runt
247 1055 357 1084 peccata
373 1050 477 1085 gravia,
491 1049 586 1085 quales
599 1055 664 1077 sunt
687 1049 799 1085 plurimi
816 1051 961 1084 laicorum,

165 1095 253 1123 tribus
267 1100 331 1123 sunt
347 1095 458 1124 Simeon
475 1105 481 1123 :
496 1096 594 1132 reliqui
611 1101 703 1124 autem
728 1097 869 1131 homines,
893 1105 963 1133 quas

165 1141 235 1170 dixit
251 1143 339 1171 tribus
357 1143 476 1177 relictas,
492 1151 562 1179 quas
585 1144 742 1179 specialiter
759 1152 815 1172 non
834 1145 962 1172 nomina-

165 1187 213 1215 vit.
230 1188 290 1216 Non
305 1194 396 1217 autem
414 1190 606 1225 qualecunque
619 1195 662 1218 est
678 1197 748 1226 opus
767 1190 858 1219 dicere
881 1195 909 1219 et
930 1191 963 1219 de

166 1235 328 1263 mulieribus
341 1236 511 1271 singularum
528 1235 648 1263 tribuum
664 1236 856 1272 plangentibus
873 1244 903 1265 se
918 1245 962 1265 se-

165 1280 285 1308 cundum
303 1288 342 1308 se.
360 1280 392 1308 Et
407 1281 468 1308 vide
485 1281 508 1308 si
529 1287 606 1317 potes
619 1282 646 1309 in
671 1282 787 1317 singulis
808 1283 964 1318 quibusque

165 1326 299 1354 classibus
313 1334 362 1355 eos
377 1327 486 1363 quidem
504 1328 550 1363 qui
567 1329 768 1363 corporaliores
793 1332 820 1356 et
835 1329 963 1357 mundia-

166 1373 248 1402 liores
261 1373 380 1406 fuerunt,
401 1373 491 1402 dicere
508 1374 656 1409 mulieres;
678 1375 726 1410 qni
751 1380 842 1402 autem
866 1381 962 1403 eorum

167 1420 374 1455 comparatione
390 1420 518 1448 meliores
536 1420 657 1454 fuerunt,
671 1421 745 1448 viros
760 1421 856 1448 fuisse.

201 1465 245 1493 50.
263 1465 297 1492 Et
309 1465 432 1493 uidebunt
449 1466 551 1493 Filium
564 1467 678 1494 [taurinis
691 1468 833 1494 venientem
844 1467 871 1494 in
883 1467 962 1494 nubi-

166 1513 212 1539 bus
226 1520 286 1538 cum
300 1512 396 1540 virtute
408 1518 431 1540 et
445 1512 531 1548 gloria
545 1513 630 1539 multa
648 1513 680 1540 “.
701 1512 838 1546 Quoniam
855 1512 962 1540 videtur

166 1557 320 1592 suscepisse
334 1557 454 1585 Ecclesia
467 1558 600 1585 catholica
616 1566 678 1586 eum
693 1559 756 1586 aliis
767 1559 963 1588 traditionibus

165 1601 249 1629 etiam
263 1602 296 1629 de
308 1602 409 1630 Christi
423 1603 540 1629 adventu
557 1603 679 1630 secundo
693 1624 701 1637 ,
718 1603 849 1638 quoniam
864 1603 917 1630 erit
933 1604 960 1631 in

166 1649 252 1684 gloria
277 1649 455 1677 manifestum
479 1655 529 1676 est.
560 1648 655 1677 Utrum
683 1654 775 1678 autem
809 1650 961 1678 secundum

165 1695 238 1731 quod
251 1696 383 1731 scriptum
398 1702 440 1723 est
452 1696 478 1723 in
493 1696 544 1724 hoc
563 1696 635 1728 loco,
652 1696 738 1724 nubes
751 1697 911 1732 corporales
921 1701 962 1725 at-

167 1750 221 1778 que
239 1743 383 1771 sensibiles
403 1743 562 1771 existimare
577 1743 710 1771 debemus
723 1744 880 1771 vehiculum
900 1751 962 1772 esse

166 1789 264 1824 ipsius,
277 1794 303 1817 et
320 1790 470 1818 secundum
483 1789 640 1825 hujusmodi
657 1790 744 1818 nubes
759 1790 873 1817 multam
887 1789 961 1817 illam

165 1836 293 1864 virtutem
311 1840 338 1864 et
352 1836 467 1872 gloriam
481 1841 642 1872 exspectare
655 1836 798 1869 debemus,
822 1840 870 1863 aut
883 1836 962 1871 juxta

167 1882 387 1909 observationem
407 1881 481 1908 verbi
510 1881 697 1916 simplicioris,
716 1880 799 1908 etiam
821 1881 963 1908 moraliter

166 1931 207 1954 est
220 1926 462 1960 considerandum,
475 1931 522 1954 aut
537 1934 587 1954 nec
601 1927 715 1954 omnino
725 1925 872 1954 observare
883 1926 963 1954 debo-

167 1981 229 2001 mus
243 1973 446 2008 simplicitatem
461 1973 546 2005 verbi,
564 1972 612 2001 sed
632 1973 806 2000 solummodo
828 1972 961 2001 moralem

166 2017 280 2053 exsequi
296 2017 475 2051 intellectum,
490 2025 544 2045 non
559 2018 748 2054 cujuscunque
759 2022 801 2046 est
811 2018 963 2046 deliberare

169 2069 195 2092 et
206 2064 350 2100 diligenter
368 2065 485 2093 scrutari
501 2064 607 2100 singula
618 2065 689 2099 loca,
703 2069 730 2093 et
745 2069 891 2101 postquam
905 2068 962 2092 tra-

166 2114 281 2141 ctaverit
294 2113 407 2141 verbum
422 2113 575 2141 secundum
591 2120 634 2147 ea,
648 2113 688 2141 sic
703 2113 883 2148 pronuntiare
895 2113 962 2148 quid

166 2159 340 2194 potissimum
357 2159 451 2187 verius
468 2159 503 2187 sit
514 2166 620 2192 eorum,
635 2163 662 2187 et
677 2159 822 2187 continens
843 2166 961 2195 evange-

1017 218 1056 244 eis
1073 216 1177 253 Moyses
1193 222 1218 244 et
1240 216 1315 244 Elia:
1332 217 1514 252 colloquentes
1527 225 1590 243 cum
1603 224 1647 244 eo.
1663 215 1702 242 Et
1713 223 1777 248 ecce,
1789 217 1821 243 il-

1018 263 1088 298 quit,
1103 262 1183 291 nubes
1196 263 1286 290 lucida
1298 263 1468 290 obumbravit
1476 272 1534 297 eos,
1547 268 1574 290 et
1587 271 1652 290 ecce
1664 271 1717 290 eo:
1728 263 1760 289 de
1767 264 1821 290 ωε

1017 306 1107 334 dicens
1124 315 1132 334 :
1152 306 1204 334 Hic
1214 313 1252 334 est
1269 307 1358 334 Filius
1372 316 1444 334 meus
1458 308 1578 335 dilectus
1594 309 1625 335 in
1643 316 1699 343 quo
1715 309 1821 342 complc-

1017 353 1071 384 συὶ,
1084 353 1171 387 ipsum
1183 354 1285 381 audite.
1303 353 1380 381 Sicut
1399 362 1466 389 ergo
1478 354 1597 390 quando
1616 353 1821 382 transformatus

1016 403 1069 431 est,
1085 399 1253 434 resplenduit
1272 400 1355 428 facies
1369 401 1430 436 ejus
1444 401 1517 429 sicut
1535 401 1590 435 sol,
1615 406 1645 428 et
1667 401 1820 429 vestimenta

1017 445 1077 481 ejus
1092 445 1161 474 facta
1177 447 1323 474 suntsicut
1341 447 1450 481 lumen,
1473 452 1502 476 et
1520 455 1576 475 vox
1599 448 1681 475 venit
1705 448 1740 475 de
1761 449 1820 475 aut»

1016 492 1112 520 dicens
1127 500 1133 518 :
1150 491 1202 519 llic
1217 498 1254 520 est
1271 493 1360 520 Filius
1372 502 1446 521 meus
1461 494 1580 521 dilectus
1601 495 1631 520 in
1647 502 1703 529 quo
1717 495 1820 529 compla-

1017 539 1071 571 cui,
1094 539 1133 567 sic
1152 547 1213 567 cum
1238 540 1344 567 venerit
1365 541 1476 573 iterum,
1502 540 1628 568 forsitan
1653 541 1683 568 in
1714 542 1818 577 speciem

1018 585 1259 614 transformahitur
1274 586 1421 622 gloriosam
1438 596 1445 614 :
1458 592 1506 614 aut
1516 587 1592 615 sicut
1607 594 1681 615 tunc
1697 587 1818 615 transfor-

1017 636 1108 659 matus
1125 638 1166 659 est
1182 640 1274 660 coram
1290 633 1377 661 tribus
1392 633 1539 668 discipulis
1555 634 1621 661 suis
1632 654 1640 666 ,
1662 638 1761 669 postea
1780 642 1817 661 ve-

1017 679 1072 706 niet
1086 687 1140 706 non
1150 687 1233 714 super
1248 687 1330 707 unam
1343 679 1455 712 nubem,
1471 680 1519 707 sed
1536 687 1627 715 super
1643 681 1760 712 multas,
1771 689 1819 715 qua

1017 729 1098 752 erunt
1114 725 1268 753 vehiculum
1281 726 1350 761 ejus.
1373 725 1510 759 Quoniam
1534 730 1633 754 autem
1654 734 1817 761 consequens

1016 775 1058 799 est
1072 772 1140 799 utin
1158 771 1296 799 meliorem
1323 772 1437 808 gloriam
1461 772 1650 805 reformetur,
1672 781 1758 808 quam
1779 773 1818 800 fuit

1017 817 1229 846 transformatus
1243 818 1270 845 in
1287 823 1388 850 monte,
1401 818 1581 846 manifestum
1602 824 1648 847 est
1659 828 1694 846 ex
1712 827 1746 847 co
1758 821 1818 855 quot

980 855 1002 884 Β
1016 868 1082 892 tunc
1095 865 1204 900 quidem
1220 873 1313 893 coram
1331 865 1419 893 tribus
1434 866 1632 894 tantummodo
1646 865 1819 894 transfuma-

1014 916 1058 940 tus
1069 916 1120 946 est,
1135 912 1161 940 in
1177 912 1414 941 consummatione
1427 917 1518 940 autem
1531 912 1624 948 869
1636 913 1737 940 mundi
1749 913 1817 940 totius

1014 959 1156 995 apparebit
1169 959 1195 986 in
1208 959 1294 995 gloria
1307 959 1403 993 multa,
1419 963 1451 986 ut
1467 958 1577 986 videant
1591 967 1662 986 eum
1681 966 1778 986 omna
1796 959 1816 985 in

1015 1005 1111 1041 gloria.
1139 1004 1173 1032 Et
1195 1009 1261 1033 tunc
1282 1005 1395 1040 quidem
1421 1004 1597 1032 descendens
1622 1004 1721 1032 lucida
1745 1004 1818 1031 nubes

1015 1051 1187 1079 adumbrarit
1198 1059 1255 1085 eos,
1271 1056 1365 1087 postea
1380 1057 1473 1079 autem
1501 1051 1598 1079 multa:
1623 1052 1719 1080 nubes
1736 1057 1817 1087 ports-

1014 1098 1083 1126 bunt
1099 1098 1198 1126 Filium
1226 1098 1346 1126 hominis
1366 1098 1519 1126 venientem
1549 1106 1619 1126 cum
1638 1098 1769 1126 vehiculo
1785 1098 1817 1124 d1-

1015 1151 1069 1179 guo
1082 1143 1175 1179 gloriae
1191 1151 1259 1171 sum.
1278 1142 1353 1171 Dicet
1365 1148 1457 1170 autem
1472 1142 1588 1178 aliquis,
1606 1143 1746 1178 quoniam
1758 1143 1816 1170 sicut

1015 1189 1042 1218 in
1061 1189 1171 1217 ﬁctione
1187 1189 1306 1217 hominis
1322 1188 1427 1224 accepit
1443 1187 1515 1216 Deus
1530 1188 1634 1215 limum
1653 1188 1691 1216 de
1706 1194 1785 1221 terra,
1796 1193 1816 1215 ct

1015 1235 1097 1264 ﬁnxit
1106 1235 1257 1268 hominem,
1267 1235 1316 1267 sic,
1327 1239 1356 1261 ut
1364 1235 1591 1269 appareatgloria
1600 1234 1772 1266 Christi,aec
1786 1236 1816 1269 p't

1016 1282 1089 1310 Deus
1102 1282 1136 1310 de
1150 1282 1220 1310 coalo
1228 1287 1253 1309 et
1263 1281 1296 1308 dc
1306 1281 1410 1309 ctelesti
1424 1288 1552 1316 corpore,
1563 1286 1593 1309 et
1601 1282 1764 1317 corporavit
1772 1282 1817 1316 pri-

1016 1336 1091 1356 mum
1100 1329 1209 1364 quidem
1227 1328 1253 1356 iu
1265 1328 1364 1355 nubem
1381 1327 1512 1361 lucidam,
1529 1327 1559 1354 in
1580 1327 1816 1355 consummatum:

1015 1379 1106 1403 autem
1124 1375 1152 1402 in
1170 1375 1256 1402 nubes
1275 1375 1511 1409 tucidas,propter
1526 1374 1605 1409 quod
1621 1379 1649 1401 et
1663 1374 1752 1401 nubes
1766 1374 1815 1400 tofi

1015 1422 1155 1453 dicuntur,
1173 1420 1324 1448 secundum
1338 1421 1411 1455 quod
1427 1425 1453 1447 et
1468 1420 1553 1447 limus
1566 1425 1654 1448 terra:
1670 1426 1715 1447 est
1728 1420 1814 1447 dictus.

1015 1468 1049 1496 Et
1063 1469 1135 1496 dicet
1151 1467 1259 1496 Patrem
1274 1468 1338 1495 talia
1351 1467 1476 1495 miranda
1495 1467 1606 1494 donare
1621 1466 1699 1494 Filio
1715 1475 1766 1494 suo
1778 1467 1813 1501 qui

1016 1515 1135 1550 seipsum
1150 1514 1313 1548 humiliavit,
1323 1518 1349 1541 et
1361 1517 1471 1548 propter
1485 1512 1672 1540 dilectionem
1689 1521 1741 1540 non
1753 1513 1814 1546 rapi-

1014 1569 1074 1589 nam
1083 1561 1228 1588 arbitratus
1239 1565 1277 1587 est
1285 1568 1340 1587 esse
1347 1568 1373 1586 se
1381 1559 1510 1594 «aqualem
1521 1558 1589 1592 Deo,
1600 1559 1650 1586 sed
1657 1561 1813 1593 semetipsw

1013 1607 1159 1636 exinanivit
1169 1607 1283 1642 formam
1289 1607 1357 1634 servi
1367 1606 1498 1641 accipiens
1507 1606 1540 1639 ‘7,
1548 1610 1576 1633 et
1588 1605 1684 1633 factus
1693 1612 1734 1633 cst
1742 1613 1814 1640 agnus

1014 1654 1061 1682 Dei
1075 1659 1103 1681 ut
1117 1653 1193 1682 tollat
1207 1653 1301 1680 mundi
1320 1647 1432 1688 peccata
1452 1651 1484 1679 ⁵⁸.
1503 1651 1624 1686 Propter
1640 1652 1697 1679 hoc
1713 1651 1782 1679 enim
1795 1655 1814 1676 et

1013 1699 1085 1727 Deus
1093 1698 1299 1734 sttperexaltarit
1308 1706 1376 1730 cum,
1390 1703 1412 1724 et
1428 1697 1538 1724 donavit
1549 1697 1705 1723 ἱΙΙίιιοπιεη
1714 1696 1813 1732 quodest

1013 1753 1092 1780 super
1101 1753 1176 1772 omne
1187 1753 1280 1771 nomen
1289 1744 1321 1771 θ’.
1331 1743 1390 1770 Non
1400 1743 1489 1771 solum
1501 1747 1598 1770 autem
1612 1743 1750 1770 exaltavit
1762 1749 1812 1769 eum

1013 1790 1163 1817 secundum
1178 1788 1304 1823 spiritum
1316 1809 1323 1820 ,
1349 1788 1397 1815 sed
1411 1788 1494 1816 etiam
1523 1788 1688 1816 secundum
1713 1794 1811 1822 corpus.

1013 1841 1043 1863 ut
1057 1842 1105 1870 per
1122 1834 1214 1862 omnia
1232 1835 1268 1862 sit
1280 1835 1427 1862 exaltatus.
1440 1833 1475 1861 Et
1490 1841 1596 1869 corpus
1612 1835 1691 1869 quod
1705 1834 1811 1868 suscepit

1013 1881 1047 1909 de
1059 1881 1165 1918 'virtute
1178 1880 1323 1912 Altissimi,
1338 1885 1366 1908 et
1380 1881 1414 1908 de
1428 1879 1541 1915 Virgine
1555 1876 1727 1914 hujusmodi
1743 1878 1811 1906 mini~

1012 1927 1126 1956 sterium
1145 1927 1328 1961 ministrante,
1344 1926 1462 1954 debebat
1477 1926 1614 1953 honorari
1641 1930 1675 1954 ut
1698 1931 1725 1954 et
1741 1932 1809 1960 super

1013 1973 1114 2002 talibus
1127 1972 1246 2000 nubibus
1258 1972 1378 2006 veniret;
1397 1971 1512 1999 forsitan
1524 1979 1614 2007 super
1628 1971 1754 1999 nubibus
1761 1971 1808 1998 ani-

1013 2020 1096 2048 matis
1109 2024 1137 2048 et
1150 2018 1330 2047 rationalibus
1345 2022 1374 2045 ut
1386 2025 1421 2045 ne
1438 2017 1498 2045 sine
1513 2017 1610 2044 anima
1627 2022 1658 2044 et
1675 2017 1808 2045 irrationa-

1014 2067 1069 2095 bile
1083 2070 1157 2094 esset
1171 2065 1325 2093 vehiculum
1342 2063 1403 2091 Filii
1419 2063 1541 2090 hominis
1555 2063 1726 2098 gloriﬁcati,
1750 2063 1806 2090 sicut

1013 2112 1065 2140 fuit
1077 2113 1135 2140 sine
1149 2112 1241 2139 anima
1255 2118 1363 2143 currus,
1382 2109 1588 2137 irrationabiles
1605 2115 1704 2137 autem
1721 2109 1806 2144 equile

1014 2159 1114 2195 quibus
1131 2157 1207 2185 visus
1222 2160 1264 2184 est
1278 2155 1382 2183 assumi
1397 2153 1482 2187 Elias,
1507 2154 1670 2181 secundum
1695 2153 1793 2188 Scripta

167 2206 249 2233 ticum
265 2213 390 2237 sensum,
403 2210 431 2233 et
441 2205 608 2234 voluntatem
624 2205 736 2239 Christi,
753 2207 800 2241 qui
815 2206 867 2234 ista
883 2206 960 2234 loeu-
977 2215 999 2243 ι)
1014 2212 1072 2232 ram
1088 2204 1222 2232 dicentem
1237 2202 1260 2218 '°
1274 2210 1281 2229 :
1296 2200 1331 2228 Et
1341 2209 1398 2228 ecce
1409 2207 1504 2227 currus
1520 2200 1616 2234 igneus
1630 2205 1657 2226 et
1671 2200 1734 2234 equi
1744 2199 1805 2234 ignis.

167 2258 211 2282 tus
224 2257 275 2282 est.
291 2253 343 2281 Sed
361 2261 421 2289 age,
436 2261 487 2282 nos
503 2261 590 2290 pauca
614 2254 648 2282 de
665 2255 774 2282 modica
790 2255 891 2283 virtute
903 2275 912 2288 ,
939 2255 963 2283 si

169 2305 259 2328 tamen
271 2299 313 2328 vel
328 2299 415 2335 ipsam
433 2299 578 2334 habemus,
593 2307 763 2336 exponamus
778 2301 822 2329 his
841 2301 869 2328 in
884 2301 962 2336 locis,

167 2353 195 2376 et
221 2347 340 2383 primum
365 2346 476 2383 quidem
504 2347 656 2375 secundum
682 2351 798 2375 textum.
826 2347 963 2376 Videbunt

168 2394 255 2422 oculis
268 2393 457 2429 corporalibus
473 2393 572 2421 Filium
587 2393 706 2423 hominis
718 2394 746 2422 in
762 2394 853 2429 specie
868 2395 963 2422 huma-

168 2448 202 2468 na
220 2440 371 2468 venientem
387 2448 468 2475 super
483 2440 569 2468 nubes
585 2447 728 2476 supernas,
752 2448 812 2476 qua:
830 2440 890 2468 ideo
913 2449 963 2468 nu-

168 2486 216 2515 bes
231 2487 293 2515 coeli
310 2486 449 2519 dicuntur,
465 2494 528 2515 cum
542 2486 643 2515 virtute
665 2493 692 2515 et
709 2486 797 2523 gloria
815 2486 910 2514 multa.
929 2486 962 2514 Et

166 2533 334 2562 conveniunt
348 2533 411 2561 huic
425 2534 591 2570 expositioni
603 2542 665 2570 quae
682 2534 810 2570 superius
828 2533 855 2561 in
871 2532 962 2560 Evan-

167 2579 238 2616 gelio
250 2579 379 2607 dicuntur
392 2579 445 2606 hoc
462 2579 543 2607 modo
560 2579 582 2595 “
597 2589 603 2606 :
621 2578 688 2607 Cum
709 2579 895 2614 assumpsisset
912 2577 961 2605 Je-

167 2635 212 2654 ειη
229 2626 348 2660 Petrum,
364 2631 388 2654 et
402 2626 543 2659 Joannem,
557 2631 581 2654 et
596 2625 738 2659 Iacobum,
754 2626 846 2654 eduxit
857 2634 900 2653 eos
913 2633 959 2652 su-

167 2680 212 2706 per
229 2677 343 2700 montem
354 2672 486 2699 excelsum
498 2672 588 2705 nimis,
606 2680 734 2704 seorsum,
748 2678 772 2699 et
785 2671 961 2706 transﬁgura-

169 2724 210 2746 tus
226 2724 263 2746 est
279 2727 367 2746 coram
385 2719 433 2751 eis,
451 2723 475 2744 et
488 2718 619 2751 splenduit
633 2718 712 2745 facies
723 2718 779 2752 ejus
791 2718 859 2745 sicut
872 2716 922 2749 sol,
936 2721 960 2743 et

206 2820 228 2836 "
240 2824 333 2851 Matth.
350 2832 423 2855 xxxv,
441 2824 485 2852 50.
538 2823 560 2838 ⁶⁶
573 2822 667 2849 Matth.
681 2829 749 2854 svn,
763 2821 773 2847 Ι
802 2825 828 2847 et
841 2827 917 2855 seqq;

170 2857 234 2890 lteg.
250 2867 279 2890 ιι.
299 2860 341 2887 ιι.
379 2859 401 2874 "
413 2859 485 2886 Psal.
502 2865 558 2890 ut,
572 2858 613 2884 Η.

973 2819 994 2835 ⁵⁷
1006 2816 1105 2851 Philip.
1119 2825 1148 2848 ιι,
1161 2816 1188 2843 6.
1226 2814 1249 2830 ⁸’¹
1263 2813 1342 2843 Joan.
1356 2814 1433 2849 1,56.

654 2858 674 2873 "
688 2852 779 2890 isaﬁv,
792 2856 818 2883 ϐ.
856 2852 986 2882 ⁷³Ἠιιιιιι.
1003 2861 1068 2887 xvu,
1082 2852 1107 2880 5.

1012 2251 1149 2285 Quoniam
1175 2254 1266 2278 autem
1298 2249 1426 2275 animata:
1455 2252 1482 2275 et
1516 2246 1706 2274 rationabiles
1735 2246 1805 2272 nube-5

1012 2301 1103 2329 erunt,
1119 2303 1180 2332 quae
1196 2299 1277 2323 erunt
1291 2293 1447 2322 vehiculum
1468 2293 1531 2320 Filii
1555 2292 1626 2325 Dei,
1651 2293 1805 2328 proferimus

1011 2340 1128 2375 exempli
1145 2347 1229 2368 causa
1248 2338 1321 2375 quod
1338 2338 1471 2366 dicitur“
1491 2347 1498 2365 τ
1520 2337 1554 2364 Et
1568 2339 1672 2365 ueritas
1687 2344 1732 2365 tua
1742 2345 1806 2372 usth

1014 2388 1048 2415 ad
1075 2387 1164 2414 nubes.
1191 2386 1223 2414 Et
1257 2387 1355 2414 iterum
1376 2385 1400 2400 "
1428 2393 1435 2412 :
1471 2384 1612 2411 Mandabo
1647 2385 1760 2412 nubibus
1784 2392 1805 2409 ut

1013 2434 1106 2470 pluunt
1122 2442 1201 2468 super
1222 2433 1298 2460 illum
1322 2431 1450 2467 pluviam.
1479 2430 1601 2458 Maxime
1619 2437 1717 2460 autem
1739 2439 1767 2458 ex
1783 2437 1806 2457 eo

1014 2483 1086 2518 quod
1102 2481 1203 2509 dicitur
1229 2479 1252 2495 ’³
1270 2489 1277 2506 :
1297 2478 1332 2505 Et
1348 2486 1405 2505 ecce
1430 2477 1511 2504 nubes
1528 2477 1623 2504 lucida
1651 2477 1804 2504 adumbrarit

1013 2537 1069 2561 eos,
1081 2532 1104 2554 et
1116 2534 1173 2554 ecce
1189 2532 1238 2552 vox
1255 2526 1287 2551 de
1299 2522 1365 2550 nube
1380 2523 1471 2549 dicens
1486 2529 1541 2548 non
1554 2522 1629 2556 quia
1647 2522 1737 2550 nubes
1758 2519 1804 2548 Filii

1014 2579 1073 2602 erat
1086 2572 1176 2604 Pater,
1193 2571 1251 2603 sed,
1269 2575 1298 2597 ut
1313 2570 1350 2596 ila
1365 2569 1454 2596 dicam
1469 2587 1476 2599 ,
1495 2567 1615 2594 verbum
1643 2567 1695 2596 Dei
1720 2568 1802 2595 factum

1015 2625 1057 2649 est
1069 2621 1102 2648 ad
1113 2627 1186 2650 eam,
1203 2617 1273 2645 sicut
1290 2615 1390 2644 factum
1406 2619 1449 2642 est
1462 2614 1497 2641 ad
1512 2615 1682 2650 prophetas.
1699 2614 1732 2642 Et
1749 2615 1803 2642 situt

1015 2667 1061 2702 qui
1076 2666 1152 2694 audit
1166 2665 1264 2692 Isaiam
1277 2663 1411 2690 dicentem
1423 2662 1446 2677 ⁷⁸
1465 2671 1471 2689 :
1486 2660 1577 2688 Filios
1591 2663 1673 2697 gcmti
1685 2667 1710 2689 et
1721 2661 1800 2688 enta-

1014 2713 1050 2746 υἱ,
1067 2713 1118 2747 ipsi
1139 2716 1227 2738 autem
1243 2717 1282 2737 me
1293 2714 1456 2743 sprererunt,
1468 2715 1525 2735 non
1543 2709 1662 2742 Isaiam,
1678 2709 1725 2736 sed
1735 2708 1798 2734 Deum

1475 2815 1497 2831 "
1513 2814 1620 2851 Philip.
1645 2822 1673 2849 It,
1687 2815 1714 2843 9.
1747 2809 1794 2838 ⁷⁸Ιῖ

1148 2851 1171 2868 ⁷⁸
1180 2851 1233 2879 lsa.
1249 2859 1268 2885 ι,
1281 2851 1306 2877 2.
