1839 3053
33 144 91 171 ίδῗῖ

582 137 908 166 COMMENTARIORUM
930 138 1062 167 SERIES.

1577 141 1644 168 £578

31 205 126 231 Patroni
143 201 216 229 audit
234 209 262 228 In
275 200 363 234 lsaia;
386 199 426 227 sic
449 199 495 234 qui
514 199 659 227 audiebant
675 199 709 227 de
731 199 802 227 nube
817 201 839 230 Α
855 206 916 226 nem
930 199 963 232 “,
977 200 1053 227 locus
1067 208 1093 226 ιιι
1108 208 1158 235 quo
1178 199 1306 227 Dominus
1325 208 1415 227 eorum
1435 206 1578 236 crucifixus
1595 209 1643 235 est,

31 255 114 275 vocem
131 246 274 279 dicentem,
291 245 342 272 Hic
353 249 391 272 est
408 243 495 271 Filius
512 252 584 271 meus
605 244 728 277 dilectus,
749 251 803 271 non

31 294 128 325 nubem,
142 292 185 320 sed
198 291 305 319 Patrem
319 291 345 318 in
362 298 394 318 ea
411 290 600 318 testificantem
625 290 718 324 glariie
743 289 805 316 Filii

31 339 171 366 audiebant.
189 338 217 365 Si
240 345 305 373 ergo
324 341 387 365 ante
412 337 547 372 passionis
571 335 804 371 dispensationem

31 386 83 413 talis
101 384 149 412 l'nit
162 384 248 412 nubes
260 384 435 419 prophetans,
450 383 515 418 quid
526 382 657 410 debemus
672 381 762 409 dicere
772 381 806 409 de

31 431 135 457 nubibus
149 430 209 458 εωιὶ
225 437 308 465 super
320 429 419 464 quibus
436 429 578 456 venientem
598 427 701 455 Filium
721 427 806 454 Itami-

31 477 62 503 ru's
76 476 199 504 videbunt
210 485 269 503 cum
286 477 380 502 virtute
391 480 415 502 et
430 475 515 510 gloria
531 474 616 501 multa
627 474 675 509 qui
688 473 806 501 viderint

31 529 81 549 :nm
95 521 174 548 tunc?
184 520 216 548 Et
231 521 253 548 si
266 521 376 557 quidem
386 528 416 549 ut
431 529 463 548 ne
476 524 576 548 terram
587 519 705 547 calcaret
719 518 805 545 Filius

31 566 68 593 Dei
85 566 110 593 in
126 565 312 601 Jerosolymis,
324 566 466 601 diligentes
480 573 543 593 cum
556 569 711 592 straverunt
722 563 806 592 vesti—

31 617 108 639 neuta
124 620 173 640 sua
186 613 213 639 in
228 613 282 646 via,
299 620 388 648 neque
400 611 514 639 asellum
530 611 577 647 qui
597 610 722 646 portabat
742 617 805 637 eum

31 659 137 685 volentes
154 662 254 685 terram
270 658 390 691 calcare,
415 657 481 693 quid
503 657 603 684 mirum
627 656 652 685 si
676 655 756 683 Pater
778 659 806 683 et

31 707 90 735 Deus
106 707 228 735 omnium
249 707 334 734 nubes
354 710 459 734 sternat
472 706 598 734 caelestes
617 706 669 734 sub
688 712 803 740 corpore

31 754 79 781 Filii
91 754 278 781 descendentis
292 754 324 781 ad
340 760 409 788 opus
422 751 685 780 consummationis?
701 751 733 778 Et
747 751 806 786 pri-

33 807 92 826 num
107 799 214 835 quidem
229 799 302 826 venit
313 798 393 826 Jesus
408 806 470 826 cum
485 798 585 826 virtute
601 802 629 826 et
651 798 737 833 gloria
751 805 806 833 qua

31 846 215 881 gloriﬁcaverat
228 853 290 873 eum
302 844 392 879 Pater,
406 853 437 873 ex
454 853 507 881 qua
525 845 626 872 virtute
642 844 757 872 faciebat
769 844 806 872 si-

31 900 69 926 ;na
87 897 113 920 et
127 891 250 927 prodigia
263 891 290 918 in
305 891 422 926 populo,
439 895 467 918 et
489 898 598 918 omnem
619 889 804 917 inﬁrmitatem

31 943 45 965 at
59 938 215 974 languorem
231 937 345 965 sanabat
358 946 365 971 ;
379 941 489 972 propter
500 944 581 973 quam
595 940 621 964 et
635 936 742 964 dicebat
755 936 778 952 ⁷⁵
796 945 804 964 :

31 983 112 1019 Fetigit
136 991 176 1010 me
197 983 295 1019 aliquis
309 1002 316 1015 ,
339 990 385 1017 ego
405 983 474 1009 enim
498 982 553 1009 seio
573 983 695 1009 virtutem
710 981 740 1008 de
765 990 805 1008 me

31 1028 219 1057 ‘xiiss.-.Omnis
233 1033 323 1056 autem
339 1028 384 1055 illa
414 1030 501 1057 virtus
523 1027 727 1063 comparatione
747 1027 806 1053 vir-

32 1077 81 1104 utis
95 1076 168 1104 illius
183 1076 275 1102 multa:
290 1082 352 1102 cum
366 1082 420 1110 qua
434 1074 460 1101 in
475 1073 528 1101 line
538 1078 669 1100 venturus
683 1076 734 1105 est,
747 1081 806 1100 mo-

31 1121 75 1148 lica
91 1126 158 1149 erat.
183 1120 277 1148 Virtus
296 1121 367 1148 enim
391 1124 450 1147 erat
470 1118 652 1146 exinanientis
673 1119 804 1153 scipsum.

31 1168 108 1195 i'irtus
119 1173 212 1196 autem
225 1167 270 1195 illa
281 1167 366 1194 multa
381 1166 414 1194 de
429 1173 482 1201 qua
497 1165 626 1193 scribitur
646 1174 654 1192 :
676 1164 805 1192 Videbunt

31 1213 117 1240 7ilium
130 1214 246 1240 hominis
259 1213 402 1240 venientem
416 1220 494 1248 super
506 1211 618 1238 nubibus
638 1219 695 1238 cum
711 1212 806 1238 virtute

32 1264 39 1286 ι
52 1260 136 1294 gloria
153 1259 238 1286 multa
249 1259 284 1292 ⁷⁸,
296 1259 347 1286 erit
360 1258 406 1286 Dei
418 1258 497 1286 Verbi
511 1258 558 1294 qui
573 1258 715 1286 restitutus
722 1262 764 1285 est
779 1258 804 1285 in

33 1310 114 1333 tatum
132 1313 215 1341 quem
231 1305 327 1333 habuit
341 1313 356 1333 a
379 1304 514 1340 principio
535 1304 606 1339 apud
627 1303 712 1332 Deum
731 1304 807 1340 prius

31 1359 95 1385 ‘uam
118 1352 274 1379 exrnaniret
294 1351 426 1386 scipsum.
447 1349 493 1377 Sic
508 1354 535 1377 et
556 1349 668 1377 multam
692 1349 805 1385 gloriam

31 1397 73 1432 jus
86 1398 218 1433 intellige,
242 1397 404 1432 iucipiensa
429 1396 515 1432 gloria
539 1395 629 1423 vultus
655 1395 751 1431 Moysi,
780 1400 807 1423 et

31 1444 152 1471 ransicns
166 1443 202 1471 ad
217 1442 314 1475 Eliam,
330 1442 377 1478 qui
399 1442 449 1470 visi
470 1445 534 1470 sunt
549 1441 575 1468 in
593 1441 678 1477 gloria
698 1442 807 1476 quando

31 1494 84 1517 acta
97 1495 140 1518 est
154 1489 263 1525 species
278 1489 368 1517 vultus
383 1488 444 1516 Filii
458 1488 504 1516 Dei
521 1488 614 1521 altera,
630 1493 657 1515 et
673 1492 806 1515 mutatum

855 251 964 273 voratur
973 246 1130 281 spiritaliter
1142 245 1258 273 Sodoma
1274 251 1299 273 et
1319 245 1471 281 lEgyptus,
1493 247 1550 274 sive
1573 251 1645 275 totus

856 291 985 323 mundus,
1002 291 1059 319 sive
1070 290 1295 327 Judamﬁodoma
1306 296 1332 319 ct
1343 292 1477 327 IEgyptus
1486 292 1645 328 appellatur.

856 336 907 369 Qui
923 340 1013 363 autem
1031 343 1113 371 super
1129 336 1228 364 nubem
1245 336 1328 364 levem
1345 338 1420 364 venit
1442 337 1469 365 in
1488 337 1646 373 Egyptum,

856 383 974 418 primum
998 383 1186 411 ascensionem
1209 383 1289 411 faciet
1311 383 1338 410 in
1365 383 1496 411 Judatam.
1523 384 1647 411 Rationis

856 434 899 457 est
914 429 985 456 enim
1001 430 1152 457 venientem
1168 437 1230 457 eum
1249 430 1358 464 iterum,
1375 430 1430 458 illic
1445 430 1563 465 primum
1577 430 1645 457 fieri.

858 476 977 504 Sodoma
992 481 1081 505 autem
1098 477 1143 505 ubi
1165 477 1295 505 Dominus
1320 485 1415 505 eorum
1437 478 1584 505 crucilixus
1607 483 1646 504 est

857 521 1018 556 appellatur,
1029 521 1100 549 sicut
1113 526 1140 549 et
1152 522 1299 558 aliquando
1307 523 1408 550 dictum
1422 527 1464 550 est
1476 523 1507 549 ad
1516 523 1646 558 populum

858 567 934 594 illum
949 572 975 595 et
985 568 1120 603 principes
1130 568 1190 603 ejus
1203 578 1209 596 :
1225 569 1320 596 Audite
1330 569 1434 596 verbum
1446 568 1563 602 Domini,
1573 569 1634 603 prin

858 614 926 648 cipes
941 613 1128 647 Sodomorum,
1140 615 1267 642 attendite
1279 614 1360 650 legem
1377 615 1437 646 Dei,
1451 615 1522 650 plebs
1537 614 1647 641 Gomor-

858 661 913 688 rha:
927 660 960 686 θ’.
980 659 1008 687 In
1026 661 1069 687 his
1084 661 1275 688 traditionibus
1293 661 1378 689 utitur
1392 662 1472 688 etiam
1486 661 1551 688 illud
1573 660 1645 695 quod

857 707 957 735 dicitur
969 707 992 723 ⁸³
1011 716 1018 734 :
1034 706 1177 742 Rapicntur
1193 708 1219 734 in
1244 707 1356 734 nubibus
1371 707 1454 742 870
1468 707 1570 733 ebrium
1594 705 1646 733 Do-

858 762 929 781 mino
944 754 971 780 in
987 762 1084 787 aerem,
1099 758 1124 781 et
1148 754 1186 780 sic
1200 761 1300 787 semper
1321 761 1380 780 cum
1404 752 1516 779 Domino
1537 752 1644 779 erimus.

858 799 892 827 Et
902 799 974 828 dicet
990 809 997 827 ε
1015 799 1044 827 Si
1061 799 1131 827 beati
1147 799 1272 826 homines
1287 798 1314 825 in
1327 797 1446 825 nubibus
1458 798 1597 832 rapientur
1618 797 1645 824 in

858 854 960 880 aerem,
975 846 1039 882 quid
1053 846 1154 873 mirum
1169 850 1211 872 est
1227 845 1255 872 in
1276 844 1396 872 nubibus
1416 843 1515 870 Filium
1531 843 1577 871 Dei
1601 851 1647 870 ve-

857 894 916 921 nire
926 901 988 922 cum
1005 893 1103 920 virtute
1117 895 1145 919 et
1157 891 1244 927 gloria
1255 891 1357 918 multa?
1369 890 1434 918 item
1452 890 1538 917 nubes
1549 890 1645 917 obum-

856 940 952 968 brahat
965 939 1095 974 populum
1111 938 1262 966 venientem
1279 945 1311 964 ex
1329 936 1456 972 Egypto.
1475 936 1504 963 Si
1524 937 1574 963 ista
1590 943 1648 964 crc-

857 985 969 1017 duntur,
989 984 1128 1019 quomodo
1146 990 1199 1010 non
1215 990 1384 1017 consequens
1397 986 1439 1008 est
1460 981 1576 1008 Domino
1597 987 1647 1016 po-

857 1031 911 1067 puli
927 1031 954 1058 in
970 1030 1124 1058 vehiculum
1142 1029 1200 1056 ﬁeri
1214 1028 1300 1056 nubes
1315 1027 1439 1056 cmlestes
1455 1032 1485 1055 ut
1497 1028 1589 1055 sedeat
1601 1035 1648 1054 su-

856 1086 904 1114 per
915 1077 980 1105 eas?
990 1076 1017 1104 Si
1033 1081 1123 1104 autem
1138 1075 1265 1110 recipitur
1279 1075 1345 1102 libcr
1358 1074 1403 1109 qui
1417 1073 1482 1101 dicit
1494 1083 1500 1101 :
1517 1073 1649 1106 Quoniam

856 1123 987 1159 sapientia
1004 1127 1042 1149 est
1057 1129 1115 1157 qua:
1133 1122 1204 1156 facta
1216 1125 1254 1148 est
1269 1119 1364 1155 populo
1384 1124 1445 1146 tunc
1460 1119 1583 1145 columna
1598 1127 1649 1145 nu-

857 1169 895 1197 bis
917 1170 944 1197 in
963 1170 1016 1202 die,
1038 1173 1062 1196 et
1082 1168 1191 1203 ﬂamma
1216 1167 1283 1202 ignis
1300 1167 1327 1193 in
1345 1171 1427 1197 nocte,
1452 1165 1524 1192 dicet
1549 1165 1648 1200 aliquis

858 1215 989 1251 quoniam
1006 1214 1092 1242 nubes
1107 1221 1189 1248 super
1205 1213 1305 1248 quibus
1327 1211 1457 1239 videbunt
1476 1211 1574 1238 Filium
1596 1211 1642 1238 ho-

858 1262 941 1289 minis
961 1261 1124 1293 venientem,
1147 1260 1235 1287 virtus
1259 1258 1391 1286 Altissinti
1413 1262 1454 1285 est
1477 1262 1504 1285 et
1528 1256 1647 1292 Spiritus

858 1312 979 1341 sanctus,
998 1315 1058 1343 quae
1071 1307 1135 1334 lient
1149 1306 1173 1333 ci
1186 1306 1213 1333 in
1229 1305 1348 1332 nubibus
1364 1304 1437 1337 caeli,
1455 1309 1484 1332 ut
1500 1304 1590 1331 vcniat
1612 1303 1647 1330 il-

858 1355 892 1383 lis
907 1355 1040 1382 invectus.
1053 1354 1123 1381 Cum
1136 1354 1172 1381 sit
1185 1359 1250 1388 ergo
1269 1351 1364 1379 fortior
1377 1357 1404 1378 et
1418 1359 1471 1378 non
1482 1349 1646 1385 contempti-

858 1401 921 1429 bilis
938 1401 1008 1429 ratio
1025 1401 1094 1434 bmc,
1109 1400 1156 1436 qui
1170 1399 1228 1426 vult
1242 1398 1351 1434 quidem
1367 1397 1517 1426 secundum
1541 1401 1648 1424 utrum-

858 1454 912 1482 que
926 1446 1038 1474 modum
1057 1445 1196 1481 suscipere
1214 1452 1274 1479 qua:
1286 1443 1424 1477 dicuntur,
1445 1450 1499 1470 non
1519 1442 1651 1477 reproba-

858 1493 917 1526 bit',
937 1497 965 1521 et
982 1492 1004 1520 si
1018 1492 1116 1520 dixerit
1130 1492 1192 1526 quis
1212 1489 1394 1525 intelligibiles
1408 1489 1494 1516 nubes
1507 1488 1534 1515 in
1548 1487 1647 1524 quibus

31 1541 55 1563 st
69 1537 277 1564 vestimentum.
294 1535 447 1570 lntelligens
463 1539 553 1562 autem
568 1534 649 1561 etiam
672 1534 744 1569 quod
765 1535 780 1562 d

895 1539 949 1567 niet
965 1538 1051 1566 Filius
1064 1538 1194 1571 hominis,
1210 1537 1267 1565 sive
1281 1541 1390 1564 sanctas
1404 1539 1431 1563 et
1444 1535 1550 1563 divinas
1565 1535 1648 1562 virtu-

31 1582 83 1610 itur
97 1583 120 1598 ⁷⁷
134 1592 141 1610 :
159 1582 191 1610 Si
204 1582 272 1609 enim
285 1581 354 1617 quod
369 1585 520 1613 evacuatur,
530 1588 576 1615 per
589 1579 711 1616 gloriam,
724 1580 808 1607 multo

31 1630 96 1666 mgis
113 1629 185 1665 quod
202 1633 301 1662 manet,
316 1628 344 1655 in
366 1627 463 1663 gloria,
479 1626 583 1655 videbis
603 1626 717 1654 multam
734 1627 806 1654 illam

31 1674 127 1702 loriam
142 1675 218 1709 Filii,
231 1675 264 1702 de
281 1682 334 1710 qua
350 1674 481 1709 scripturn
503 1677 562 1705 est,
583 1681 643 1699 cum
669 1674 764 1700 virtute
783 1677 806 1700 et

31 1720 98 1748 loria
113 1721 214 1748 multa.
231 1720 327 1748 Adhuc
341 1724 432 1747 autem
452 1719 539 1754 magis
551 1718 685 1754 intelliges
696 1718 730 1746 de
754 1727 807 1754 qua

31 1767 135 1801 lquitur
147 1771 252 1798 textus,
263 1765 399 1800 accipiens
412 1765 445 1793 de
457 1765 573 1792 Actuum
587 1764 724 1792 volurniue
734 1765 808 1800 quod

31 1813 102 1840 ilitcr
118 1813 204 1840 habet
216 1812 239 1828 ⁷³
255 1821 262 1840 :
276 1811 309 1838 Et
322 1812 444 1839 cum/two
452 1811 576 1845 dixisset,
590 1810 737 1838 uidentibus
753 1811 808 1839 illis

31 1863 126 1887 ‘evatus
141 1864 195 1891 est,
210 1863 234 1885 et
249 1857 328 1885 nubes
343 1858 457 1892 suscepit
472 1865 531 1884 eum
547 1857 579 1884 ab
603 1857 686 1884 oculis
706 1865 806 1885 eorum.

31 1905 44 1931 ἰ
58 1913 118 1932 cum
133 1903 300 1931 intenderent
316 1903 342 1930 in
356 1903 449 1930 cwlum
463 1907 540 1930 eunte
553 1902 612 1937 illo,
622 1911 680 1930 ecce
694 1903 747 1931 duo
759 1904 808 1931 uiri

34 1956 140 1979 eterunt
154 1951 184 1978 in
195 1954 264 1978 veste
277 1949 350 1982 alba,
364 1949 409 1984 qui
422 1953 445 1976 et
458 1948 582 1976 dixerunt
596 1956 604 1976 :
621 1948 677 1976 Viri
689 1949 807 1984 Galilwi,

31 1998 71 2025 uid
83 1998 169 2026 statis
187 1996 343 2032 aspicientes
355 1995 384 2022 in
401 1994 514 2023 coelum?
528 1994 581 2022 Hic
596 1995 674 2023 Iesus
697 1996 742 2032 qui
764 2005 808 2023 as-

31 2050 133 2079 tmptus
152 2048 195 2072 est
211 2051 227 2069 α
243 2041 312 2069 vobis
325 2041 350 2068 in
365 2041 469 2075 malum,
485 2041 523 2069 sic
536 2041 618 2069 veniet
636 2043 807 2077 quemadmo—

31 2099 70 2118 um
82 2091 194 2118 vidistis
212 2097 271 2117 eum
287 2094 391 2116 euntem
410 2089 438 2115 in
455 2087 559 2115 mlum.
574 2087 603 2115 Si
623 2088 696 2115 enim
720 2088 808 2116 credi-

35 2146 68 2166 us
86 2137 151 2165 istis
169 2136 273 2172 quibus
286 2135 373 2162 nubes
393 2134 492 2162 dicitur
513 2142 575 2162 cum
593 2134 762 2170 suscepisse,
782 2140 808 2163 et

31 2184 159 2212 istulissc
173 2183 205 2210 in
223 2182 333 2215 coelum,
349 2181 487 2216 quomodo
505 2188 560 2208 non
575 2181 725 2209 secundum
748 2185 808 2209 tex-

36 2238 62 2257 m
78 2230 178 2258 veniet
194 2228 229 2256 de
245 2228 325 2260 ccelo,
345 2229 417 2256 sicut
434 2227 559 2254 viderunt
574 2235 637 2255 eum
653 2233 762 2256 euntem
781 2229 806 2255 in

31 2277 108 2304 clum
125 2274 261 2310 discipuli
288 2274 368 2308 ejus?
390 2273 423 2301 Et
443 2273 471 2300 in
491 2273 665 2301 Revelatione
684 2273 807 2308 Joannes

31 2321 136 2348 militet-
147 2319 220 2347 dicit
230 2318 254 2334 τ’
269 2327 276 2345 :
291 2317 357 2344 Ecce
372 2318 453 2344 ueniet
467 2326 526 2344 cum
539 2317 659 2352 nubibus,
673 2323 697 2345 et
711 2319 807 2346 videbit

36 2376 62 2394 ιιι
79 2367 174 2394 omnis
189 2364 295 2396 oculus,
307 2369 331 2391 et
345 2363 389 2398 qui
403 2371 461 2391 enm
484 2368 658 2398 pttpugeruut.
675 2363 809 2400 lntelligat

31 2419 96 2442 item
114 2413 167 2449 qui
184 2415 285 2447 potest,
302 2416 392 2438 utrum
407 2410 434 2437 id
449 2410 538 2445 ipsum
556 2415 598 2438 est
619 2419 701 2446 super
722 2412 809 2440 nubes

31 2461 65 2488 eli
82 2459 188 2487 venire
205 2465 280 2490 eum,
296 2461 398 2484 etcum
415 2456 534 2484 nubibus
547 2464 610 2484 eum
628 2457 741 2491 venire;
762 2462 810 2486 aut

31 2507 62 2534 ia:
73 2505 199 2542 quidem
217 2507 281 2530 sunt
294 2503 379 2530 nubes
391 2510 471 2537 super
487 2510 556 2537 quas
569 2503 666 2535 veniet,
683 2503 743 2531 alia:
761 2511 810 2531 au-

31 2561 54 2580 m
71 2559 141 2580 cum
155 2549 262 2586 quibus
276 2548 383 2576 veniet?
397 2548 545 2576 Considera
561 2553 650 2576 autem
664 2549 690 2576 in
705 2549 810 2577 visione

31 2599 137 2635 igyptia
156 2596 260 2625 Isaiam
278 2596 412 2624 dicentem
433 2596 457 2611 ⁸ο
473 2605 479 2623 :
501 2595 568 2622 Ecce
593 2595 718 2622 Dominus
737 2596 808 2623 sedet

31 2653 80 2679 per
98 2642 207 2671 nubem
223 2641 320 2674 levem,
337 2646 362 2668 et
380 2641 462 2668 veniet
487 2641 514 2668 in
535 2640 690 2676 aligyptum.
711 2640 807 2669 Utrum

34 2695 158 2727 gyptum
178 2687 249 2716 dicit
263 2687 335 2714 hanc
349 2695 410 2722 qua:
431 2687 612 2714 communiter
637 2687 808 2723 intelligitur,

49 2742 148 2764 totum
176 2734 320 2762 mundum.
349 2732 504 2761 Secundum
526 2733 598 2760 enim
624 2734 711 2768 ipsum
725 2733 810 2762 Joan-

31 2843 54 2857 "
69 2839 146 2868 Luc.
163 2844 230 2870 vut,
243 2837 288 2864 46.
341 2837 364 2852 "
374 2836 472 2864 Matth.
488 2844 562 2866 xxrv,
577 2835 620 2863 50.

31 2878 123 2910 Apoc.
143 2881 186 2902 tu.
205 2874 231 2900 8.
269 2873 291 2888 "'
305 2870 355 2899 Isa.
372 2879 391 2904 r,
408 2871 450 2898 10.
488 2871 532 2898 ⁸³1
549 2871 644 2899 Thess.
661 2878 697 2904 tv,
711 2871 753 2897 16.

677 2835 698 2850 ⁷⁷
710 2833 732 2861 Π
742 2834 805 2862 Cor.
822 2843 861 2866 Ill,
875 2835 919 2861 Η.

793 2870 816 2886 "
826 2869 921 2896 Matth.
939 2877 1012 2903 xxtv,
1027 2869 1071 2896 51.

859 1591 911 1621 tes,
928 1586 985 1614 sive
995 1585 1168 1613 beatissimos
1183 1584 1340 1619 prophetas.
1354 1581 1387 1609 Et
1397 1582 1480 1616 dicet,
1493 1581 1538 1617 qui
1554 1589 1651 1609 secun-

858 1632 923 1660 dum
940 1636 966 1659 et
983 1631 1132 1667 gloriosum
1153 1629 1235 1657 Verbi
1249 1628 1394 1657 adventum
1413 1627 1534 1655 futurum
1560 1626 1650 1655 homi-

859 1679 939 1706 nibus
953 1678 980 1705 in
995 1677 1259 1705 consummationem
1277 1675 1369 1703 saeculi
1382 1674 1522 1702 moraliter
1537 1673 1649 1701 conﬁte-

859 1729 913 1757 tur,
930 1724 1001 1752 sicut
1014 1731 1097 1758 supra
1111 1722 1231 1750 diximus
1243 1722 1383 1753 traditum,
1399 1721 1446 1748 sed
1462 1728 1516 1747 non
1530 1720 1650 1748 destruet

858 1771 940 1799 etiam
963 1774 1076 1798 textum.
1097 1768 1150 1802 Qui
1167 1772 1258 1795 autem
1286 1767 1433 1802 dispiciens
1453 1766 1602 1802 gloriosum
1622 1770 1650 1794 et

858 1808 1046 1845 admirabilem
1061 1818 1164 1842 textum
1179 1814 1241 1846 loci,
1255 1818 1282 1840 et
1294 1813 1364 1841 sicut
1377 1812 1422 1840 Dei
1434 1813 1575 1840 amicusin
1590 1813 1648 1840 solo

859 1862 974 1898 spiritali
992 1865 1070 1897 putat
1082 1861 1234 1888 consistere
1247 1867 1352 1892 verum,
1367 1858 1562 1894 ignoscendum
1587 1866 1649 1886 esse

859 1910 930 1938 dicet
945 1907 1024 1943 quasi
1044 1905 1136 1942 pueris
1161 1911 1189 1932 et
1206 1904 1327 1940 parvulis
1350 1904 1376 1931 in
1399 1903 1508 1931 Christo
1533 1903 1575 1931 eis
1601 1904 1648 1938 qui

859 1952 1036 1988 corporaliter
1050 1949 1203 1985 suscipiunt
1216 1949 1277 1977 ista.
1292 1948 1361 1975 Cum
1378 1948 1463 1976 multa
1484 1952 1575 1976 autem
1592 1949 1650 1976 vir-

861 2004 916 2026 tute
933 1998 1006 2026 venit
1020 1996 1142 2032 quotidie
1155 1996 1189 2023 ad
1204 1995 1325 2023 animam
1339 1995 1429 2023 omnis
1450 1995 1585 2022 credentis
1605 2003 1650 2023 sc-

859 2045 965 2073 cuudus
980 2043 1060 2071 Verbi
1080 2043 1212 2070 adventus
1229 2041 1257 2068 in
1279 2041 1397 2069 nubibus
1414 2041 1580 2076 propheticis
1591 2062 1600 2075 ,
1623 2042 1649 2070 id

859 2095 901 2119 est
914 2090 942 2117 in
960 2089 1109 2125 Scripturis
1124 2088 1317 2124 prophetarum
1333 2092 1358 2115 et
1374 2087 1571 2122 apostolorum,
1588 2095 1651 2123 quae

859 2136 1035 2164 manifestam
1046 2143 1108 2162 eum
1121 2155 1129 2168 ,
1150 2138 1177 2162 et
1195 2134 1222 2161 in
1239 2133 1367 2161 omnibus
1387 2133 1477 2161 verbis
1496 2133 1554 2161 suis
1576 2133 1649 2161 veri-

859 2183 924 2210 tatis
947 2182 1039 2209 lumen
1068 2180 1236 2212 ostendunt,
1260 2184 1287 2206 et
1306 2180 1474 2207 exorientem
1496 2187 1558 2207 eum
1582 2180 1652 2207 divi-

860 2229 903 2256 nis
918 2232 945 2256 et
962 2235 1043 2263 super
1064 2227 1213 2254 humanam
1238 2229 1363 2253 naturam
1391 2225 1573 2254 intellectibus
1593 2227 1651 2255 suis

860 2275 1010 2302 declarant.
1029 2273 1075 2301 Sic
1091 2278 1181 2301 autern
1195 2273 1235 2300 cis
1249 2272 1296 2307 qui
1315 2272 1469 2308 intelligunt
1491 2273 1652 2300 manifesta-

861 2327 947 2349 torem
962 2321 1119 2356 dogmatum
1137 2320 1164 2346 in
1180 2318 1320 2355 prophetis
1335 2324 1416 2354 atque
1429 2319 1560 2353 apostolis
1583 2318 1652 2346 dici-

860 2375 922 2396 mus
935 2375 1066 2403 apparere
1078 2366 1157 2394 etiaxn
1172 2365 1284 2400 gloriam
1301 2364 1426 2396 multam,
1437 2371 1497 2399 qua:
1512 2363 1538 2390 in
1554 2371 1652 2391 Secun-

859 2415 894 2442 do
911 2413 991 2441 Verbi
1005 2413 1120 2439 adventu
1138 2411 1254 2439 videtur.

895 2460 939 2487 51.
955 2459 988 2486 Et
1002 2457 1202 2493 mittet-angelos
1214 2465 1275 2484 suos
1287 2465 1345 2483 cum
1359 2455 1422 2482 tuba
1433 2464 1538 2490 magna,
1552 2460 1575 2482 et
1589 2463 1651 2482 con-

861 2506 1004 2542 gregabunt
1028 2505 1122 2532 electos
1139 2504 1195 2538 ejus
1210 2512 1227 2530 α
1247 2508 1362 2538 quatuor
1377 2502 1458 2529 uentis
1470 2522 1477 2534 ,
1504 2510 1520 2528 α
1541 2501 1651 2528 summis

861 2554 983 2580 cwlorum
1000 2559 1079 2587 usque
1094 2550 1128 2577 ad
1142 2549 1264 2577 terminos
1280 2556 1370 2576 eorum
1380 2548 1413 2574 ".
1433 2548 1564 2575 Similiter
1580 2546 1650 2582 apud

863 2599 984 2626 Marcum
1008 2599 1059 2625 hoc
1079 2597 1145 2624 dicit
1169 2595 1250 2623 modo
1272 2603 1279 2622 :
1300 2593 1334 2620 Et
1354 2599 1417 2621 tunc
1436 2594 1521 2620 mittet
1545 2593 1651 2628 angelos

863 2652 935 2677 suos,
960 2648 984 2670 et
1009 2640 1205 2677 congrrgubunt
1230 2639 1324 2667 electos
1345 2647 1361 2665 a
1381 2642 1496 2674 quatuor
1517 2638 1610 2670 ventis,
1634 2645 1651 2664 a

863 2697 966 2717 summo
979 2694 1058 2715 terra:
1077 2695 1158 2723 usque
1178 2687 1212 2714 ad
1226 2694 1357 2713 summum
1369 2685 1426 2712 cwli
1439 2684 1472 2712 ³⁵.
1494 2683 1570 2717 Quod
1586 2684 1650 2711 dicit

866 2734 1035 2762 Salvatorem
1054 2734 1161 2761 mittere
1179 2732 1290 2768 angelos
1304 2738 1370 2760 suos
1385 2738 1447 2758 cum
1465 2730 1528 2757 tuba
1542 2737 1650 2764 magna,

957 2834 980 2851 ’⁸
993 2834 1053 2861 Act.
1071 2843 1091 2867 ι,
1105 2834 1181 2861 9έΗ.
1220 2835 1242 2851 ⁷³
1253 2834 1339 2869 Apoc.
1355 2843 1374 2868 ι,
1390 2838 1417 2863 ’1.
1455 2835 1478 2852 ⁶⁹
1490 2835 1542 2864 lsa.
1557 2843 1613 2869 xu,
1628 2836 1636 2862 l

1111 2869 1133 2885 ⁸⁵
1146 2870 1228 2897 Marc.
1245 2878 1305 2904 xm,
1322 2869 1366 2897 27.
