1839 3053
187 111 260 138 1679

774 109 935 138 ORIGENIS
954 110 987 138 ΙΝ
1007 110 1214 140 ΜΑΤΤΗΑΞΗΜ

1751 115 1796 142 iii)

192 175 362 205 quaecunque
379 173 420 195 est
438 168 496 200 illa,
512 167 544 195 ad
561 167 766 203 congregandos
785 167 886 194 electos
908 167 978 202 ejus,
995 169 1017 198 Α
1032 167 1072 202 gis
1100 171 1191 194 autem
1227 166 1387 203 sapientiam
1419 167 1512 203 ipsum
1536 167 1644 195 Filium
1674 168 1718 196 Dei
1731 189 1738 199 ,
1757 178 1798 197 cum

192 219 390 249 consequenter
406 214 506 241 dicitur
525 214 575 246 cis,
593 222 654 248 quin
672 213 699 240 iu
715 213 844 248 parabola
862 213 915 240 alia
932 220 976 240 rc-

192 259 316 288 feruntur
334 260 367 287 de
384 260 534 287 seminibus
554 264 579 286 et
594 259 725 291 zizaniis;
750 263 777 286 et
795 259 976 293 interpretans

192 306 352 341 parabolam
376 305 415 332 sic
431 305 551 332 dicit":
577 305 706 339 quoniam
736 305 828 332 messis
853 312 976 331 consum-

193 353 274 378 matio
294 357 342 383 est,
367 359 491 378 messores
517 351 603 386 angeli
622 355 694 378 sunt.
725 350 799 378 Sicut
820 359 880 386 ergo
902 350 978 377 colli-

191 403 290 432 quntur
310 398 426 428 zizania,
448 401 472 424 et
487 397 540 432 igni
562 401 724 430 cremantur,
744 397 782 423 sic
794 397 844 423 erit
867 397 894 423 in
912 405 977 424 ton-

190 443 364 470 cummatione
384 443 485 468 steculi.
514 442 602 469 Mitte!
626 441 716 469 Filius
739 442 851 469 hominis
871 442 977 477 angelos

191 497 272 520 suos,
294 492 318 514 et
338 487 461 523 colligant
484 487 515 514 de
539 496 617 523 regno
639 488 696 522 ejus
723 488 812 515 omnia
837 488 976 521 scandala,

189 540 213 560 et
229 541 272 560 eos
288 533 332 567 qui
348 533 450 567 faciunt
471 533 650 568 iniquitatem,
675 538 700 561 et
718 535 805 561 mittet
822 542 865 561 eos
887 535 913 561 in
933 543 978 560 ea-

190 579 290 604 miuum
307 579 374 612 ignis
390 586 399 604 :
422 578 478 604 illic
498 578 547 604 erit
568 579 662 612 ﬂetus,
683 583 707 605 ct
727 579 828 606 stridor
847 579 975 605 dentium.

191 622 263 649 Tum:
279 623 350 657 justi
368 622 504 658 fulgebunt
523 624 590 649 sicut
613 624 652 650 sol
670 624 696 650 in
718 632 796 659 regno
816 623 905 650 Putris
924 624 974 650 sui.

189 667 253 695 Tale
273 673 298 695 ct
315 668 416 703 aliquid
434 669 500 696 dicit
520 669 545 695 in
562 670 692 704 parabula
714 677 821 704 sagenze
840 670 930 697 missae
948 670 976 696 in

188 722 262 740 mare
275 714 306 740 '".
326 713 396 749 Ergo
413 722 552 742 messores
576 715 663 750 angeli
682 715 826 743 mittuntur
849 723 864 742 a
883 715 977 742 Salva-

189 764 245 786 Iore
260 759 417 794 colligentes
432 761 559 788 universa
574 761 689 794 zizania,
705 767 733 788 ut
747 767 808 797 post
821 762 877 789 haec
889 763 976 790 sancti

189 803 308 837 fulgeant
332 805 403 832 sicut
425 805 466 832 sol
492 806 518 832 iu
542 814 625 841 regno
643 805 732 834 Patris
756 807 810 840 sui,
835 812 864 834 ut
884 812 976 842 postea

189 854 391 885 congregantur
423 850 503 878 electi
532 859 547 878 a
569 856 686 886 quatuor
713 853 809 886 ventis,
831 860 845 879 a
864 853 978 880 summis

188 895 319 922 coriorum
348 904 435 931 usque
463 897 496 924 ad
523 898 652 925 terminos
686 905 791 925 eorum.
828 898 976 926 Considera

189 943 291 972 utrum,
307 939 377 967 sicut
390 941 536 975 opinantur
550 943 740 977 simpliciores,
751 951 798 971 eos
811 948 915 971 tantum
931 945 976 979 qui

187 989 252 1014 tunc
269 987 369 1014 inventi
387 987 489 1014 fuerint
506 987 532 1014 in
548 996 674 1023 corpore,
693 991 914 1026 congregandos;
931 997 978 1019 aut

187 1036 260 1059 certe
276 1039 372 1059 omnes
386 1033 432 1067 qui
453 1033 480 1059 in
496 1033 551 1061 Deo
564 1033 645 1062 Patre
664 1035 756 1062 dilecti
775 1040 850 1070 sunt,
872 1041 898 1064 et
912 1036 976 1065 Jesu

187 1077 297 1105 Christo
325 1084 388 1106 sunt
413 1081 585 1114 conservati;
606 1085 633 1108 et
656 1081 717 1109 vide
736 1082 789 1109 nisi
815 1083 911 1110 melius
935 1088 977 1111 est

186 1124 297 1158 dicere,
341 1126 544 1161 congregandos
580 1134 641 1154 esse
667 1127 701 1155 ab
736 1128 838 1162 angelis
875 1129 976 1156 Christi

187 1178 282 1198 oumes
296 1171 330 1198 ab
344 1172 464 1199 adventu
479 1172 581 1200 Christi
604 1181 690 1209 usque
710 1174 743 1202 ad
759 1175 975 1203 consummatio-

186 1225 247 1244 nem
264 1222 374 1245 vocatos
391 1223 474 1253 atque
489 1219 601 1247 electos.
620 1220 732 1253 Quaeres
747 1226 837 1248 autem
854 1222 877 1249 si
893 1222 974 1249 etiam

185 1271 233 1291 eos
257 1264 302 1298 qui
328 1264 438 1292 fuerunt
465 1273 480 1292 a
506 1266 702 1294 constitutione
727 1267 820 1294 mundi
842 1276 926 1302 usque
942 1268 975 1295 ad

185 1309 334 1337 adventum
349 1318 355 1336 :
370 1311 393 1338 si
412 1315 502 1338 tamen
517 1311 595 1339 electi
609 1311 709 1340 Christi
734 1321 788 1341 non
805 1314 893 1341 solum
913 1319 976 1342 sunt

186 1354 224 1382 illi
240 1355 286 1390 qui
303 1363 335 1383 ex
348 1356 465 1384 adventu
481 1357 540 1392 ejus
564 1363 627 1385 sunt
643 1359 744 1391 sancti,
770 1359 841 1387 sicut
865 1360 975 1394 quidam

185 1401 309 1436 magistri
329 1402 463 1430 hmrcsum
481 1403 585 1436 dicunt,
607 1403 653 1431 sed
671 1412 765 1431 omnes
780 1405 827 1439 qui
844 1413 859 1432 a
875 1405 976 1432 consti-

186 1447 291 1474 tutione
316 1448 411 1475 mundi
438 1448 557 1482 fuerunt,
580 1450 627 1484 qui
648 1450 775 1477 viderunt
799 1451 870 1479 sicut
885 1451 973 1479 Abra-

186 1493 249 1521 ham
263 1493 365 1522 Christi
386 1494 467 1527 diem,
487 1499 513 1522 et
532 1495 624 1522 divina
647 1496 831 1524 exsultatione
854 1497 974 1525 exsulta-
987 1508 1009 1537 ο

187 1546 285 1568 verunt
309 1541 336 1567 in
352 1549 424 1568 eum.
453 1540 481 1568 Si
500 1546 590 1568 autem
612 1549 665 1569 non
683 1546 799 1575 tantum,
815 1543 887 1571 sicut
907 1544 973 1571 sim-

186 1585 269 1620 plices
287 1586 464 1619 arbitrantur,
482 1593 528 1614 eos
542 1587 588 1622 qui
608 1587 784 1615 inveniuntur
803 1589 829 1615 in
846 1596 972 1624 corpore,

186 1631 378 1666 congregaturi
403 1636 467 1659 sunt
489 1633 594 1668 angeli,
618 1633 665 1661 sed
687 1641 782 1662 omnes
800 1634 902 1663 Christi
918 1636 974 1664 ele-

185 1681 254 1709 ctos,
271 1678 445 1705 considerare
460 1682 502 1706 est
515 1678 626 1714 dignum
639 1679 703 1714 quid
715 1679 817 1708 interea
828 1680 971 1714 facientes,

185 1727 234 1749 aut
246 1723 272 1749 in
288 1730 343 1758 quo
355 1723 416 1750 loco
427 1729 629 1752 commorantes
642 1726 846 1761 congregabunt
860 1727 969 1755 electos.

183 1766 319 1800 Quoniam
345 1774 435 1796 autem
461 1777 514 1797 non
535 1774 640 1797 tantum
663 1770 724 1798 illos
743 1771 790 1806 qui
812 1771 838 1799 in
857 1780 972 1808 corpore

183 1814 284 1842 fuerint
298 1815 489 1850 comprehensi
505 1816 570 1843 dicit
585 1817 789 1851 congregandos
802 1817 902 1845 Christi
917 1818 971 1846 ele-

181 1865 252 1892 ctos,
283 1861 331 1888 sed
364 1861 445 1888 etiam
480 1861 540 1888 illos
570 1861 616 1896 qui
647 1862 680 1889 de
709 1862 872 1897 corporibus
907 1868 971 1891 sunt

181 1906 296 1941 egressi,
330 1906 488 1934 manifestat
517 1915 609 1935 sermo
639 1907 732 1935 dicens
765 1909 970 1944 congregandos

182 1952 283 1979 electos
309 1959 364 1979 non
388 1953 477 1980 solum
503 1960 519 1980 a
542 1957 661 1988 quatuor
683 1953 790 1986 ventis,
815 1954 862 1981 sed
887 1954 968 1981 etiam

182 2005 198 2024 a
222 1998 339 2024 summis
369 1998 500 2025 caelorum
531 2005 618 2032 usque
647 1997 680 2025 ad
707 1998 839 2026 terminos
863 2006 967 2026 eorum.

182 2042 287 2069 Nemini
316 2048 406 2070 autem
434 2051 516 2078 super
547 2048 646 2070 terram
679 2044 798 2071 arbitror
824 2045 969 2073 convenire

182 2089 254 2123 quod
271 2089 319 2122 ait,
336 2094 366 2115 ut
381 2093 578 2124 congregemur
592 2097 606 2116 a
620 2090 736 2118 summis
755 2090 899 2124 caelorum,
915 2091 968 2118 nisi

182 2132 253 2160 forte
267 2140 315 2160 eos
329 2133 375 2167 qui
397 2133 468 2160 inter
481 2134 605 2161 homines
627 2134 737 2161 interim
766 2135 836 2169 apud
856 2136 966 2171 angelos

1031 213 1135 239 venerit
1149 212 1221 247 quod
1233 220 1294 239 vere
1309 212 1459 247 perfectum
1477 218 1534 241 est.
1551 214 1588 241 Et
1602 219 1724 248 quatuor
1735 220 1803 242 ventos

1029 266 1062 286 ex
1088 258 1189 293 quibus
1215 258 1292 286 electi
1317 258 1419 286 Christi
1443 260 1713 295 congregahuntur,
1733 261 1804 288 inulli-

1029 304 1120 339 gimus
1150 308 1320 339 quaerentes,
1353 312 1472 340 quorum
1498 306 1651 332 bonorum
1685 305 1804 334 futurorum

1030 350 1182 378 habuerunt
1204 351 1328 377 umbram
1353 358 1413 385 quae
1432 351 1459 377 in
1483 350 1626 379 Numeris
1643 352 1669 367 ⁸⁸
1692 357 1747 379 sunt
1763 361 1808 380 con-

1029 395 1129 429 scripta
1151 394 1184 422 de
1207 402 1368 429 unaquaque
1389 395 1460 422 tribu
1478 396 1610 423 ﬁliorum
1639 395 1732 424 lsrael.
1753 396 1808 424 Unde

1028 440 1133 475 primus
1152 439 1202 467 fuit
1217 441 1284 467 ordo
1299 445 1451 469 castrorum
1467 440 1540 468 Juda
1559 449 1633 469 cum
1648 443 1745 471 virtute
1759 443 1808 478 ipso

1029 493 1106 519 rum,
1140 486 1309 514 constituens
1341 486 1374 513 ad
1400 486 1535 514 orientem
1553 507 1562 521 ,
1595 492 1628 515 et
1659 495 1721 515 cum
1740 489 1775 516 bis
1788 496 1811 515 ex

1028 536 1143 565 utraque
1163 536 1239 565 parte
1260 530 1384 558 Issachar
1402 536 1429 558 et
1440 531 1586 559 Zabulon.
1614 532 1654 560 Et
1679 533 1810 561 adAiricnm

1027 577 1108 612 871
1135 577 1221 605 tribus
1246 576 1351 610 Ruben,
1373 581 1401 605 et
1420 585 1454 605 ex
1475 583 1603 613 utraque
1621 584 1705 613 parte
1718 579 1811 609 Simeon.

1028 626 1054 648 et
1071 621 1145 655 Gad;
1173 627 1200 650 et
1215 622 1302 649 tribus
1316 622 1432 657 Ephrem
1455 623 1622 651 secundum
1656 633 1740 658 mare,
1754 631 1775 652 et
1789 634 1811 652 ex

1029 672 1144 702 utraque
1163 672 1238 702 parte
1252 667 1393 702 Bcnjamin
1412 671 1439 695 et
1453 666 1591 696 Manasse
1613 670 1771 697 novissima.
1791 671 1811 697 Et

1029 712 1115 739 tribus
1122 711 1178 739 Dan
1191 713 1223 740 ad
1239 713 1404 747 aquilonem,
1416 718 1443 740 et
1457 721 1490 741 ex
1502 719 1635 749 utraque
1647 721 1724 750 parte
1733 717 1787 743 Aser
1794 723 1812 743 et

1028 757 1212 792 Nephthalim.
1230 758 1353 786 Forsitan
1370 766 1435 794 ergo
1450 766 1484 786 ex
1506 764 1589 792 tunc,
1613 761 1709 788 tribus
1723 769 1811 797 egresg

1029 805 1132 832 umbra:
1153 809 1231 832 erant
1254 809 1407 832 castrorum
1432 805 1593 832 secundum
1627 807 1755 841 mysteria
1772 809 1810 834 veri

994 842 1014 869 Β
1030 849 1121 877 lsrael.
1142 849 1174 876 Et
1193 849 1262 877 sicut
1286 854 1350 877 tunc
1365 857 1399 877 ex
1414 855 1539 885 quatuor
1553 851 1655 879 ventis
1671 858 1810 887 congregata

1029 900 1093 923 sunt
1115 895 1141 922 in
1156 894 1288 928 Iudaeam,
1302 900 1328 922 et
1344 895 1371 922 in
1386 896 1581 923 hereditatem
1597 905 1653 932 per
1669 897 1756 925 Jesum
1768 905 1810 933 post

1028 940 1137 976 Moysen
1152 941 1326 976 paedagogum
1344 946 1371 968 et
1386 947 1606 976 procuratorem
1632 944 1768 977 institutae,
1783 946 1809 971 sic

1028 994 1042 1013 a
1059 991 1176 1020 quatuor
1200 987 1289 1014 ventis
1307 987 1396 1022 angeli
1421 988 1643 1023 congregahuut
1670 989 1764 1017 electos
1781 998 1810 1016 :a

1028 1032 1116 1059 ventis
1131 1037 1220 1060 autem
1242 1040 1294 1059 non
1311 1033 1437 1066 terrenis,
1458 1041 1473 1060 a
1490 1035 1618 1061 summis
1635 1036 1763 1062 ccelorum
1776 1043 1810 1062 us-

1027 1086 1080 1113 que
1096 1079 1129 1105 att
1146 1079 1276 1106 terminos
1296 1086 1403 1113 eorum,
1419 1084 1449 1106 ut
1463 1080 1499 1106 ab
1513 1079 1582 1108 Jesu
1607 1086 1710 1109 nostro
1721 1090 1811 1117 congre

1027 1125 1081 1160 gati
1104 1125 1254 1160 percipiant
1287 1126 1408 1153 divinam
1440 1130 1467 1154 et
1492 1134 1592 1154 veram
1633 1128 1810 1155 haereditatrm.

1025 1170 1103 1205 Apud
1120 1170 1276 1198 Matthaeum
1290 1179 1356 1207 ergo
1371 1172 1418 1207 qui
1432 1178 1648 1208 congregantur
1662 1175 1759 1202 Christi
1771 1174 1811 1201 ele-

1026 1217 1072 1250 cti,
1089 1225 1121 1244 ex
1137 1222 1254 1252 quatuor
1266 1217 1354 1245 ventis
1369 1223 1590 1253 congregantur,
1601 1227 1618 1246 a
1639 1221 1757 1248 summis
1769 1227 1811 1247 rte

1026 1261 1114 1289 lorum
1138 1269 1224 1297 usque
1246 1261 1279 1288 ad
1304 1262 1435 1290 terminos
1457 1270 1568 1290 eorum.
1597 1264 1685 1298 Apud
1709 1264 1809 1292 Marcum

1026 1299 1127 1340 autem,
1145 1316 1159 1335 a
1174 1312 1291 1343 quatuor
1305 1309 1403 1340 ventis,
1425 1316 1441 1336 a
1459 1317 1571 1337 summo
1590 1314 1678 1338 terra;
1694 1319 1775 1346 usque
1787 1312 1810 1337 al

1027 1362 1165 1382 summum
1180 1354 1259 1388 coeli;
1277 1359 1370 1388 postea
1393 1359 1484 1382 autem
1511 1363 1527 1382 a
1551 1357 1682 1384 summis
1698 1358 1810 1385 cartorum

1026 1407 1112 1434 usque
1130 1400 1162 1427 ad
1179 1399 1310 1427 terminos
1324 1407 1430 1427 eorum.
1451 1399 1596 1433 intelliges
1610 1406 1709 1429 autem
1723 1410 1766 1430 eos
1777 1403 1811 1436 qui

1026 1448 1226 1478 congregantur
1249 1451 1264 1470 a
1278 1451 1387 1471 summo
1405 1448 1495 1477 terrae,
1509 1446 1702 1474 considerans
1716 1455 1812 1474 conver-

1026 1488 1159 1516 sationem
1173 1496 1268 1516 eorum
1284 1489 1330 1524 qui
1346 1489 1456 1517 fuerunt
1469 1490 1497 1516 in
1515 1491 1614 1524 terris,
1631 1497 1660 1519 et
1677 1493 1812 1520 secundum

1025 1534 1096 1569 quod
1106 1534 1236 1569 possibile
1249 1538 1290 1561 est
1302 1533 1498 1569 perfectionem
1511 1543 1614 1563 eorum
1627 1537 1680 1572 qui
1692 1542 1812 1565 sunteou-

1023 1580 1123 1607 versati
1139 1579 1166 1606 in
1179 1580 1267 1607 terris.
1281 1579 1383 1607 Omnes
1396 1588 1461 1615 ergo
1472 1581 1520 1615 qui
1538 1589 1626 1616 super
1642 1587 1747 1610 terram
1759 1583 1813 1610 bene

1023 1625 1171 1658 vixerunt,
1197 1632 1252 1651 non
1277 1624 1436 1659 simpliciter
1458 1632 1675 1662 congregantur
1702 1636 1718 1655 a
1740 1633 1812 1659 terra.

1023 1671 1070 1699 sed
1091 1678 1106 1697 a
1119 1677 1228 1698 summo
1253 1674 1342 1704 terrae,
1358 1675 1465 1705 utputa,
1485 1679 1628 1700 asumma
1654 1681 1812 1701 conversan-

1023 1717 1089 1744 tium
1111 1724 1193 1752 super
1213 1720 1324 1744 terram.
1343 1715 1372 1743 Si
1389 1722 1480 1744 autem
1503 1722 1566 1752 post
1594 1726 1740 1746 summam
1759 1727 1813 1747 cou-

1022 1763 1186 1790 versationis
1199 1770 1260 1798 qua:
1268 1762 1319 1789 fuit
1331 1764 1358 1789 in
1373 1763 1465 1795 terris,
1479 1765 1639 1799 susceperit
1651 1766 1814 1800 subsequecs

1021 1809 1194 1836 conversatio
1215 1816 1262 1836 eos
1281 1809 1329 1843 qui
1351 1810 1593 1837 conversationem
1617 1811 1779 1839 habuerunt
1794 1811 1813 1836 i-

1021 1854 1108 1887 cualis,
1120 1861 1173 1881 non
1186 1854 1343 1888 simpliciter
1358 1862 1373 1881 a
1386 1862 1496 1882 summo
1509 1856 1581 1882 cutio
1595 1856 1674 1884 sicut
1688 1864 1704 1883 ι
1718 1863 1813 1884 summo

1021 1906 1110 1935 terrae,
1125 1901 1172 1928 sed
1186 1908 1201 1928 a
1216 1901 1331 1928 summis
1346 1901 1435 1934 cmlis,
1450 1901 1586 1936 quoniam
1604 1903 1813 1938 unumquodque

1020 1948 1118 1976 omium
1137 1955 1193 1975 sua:
1214 1947 1395 1975 institutionis
1413 1951 1440 1974 et
1462 1947 1542 1975 initia
1565 1948 1675 1981 habet,
1694 1953 1721 1976 et
1738 1948 1812 1984 parte

1019 1994 1136 2025 ctiones,
1152 1993 1179 2020 id
1196 1997 1236 2020 est
1249 1993 1391 2020 terminos.
1413 1992 1526 2027 Utputa,
1544 2000 1610 2028 post
1628 1995 1811 2022 conversatio-

1020 2047 1082 2067 nem
1098 2047 1236 2076 summamv
1248 2047 1309 2073 qum
1324 2039 1376 2067 fuit
1395 2047 1477 2074 super
1495 2044 1614 2073 terram,
1633 2042 1756 2076 suscipit
1771 2044 1811 2068 ite—

1019 2094 1080 2113 rum
1095 2086 1234 2114 hominem
1258 2086 1430 2113 conversatio
1446 2086 1531 2113 unius
1548 2087 1627 2119 coeti,
1647 2092 1677 2114 et
1692 2087 1811 2122 perlatis

1019 2139 1080 2166 qua:
1097 2132 1123 2158 in
1139 2139 1171 2159 eo
1186 2136 1237 2158 est.
1257 2131 1356 2158 lterum
1381 2132 1502 2166 suscepit
1516 2139 1583 2158 eum
1603 2133 1736 2160 secunda
1759 2140 1812 2159 ron-

182 2178 309 2205 docentcs
329 2178 448 2205 cce‘lestia
465 2183 680 2211 commorantur,
696 2181 900 2215 congregabuut
915 2190 965 2208 an-
982 2178 1005 2207 D
1018 2176 1137 2204 versalio
1160 2176 1272 2203 secum"
1291 2176 1364 2209 εαξιίν
1387 2180 1415 2203 ει
1432 2175 1566 2210 Periculi)
1588 2184 1656 2211 quae
1676 2178 1706 2204 in
1723 2185 1757 2204 ει)
1769 2181 1810 2203 εει

180 2223 231 2258 geli
246 2224 344 2256 sancti,
361 2228 391 2251 ut
408 2229 470 2251 ante
485 2225 608 2253 eruditos
625 2225 652 2252 in
667 2227 781 2254 summis
797 2227 857 2254 coeli
878 2235 966 2262 usque

181 2269 215 2296 ad
233 2269 365 2297 terminos
381 2277 475 2298 eorum
493 2275 520 2298 et
537 2270 688 2299 instructos
706 2273 814 2300 tradant
831 2273 965 2308 perfectos

180 2322 279 2350 magno
295 2314 350 2343 Deo
370 2314 455 2343 Verbo
474 2315 545 2343 Filio
560 2316 607 2344 Dei
632 2317 665 2344 ad
687 2318 909 2352 conregnandum
929 2319 965 2351 ei,

179 2365 206 2388 et
223 2361 257 2389 ad
275 2363 476 2396 susceptionem
491 2370 586 2390 eorum
602 2371 662 2398 quae
677 2364 816 2391 tradiderit
829 2364 914 2392 Filius
932 2365 966 2392 de

180 2407 221 2434 his
234 2407 281 2442 qui
294 2407 446 2434 doctrinam
466 2409 602 2436 caelestem
618 2415 680 2437 ante
695 2410 873 2444 susceperint.
892 2410 966 2444 Quo-v

179 2453 253 2480 niam
273 2458 363 2480 autem
384 2454 479 2481 umbra
498 2459 539 2482 est
559 2455 616 2483 haec
637 2456 691 2483 vita
711 2461 805 2483 nostra
829 2455 856 2483 in
874 2457 963 2489 terris,

179 2505 350 2533 consequens
366 2503 407 2526 est
424 2504 452 2527 ut
471 2508 544 2528 nunc
565 2501 623 2536 lege
638 2506 665 2529 et
679 2502 817 2536 prophetis
837 2503 965 2530 erudian—

179 2548 223 2570 tur
237 2545 283 2579 qui
307 2545 334 2571 in
358 2544 402 2572 illa
426 2546 593 2580 plenitudine
617 2547 745 2582 temporis
771 2548 875 2583 reliqua
902 2553 966 2575 sunt

178 2589 284 2622 scituri,
305 2594 332 2617 et
354 2590 474 2624 pleniora
497 2600 512 2618 a
528 2591 596 2619 Filio
617 2591 664 2619 Dei
694 2593 787 2620 scituri
815 2595 964 2621 secundum

179 2643 222 2663 res
245 2636 319 2670 ipsas
342 2637 477 2670 caelestes,
504 2643 533 2665 ut
555 2639 600 2673 qui
621 2643 685 2666 sunt
710 2639 737 2666 in
753 2640 868 2667 summis
883 2641 965 2667 cwlo-

178 2689 255 2714 rum,
279 2682 358 2717 quasi
383 2683 410 2709 in
431 2684 596 2717 quibusdam
619 2685 819 2712 eruditionibus
845 2686 914 2719 sint,
935 2691 964 2712 ut

179 2727 283 2760 possint
302 2729 474 2762 postmodum
499 2737 595 2764 capere
620 2731 780 2766 sapientiam
814 2731 870 2764 Dei,
902 2738 962 2758 ma-

215 2805 236 2821 "
249 2804 340 2833 Matth.
362 2814 422 2841 xm,
439 2807 534 2835 39-55.
573 2809 595 2825 ⁸⁷
629 2808 693 2836 ibid.
712 2809 754 2836 47.

1019 2223 1118 2250 lterum
1135 2222 1253 2257 suscepit
1271 2229 1332 2248 eum
1348 2222 1427 2248 tertia
1446 2222 1627 2249 conversatio
1647 2223 1726 2250 tertii
1750 2223 1810 2251 certi.

1017 2272 1044 2296 et
1052 2268 1181 2302 perfectio
1196 2275 1257 2302 quae
1275 2267 1302 2294 in
1315 2275 1347 2294 co
1362 2271 1412 2294 est.
1428 2266 1461 2293 Et
1476 2267 1518 2294 sic
1529 2268 1658 2303 intelligo.
1676 2269 1745 2296 mihi
1754 2269 1809 2296 mll-

1019 2319 1110 2342 torum
1135 2314 1267 2341 caelorum
1289 2313 1437 2341 multarum
1466 2316 1721 2343 convcrsationum
1746 2316 1809 2342 initi:

1018 2366 1078 2387 esse
1096 2364 1121 2386 et
1141 2359 1281 2390 terminos,
1300 2358 1326 2384 id
1343 2363 1384 2385 est
1400 2357 1596 2392 perfectiones,
1616 2368 1633 2387 a
1652 2362 1757 2396 quibus
1770 2361 1810 2387 iui-

1018 2406 1063 2433 tiis
1090 2410 1117 2433 et
1145 2405 1269 2432 terminis
1293 2404 1465 2432 diversorum
1497 2406 1641 2434 ccelorum
1672 2412 1809 2443 congregat

1018 2451 1091 2479 Deus
1105 2451 1295 2478 suoselectos.
1311 2450 1364 2476 Aut
1381 2449 1418 2477 ita
1432 2457 1439 2475 :
1457 2458 1474 2476 α
1488 2452 1604 2478 summis
1619 2453 1752 2479 calorum
1772 2460 1808 2477 u-

1017 2506 1067 2533 que
1089 2497 1123 2523 ad
1144 2496 1268 2524 terminos
1291 2503 1390 2522 eorum.
1418 2495 1487 2523 Cceli
1512 2501 1581 2523 sunt
1603 2498 1649 2525 vel
1672 2498 1809 2532 Scriptor:

1017 2543 1134 2574 divinae,
1161 2542 1202 2569 vel
1228 2546 1354 2569 auctores
1376 2547 1494 2573 earum,
1527 2542 1555 2568 in
1583 2543 1694 2578 quibus
1718 2542 1809 2570 habitat

1018 2587 1099 2615 Deus.
1129 2586 1242 2614 Summa
1277 2589 1367 2613 autent
1394 2585 1608 2620 Scripturarum
1645 2593 1713 2616 sunt
1742 2586 1806 2613 initia

1015 2640 1130 2665 earum,
1161 2631 1269 2660 termini
1301 2635 1391 2658 autem
1423 2633 1688 2660 consummationcs
1712 2637 1805 2660 earum.

1015 2679 1220 2714 Cougregantur
1245 2684 1311 2712 ergo
1339 2677 1427 2704 sancti
1451 2685 1468 2704 a
1486 2679 1607 2706 summis
1629 2679 1771 2707 caelorum.
1785 2676 1804 2701 i1

1014 2732 1056 2755 cst
1073 2727 1107 2755 ab
1123 2727 1162 2755 eis
1177 2726 1224 2762 qui
1241 2725 1310 2754 cmlo
1325 2725 1422 2753 vivunt
1438 2725 1467 2753 in
1492 2726 1584 2756 initiis
1598 2726 1801 2763 Scripturarum-

797 2810 833 2843 _,"
849 2808 929 2837 Num.
947 2817 972 2842 x,
991 2808 1002 2835 ί
1024 2812 1049 2836 et
1065 2815 1118 2843 scq.
