1879 3046
180 78 230 105 M-‘i

712 78 872 107 ()RIGENIS
892 78 924 106 IN
942 78 1116 106 CANTICUM
1133 79 1271 108 CANTIC.

1752 83 1798 110 ιιι

176 138 237 164 dam
255 137 352 164 anima:
374 144 489 172 corpus,
514 137 586 172 quod
608 137 811 173 alligameutum
836 143 909 173 gutta
934 138 961 165 in
977 140 999 168 Α
1013 140 1086 173 cypri
1109 139 1245 174 fratruelis
1270 139 1354 172 mihi;
1378 139 1441 174 quia
1463 143 1490 167 ct
1512 147 1564 168 uva
1583 139 1687 168 ﬂorens
1701 147 1800 177 cyprus

176 182 286 210 Christo
299 183 398 209 divinm
410 183 521 210 virtutis
534 190 564 209 ac
576 183 718 210 suavitatis
734 183 904 217 astringitur.
933 182 962 210 Si

176 234 266 256 autem
292 229 324 255 ad
348 236 568 263 unamquamque
593 229 713 256 animant
738 236 799 263 qua:
813 228 884 256 dicta
898 233 963 257 sunt

175 274 348 308 referuntur,
368 275 512 311 alligatura
526 279 609 309 guttae
620 275 775 310 d0gmatum
790 275 963 302 continentiae

175 320 337 348 constrictio
362 327 394 347 ac
418 320 573 347 divinarum
602 320 797 348 sententiarum
821 320 962 348 nodositas

176 366 348 400 intelligitur.
364 365 473 393 lnnexaa
487 365 559 393 enim
572 365 624 392 sibi
639 365 752 392 invicem
766 369 831 392 sunt
846 364 907 393 ﬁdei
920 373 962 393 ra-

142 402 146 416 ‘I
174 412 263 438 tiones
281 415 309 438 et
323 411 441 438 vinculis
454 411 575 438 veritatis
589 410 717 438 astricte.
742 410 864 446 Denique
878 415 904 438 ct
919 411 961 439 lex

174 456 307 483 mundum
329 456 397 483 dicit
419 463 479 484 esse
500 463 581 483 omne
593 463 641 483 vas
654 455 726 490 quod
750 456 890 491 alligatum
907 461 959 489 cst,

174 500 344 528 innnundum
360 507 424 528 vero
439 501 509 536 quod
527 500 647 527 soltttutn
664 500 755 533 fuerit,
778 506 805 528 et
821 509 876 529 non
892 501 959 537 liga-

174 552 232 574 tum
248 547 280 574 ⁸⁸.
310 546 395 582 Cujus
419 546 456 573 rei
473 546 531 574 hzec
549 546 633 581 ﬁgura
649 551 707 574 erat
718 567 726 580 ,
744 547 817 582 quod
833 547 960 576 Christus

174 593 201 619 in
214 599 268 627 quo
285 599 424 626 nunquam
441 590 490 618 fuit
508 591 563 618 ulla
577 591 750 619 immunditia
766 592 880 626 peccati,
898 593 961 620 alli-

172 642 326 670 nantcntum
339 641 422 672 gutta:
437 637 548 664 dicitur.
576 636 610 664 Et
625 637 686 665 ideo
703 638 795 666 anima
813 646 866 666 non
881 639 962 666 debet

172 683 329 718 contingere
344 683 448 718 aliquid
468 684 649 717 dissolutum,
667 688 694 711 et
707 683 780 719 quod
800 691 856 711 non
869 684 906 712 sit
917 692 961 712 ra—

172 729 243 755 tione
258 728 405 755 subnixum
421 732 447 756 et
460 728 619 763 dogmatum
639 728 753 756 veritate
769 729 958 762 constrictum,

172 781 205 801 ne
221 774 362 801 immunda
376 773 433 801 tiat.
459 773 511 807 Qui
526 774 599 801 enim
621 774 791 802 immundum
806 775 959 809 contigerit,

170 820 328 847 immundus
341 819 393 847 erit
408 819 558 847 secundum
575 819 659 855 legem
673 820 706 846 ε’.
727 819 871 856 Continget
886 828 961 848 nam-
974 809 996 837 Β

170 874 224 899 quc
238 873 300 892 eum
317 873 417 893 sensus
440 866 634 894 irrationabilis
650 871 677 894 et
698 867 803 895 alienus
821 875 836 895 a
849 867 959 902 sapien-

172 912 209 937 tia
224 910 283 944 Dei,
300 915 326 938 et
348 911 428 939 faciet
451 919 513 939 eum
536 912 717 940 immundum.
743 911 809 941 Vide
831 918 922 940 autem
936 914 960 941 si

171 957 241 985 forte
256 957 354 985 Filium
369 958 415 986 Dei
431 958 458 986 in
473 966 556 986 carne
572 962 677 993 guttam
692 958 806 992 dictum,
833 963 860 986 et
879 959 960 994 quasi

168 1004 253 1031 breve
267 1004 369 1039 aliquid
385 1009 412 1032 et
424 1005 552 1040 exiguum
565 1005 735 1032 nominatum
749 1012 897 1040 possumus
913 1013 960 1033 ac-

163 1051 270 1085 cipere,
296 1050 368 1078 sicut
390 1055 417 1078 et
438 1050 532 1078 Daniel
553 1051 586 1079 de
599 1058 632 1078 eo
645 1051 732 1079 dicit:
751 1050 881 1086 Lapidem
896 1059 959 1086 par-

170 1104 232 1123 vum
250 1096 284 1123 de
298 1100 392 1124 monte
413 1096 536 1124 excisum
560 1097 620 1124 sine
640 1097 785 1131 manibus,
808 1102 835 1125 ct
855 1097 958 1126 factum

170 1147 233 1177 post
248 1143 304 1170 lucc
318 1147 437 1171 montem
464 1151 593 1179 magnum
611 1144 644 1172 '°.
673 1143 721 1172 Vel
737 1144 807 1172 sicut
823 1144 851 1171 in
866 1144 959 1171 libello

169 1188 312 1216 duodecim
334 1189 528 1224 prophetarum
554 1190 735 1218 nihilominus
753 1194 827 1225 gutta
849 1189 958 1225 quidem

166 1235 258 1263 futura
270 1235 379 1268 dicitur,
399 1243 459 1270 quae
472 1240 619 1271 congreget
631 1236 772 1271 populum.
789 1235 837 1263 Est
847 1243 912 1270 ergo
929 1239 956 1262 et

172 1283 198 1309 in
212 1281 353 1317 prophetis
370 1280 406 1308 ita
421 1281 552 1315 scriptum
571 1289 578 1307 :
597 1280 631 1307 Et
643 1281 713 1313 erit,
735 1288 768 1307 ea:
782 1285 856 1315 gutta
869 1280 960 1315 populi

167 1327 248 1361 hujus
259 1332 432 1361 congregatus
444 1326 644 1361 congregabitur
653 1325 746 1353 Iacob.
760 1326 877 1354 Decebat
886 1326 960 1353 enim

171 1380 234 1399 cum
247 1372 293 1407 qui
307 1372 431 1399 veniebat
449 1379 614 1407 congregare
627 1378 681 1399 non
696 1371 784 1399 solum
800 1371 894 1405 Jacob,
910 1372 959 1400 sed

170 1423 197 1445 et
213 1425 309 1445 omnes
334 1422 525 1452 gentemque,
544 1417 616 1444 sicut
629 1417 761 1452 propheta
775 1417 851 1450 dicit,
878 1425 960 1452 repu-

173 1469 234 1491 rataa
256 1468 319 1491 sunt
336 1468 465 1498 tanquam
484 1466 559 1498 gutta
586 1470 619 1489 ex
643 1462 727 1490 situla
740 1463 773 1495 ",
800 1462 959 1491 exiuanien-

166 1515 223 1537 {em
241 1517 269 1537 se
283 1509 433 1536 divinitatis
450 1508 547 1542 forma,
566 1508 637 1536 effici
651 1508 740 1544 ipsum
754 1512 784 1535 ttt
800 1512 916 1544 guttam,
931 1515 958 1537 et

170 1556 210 1584 sic
227 1556 319 1584 venire
343 1555 376 1582 ad
400 1555 618 1590 congregandam
643 1558 747 1590 guttam
767 1555 909 1589 gentium,
933 1560 960 1582 et

170 1606 273 1636 guttam
292 1600 473 1627 nihilominus
487 1599 666 1634 reliquiarum
681 1598 776 1627 Jacob.
809 1599 862 1627 Sed
885 1603 912 1627 et.
931 1599 960 1626 in

159 1647 383 1682 quadragesimo
406 1649 504 1681 quarto
524 1645 629 1680 psalmo
648 1645 748 1673 dicitur
768 1645 802 1673 ad
818 1645 958 1679 dilectum,

158 1692 215 1720 -cui
227 1692 308 1720 etiam
325 1691 382 1726 ipse
395 1691 517 1726 psalmus
532 1690 680 1718 ascribitur
695 1700 703 1717 ξ
724 1690 834 1726 Myrrha
846 1696 870 1718 et
884 1695 960 1726 gutta

170 1743 195 1764 et
213 1737 286 1764 casia
303 1745 319 1764 ιι
340 1736 499 1764 vestimentis
518 1736 570 1764 tuis
590 1736 623 1763 ".
657 1736 678 1762 Α
703 1736 873 1765 vestimentis
893 1743 959 1771 ergo

173 1784 252 1811 Verbi
270 1783 337 1817 Dei,
363 1791 425 1818 quae
447 1786 489 1811 est
511 1782 633 1810 doctrina
656 1783 810 1818 sapientiae,
838 1783 960 1818 procedit

173 1829 300 1865 myrrha,
328 1829 424 1857 mortis
449 1828 580 1856 iudiciutn
602 1829 736 1856 duntaxat
762 1836 812 1864 pro
839 1829 959 1857 humano

172 1883 272 1911 genere
286 1878 429 1910 susceptae.
457 1874 549 1908 Gutta,
566 1878 595 1902 ut
609 1882 691 1909 supra
705 1874 835 1906 diximus,
861 1875 958 1902 exina-

171 1921 227 1948 nita
245 1920 396 1948 divinitatis
419 1918 507 1947 forma
519 1940 527 1953 ,
544 1920 652 1948 servilis
667 1919 762 1948 formae
777 1925 904 1955 suscepta
916 1920 958 1948 di-

171 1967 271 2002 gnatio.
304 1966 385 1994 Casia
402 1973 527 2001 quoque,
552 1966 683 2001 quoniam
710 1965 737 1993 id
765 1974 850 2001 genus
869 1967 959 1995 herbte

169 2013 250 2048 aquis
275 2013 493 2040 indesinentibus
509 2012 608 2040 nutriri
625 2012 727 2040 dicitur
744 2017 772 2040 et
793 2012 957 2047 coalescere,

172 2058 385 2093 redemptionem
403 2058 515 2086 humani
530 2059 638 2094 generis
655 2066 703 2094 per
723 2067 809 2094 aquas
831 2059 959 2095 baptismi

172 2103 274 2131 indicat
287 2104 340 2140 θ’]
356 2104 457 2131 datam.
474 2102 523 2132 'Sic
538 2111 606 2139 ergo
621 2104 792 2139 alligaturam
810 2108 892 2139 guttae
904 2104 959 2131 fra-

971 1483 992 1512 (Ξ

1013 185 1122 217 dicitur,
1147 185 1238 213 ferens
1257 185 1340 212 etiam
1361 185 1419 221 ipsa
1435 185 1562 213 ﬂoridum
1579 186 1727 221 quemdam
1746 186 1798 213 fru-

1013 233 1086 256 ctum
1100 229 1127 256 in
1141 230 1250 257 modunn
1262 230 1383 258 ﬂorentis
1396 238 1455 257 uva:
1466 230 1612 265 prolatum.
1629 231 1683 258 Sed
1695 231 1800 259 videtur

1012 274 1100 309 magis
1111 274 1145 301 ad
1158 274 1277 303 fructum
1291 275 1355 303 vitis
1367 275 1502 310 respicere
1513 283 1613 308 sermo,
1628 276 1799 311 quandoqni<

1012 319 1073 346 dem
1089 320 1232 348 vinearum
1250 320 1371 356 Eugaddi
1384 320 1454 348 facta
1472 325 1514 349 est
1530 322 1674 349 memoria.
1694 321 1799 357 Engad-

1011 365 1038 392 di
1063 369 1153 393 autem
1178 373 1243 401 ager
1265 370 1346 394 terra:
1373 365 1473 395 Iudam
1487 373 1538 401 est,
1557 375 1613 395 non
1634 373 1742 396 tantum
1762 369 1799 396 vi-

1013 409 1071 438 neis
1081 415 1214 445 quantum
1231 411 1362 440 balsamis
1374 411 1484 441 ﬂorens.
1500 413 1549 441 Hic
1567 421 1632 450 ergo
1647 415 1700 442 erit
1716 415 1800 442 histo-

1011 455 1086 483 ricus
1101 463 1197 484 sensus
1208 464 1316 491 sponsae
1330 457 1466 492 loquentis
1476 459 1509 486 ad
1525 458 1757 493 adolescentulas,
1772 465 1800 488 ut

1012 500 1179 536 intelligatur
1199 501 1304 534 dicens.
1332 503 1420 538 primo
1446 504 1556 539 quidem
1575 514 1582 532 :
1604 504 1714 533 Nardus
1741 513 1799 533 mea

1012 546 1123 574 odorem
1141 547 1206 574 tnihi
1224 548 1317 582 sponsi
1333 549 1386 576 mei
1401 549 1498 577 reddit.
1516 549 1642 578 Secundo
1659 559 1726 579 vero
1742 551 1801 579 alli-

1012 596 1169 627 gamentum
1185 596 1267 628 guttae
1290 592 1402 621 effectus
1422 598 1464 622 est
1483 593 1619 623 fraternus
1640 604 1720 624 meus
1734 597 1801 624 mihi

1011 638 1157 666 demorans
1180 638 1250 666 inter
1274 639 1362 667 media
1388 639 1470 667 ubera
1494 648 1563 668 mea.
1587 641 1680 669 Tertio
1704 642 1801 669 botrus

1011 684 1086 719 cypri
1099 691 1133 711 ex
1146 683 1233 711 vineis
1245 683 1366 719 Engaddi
1379 692 1511 720 superans
1523 693 1604 713 omne
1614 687 1749 722 quidquid
1761 693 1802 716 est

1011 729 1039 756 in
1055 728 1186 757 odoribus
1201 733 1228 757 et
1245 729 1358 757 ﬂoribus
1380 730 1542 758 suavitatis:
1555 738 1610 767 quo
1626 732 1733 760 scilicet
1752 741 1801 761 au-

1011 773 1116 802 dientes
1135 775 1192 802 haec
1210 775 1419 803 adolescentulae
1436 777 1523 812 magis
1537 784 1570 804 ac
1582 777 1670 812 magis
1683 777 1719 805 ad
1735 778 1802 806 cha-

1011 818 1119 846 ritatem
1137 819 1231 854 sponsi
1250 820 1421 848 concitentur
1436 826 1462 849 et
1478 829 1609 850 amorem.
1628 822 1736 851 Idcirco
1752 832 1802 851 au-

1013 867 1065 892 te'm
1088 864 1257 900 singulatim,
1283 870 1309 893 et
1335 874 1383 902 per
1407 866 1542 901 ordinem,
1566 869 1656 903 primo
1679 870 1799 897 nardum

1011 917 1102 944 suam,
1119 911 1216 938 deinde
1232 916 1346 947 guttam,
1363 914 1494 953 posthaec
1506 914 1586 941 etiam
1598 915 1707 942 botrum
1723 917 1799 952 cypri

1011 956 1146 990 nominat,
1162 961 1190 984 ut
1204 964 1252 992 per
1266 965 1315 985 eos
1334 958 1434 992 gradus
1450 958 1582 993 quosdam
1599 960 1740 994 profectus
1751 962 1801 988 do-

1010 1005 1072 1029 ceat
1091 1002 1242 1030 charitatis.
1267 1002 1320 1029 Sed
1339 1002 1480 1031 videamus
1498 1003 1554 1039 jam
1578 1004 1643 1039 quid
1667 1006 1801 1040 spiritalis

1011 1046 1108 1075 habeat
1126 1048 1290 1076 intellectus.
1309 1048 1449 1084 Siquidem
1465 1050 1510 1077 hic
1521 1050 1567 1085 qui
1581 1051 1734 1086 appellatur
1749 1053 1801 1079 bo-

1011 1097 1069 1121 trus
1084 1094 1117 1121 ad
1134 1093 1252 1122 fructum
1277 1095 1341 1122 vitis
1361 1094 1520 1124 referendus
1535 1100 1576 1124 est
1594 1096 1734 1124 :Verhum
1754 1098 1800 1125 Dei

1010 1138 1160 1174 accipimus
1171 1140 1242 1167 sicut
1252 1140 1412 1175 sapientiam
1424 1145 1451 1168 et
1462 1141 1588 1168 virtutem
1599 1146 1626 1169 et
1636 1142 1800 1170 thesaurum

1010 1185 1140 1218 scientiae,
1165 1185 1273 1220 aliaque
1288 1185 1384 1219 multa,
1410 1186 1447 1213 ita
1470 1191 1498 1214 et
1513 1187 1595 1214 vitem
1617 1196 1711 1216 veram
1733 1189 1798 1216 dici.

1011 1230 1088 1258 Sicut
1100 1238 1165 1266 ergo
1185 1231 1227 1259 his
1241 1231 1341 1266 quibus
1353 1231 1468 1260 eﬁicitur
1482 1233 1616 1268 sapientia
1631 1239 1657 1261 et
1671 1235 1799 1268 scientia,

1010 1283 1065 1303 non
1080 1276 1113 1303 ad
1127 1276 1258 1310 subitum,
1271 1277 1317 1304 sed
1329 1285 1377 1312 per
1390 1277 1527 1312 profectus
1540 1280 1673 1314 quosdam
1690 1285 1717 1308 et
1734 1289 1800 1316 gra-

1010 1321 1072 1353 dus,
1091 1329 1141 1357 pro
1156 1322 1254 1350 studiis
1267 1327 1294 1350 et
1308 1323 1458 1351 intentione
1475 1331 1507 1352 ac
1527 1325 1579 1352 ﬁde
1596 1333 1692 1353 eorum
1709 1327 1757 1361 qui
1774 1328 1799 1354 ci

1010 1368 1053 1396 vel
1069 1368 1096 1395 in
1110 1369 1255 1404 sapientia,
1268 1369 1310 1396 vel
1322 1369 1349 1395 in
1363 1369 1486 1403 scientia,
1500 1371 1542 1397 vel
1554 1371 1581 1398 in
1596 1371 1697 1399 virtute
1711 1374 1799 1407 parti-

1011 1414 1146 1449 cipantur,
1161 1415 1299 1449 sapientes
1318 1422 1366 1442 eos
1381 1420 1406 1443 et
1423 1416 1540 1444 scientes
1560 1418 1648 1445 reddit
1662 1418 1801 1454 vigentes-

1010 1468 1063 1495 que
1079 1460 1241 1494 virtutibus;
1260 1461 1296 1489 ita
1310 1465 1337 1488 et
1350 1461 1376 1488 in
1391 1462 1490 1496 quibus
1511 1463 1573 1491 vitis
1592 1470 1656 1490 vera
1671 1464 1798 1496 eﬂicitur,

1010 1514 1064 1534 non
1080 1507 1120 1534 eis
1134 1507 1165 1535 ad
1178 1507 1297 1534 subitum
1311 1507 1366 1543 (59)
1381 1513 1503 1536 matttros
1519 1508 1612 1536 botros
1630 1510 1757 1544 producit
1774 1515 1801 1536 ιι

1009 1553 1113 1586 dulces,
1130 1560 1179 1580 nec
1191 1557 1301 1587 repente
1319 1553 1359 1581 eis
1376 1547 1492 1581 efﬁcitur
1508 1553 1601 1580 viuum
1615 1562 1701 1582 suave
1713 1560 1740 1582 et
1752 1557 1800 1582 lu:-

1009 1599 1116 1627 tiﬁcans
1132 1605 1179 1626 cor
1196 1599 1325 1632 hominis,
1343 1599 1389 1626 sed
1406 1599 1495 1634 primo
1509 1599 1635 1634 producit
1650 1601 1690 1628 eis
1707 1601 1801 1627 suavi-

1011 1649 1091 1672 tatem
1109 1645 1300 1673 tantummodo
1315 1644 1406 1672 odoris
1424 1644 1452 1671 iu
1463 1644 1568 1672 ﬂorem.
1583 1645 1681 1673 Botrus
1695 1646 1740 1673 hic
1752 1646 1802 1672 ﬁo-

1009 1696 1073 1717 rens
1092 1697 1152 1717 esse
1169 1694 1336 1717 memoratur
1357 1689 1383 1716 in
1405 1689 1493 1717 vineis
1511 1689 1643 1725 Engaddi,
1667 1695 1697 1718 ut
1714 1692 1802 1726 gratia

1010 1733 1166 1770 fragrantitc
1187 1735 1273 1770 ipsius
1291 1735 1455 1762 immittatur
1479 1735 1507 1762 in
1531 1735 1617 1762 initiis
1638 1736 1749 1768 animae,
1772 1741 1804 1763 ut

1010 1784 1071 1816 post
1093 1780 1150 1809 haec
1168 1781 1225 1816 pati
1247 1781 1335 1816 possit
1351 1780 1526 1808 acerbitatem
1546 1781 1755 1809 tribulationum
1775 1787 1803 1808 et

1010 1828 1199 1862 tentationum,
1216 1835 1277 1863 quae
1296 1831 1407 1862 propter
1422 1826 1537 1854 Verbum
1558 1827 1605 1855 Dei
1626 1829 1802 1856 credentibus

1008 1874 1179 1907 excitantur;
1198 1878 1226 1901 et
1239 1873 1275 1900 ita
1292 1873 1402 1900 demum
1419 1873 1582 1901 maturitatis
1600 1873 1661 1908 ejus
1679 1874 1802 1902 dulcedi-

1010 1928 1072 1948 nem
1089 1920 1202 1955 prtcbet,
1216 1926 1305 1954 usque
1321 1919 1386 1946 dum
1399 1918 1588 1953 perducateos
1603 1920 1638 1946 ad
1651 1920 1802 1947 toreularia

1008 1966 1055 1994 ubi
1071 1965 1219 1993 effunditur
1233 1965 1346 2000 sanguis
1358 1972 1427 1996 uvae,
1440 1964 1552 2000 sanguis
1564 1965 1628 1992 novi
1643 1966 1804 1993 testamenti

1009 2013 1056 2048 qui
1077 2012 1185 2040 bibatur
1199 2012 1226 2039 in
1244 2011 1288 2039 die
1308 2011 1379 2038 festo
1398 2011 1426 2039 in
1445 2011 1644 2046 superioribus,
1665 2012 1712 2038 ubi
1730 2018 1805 2039 stra-

1011 2062 1067 2085 tum
1089 2066 1217 2092 magnum
1233 2061 1358 2093 paratum
1378 2063 1430 2085 est.
1455 2057 1501 2085 Sic
1522 2064 1586 2092 ergo
1608 2065 1655 2091 per
1675 2058 1805 2093 singulos

1009 2104 1060 2131 hos
1073 2104 1213 2139 profectus
1236 2104 1369 2139 graduum
1394 2103 1518 2130 incedere
1539 2107 1647 2138 oportet
1669 2111 1730 2136 eos,
1755 2105 1806 2139 qn'.

173 2155 280 2178 ternum
296 2157 376 2177 suum
391 2157 492 2184 sponsa
507 2153 636 2184 tanquam
653 2149 766 2184 nuptiali
782 2149 904 2177 dramate
916 2150 958 2177 10-
974 2155 997 2183 ι)
1012 2157 1058 2185 per
1074 2153 1274 2177 sacramentum
1291 2150 1363 2182 vitis,
1378 2154 1405 2177 et
1418 2149 1527 2176 botrum
1545 2150 1619 2185 cypri
1636 2149 1749 2182 initiati,
1769 2151 1804 2177 ad

171 2203 259 2231 quens
275 2196 345 2223 inter
357 2195 478 2223 medium
493 2196 607 2223 uberum
620 2203 732 2223 suorum
745 2201 957 2224 commorantem

168 2241 257 2270 dicit:
274 2242 372 2274 ubera,
392 2246 422 2269 ut
437 2242 564 2277 superius
582 2241 638 2276 jam
655 2241 790 2274 diximus,
809 2241 958 2277 principale

168 2287 262 2315 cordis
278 2288 398 2320 adverte,
413 2287 439 2314 in
454 2295 509 2322 quo
534 2286 652 2315 Ecclesia
668 2287 819 2321 Christum,
837 2288 880 2315 vel
895 2287 957 2315 ani-

171 2341 217 2361 ma
233 2332 352 2360 Verbum
368 2331 414 2360 Dei
428 2331 556 2359 desiderii
564 2331 611 2360 sui
624 2332 742 2360 vinculis
757 2332 901 2368 alligatum
916 2339 957 2360 te-

172 2384 254 2407 ueth
266 2378 418 2407 astrictum.
440 2377 467 2405 Si
487 2378 548 2413 quis
559 2377 632 2405 enim
648 2377 766 2405 Verbum
782 2378 829 2406 Dei
844 2381 901 2406 toto
914 2377 956 2405 af-

171 2426 243 2454 fectu
261 2424 288 2452 in
304 2424 385 2452 corde
398 2431 448 2452 suo
461 2430 488 2452 et
502 2428 563 2452 toto
581 2432 674 2452 amore
691 2424 871 2460 constringit,
898 2424 956 2459 ipse

171 2472 245 2500 solus
260 2471 358 2506 poterit
374 2471 485 2498 odorem
509 2470 663 2506 fragrantia
686 2470 747 2505 ejus
767 2475 795 2498 et.
811 2470 954 2498 suavitatis

171 2518 305 2553 accipere.

206 2563 283 2591 Vers.
306 2563 348 2590 Μ.
376 2562 471 2589 Botrus
495 2561 568 2596 cypri
588 2560 721 2595 fraternus
744 2568 815 2588 meus
841 2560 906 2587 mihi
927 2561 954 2587 in

168 2609 252 2636 vineis
270 2608 402 2643 Engaddi.
414 2607 551 2641 Quantum
565 2606 599 2633 ad
617 2606 713 2633 littera:
726 2606 813 2640 ipsius
827 2606 957 2641 explana-

171 2653 284 2686 tionem,
302 2653 383 2680 habet
402 2651 504 2686 aliquid
521 2650 679 2685 ambiguum
696 2650 768 2684 quod
785 2649 841 2677 ait:
857 2650 954 2678 Battus

207 2720 236 2736 ⁸⁸·
251 2719 333 2746 Levit.
350 2727 396 2745 vn.
434 2720 455 2736 ⁸³
474 2718 558 2747 Levit.
575 2726 619 2750 χι,
637 2718 663 2744 8.
701 2718 724 2734 πθ
744 2718 808 2745 Dan.
824 2726 857 2751 tt,
878 2720 922 2746 35.
966 2720 986 2736 ⁹¹

206 2790 266 2826 (59)
287 2790 363 2822 Mss,
374 2790 498 2816 subitum.
516 2788 596 2823 Etlil.,
612 2779 753 2815 sumntum.

1011 2194 1207 2230 perfectionem
1222 2193 1359 2228 feruntur,
1382 2199 1409 2222 et
1424 2195 1536 2222 calicem
1559 2195 1620 2221 novi
1641 2197 1804 2222 trslamettli

1011 2240 1045 2268 ab
1058 2239 1122 2268 Iesu
1137 2244 1293 2274 susceptum
1314 2239 1406 2267 bibere
1422 2240 1599 2267 contendunt.
1617 2239 1695 2272 Quod
1713 2240 1736 2267 si
1757 2248 1807 2275 ry-

1010 2295 1077 2322 prus
1099 2286 1142 2314 sui
1160 2285 1266 2320 generis
1286 2285 1368 2313 arbor
1382 2285 1557 2320 accipiendus
1572 2289 1623 2317 est.
1641 2286 1723 2321 cujus
1741 2286 1806 2313 fru’

1010 2337 1070 2361 ctus
1083 2333 1163 2360 etiam
1176 2331 1225 2359 ﬂos
1235 2338 1291 2359 non
1302 2335 1408 2358 tantum
1424 2331 1517 2358 odoris
1529 2331 1703 2364 suavitatem,
1715 2339 1809 2366 quan-

1011 2382 1068 2406 tum
1079 2382 1108 2405 et
1118 2377 1172 2405 vim
1184 2376 1359 2404 calefaciendi
1371 2384 1402 2403 ac
1414 2375 1521 2403 fovendi
1533 2376 1632 2404 dicitur
1640 2377 1805 2411 possidere:

1011 2424 1055 2451 illa
1071 2423 1130 2451 sine
1142 2423 1225 2450 dubio
1240 2422 1372 2456 accipitur
1391 2421 1485 2456 sponsi
1499 2422 1596 2454 virtus,
1609 2428 1675 2456 _qua
1695 2421 1806 2449 incale-

1009 2474 1090 2498 scunt
1107 2470 1205 2496 anintte
1221 2477 1284 2505 erga
1301 2469 1381 2497 ﬁdem
1403 2469 1463 2504 ejus
1483 2473 1510 2495 ct
1536 2468 1711 2501 charitatem,
1739 2477 1807 2503 quae

1009 2516 1182 2551 contingebat
1202 2523 1250 2543 eos
1271 2516 1316 2551 qui
1335 2515 1462 2544 dicebant
1477 2524 1484 2542 :
1502 2514 1596 2541 Nonne
1611 2521 1658 2540 cor
1675 2520 1806 2541 nostrum

1009 2568 1066 2590 erat
1083 2562 1177 2589 ardent
1192 2562 1263 2589 intra
1278 2570 1335 2595 nos,
1348 2569 1407 2588 cum
1420 2560 1568 2596 adaperiret
1585 2559 1659 2586 nobis
1674 2559 1807 2595 Scriptu-

1011 2616 1055 2635 ras
1066 2607 1107 2635 "1'
1122 2601 1252 2636 Vclcerte
1268 2607 1398 2642 quoniam
1414 2606 1448 2634 de
1463 2607 1548 2634 vineis
1565 2605 1687 2641 Engaddi
1704 2606 1808 2634 botrus

1011 2655 1057 2682 hic
1072 2653 1172 2682 ﬁorcns
1191 2654 1348 2682 nominatur
1368 2661 1429 2682 esse
1442 2661 1451 2681 :
1463 2652 1584 2688 Eugaddi
1604 2657 1696 2680 autem
1713 2652 1808 2680 inter-

1006 2718 1058 2747 lsa.
1075 2727 1118 2752 XL,
1137 2718 1180 2746 i5.
1218 2719 1240 2735 "
1255 2717 1299 2746 Ps.
1309 2718 1418 2751 xuv,8.
1448 2718 1479 2758 V"
1498 2717 1565 2747 Luc.
1583 2726 1658 2752 xxtv,
1680 2719 1726 2747 3i.
