1839 3053
38 121 95 150 {881

596 122 922 152 COMMENTARIORUM
943 124 1075 152 SERIES.

1592 132 1667 159 1682‘

36 187 119 215 usque
147 177 181 206 ad
208 185 256 207 eos
284 179 331 214 qui
361 179 456 207 vivunt
483 180 510 207 in
537 181 823 208 consummationibus
838 183 859 211 Λ
875 188 923 215 pro
938 181 1022 208 verbo
1039 181 1197 217 suscipitur,
1223 189 1320 218 magna
1339 191 1391 211 vox
1408 185 1482 212 verbi
1504 186 1664 223 intelligitur

35 232 124 253 earum
145 233 152 251 :
170 233 203 253 ac
225 230 254 252 ut
268 225 330 260 plus
344 226 444 258 dicam,
463 233 477 253 a
492 226 607 254 rudibus
624 235 717 254 eorum
736 234 822 263 usque

34 275 65 303 ad
85 270 218 306 perfectos
240 279 346 300 eorum.
374 271 426 305 Qui
453 276 544 299 autem
568 273 717 300 mittuntur
733 273 820 308 angeli

34 329 47 348 a
65 319 205 346 Salvatore
231 318 264 344 ad
285 318 507 353 congregaudum
530 318 631 346 electos
654 319 724 354 ejus,
753 327 821 347 con-

35 363 184 402 gregabunt
211 371 258 392 eos
283 372 338 391 non
363 372 425 392 cum
449 372 518 393 voce
541 366 743 400 qualicunque,
774 367 821 394 sed

34 419 92 439 cum
115 409 180 436 tuba
207 417 268 444 quae
288 415 401 437 vocatur
421 418 530 446 magna,
554 419 608 438 non
625 419 718 439 vocem
741 413 821 440 dante

35 458 181 486 incertam,
207 454 253 482 sed
273 460 374 482 certam
394 460 421 483 et
436 455 622 488 manifestam,
654 462 683 484 ut
703 457 749 492 qui
775 465 821 484 au-

31 500 132 529 dierint
144 504 171 527 et
182 500 337 534 didicerint,
351 506 447 536 parcnt
464 509 493 530 se
507 502 540 529 ad
556 502 628 530 viam
644 502 821 538 perfectionis

32 554 88 582 qua:
107 547 182 575 ducit
195 547 227 574 ad
241 547 338 575 Filium
356 547 413 576 Dei.

67 593 109 621 52.
130 593 265 627 Quoniam
280 594 371 622 autem
389 595 516 623 volumus
534 595 684 632 intelligere
699 597 764 632 quid
779 602 821 625 est

33 639 93 667 tuba
112 647 221 675 magna,
237 640 369 669 debemus
393 641 562 676 spiritalibus
586 643 719 678 spiritalia
744 652 820 672 com-

33 694 134 721 parare.
151 686 208 722 Age
233 695 306 715 nunc
324 692 351 715 et
367 687 400 715 de
423 687 506 721 tubis,
524 687 551 715 in
567 693 700 723 quantum
724 697 821 724 capere

33 740 184 767 possumus,
201 733 321 761 breviter
335 741 514 768 exponamus,
531 735 554 762 si
568 739 658 762 tamen
673 743 819 770 possumus

31 786 62 805 ex
79 778 307 814 congregatione,
324 783 351 806 et
366 779 551 808 admonitione
578 781 695 808 istorum
725 789 818 809 exem-

33 826 133 859 plorum
165 824 318 860 intelligere
337 831 364 852 et
384 833 510 861 magnam
538 827 696 862 angelorum
713 828 816 856 tubam.

37 871 169 906 Scriptum
194 875 236 898 est
259 871 331 898 enim
349 871 375 898 in
393 871 520 900 Numeris
533 873 554 889 ⁸³
569 883 576 900 :
605 873 640 900 Et
658 874 762 901 locutus
781 880 819 902 est

33 916 156 944 Dominus
172 917 207 944 ad
225 916 343 951 Moysen,
368 917 456 944 dicens
477 926 487 944 :
510 918 564 946 Fac
586 920 634 946 tibi
654 921 721 948 duas
742 921 819 949 tubas

33 969 162 998 argenteas
174 972 183 991 :
196 963 309 991 ductiles
328 964 410 998 [acies
432 973 487 997 eas,
505 970 530 992 et
546 971 622 993 erant
638 967 685 994 tibi
703 968 738 994 ad
755 976 818 995 con-

32 1010 186 1045 gregandam
205 1017 378 1045 synagogam,
400 1015 425 1037 et
443 1016 519 1038 erunt
540 1012 588 1038 tibi
599 1012 632 1039 ad
643 1014 818 1046 promovenda

31 1063 135 1088 castra;
163 1061 188 1083 et
211 1055 316 1083 tubabis
339 1057 367 1083 in
389 1057 447 1091 eis,
468 1063 492 1084 et
518 1058 721 1094 congregabitur
742 1060 769 1086 in
794 1064 818 1087 te

32 1105 112 1129 omnis
132 1110 268 1138 synagoga
288 1103 323 1129 ad
350 1103 450 1130 ostium
474 1104 637 1131 tabernaculi
663 1105 815 1133 testimonii.

31 1147 59 1175 Si
71 1153 156 1175 autem
174 1149 202 1174 in
218 1156 272 1175 una
291 1148 353 1176 tuba
365 1149 481 1176 uenerint
493 1150 528 1176 ad
547 1155 571 1178 te
585 1159 673 1178 omnes
685 1152 816 1186 principes

33 1194 140 1221 militum
158 1193 263 1228 Israel,
285 1194 387 1222 tubabis
406 1196 629 1230 signiﬁcationem
648 1198 771 1232 primam,
791 1204 816 1226 et

30 1240 209 1268 promovebant
225 1246 316 1268 castra
329 1241 373 1276 qui
385 1243 531 1269 consistunt
541 1243 575 1270 ad
585 1244 720 1271 orientem.
736 1244 770 1272 Et
787 1249 815 1272 tu

31 1286 102 1312 dabis
121 1287 342 1321 signiﬁcationem
357 1288 512 1320 secundam,
529 1293 554 1315 et
570 1290 756 1323 promovebant
770 1299 815 1317 ca-

31 1337 83 1358 stra
99 1333 142 1367 qui
160 1333 311 1360 consistunt
331 1334 366 1360 ad
386 1338 518 1362 austrum.
540 1333 574 1361 Et
588 1335 691 1362 tubabis
709 1337 814 1371 signiﬁ-

30 1379 153 1405 cationem
174 1379 282 1406 tertiam
303 1383 327 1406 et
351 1379 538 1413 promovebant
558 1385 647 1407 castra
662 1382 706 1416 qui
727 1382 815 1409 consi-

30 1428 96 1450 stunt
118 1426 262 1452 secundum
288 1433 371 1452 mare.
402 1424 436 1451 Et
463 1426 567 1453 tubabis
591 1427 813 1462 signiﬁcationem

30 1474 154 1504 quartam,
163 1475 186 1497 et
196 1471 289 1498 tollent
298 1476 387 1498 castra
395 1472 440 1506 qui
448 1473 596 1499 consistunt
608 1474 642 1500 ad
652 1475 810 1509 aquilonem.

31 1514 95 1551 Ergo
112 1516 240 1544 tubabunt
254 1518 315 1544 tuba
332 1519 358 1545 in
371 1520 535 1554 promotione
544 1527 643 1548 eorum.
658 1520 693 1548 Et
707 1523 812 1557 quando

837 864 857 892 B

876 227 940 254 tuba
960 232 1087 262 argentea
1103 235 1273 263 congregans
1290 237 1514 265 unumquemque
1530 231 1555 258 in
1572 233 1668 261 ordine

876 271 961 309 [suo].
990 272 1146 301 Secundum
1177 275 1303 303 umbram
1329 276 1438 311 quidem
1467 278 1538 306 sicut
1560 279 1666 315 Moyses

875 320 1037 354 nominavit,
1067 321 1217 348 secundum
1247 323 1409 357 mysterium
1436 329 1538 358 autem,
1566 333 1665 353 secun-

874 366 938 394 dum
955 367 1026 401 quod
1045 366 1111 394 dicit
1125 367 1227 395 Paulus
1245 368 1271 395 in
1287 367 1408 403 Epistula
1423 370 1505 405 872
1521 371 1554 398 ad
1569 370 1667 398 Corin-

876 412 948 440 thios
965 413 1086 440 secunda
1097 413 1130 440 “.
1154 413 1278 441 Primum
1304 419 1393 442 autem
1410 423 1471 443 cum
1495 417 1567 445 tubis
1583 418 1667 445 ratio-

875 458 983 486 nalibus
1008 463 1169 494 promovent
1193 464 1292 488 castra.
1320 461 1360 487 Ita
1383 462 1518 496 legislatio
1533 463 1561 490 tit
1575 463 1608 491 de
1625 464 1667 492 his

874 505 956 532 rebus
973 513 1034 539 quae
1050 505 1084 532 ad
1102 505 1203 532 bellum
1229 506 1366 541 pertinent
1384 506 1466 534 lsrael
1489 510 1667 537 memorantis

874 551 1001 586 perillam
1018 551 1245 587 signiﬁcationem
1257 553 1383 580 tubarum
1394 554 1509 582 bellicas
1527 563 1570 583 res
1584 566 1590 583 :
1605 564 1666 591 quas

874 596 945 623 tubae
961 595 1052 623 lerunt
1066 604 1113 624 eos
1127 597 1174 630 qui
1189 603 1440 626 commemorantur
1451 607 1498 634 per
1515 607 1562 628 eas
1579 601 1666 634 signi-

874 642 1015 670 ﬁcationes
1034 644 1160 670 tubarum
1173 664 1180 677 ,
1206 644 1238 671 ad
1260 644 1420 672 salvandum
1436 653 1482 673 eos
1498 646 1532 673 ab
1548 647 1666 675 inimicis

873 695 978 715 eorum.
1002 688 1089 716 Voces
1106 694 1196 716 autem
1217 694 1407 724 argentearum
1428 694 1454 718 et
1469 691 1663 726 productilium

873 734 999 761 tubarum
1016 734 1043 761 in
1057 733 1154 761 diebus
1177 734 1276 762 la‘titiie
1293 734 1386 768 Israel,
1402 743 1463 770 quae
1485 742 1669 765 assumuntur

873 778 900 806 in
927 778 1083 806 Neomeniis
1108 779 1250 814 ipsorum,
1276 785 1354 808 erant
1376 782 1480 809 umbra:
1509 782 1664 811 futurarum

873 823 1097 858 Neomeniarum,
1115 826 1149 853 de
1160 826 1262 861 quibus
1284 826 1350 854 dicit
1361 827 1509 862 Apostolus
1522 829 1543 844 "
1557 838 1563 856 :
1578 829 1663 856 Nemo

874 880 919 899 vos
932 871 1035 906 judicet
1057 872 1085 898 in
1107 880 1178 906 esca,
1203 878 1249 899 aut
1271 873 1298 900 in
1311 878 1385 906 potu,
1409 879 1455 900 aut
1475 875 1504 901 in
1525 881 1600 910 parte
1611 876 1664 903 diei

874 917 947 952 festi,
972 922 1018 943 aut
1040 917 1202 951 Neomeniaa,
1228 923 1275 945 aut
1303 918 1498 953 Sabbatorum,
1523 929 1580 956 quae
1603 926 1669 949 sunt

873 963 967 990 umbra
985 963 1148 995 futurorum.
1171 964 1358 991 Assumuntut'
1382 969 1472 993 autem
1489 969 1516 993 et
1532 966 1559 993 in
1578 966 1664 994 sacri-

873 1008 941 1035 ticiis
961 1012 989 1035 et
1007 1008 1033 1035 in
1046 1008 1215 1036 holocaustis
1232 1009 1393 1038 salutarium
1414 1011 1508 1040 Israel.
1534 1011 1609 1045 Quas
1625 1012 1664 1040 si-

872 1054 1062 1089 gnificationes
1084 1055 1211 1082 tubarum
1236 1056 1371 1091 exemplo,
1387 1061 1414 1084 et
1431 1058 1526 1085 umbra
1543 1059 1667 1087 caelestis.

872 1099 995 1132 culturae,
1014 1099 1093 1135 quasi
1110 1101 1227 1136 alicujus
1242 1102 1364 1130 cmlestis
1381 1107 1409 1130 et
1426 1105 1669 1134 conversationem—

873 1143 1000 1174 habentis
1019 1146 1045 1173 in
1061 1147 1140 1180 ccelo,
1162 1155 1300 1183 exponere
1325 1149 1461 1177 convenit.
1490 1149 1554 1177 llaec
1570 1156 1661 1179 autem

870 1193 994 1227 exempla
1020 1193 1196 1228 accepimus,
1222 1199 1252 1221 ut
1275 1195 1317 1222 vel
1343 1202 1376 1222 ex
1401 1200 1477 1230 parte
1510 1196 1662 1232 intelligere

870 1239 1010 1266 valeamus
1025 1239 1096 1274 quod
1115 1240 1247 1274 scriptum
1265 1245 1306 1268 est
1317 1241 1340 1257 ⁸³
1355 1241 1461 1268 :Mittet
1479 1242 1585 1278 angelos
1600 1251 1662 1270 suos

870 1293 929 1311 cum
947 1285 1010 1312 tuba
1022 1293 1128 1320 magna,
1139 1290 1164 1312 et
1174 1286 1368 1321 congregabunt
1381 1286 1475 1314 electos
1488 1288 1555 1321 ejus.
1572 1287 1666 1315 Evan—

868 1331 968 1366 gelicas
984 1336 1076 1358 autem
1090 1332 1170 1359 tubas
1187 1331 1305 1359 ostendit
1322 1335 1349 1359 et
1367 1333 1393 1359 in
1414 1333 1502 1367 prima
1521 1333 1555 1360 ad
1573 1334 1661 1361 Thes-

868 1375 1052 1404 salonicenses
1067 1376 1092 1392 9‘
1111 1377 1259 1411 Apostolus
1278 1377 1390 1405 dicens:
1407 1377 1464 1405 Hoc
1481 1383 1570 1406 autem
1588 1380 1660 1407 vobis

868 1421 980 1448 dicimus
996 1422 1025 1448 in
1040 1421 1116 1449 verba
1130 1422 1247 1456 Domini,
1264 1423 1392 1458 quoniam
1412 1432 1458 1451 nos
1476 1425 1522 1460 qui
1535 1425 1658 1458 vit-imus,

867 1467 912 1501 qui
928 1467 1120 1494 rcmanebimas
1136 1468 1163 1495 in
1179 1468 1292 1496 adventa
1310 1469 1426 1502 Domini,
1450 1478 1501 1496 non
1518 1471 1660 1505 prwvenie—

867 1521 925 1539 mus
942 1521 985 1540 eos
1004 1514 1049 1549 qui
1065 1514 1240 1548 dormierunt,
1263 1516 1389 1550 quoniam
1413 1515 1469 1550 ipse
1482 1516 1611 1544 Dominus
1630 1517 1658 1544 in

29 1564 185 1598 congregatis
199 1565 440 1599 congregationem,
460 1565 550 1592 tubate
566 1571 589 1593 et
611 1575 662 1593 non
678 1568 814 1603 signi/ica-
827 1558 848 1574 υ
861 1558 952 1592 jussu,
968 1565 992 1586 et
1007 1560 1035 1586 in
1049 1567 1109 1587 voce
1122 1560 1284 1595 archangeli,
1296 1564 1320 1587 et
1338 1561 1365 1587 in
1383 1561 1446 1587 tuba
1458 1561 1507 1588 Dei
1520 1561 1659 1589 descendet

32 1608 105 1635 tione.
129 1608 161 1636 Et
186 1609 238 1644 filii
252 1609 342 1636 Aaron
365 1611 514 1638 sacerdotes
537 1612 665 1639 lababant
688 1615 768 1647 tubis,
789 1619 814 1642 et

27 1652 73 1678 erit
88 1653 157 1679 vobis
178 1652 326 1688 legitimum
346 1656 534 1689 sempiternum
558 1657 586 1683 in
602 1660 813 1693 generationibus

28 1697 123 1724 vestris.
138 1697 167 1725 Si
179 1703 269 1725 autem
290 1700 408 1727 exit-ritis
430 1701 464 1727 ad
475 1701 571 1729 bellant
593 1703 619 1730 in
636 1708 707 1731 terra
726 1710 813 1733 vestra

27 1747 112 1771 contra
131 1745 308 1779 adversarios,
328 1746 455 1774 tubabitis
474 1748 554 1782 tubis,
573 1753 597 1776 et
612 1752 813 1779 remorabimini

26 1789 51 1815 ia
71 1797 206 1826 conspectu
223 1791 274 1819 Dei
295 1794 385 1826 vestri,
408 1799 433 1821 et
454 1795 622 1824 salvabimiui
644 1805 676 1824 ea:
696 1798 812 1826 inimicis

27 1837 124 1865 vestris.
139 1837 173 1865 Et
190 1839 217 1865 in
230 1838 323 1866 diebus
340 1840 440 1868 [milite
457 1846 559 1876 vestra},
572 1847 597 1870 et
612 1845 639 1870 in
654 1845 811 1879 festivitati-

26 1881 79 1915 bus,
91 1888 115 1910 et
128 1883 282 1912 Ncomeniis
299 1887 403 1918 vestris,
419 1887 544 1916 tubabitis
558 1890 637 1923 tubis,
654 1895 678 1917 et
694 1892 720 1918 in
736 1892 811 1919 holo-

25 1931 117 1957 caustis
141 1933 252 1966 vestris,
272 1938 296 1961 et
318 1935 346 1961 in
367 1935 508 1969 sacriﬁciis
524 1936 684 1963 salutarium
709 1943 810 1965 vestro-

27 1983 91 2008 rum,
108 1983 132 2004 et
150 1979 199 2005 erit
219 1981 346 2007 memoria
365 1983 445 2008 vestri
464 1982 490 2008 in
506 1988 642 2018 conspectu
660 1983 707 2011 Dei
718 1986 806 2013 vestri.

29 2021 79 2057 Ego
91 2023 219 2053 Domitius
233 2025 304 2053 Deus
324 2033 417 2054 vester.
439 2028 506 2055 Vide
518 2030 598 2056 etiam
621 2030 647 2057 in
667 2031 725 2059 istis
741 2039 809 2066 quo—

26 2069 92 2096 niam
104 2070 130 2097 in
145 2072 234 2106 prima
247 2072 449 2108 significatione
461 2075 530 2102 tubae
541 2081 703 2110 promovent
719 2082 808 2105 castra

23 2116 66 2150 qui
87 2123 149 2146 sunt
172 2119 323 2146 secundum
358 2120 502 2153 orientem,
527 2121 554 2148 in
577 2122 698 2149 secunda
716 2128 807 2152 autem

23 2169 176 2195 promovent
187 2169 279 2192 castra
290 2166 336 2200 qui
350 2170 413 2193 sunt
425 2167 574 2194 secundum
589 2173 729 2202 austrum;
741 2175 807 2198 etut

865 1605 898 1631 de
915 1605 989 1632 coelo.
1011 1606 1078 1633 item
1094 1606 1128 1633 ad
1146 1606 1304 1634 Corinthios
1318 1607 1406 1642 prima
1420 1608 1443 1623 9"
1457 1616 1462 1633 :
1480 1607 1576 1635 Omnes
1598 1608 1658 1642 qut-

865 1653 925 1679 dem
945 1652 1125 1685 dormiamus,
1148 1661 1201 1680 non
1225 1657 1313 1679 autent
1335 1662 1423 1681 omnes
1446 1653 1658 1682 immutabimur.

865 1696 900 1723 In
914 1701 1054 1729 momento,
1075 1697 1103 1723 in
1122 1697 1176 1723 ictu
1200 1698 1280 1728 oculi,
1300 1698 1326 1724 in
1345 1698 1488 1724 novissima
1507 1697 1580 1724 tuba.
1602 1697 1657 1724 Tu-

865 1742 935 1769 babit
955 1743 1034 1776 enim,
1052 1747 1077 1769 ct
1097 1744 1196 1769 mortui
1220 1748 1355 1778 resurgent
1378 1745 1543 1778 incorrupti,
1564 1748 1588 1770 et
1608 1751 1655 1771 nos

863 1789 1072 1815 immutabimur.
1087 1788 1135 1816 Est
1149 1793 1239 1816 autem
1255 1793 1282 1817 et
1297 1790 1387 1824 aliqua
1403 1791 1554 1817 secundum
1568 1791 1654 1826 legem

863 1839 890 1862 et
906 1836 1034 1862 tubarum
1058 1835 1202 1869 festivitas,
1228 1835 1377 1863 Ncomenia
1406 1837 1514 1871 septimi
1539 1837 1658 1869 mensis,L

862 1882 979 1910 forsitan
1006 1881 1166 1917 mysterium
1193 1882 1309 1916 alicujus
1338 1889 1410 1908 vera:
1435 1882 1602 1917 festivitatis,
1627 1888 1655 1911 et

862 1932 934 1959 tubae
949 1931 1064 1965 alicujus
1078 1929 1207 1964 spiritalis
1224 1934 1250 1957 et
1264 1929 1452 1964 magniloquii.

897 1979 941 2006 55.
965 1980 986 2005 Α
998 1978 1050 2013 ﬁcu
1062 1982 1150 2004 autem
1162 1977 1258 2004 discite
1268 1977 1436 2011 parabolam.
1456 1977 1569 2010 Quaado
1583 1980 1653 2006 enim

856 2023 916 2058 jam
927 2031 1017 2050 ramus
1030 2022 1086 2057 ejus
1100 2023 1186 2056 [actus
1200 2022 1281 2056 fuerit
1300 2026 1381 2054 tener,
1395 2027 1419 2048 et
1433 2022 1500 2057 [alia
1515 2024 1650 2058 producit,

860 2071 954 2097 scitote
966 2070 1027 2104 quia
1041 2077 1121 2103 prope
1137 2073 1174 2095 est
1189 2073 1279 2095 castas.
1296 2067 1339 2094 Sic
1352 2073 1376 2094 et
1392 2076 1436 2095 vos
1455 2076 1514 2095 cum
1533 2069 1650 2096 videritis

860 2117 916 2143 lucc
934 2116 1034 2148 onmia,
1054 2116 1147 2142 scitote
1169 2115 1232 2149 quia
1252 2122 1330 2149 prope
1350 2120 1388 2141 est
1407 2116 1434 2142 in
1453 2115 1553 2143 limine.
1568 2115 1650 2143 Amen

860 2162 919 2188 dico
939 2161 1019 2193 vobis,
1037 2161 1163 2191 quoniam
1189 2168 1240 2186 non
1260 2160 1405 2194 praeteribit
1427 2162 1561 2196 generatio
1584 2162 1649 2193 lucc,

24 2207 135 2236 breviter
149 2210 256 2244 dicam,
273 2219 306 2237 ex
322 2216 440 2245 quatuor
464 2213 552 2242 vomis
574 2221 740 2251 congregant
763 2225 803 2245 sa_
824 2215 847 2244 υ
861 2208 943 2235 donec
961 2208 1048 2234 omnia
1061 2207 1137 2241 ﬁant.
1157 2206 1257 2233 leum
1271 2211 1295 2233 et
1309 2211 1380 2233 terra
1397 2208 1560 2240 transibunt,
1572 2209 1651 2236 verba

21 2254 137 2282 cerdotcs
153 2256 281 2285 tubantes
297 2265 344 2286 eos
360 2260 406 2294 qui
424 2263 533 2287 suntex
549 2261 648 2289 castris
666 2261 747 2290 Israel
763 2269 808 2291 :et

22 2299 167 2327 secundum
193 2303 426 2336 comparationem
454 2304 626 2332 sacerdotum
640 2306 805 2340 tubantium,

21 2345 103 2378 angeli
119 2345 221 2373 Christi
238 2355 299 2374 cum
317 2349 381 2375 tuba
397 2357 495 2384 magna
520 2351 726 2386 congregahunt
749 2352 802 2379 cle—

21 2393 74 2416 (‘tos
85 2391 144 2425 ejus
159 2399 174 2418 a
190 2397 310 2427 quatuor
323 2395 421 2422 ventis.
441 2395 492 2422 Sed
509 2396 536 2423 in
551 2396 679 2425 Numen-is
692 2398 801 2433 quidem

21 2435 72 2464 haac
86 2437 154 2465 facta
168 2439 328 2467 scribuntur
344 2440 370 2467 in
389 2442 481 2474 terris,
499 2442 526 2469 in
540 2442 694 2479 Evangeliis
711 2450 801 2472 autem

21 2488 33 2508 Β
49 2491 154 2512 summo
170 2489 250 2512 teme
266 2494 352 2521 usque
368 2487 401 2515 ad
417 2496 555 2516 summum
572 2490 646 2517 cmli.
664 2490 728 2518 Post
745 2491 803 2519 haec

21 2535 103 2556 autem
117 2538 131 2557 a
144 2531 260 2559 summis
275 2533 406 2560 caelorum
423 2542 511 2570 usque
526 2536 559 2562 ad
575 2544 682 2564 summa
695 2545 802 2566 eorum.

21 2572 47 2600 Et
66 2575 176 2604 forsitan
199 2577 242 2604 lea:
261 2579 382 2606 umbram
399 2579 477 2607 habet
502 2581 653 2615 futurorum
666 2583 707 2609 ὀε
733 2588 759 2611 et
776 2584 803 2611 in

21 2618 137 2649 Numeris
151 2630 261 2658 quoque
274 2624 346 2658 quod
361 2627 477 2658 positum
493 2631 534 2653 est
548 2627 580 2654 de
595 2628 667 2655 tubis
683 2633 710 2656 et
727 2629 803 2656 ordi—

21 2666 92 2694 nibus
106 2666 199 2700 lsrael,
223 2670 318 2697 umbra
337 2675 379 2698 est
396 2671 560 2700 futurorum.
588 2674 626 2702 Ne
643 2675 711 2702 torte
737 2683 802 2710 ergo

21 2717 145 2746 Irgentcae
163 2714 246 2749 tubae,
261 2716 391 2749 quoniam
409 2723 551 2754 argentum
574 2719 601 2747 in
622 2720 714 2749 multis
734 2721 802 2749 locis

63 2818 84 2833 '"‘
97 2827 123 2849 χ,
146 2820 155 2846 l
179 2824 205 2846 et
220 2828 294 2854 seqq.
349 2821 370 2836 9"
384 2819 464 2846 llebr.
482 2828 507 2851 x,
523 2820 546 2846 l.
585 2819 605 2835 "
620 2827 674 2853 xtv,
687 2819 714 2847 2.

21 2851 35 2866 ’⁸
49 2855 142 2889 M3511,
154 2856 198 2882 52.
238 2851 365 2882 9‘Matth.
386 2863 461 2889 xxtv,
474 2855 508 2882 52
524 2859 549 2882 et
562 2862 638 2890 seqq.

770 2821 792 2837 ⁹²
804 2820 909 2848 Coloss.
927 2827 955 2854 ll,
974 2819 1014 2852 l6,
1031 2819 1072 2846 Π.

861 2260 949 2282 autent
962 2262 1019 2280 mea
1036 2262 1088 2280 non
1108 2253 1257 2280 transibant
1273 2253 1307 2280 π’.
1324 2252 1468 2286 Quomodo
1486 2255 1519 2282 de
1538 2255 1589 2282 licu
1611 2255 1650 2283 si—

858 2300 983 2329 militudo
999 2307 1093 2327 eorum
1109 2306 1170 2333 quae
1187 2298 1260 2326 dicta
1278 2303 1342 2326 sunt
1360 2299 1473 2334 intelligi
1490 2301 1586 2335 possit,
1602 2309 1648 2329 se-

857 2348 976 2376 cundum
994 2346 1065 2381 quod
1080 2353 1229 2380 possumus
1243 2352 1423 2379 exponemus,
1438 2354 1472 2372 ne
1486 2346 1556 2374 forte
1573 2351 1649 2375 totus

859 2395 902 2422 hic
918 2393 1038 2421 mundus
1054 2396 1080 2419 et
1095 2392 1295 2419 consummatio
1311 2391 1370 2426 ejus
1384 2392 1445 2418 ticui
1465 2393 1642 2421 assimiletur.

858 2440 1053 2474 Unusquisque
1070 2437 1269 2473 proﬁcientium
1287 2437 1320 2464 ad
1333 2437 1416 2464 vitam
1430 2437 1535 2465 beatam
1555 2443 1585 2466 ut
1602 2440 1644 2467 vi-

857 2489 919 2516 deat
938 2486 1039 2513 Christi
1063 2484 1138 2512 verbi
1163 2483 1312 2519 gloriosum
1338 2483 1365 2510 in
1390 2491 1418 2511 se
1443 2488 1469 2510 et
1493 2484 1643 2518 perfectum

857 2534 1015 2564 adventant,
1036 2530 1098 2557 ﬁcui
1116 2529 1214 2557 similis
1230 2529 1371 2556 habeatur.
1396 2528 1473 2556 Sicut
1487 2530 1559 2556 enim
1576 2529 1643 2558 ficus

855 2579 881 2606 in
895 2583 1015 2612 tempore
1028 2576 1137 2611 quidem
1154 2575 1252 2602 hiemis
1265 2574 1372 2602 vitalem
1388 2574 1497 2609 quidem
1514 2575 1641 2602 virtutem

854 2624 934 2651 habet
951 2623 978 2650 in
994 2630 1032 2655 se,
1050 2620 1237 2648 absconditam
1254 2625 1344 2646 autem
1359 2619 1440 2646 habet
1454 2626 1525 2651 eam,
1542 2623 1570 2646 et
1586 2627 1641 2647 non

853 2671 919 2698 satis
935 2668 1108 2697 manifestam
1130 2675 1135 2692 :
1161 2666 1333 2702 postmodum
1355 2670 1444 2693 autem
1470 2673 1532 2693 cum
1556 2665 1642 2693 virtus

852 2718 909 2752 ipsa
939 2717 1029 2744 vitalis
1057 2713 1165 2750 prodire
1189 2713 1302 2749 cmperit
1334 2712 1366 2740 ad
1393 2712 1640 2740 manilestationem

1126 2819 1251 2848 “Matth.
1268 2827 1342 2851 xxn‘,
1356 2819 1400 2846 5i.
1455 2818 1477 2833 ⁹¹⁵
1490 2825 1526 2850 ιν,
1539 2815 1583 2850 14,
1597 2814 1644 2843 l5.
