1839 3053
166 95 232 122 Lib";

752 90 913 118 ORIGENIS
930 88 964 116 IN
985 88 1192 117 ΜΛΤΤΙΙᾸΞΟΜ

1734 89 1795 116 “$35

164 154 342 188 praetereunte
363 150 463 182 hieme,
479 156 510 176 ex
530 149 588 184 ipsa
606 148 761 176 valetudine
779 148 839 183 ejus
860 155 953 175 ramus
968 150 990 177 Α
1006 146 1145 181 proferens
1172 150 1293 173 tenerum
1311 153 1430 177 ramum,
1449 153 1505 172 non
1526 144 1603 172 illum
1618 144 1740 176 durum,
1756 147 1796 173 sel

163 196 279 225 efﬁcitur
303 200 388 228 tener,
410 195 537 230 producit
555 201 583 222 et
602 194 665 221 folia
679 202 686 220 ε
699 199 726 221 et
740 194 811 221 sicut
831 194 913 222 arbor
925 194 954 221 in

162 242 263 271 virtute
296 241 355 276 ipsa
379 240 442 267 folia
468 239 549 266 habet
577 243 604 266 et
629 238 754 273 fructus,
782 243 810 266 et
834 238 953 274 primum

163 288 272 324 quidem
296 291 338 315 est
361 294 488 322 gemma,
522 285 619 312 deinde
644 285 774 320 paulatiru
803 285 954 320 proﬁcisci-

164 340 210 361 tur
226 334 292 369 (83),
311 333 459 360 novissime
480 335 570 359 autem
591 335 634 358 est
659 331 686 358 in
712 331 771 366 ipso
784 331 899 359 effectu:
914 331 954 359 sic

162 383 190 407 et
204 379 333 409 mundus,
348 383 375 404 ct
388 377 577 412 unusquisque
593 383 687 403 eorum
701 376 746 411 qui
760 376 909 410 salvantur,
925 376 953 403 in

164 427 218 452 ﬁne
239 429 302 452 ante
315 423 417 451 Christi
440 423 588 450 adventum
612 423 691 458 quasi
713 423 741 449 in
757 422 857 456 hieme,
877 423 904 449 in
925 429 955 450 se

162 473 323 500 absconsum
338 469 419 498 habet
435 469 544 497 vitalem
559 469 688 496 virtutem
707 477 714 496 :
735 469 845 497 Christo
862 474 952 496 autern

161 518 323 552 inspirante,
342 516 388 552 qui
401 521 465 544 sunt
480 516 566 544 teneri
591 521 619 544 et
634 523 688 543 non
702 515 854 544 duricordii
872 516 952 548 rami,

162 569 189 591 et
211 571 272 599 quze
294 563 455 591 abscondita
479 568 559 591 erant
581 562 608 590 in
633 563 674 590 eis
696 563 908 598 progrediuntur
926 563 952 590 in

161 611 226 638 folia
240 615 335 638 aestate
361 610 491 642 instante,
509 613 535 636 et
550 608 711 636 manifestos
738 609 844 636 fructus
861 613 954 636 osten-

160 657 239 690 dunt,
259 663 329 691 quos
349 656 397 690 qui
421 655 519 690 aspicit
538 655 566 681 in
588 654 698 682 Christo
719 654 777 690 jam
800 655 882 682 videt.
908 654 953 682 Sic

162 708 188 730 et
204 703 230 730 in
246 703 337 737 aliqua
360 702 490 737 parabola
516 701 634 729 refertur
650 700 782 733 Pastoris,
797 701 819 729 si
837 701 881 728 cui
894 701 953 736 pla-

160 755 220 778 ceat
235 750 318 778 etiam
334 750 410 776 illum
431 749 521 783 legere
534 749 647 781 librum,
667 748 798 782 qu0niarn
821 748 951 776 szeculum

159 804 279 831 praesens
306 795 394 823 hiems
423 800 464 823 est
485 795 587 830 justis,
612 795 659 830 qui
684 799 818 830 apparent
846 794 951 822 similes

159 842 290 876 proximis
307 842 365 869 suis
382 847 489 872 natura,
504 845 531 868 et
544 840 691 869 arboribus
708 841 834 868 videlicet
845 840 951 868 cmteris

158 888 251 920 siccis,
268 892 389 922 tempore
413 892 503 914 autem
523 891 679 922 opportuno
696 887 723 913 in
740 886 875 914 fructibus
892 886 950 915 suis

160 937 300 968 apparent.
318 932 345 959 Si
363 937 454 960 autem
471 937 499 960 et
519 934 546 960 in
562 933 652 968 primo
672 933 777 968 psalmo
792 933 814 948 ⁰⁷
829 932 882 961 tale
897 932 950 960 ali-

159 979 225 1014 quid
246 980 275 1006 ﬁt
294 978 367 1014 quod
389 979 423 1006 de
443 979 522 1006 beato
538 979 639 1007 dicitur
655 979 711 1013 illo,
731 979 805 1014 quod
819 979 867 1007 erit
888 984 950 1006 tan-

158 1034 238 1061 quam
264 1025 364 1061 lignum
391 1026 459 1060 quud
486 1026 636 1060 plantatum
657 1031 694 1053 est
721 1034 795 1054 secus
821 1026 949 1053 decursus

158 1079 298 1106 aquarum,
313 1071 382 1106 quod
399 1071 515 1105 fructum
529 1080 607 1098 suum
623 1071 697 1098 dabit
720 1072 746 1098 in
765 1077 879 1106 tempore
889 1081 948 1106 suo,

157 1123 181 1146 et
191 1118 286 1153 folium
301 1119 358 1154 ejus
370 1127 422 1146 non
433 1118 538 1153 deﬂuet,
554 1124 578 1146 et
591 1120 681 1146 omnia
695 1127 859 1154 quarumque
870 1119 949 1154 faciet

157 1165 394 1200 prosperabunlur,
412 1170 439 1193 et
451 1170 478 1193 tu
494 1166 639 1193 considera
656 1166 729 1200 quod
740 1165 871 1200 scriptum
889 1170 947 1193 est:

159 1209 252 1237 Hiems
277 1212 395 1241 transiit,
427 1211 493 1239 abiit
521 1211 587 1245 sibi,
614 1211 693 1246 ﬂores
721 1216 900 1246 apparuerunt
921 1212 949 1238 in

158 1263 248 1289 terra,
278 1257 350 1284 sicut
372 1258 505 1292 scriptum
531 1257 557 1284 in
583 1258 696 1285 Cantico
718 1258 888 1285 canticorum
908 1259 947 1285 '“z

157 1308 190 1328 ex
215 1310 271 1336 quo
292 1302 419 1330 Christus
446 1302 556 1330 advenit
581 1303 627 1337 qui
648 1304 805 1338 temperiem
825 1303 948 1331 introdu-

157 1346 206 1378 xit,
221 1352 247 1374 et
261 1347 391 1375 hiemales
414 1348 527 1382 spiritus
551 1347 615 1375 fecit
637 1355 746 1376 cessare
760 1357 766 1375 :
780 1353 807 1375 et
825 1348 903 1382 ﬁcus,
921 1349 949 1376 id

156 1397 198 1419 est
221 1393 350 1424 mundus,
378 1398 500 1420 tenerum
525 1401 645 1426 ramum,
669 1393 696 1420 id
719 1398 761 1420 est
786 1393 947 1428 Ecolesiam,

156 1438 221 1465 fecit
240 1446 313 1466 nunc
330 1439 439 1474 quidem
466 1439 530 1467 folia
551 1439 745 1474 proferentem,
761 1441 847 1468 donec
862 1446 902 1468 est
920 1442 948 1469 in

156 1485 281 1518 proximo
297 1489 388 1517 aestas,
407 1485 528 1512 nondum
550 1490 640 1512 tamen
658 1485 785 1518 advenit;
809 1486 879 1513 facta
897 1493 948 1513 atr-

156 1534 209 1557 tcm
232 1536 338 1563 aestate,
358 1531 464 1565 plenius
489 1530 624 1566 perfectos
651 1536 678 1558 et
700 1536 821 1559 maturos
838 1532 948 1560 Christo

156 1577 225 1604 ﬁcus
242 1577 391 1611 praestabit,
404 1577 514 1611 quando
523 1578 673 1604 secundum
686 1577 832 1604 Jcremiam
846 1579 867 1594 9°
880 1579 948 1608 ﬁcus

156 1622 234 1649 bonae
248 1622 326 1650 bona:
341 1629 404 1650 sunt
423 1623 510 1656 valde,
525 1627 695 1658 congregatae
711 1623 737 1650 in
761 1623 885 1658 cophinis
899 1625 948 1652 ho-

156 1675 254 1695 norum
281 1668 407 1701 ficorutn,
423 1677 456 1696 ex
471 1670 572 1704 quibus
595 1669 719 1704 accipere
733 1670 801 1703 vult,
825 1674 852 1697 et
868 1671 947 1705 quasi

155 1714 235 1742 edere
253 1715 425 1742 dulcedinem
446 1723 553 1743 eorum.
576 1716 655 1743 Absit
675 1720 766 1743 autem
790 1724 806 1744 a
823 1717 904 1744 nobis
918 1720 949 1744 ut

154 1760 220 1788 Jesu
244 1762 370 1789 veniente
392 1761 425 1789 ad
447 1769 516 1794 nos,
538 1766 565 1789 et
590 1762 697 1790 volente
724 1763 892 1791 manducare
915 1763 949 1791 de

155 1806 218 1840 ﬁcu,
247 1815 301 1835 non
326 1808 482 1835 inveniatur
505 1807 612 1835 fructus
637 1808 663 1835 in
679 1815 720 1835 ea.
750 1807 779 1835 Si
799 1808 872 1836 enim
891 1816 946 1836 non

158 1853 241 1882 fuerit
261 1854 388 1882 inventus
411 1854 518 1882 fructus
541 1855 568 1882 in
583 1862 626 1886 ea,
646 1854 711 1882 dicit
727 1855 759 1882 ad
777 1863 837 1882 eam
853 1855 880 1882 in
897 1863 947 1883 suo

156 1900 284 1932 adventu,
301 1908 363 1935 quae
378 1908 431 1928 non
445 1901 595 1928 ostenderit
613 1900 738 1928 fructus:
754 1900 899 1936 Nunquam
915 1909 948 1928 ea;

156 1948 180 1970 te
205 1945 345 1979 quisquam
379 1945 498 1979 fructum
525 1945 665 1972 manducet
690 1946 710 1972 ‘.
737 1944 831 1973 Potest
855 1950 945 1973 autem

155 1990 223 2017 ﬁcus
244 1990 288 2017 illa
310 1991 421 2025 intelligi
445 1991 562 2026 populus
582 1991 812 2025 circumcisionis,
828 1992 862 2019 ad
877 1999 947 2027 quos

154 2036 278 2064 esuriens
301 2036 433 2065 Dominus
459 2038 550 2070 venit,
574 2041 601 2065 et
625 2045 686 2065 cum
716 2046 770 2064 non
800 2038 948 2066 invenisset

156 2082 274 2110 fructum
298 2083 325 2110 in
340 2092 383 2116 ea,
402 2084 449 2112 sed
474 2085 560 2111 solum
587 2085 705 2118 speciem
725 2085 845 2118 vitalem,
866 2085 944 2120 dixit,

155 2135 292 2163 nunquam
309 2137 341 2155 ex
359 2135 383 2156 te
402 2129 541 2164 quisquam
559 2130 678 2164 fructum
704 2131 855 2158 manducet.
879 2131 946 2158 Pro-

1007 192 1089 220 rnolle
1104 199 1153 220 cor
1168 191 1201 219 ad
1215 191 1380 219 credendum
1396 191 1453 219 Deo
1477 199 1485 217 ε
1511 195 1539 219 et
1553 190 1697 226 profectus
1717 194 1797 219 nostri

1004 238 1143 274 proferant
1160 238 1224 266 folia
1240 239 1348 266 interim
1358 242 1385 266 et
1401 238 1485 266 ﬂores
1494 245 1623 273 operum,
1640 243 1670 265 ut
1681 244 1799 274 postmo-

1004 284 1069 312 dum
1085 285 1166 312 etiam
1179 284 1394 321 perfectissimos
1407 284 1526 318 fructus,
1543 292 1606 312 cum
1618 284 1706 320 8'73
1721 293 1799 313 vene-

1007 332 1044 360 rit
1058 332 1133 367 quod
1159 331 1308 367 perfectum
1326 336 1379 364 est,
1403 332 1431 359 in
1449 331 1591 360 Christum
1608 332 1798 360 exhibeamns.

1003 377 1100 405 Adhuc
1118 382 1145 405 et
1168 378 1218 413 ipsi
1241 378 1288 413 qui
1309 378 1458 410 salvantur,
1483 378 1587 405 habent
1612 378 1641 405 in
1662 385 1695 405 se
1712 385 1798 405 veram

1003 424 1097 458 vitem,
1120 432 1183 452 eum
1213 425 1260 460 qui
1284 425 1372 452 dixit’
1393 434 1400 452 :
1429 424 1487 460 Ego
1507 434 1567 452 sum
1588 426 1654 452 citis
1688 434 1761 458 tera,
1776 429 1801 452 et

1004 470 1155 498 secundum
1183 471 1413 498 existimationem
1436 471 1517 504 vitis,
1546 476 1574 498 et
1598 471 1685 499 ﬁcum
1713 479 1800 499 veram

1004 516 1160 544 offerentem
1183 517 1317 544 salutares
1339 516 1459 550 fructus,
1478 517 1524 544 ubi
1546 518 1704 553 requiescit
1719 526 1798 545 unus-

1004 563 1120 598 quisque
1147 562 1298 590 seeundurn
1327 562 1477 597 spiritalem
1505 563 1728 598 promissionem
1756 563 1798 590 Dei

1003 609 1055 636 sub
1070 608 1123 636 vite
1138 616 1186 636 sua
1207 613 1234 636 et
1254 608 1305 635 sub
1318 609 1371 635 ﬁcu
1384 616 1435 636 sua
1450 608 1473 635 ³.
1491 608 1525 636 Et
1543 609 1609 636 vitis
1625 608 1738 643 quidem
1759 609 1798 635 illa

1003 654 1030 682 in
1045 654 1088 681 his
1102 654 1148 689 qui
1165 654 1321 689 proﬁciunt,
1338 654 1425 688 floret,
1449 659 1476 682 et
1494 655 1541 682 dat
1564 662 1650 682 suum
1677 655 1799 689 oderam;

1002 700 1071 728 ﬁcus
1091 704 1182 728 autem
1204 704 1232 728 et
1255 700 1313 735 ipsa
1335 700 1439 735 profert
1461 700 1569 728 fructus
1592 708 1674 733 suos,
1697 706 1729 728 ut
1744 706 1801 736 post

1002 747 1115 782 dignum
1131 745 1283 781 profectum
1297 746 1373 782 digni
1396 746 1547 774 efﬁciantur
1564 747 1733 774 caelestibus
1749 753 1801 774 tor-

1002 793 1142 820 cularibus
1159 792 1265 821 fructus
1280 800 1385 825 eorutn,
1401 798 1428 820 et
1445 793 1572 828 cophinis
1587 793 1710 821 ﬁcorum
1729 793 1801 820 valde

967 829 989 858 Β
1004 841 1137 867 tonorum
1157 839 1217 875 ejus
1232 839 1300 867 ﬁcus
1320 847 1381 874 qua:
1404 843 1514 867 teneros
1541 838 1655 866 fructus
1678 843 1707 866 et
1719 839 1801 867 bonus

1003 886 1114 920 protulit
1132 890 1195 913 ante
1208 890 1316 913 :cstum.
1332 885 1418 920 Cujus
1441 885 1547 913 fructus
1560 885 1650 913 etiam
1673 885 1801 921 languen-

1002 938 1051 964 tes,
1066 940 1120 960 non
1135 936 1226 959 autem
1246 932 1407 967 pigritantes
1423 939 1503 959 orare
1525 932 1720 965 medicantur,
1736 933 1800 960 sicut

1001 979 1133 1014 scriptum
1159 982 1201 1006 est.
1218 979 1227 994 ⁸
1246 979 1281 1006 de
1307 977 1423 1006 Ezechia
1441 986 1504 1014 rege
1521 978 1549 1005 in
1571 978 1658 1010 Isaia,
1677 979 1727 1014 qui
1750 980 1799 1006 sal-

1000 1031 1080 1053 vatus
1103 1029 1145 1053 est
1162 1033 1211 1060 per
1227 1024 1306 1058 ﬁcus,
1330 1028 1360 1052 ut
1381 1032 1418 1052 ne
1440 1029 1617 1057 moreretur;
1640 1025 1692 1052 sed
1717 1029 1744 1052 et
1763 1024 1799 1051 sol

999 1070 1083 1106 super
1103 1078 1166 1098 eum
1187 1071 1215 1098 in
1238 1070 1369 1106 gradibus
1391 1070 1594 1097 demonstravit
1617 1069 1755 1104 majorem
1777 1076 1800 1097 ct

1001 1117 1144 1145 clariorem
1166 1117 1192 1144 ei
1208 1117 1279 1144 diem
1296 1116 1421 1144 eﬁectam
1438 1117 1459 1143 '.
1486 1115 1570 1143 Multa
1589 1122 1635 1144 est
1655 1124 1724 1152 ergo
1743 1125 1800 1150 spes

982 1159 984 1162 ’
1000 1164 1027 1190 in
1041 1163 1094 1192 ticu
1113 1171 1175 1199 quze
1189 1171 1222 1191 ex
1237 1163 1283 1190 Dei
1302 1163 1393 1190 verbis
1409 1163 1529 1197 primum
1548 1163 1666 1197 quidem
1689 1162 1753 1190 fecit
1767 1169 1800 1190 te-

1000 1217 1097 1236 nerum
1108 1217 1216 1237 ramum
1231 1216 1324 1241 suum,
1338 1212 1434 1243 postea
1449 1213 1541 1236 autem
1559 1209 1712 1236 nascentia
1729 1209 1799 1236 folia.

1000 1255 1113 1284 Talibus
1134 1263 1218 1291 prope
1241 1260 1283 1283 est
1305 1260 1397 1288 mstas,
1421 1260 1449 1283 et
1473 1262 1560 1290 prope
1582 1261 1629 1283 est
1654 1256 1685 1283 in
1713 1256 1801 1283 limine

999 1303 1145 1338 gloriosus,
1161 1307 1188 1330 et
1204 1303 1232 1330 in
1248 1302 1366 1330 nubibus
1376 1301 1478 1329 Christi
1488 1301 1640 1333 adventus.
1659 1307 1689 1330 et
1703 1303 1801 1330 adirem

1000 1353 1045 1376 tus
1065 1349 1159 1384 gloriae.
1174 1348 1256 1376 Verbi
1274 1348 1333 1381 Dei,
1355 1352 1382 1376 et
1402 1355 1488 1382 prope
1511 1352 1555 1375 est
1571 1347 1738 1382 hujusmodi
1756 1348 1800 1374 ho-

999 1393 1121 1422 minibus
1136 1402 1248 1429 regnum
1265 1393 1323 1421 Dei.

1035 1440 1080 1468 54.
1103 1440 1186 1467 Amen
1203 1440 1262 1467 dico
1278 1440 1361 1473 vobis,
1380 1441 1507 1475 quoniam
1529 1448 1582 1466 non
1606 1439 1740 1466 transibit
1759 1447 1798 1475 ge-

1001 1486 1102 1513 neratio
1119 1485 1184 1518 hwc,
1200 1485 1282 1512 donec
1295 1485 1384 1512 omnia
1398 1485 1454 1513 lucc
1466 1485 1546 1519 fiant.
1566 1485 1676 1512 Cwlum
1693 1490 1718 1512 et
1735 1491 1800 1511 terra

1002 1531 1164 1563 transibunt,
1188 1531 1267 1558 verba
1283 1536 1373 1558 autem
1395 1539 1453 1558 mea
1476 1539 1528 1558 non
1545 1531 1704 1558 transibunt
1718 1531 1738 1558 ⁸.
1759 1530 1799 1557 Vi-

999 1579 1113 1606 deamus
1138 1585 1199 1612 qua;
1223 1577 1258 1605 sit
1283 1579 1422 1612 generatio
1448 1578 1506 1606 haec
1533 1579 1568 1606 de
1593 1586 1651 1613 qua
1681 1578 1798 1612 loquitur

1001 1623 1140 1652 Christus.
1164 1623 1197 1653 Et
1217 1623 1357 1658 simplices
1381 1623 1492 1659 quidem
1517 1623 1553 1651 ad
1579 1623 1800 1651 destructionem

999 1669 1150 1697 Jerusalem
1176 1669 1300 1697 referunt
1319 1669 1401 1696 verba
1414 1690 1422 1702 ,
1444 1673 1471 1696 et
1492 1669 1526 1696 de
1548 1669 1595 1696 illa
1620 1670 1799 1704 generatione

1000 1715 1159 1743 existimant
1173 1715 1275 1743 dictum
1290 1723 1351 1750 quae
1365 1714 1418 1742 fuit
1435 1720 1558 1750 tempore
1572 1715 1679 1743 Christi
1700 1721 1728 1742 et
1743 1724 1799 1750 pas-

999 1762 1105 1789 sionem
1123 1761 1184 1795 ejus
1205 1761 1326 1795 aspexit,
1353 1769 1407 1788 non
1431 1761 1612 1789 transiturum
1635 1762 1800 1796 priusquam

1000 1809 1077 1835 lieret
1100 1807 1251 1836 destructio
1277 1808 1395 1836 civitatis
1426 1808 1511 1836 illius.
1537 1807 1641 1835 Nescio
1663 1813 1759 1834 autem
1779 1807 1799 1834 si

1000 1854 1112 1881 verbum
1135 1852 1170 1880 ad
1189 1853 1301 1880 verbum
1325 1861 1463 1889 exponere
1484 1857 1603 1888 possunt
1626 1853 1705 1888 quod
1724 1853 1798 1882 ait’:

1000 1898 1061 1926 Non
1076 1899 1170 1927 videtis
1182 1899 1237 1926 Ita’c
1249 1899 1357 1925 omnia?
1369 1899 1454 1926 Amen
1468 1899 1528 1925 dico
1545 1898 1630 1931 vobis,
1650 1907 1706 1925 non
1723 1899 1798 1924 ralia-

998 1950 1094 1980 quetur
1116 1945 1158 1972 hic
1181 1946 1250 1980 lapis
1269 1953 1347 1979 super
1367 1945 1483 1980 lapidem
1497 1945 1543 1979 qui
1558 1953 1612 1971 non
1629 1945 1798 1977 destrui",

1000 1999 1088 2026 usque
1106 1992 1138 2018 ad
1157 1991 1222 2019 illud
1238 1992 1310 2026 quod
1325 1991 1382 2018 ait:
1403 1991 1491 2026 Prope
1503 1997 1542 2018 est
1562 1991 1589 2017 in
1605 1991 1713 2018 limine.
1739 1991 1798 2018 For-

999 2038 1068 2065 sitan
1084 2039 1157 2065 enim
1179 2038 1206 2065 in
1224 2037 1388 2073 quibusdam
1411 2042 1552 2072 poterunt,
1575 2037 1604 2064 in
1626 2037 1694 2065 aliis
1712 2044 1797 2065 auten

998 2084 1112 2111 omnino
1133 2091 1186 2111 non
1204 2086 1343 2118 poterunt.
1362 2081 1394 2110 Et
1409 2083 1478 2110 satis
1495 2082 1685 2116 coangustati,
1708 2084 1797 2110 nescio

998 2131 1021 2156 si
1048 2128 1151 2164 aliquid
1174 2128 1266 2155 dicere
1292 2127 1442 2163 potuerint.
1471 2127 1528 2155 Nos
1553 2133 1649 2155 autem
1679 2128 1709 2156 in
1734 2128 1797 2155 locis

154 2179 213 2208 pter
228 2174 299 2208 quod
316 2173 342 2201 in
357 2174 473 2201 adventu
490 2175 550 2210 ejus
564 2175 695 2202 continuo
711 2176 831 2204 arefacta
847 2182 888 2205 est
901 2178 947 2206 illa
964 2183 985 2210 υ
1000 2175 1094 2202 multis
1108 2175 1296 2205 observantes,
1315 2181 1414 2201 nomen
1436 2174 1627 2209 generationis
1650 2174 1797 2210 dupliciter

155 2219 235 2250 ﬁcus,
259 2219 286 2246 id
309 2223 351 2246 est
368 2220 485 2254 populus
509 2220 570 2253 ille;
591 2220 634 2246 illa
655 2226 746 2248 autem
774 2222 859 2251 altera
876 2223 944 2252 ﬁcus

154 2271 233 2298 quas,
259 2270 391 2299 quantum
416 2265 450 2292 ad
474 2265 563 2300 priora
589 2271 725 2301 tempora,
751 2268 852 2296 sterilis
873 2274 943 2303 erat,

154 2317 216 2344 quae
231 2308 319 2337 fuerat
333 2310 389 2345 jam
417 2311 564 2339 excidenda
587 2317 729 2346 propterea
750 2314 822 2348 quod
841 2315 943 2343 nullam

157 2355 290 2383 habuerat
305 2356 456 2384 adhibitam
476 2357 527 2385 sibi
545 2358 713 2393 diligentiam
734 2367 749 2386 a
763 2367 814 2387 suo
829 2360 944 2395 fossore,

155 2408 217 2428 cum
236 2405 342 2430 stercus
362 2402 400 2429 illi
418 2403 533 2438 coeperit
550 2404 737 2438 circummitti,
752 2405 872 2440 proferet
886 2407 944 2434 frti-

152 2450 230 2480 ctus;
261 2455 323 2482 quae
348 2447 495 2483 aliquando
520 2455 699 2478 evacuaverat
723 2455 845 2485 terram,
871 2460 944 2480 nunc

154 2496 246 2520 autem
271 2493 403 2528 largiores
424 2493 530 2522 fructus
557 2495 682 2530 producit
705 2496 787 2524 etiam
811 2505 859 2532 pro
876 2502 944 2525 tem-

156 2545 223 2572 pore
237 2543 377 2566 transacto
396 2539 422 2567 in
438 2547 493 2574 quo
507 2541 608 2568 sterilis
624 2541 684 2569 fuit.
706 2542 740 2568 Et
755 2543 943 2578 unusquisque

156 2589 280 2611 nostrum
298 2589 360 2619 post
384 2585 486 2613 hiemes
511 2587 703 2621 tentationurn,
724 2592 751 2615 et
775 2593 836 2622 post
855 2588 942 2616 tristi-

155 2630 220 2657 tiam
234 2631 418 2666 periculorum
434 2637 632 2661 transactorum
653 2634 686 2661 ad
699 2639 820 2661 aestatem
836 2634 944 2662 festinet

188 2722 211 2738 ⁸⁷
223 2730 294 2750 vers.
311 2723 339 2750 5.
377 2721 401 2739 "
421 2731 452 2756 ll,
465 2723 508 2755 ll,
522 2723 564 2749 l2.
603 2724 625 2739 ’⁵
640 2731 713 2755 xxrv,
729 2723 756 2749 5.

155 2755 242 2785 “ibid.
255 2757 300 2784 Η.

193 2813 248 2848 (85)
267 2814 295 2841 ιιι
311 2821 350 2842 est
362 2817 476 2850 proﬁcit.

796 2721 896 2749 'Marc.
911 2730 948 2754 ιιι,
967 2722 1010 2750 Η.
1026 2724 1036 2738 ²
1047 2722 1129 2751 Joan.
1143 2733 1187 2758 xv,
1201 2726 1225 2752 1.

338 2758 348 2773 ⁸
357 2757 451 2784 Matth.
463 2766 536 2790 xxiv,
547 2758 592 2791 34,
608 2758 652 2786 55.
692 2758 701 2773 ⁷
713 2758 777 2784 ibid.
792 2758 809 2784 ‘2
820 2761 846 2784 et
856 2764 931 2792 seqq.
945 2757 955 2773 ⁸
967 2766 984 2791 ι,
995 2759 1020 2785 4.
1059 2759 1064 2774 ¹

463 2766 536 2790 xxiv,
547 2758 592 2791 34,
608 2758 652 2786 55.
692 2758 701 2773 ⁷
713 2758 777 2784 ibid.
792 2758 809 2784 ‘2
820 2761 846 2784 et
856 2764 931 2792 seqq.
945 2757 955 2773 ⁸
967 2766 984 2791 ι,
995 2759 1020 2785 4.
1059 2759 1069 2774 ’
1082 2761 1180 2787 vers.l.

999 2220 1158 2254 accipimus.
1182 2219 1356 2246 Arbitrantur
1376 2218 1449 2246 enim
1467 2218 1538 2246 duas
1559 2227 1623 2247 esse
1640 2221 1796 2255 generatio-

999 2273 1058 2299 nes,
1074 2273 1156 2292 unam
1171 2264 1279 2305 quidem
1295 2263 1464 2295 Judzcorum,
1484 2264 1601 2291 alteram
1619 2269 1717 2291 autem
1733 2272 1796 2299 gen-

997 2313 1078 2339 tium.
1105 2311 1151 2338 Sic
1166 2311 1343 2345 intelligimus
1364 2315 1392 2338 et
1411 2310 1599 2338 Ecclesiasten
1621 2311 1796 2339 dicentem“:

999 2357 1139 2385 Ceneratio
1154 2357 1237 2390 radit,
1257 2361 1282 2383 et
1297 2356 1431 2391 generatio
1447 2358 1528 2389 venit,
1544 2362 1569 2384 et
1584 2362 1661 2384 terra
1683 2358 1711 2384 in
1725 2364 1798 2385 στιπ-

998 2411 1061 2430 num
1075 2407 1139 2430 stat.
1166 2401 1204 2429 De
1225 2403 1326 2437 popqu
1351 2402 1425 2429 enim
1442 2401 1605 2430 Judmorum
1620 2404 1796 2438 prophetas.

997 2451 1044 2486 qui
1060 2449 1150 2477 fuerat
1169 2448 1349 2479 transiturus,
1365 2449 1414 2479 ait,
1429 2449 1569 2483 generatio
1588 2450 1689 2480 vadit:
1705 2450 1738 2477 de
1754 2458 1797 2485 po-

996 2495 1060 2531 pulo
1072 2499 1163 2522 autem
1177 2494 1297 2529 gentium
1314 2494 1453 2521 credituro
1465 2494 1548 2527 dixit,
1565 2497 1708 2530 generatio
1725 2496 1796 2523 κιίι.

998 2541 1062 2568 Tale
1080 2539 1183 2575 aliquid
1199 2544 1265 2575 puto
1282 2545 1309 2567 et
1330 2540 1358 2566 in
1379 2539 1487 2574 psalmo
1511 2542 1692 2576 octogesimo
1711 2542 1796 2569 nono'

998 2588 1051 2615 dici
1069 2595 1084 2614 a
1099 2586 1191 2622 Moyse
1208 2586 1234 2613 in
1249 2586 1372 2613 oratione
1392 2586 1482 2621 ipsius
1496 2595 1503 2612 :
1520 2586 1652 2620 Domine,
1674 2589 1795 2624 refugi-sv.

999 2634 1085 2667 fartus
1100 2640 1127 2658 es
1143 2631 1218 2658 nobis
1235 2639 1251 2657 α
1266 2632 1436 2666 generatione
1456 2632 1485 2658 in
1498 2635 1716 2667 generationem.
1731 2633 1795 2660 Dua-

1265 2726 1274 2741 ²
1294 2724 1327 2752 lll
1342 2725 1408 2760 Reg.
1423 2734 1461 2759 tv,
1474 2727 1522 2755 εδ.
1566 2728 1577 2742 ⁵
1589 2728 1625 2756 ιν
1640 2730 1706 2766 Reg.
1724 2727 1793 2763 n.7-
