1839 3053
21 129 97 156 ιϋεδ

591 126 919 155 COMMENTARIORUM
941 124 1073 154 SERIES.

1590 124 1658 152 1686

19 193 86 214 runt
101 185 175 213 enim
194 186 401 221 generationum
427 185 560 220 refugium
585 190 626 213 est
643 185 729 218 Deus,
755 186 818 222 quia
834 187 855 216 Α
871 184 911 213 iit.
928 183 1014 211 Instat
1027 183 1100 211 enim
1118 187 1143 210 et
1159 186 1300 217 operatur,
1314 182 1376 216 quia
1395 190 1482 216 neque
1494 183 1656 218 principium

19 240 97 259 unus
114 237 153 260 est
169 232 240 260 Deus
253 233 298 268 qui
311 232 446 267 justi/icat
459 233 686 260 circumcisionem
705 241 737 260 ea:
754 233 815 268 ﬁde,

18 283 44 304 et
60 279 224 313 prwputt'um
241 287 288 313 per
305 279 385 313 [idem
399 279 431 306 ¹⁰.
456 278 487 306 Et
500 279 629 314 quoniam
645 287 696 305 non
716 284 817 306 tantum

20 323 195 357 Iudteorum,
213 324 258 351 sed
269 324 351 351 etiam
365 324 483 359 gentium
498 329 537 351 est
552 324 622 351 Deus
634 325 667 357 “,
681 332 746 359 ergo
763 332 817 352 non

18 370 175 404 praeteribit
188 370 327 405 generatio
339 369 407 397 Novi
422 369 590 398 Tcstamenti
606 377 666 405 qua:
682 374 724 398 est
734 370 761 397 in
778 370 818 398 fa-

18 416 64 443 cie
81 416 245 449 Salvatoris,
264 423 352 451 neque
365 416 451 444 abibit
467 416 500 444 ad
519 416 579 444 illas
594 416 687 444 beatas
701 416 819 451 prornis-

18 461 118 489 siones
136 461 210 489 illius
225 462 329 493 saeculi.
347 462 434 490 donec
449 462 542 489 omnia
560 462 625 490 ﬁant
639 469 699 497 qua:
712 462 818 489 locutus

18 512 65 535 est
100 507 239 536 Christus.
275 507 428 543 Unicuique
458 508 532 535 enim
559 512 683 536 nostrum
711 512 819 543 oportet

18 554 119 581 omnia
135 554 193 581 ﬁeri
213 561 275 589 qua:
293 554 422 589 praedicta
440 558 514 587 sunt,
540 554 612 582 sicut
632 561 681 589 per
695 554 819 589 singulas

18 599 213 634 expositiones
237 599 411 627 tradidimus.
449 599 508 627 Una
534 607 598 634 ergo
618 601 756 635 generatio
777 605 818 628 est

19 645 156 673 Ecclesiae
174 652 236 680 quae
252 646 335 681 coepit
356 653 390 673 ex
404 646 527 673 doctrina
544 645 652 673 Domini
667 645 817 674 Salvatoris

18 698 115 726 usque
134 691 168 718 ad
185 692 470 725 consummationem;
493 696 521 719 et
534 691 591 719 hac
607 691 664 727 ipsa
679 693 817 727 generatio

18 736 156 764 transivit
167 736 278 771 quidem
294 736 442 771 aliquando
464 740 551 764 totum
565 736 694 764 saeculum
710 736 772 770 hoc,
791 741 818 765 et

18 782 203 816 per-transibit
224 783 324 818 ipsum,
352 787 381 809 ut
405 782 546 810 lmreditet
573 783 640 810 illud
675 783 815 817 futurum;

16 833 118 855 tamen
150 827 238 855 donec
270 828 337 856 ﬁant
363 828 422 856 haec
457 828 570 862 omnia,
593 835 648 856 non
679 829 814 857 transibit.

872 230 1001 266 operandi
1025 233 1089 257 ante
1112 233 1234 264 tempora
1259 230 1364 257 dierutn
1389 229 1507 263 accepit,
1528 230 1574 257 Sed
1595 229 1669 258 cnm‘

872 281 997 304 creatura
1014 275 1105 310 coepit,
1123 280 1150 303 et
1167 283 1227 303 cum
1244 278 1369 304 creatura
1384 275 1522 302 transibit.
1541 275 1656 303 Verbum

872 327 961 350 autem
973 322 1046 357 quod
1060 321 1144 358 874
1154 322 1274 350 l'uitante
1289 326 1456 355 creaturam,
1467 328 1520 348 non
1534 322 1659 349 transibit

872 375 934 395 cum
952 371 1088 396 creatura.

906 413 951 441 55.
973 412 1010 439 De
1029 412 1071 439 die
1093 415 1180 438 autem
1201 410 1250 437 illa
1271 415 1296 438 et
1313 410 1380 437 liora
1402 418 1475 438 nemo
1493 410 1555 443 scit,
1580 417 1660 445 neque

872 459 959 495 angeli
983 457 1119 491 caelorum,
1146 466 1226 493 neque
1246 457 1346 489 Filius,
1369 457 1420 483 nisi
1436 456 1519 484 Pater
1539 456 1611 483 solus
1627 456 1658 483 ".

873 507 1005 535 Videntur
1021 506 1080 532 haec
1101 512 1216 541 arguere
1230 512 1278 533 eos
1299 505 1345 540 qui
1361 503 1525 539 promittunt
1539 503 1573 531 de
1593 511 1660 531 con-

872 553 1054 581 summatione
1077 556 1104 578 et
1124 550 1299 585 corruptione
1320 549 1415 577 mundi
1436 556 1465 577 se
1480 548 1660 583 comprelien~

871 599 945 631 dere,
960 601 986 626 et
1002 597 1177 634 pronuntiant
1190 596 1268 631 quasi
1285 596 1366 623 instet
1379 595 1436 623 dies
1452 594 1577 622 Domini:
1590 601 1658 629 qua-

872 644 911 672 les
937 644 1068 671 dicuntur
1095 641 1180 670 fuisse
1208 642 1318 678 quidam
1344 640 1603 669 Tliessalonicenses
1631 640 1657 666 iu

872 696 994 725 tempore
1008 689 1142 724 Apostoli,
1161 689 1195 716 de
1211 688 1312 723 quibus
1336 687 1433 715 scribit
1450 687 1502 712 u':
1524 685 1659 721 Rogamus

871 741 959 762 autem
971 743 1026 767 vos,
1043 735 1153 770 fratres,
1163 742 1210 770 per
1224 734 1365 761 adventum
1379 732 1484 760 Domini
1499 732 1582 759 nostri
1594 731 1658 758 Jesu

872 781 981 813 Christi,
1001 785 1025 808 et
1039 785 1159 808 nostram
1175 779 1404 815 congregationem
1424 779 1451 805 in
1471 778 1541 813 ipso,
1557 782 1587 804 ut
1607 785 1658 804 non

871 827 923 854 cito
940 827 1098 854 moveamini
1117 835 1133 853 a
1147 834 1225 853 sensu
1244 829 1342 857 vestro,
1359 832 1440 860 neque
1453 823 1656 856 conturbemini,

16 873 142 906 Quando
165 878 256 901 autem
281 874 310 902 in
335 874 379 902 his
410 874 539 901 omnibus
564 874 702 903 sulﬁciens
725 874 816 908 fuerit,
833 869 854 896 Β
870 881 951 908 neque
971 881 1017 908 per
1035 873 1176 908 spiritum,
1198 879 1279 907 neque
1300 870 1485 906 permerbum,
1507 877 1588 905 neque
1612 877 1658 904 per

17 925 46 946 et
71 919 253 954 impassibilis
288 919 472 955 permanserit
495 927 583 954 usque
609 920 643 947 ad
667 920 817 956 gloriosum

17 963 131 992 Christi
150 964 308 998 adventum,
329 969 394 992 tunc
410 964 597 1000 pertransibit.
614 964 717 992 Tamen
731 965 819 994 donec

18 1011 93 1038 ﬁant
117 1010 176 1037 haec
193 1010 302 1042 omnia,
322 1017 377 1037 non
398 1009 523 1045 quadam
547 1017 642 1038 eorum
666 1018 727 1046 quae
747 1011 818 1038 dicta

17 1060 109 1090 sunt,
135 1056 260 1092 quaedam
291 1060 382 1084 autem
408 1064 464 1084 non
490 1061 556 1084 sunt
591 1055 698 1090 futura,
725 1061 817 1085 tamen

17 1102 155 1130 transibit
177 1102 317 1137 generatio
342 1101 411 1134 haec,
434 1110 496 1130 cum
521 1102 614 1130 omnia
635 1102 693 1130 haec
717 1102 818 1131 fuerint

19 1150 111 1182 facta,
129 1156 193 1176 cum
218 1147 356 1175 transierit
379 1155 434 1175 non
459 1148 548 1176 solum
571 1152 658 1183 terra,
674 1149 722 1178 sed
735 1149 816 1177 etiam

16 1194 139 1226 celum,
158 1194 185 1221 id
199 1198 242 1221 est
258 1201 313 1221 non
334 1193 423 1221 solum
439 1194 467 1221 hi
487 1194 613 1223 homines
628 1203 745 1231 quorum
763 1196 817 1223 vita

16 1245 132 1268 terrena
145 1244 196 1272 est,
213 1245 240 1268 et
252 1244 394 1275 propterea
411 1245 482 1268 terra
496 1240 626 1269 dicuntur
639 1251 646 1275 ;
668 1242 717 1270 sed
731 1242 813 1270 etiam

18 1287 61 1314 illi
76 1294 195 1321 quorum
210 1286 382 1315 conversatio
397 1291 438 1315 est
454 1287 481 1314 in
498 1287 585 1320 cmlis,
601 1292 628 1316 et
642 1288 704 1316 ideo
716 1289 816 1317 caelum

18 1337 171 1360 vocantur.
200 1332 368 1361 Transibunt
391 1337 483 1363 autem
509 1333 542 1360 ad
565 1333 666 1367 futura,
684 1338 712 1362 et
726 1335 818 1363 omnis

21 1383 115 1405 status
139 1385 250 1412 eorum,
264 1383 294 1406 ut
316 1379 428 1406 veniant
452 1378 485 1406 ad
507 1379 687 1406 eminentiOra
709 1384 737 1406 et
760 1387 818 1407 me-

21 1425 105 1452 liora.
120 1422 242 1461 Ouorum
262 1424 467 1457 revelationem,
484 1431 546 1451 cum
567 1424 622 1451 sint
635 1424 683 1451 ﬁlii
697 1423 755 1456 Dei,
770 1432 817 1452 ex-

19 1470 161 1505 spectatio
184 1475 318 1498 creaturae
341 1474 495 1504 exspectat,
520 1475 547 1498 et
572 1470 662 1498 omnis
692 1475 816 1498 creatura

19 1513 205 1549 congemiscit
214 1511 255 1540 eis
264 1518 292 1541 et
300 1515 503 1547 dolet.“donee
519 1523 533 1542 a
547 1515 645 1543 timore
662 1515 770 1542 Domini
788 1516 815 1542 in

20 1558 274 1594 uteroaccipientcs
298 1558 452 1592 pepererit“
477 1560 818 1595 spiritumsalutisfacicn-

19 1609 67 1632 tes
81 1612 147 1632 suas
163 1603 277 1638 feturas,
295 1609 322 1632 et
335 1609 399 1632 tunc
416 1605 544 1633 transibit
560 1606 700 1641 generatio
713 1606 747 1634 de
764 1614 818 1642 qua

19 1650 149 1686 loquitur
164 1650 303 1685 Christus,
321 1656 348 1679 et
359 1652 458 1680 coelum
479 1653 630 1680 secundum
647 1653 718 1688 quod
733 1660 818 1688 expo~

18 1696 144 1728 suimus,
161 1701 189 1727 et
205 1701 276 1724 terra
291 1697 442 1726 secundum
456 1698 527 1733 quod
541 1698 713 1726 tradidimus.
730 1697 819 1726 Verba

19 1747 118 1770 autem
129 1750 191 1778 quae
208 1751 224 1770 a
241 1742 382 1772 Salvatore
399 1748 464 1772 sunt
481 1744 565 1777 dicta,
579 1752 634 1772 non
652 1744 817 1778 transibunt,

18 1787 158 1824 quoniam
175 1797 237 1824 qua
249 1798 298 1818 sua
314 1790 425 1826 propria
445 1794 508 1817 sunt
528 1793 689 1824 operantur,
703 1794 730 1817 et
745 1797 819 1818 nunc

18 1838 51 1861 et
66 1840 175 1868 semper
191 1835 387 1869 operabuntur.
411 1834 528 1862 Perfecti
549 1839 640 1862 autem
657 1839 684 1862 et
704 1835 750 1870 qui
763 1843 819 1862 nou

22 1879 176 1914 recipiunt,
194 1886 223 1907 ut
235 1881 292 1916 jam
309 1881 437 1908 meliores
459 1880 620 1913 eﬁieiantur,
645 1885 818 1909 transeuntes

24 1925 106 1961 quod
125 1931 200 1960 sunt,
224 1927 386 1962 perveniunt
407 1927 441 1954 ad
457 1926 523 1954 illud
539 1926 612 1961 quod
626 1934 680 1954 non
693 1930 767 1954 sunt.
788 1925 818 1954 lu

18 1981 58 2001 eo
78 1977 172 2000 autem
192 1973 265 2008 quod
281 1973 361 2006 dixit,
377 1972 455 1999 verba
475 1976 563 1999 autem
576 1980 633 1999 mea
647 1979 698 1998 non
709 1976 818 2006 praeter-

19 2019 114 2052 ibunt,
131 2022 159 2046 et
173 2019 226 2046 hoc
242 2019 373 2046 existimo
397 2017 586 2053 quaerendum,
601 2025 635 2045 ne
650 2017 720 2046 forte
732 2017 818 2053 Moysi

20 2065 138 2100 quidem
156 2065 239 2092 verba
264 2069 291 2093 et
314 2065 509 2100 prophetarum
535 2063 713 2096 trattsierunt,
737 2064 818 2091 verba

20 2115 118 2139 autem
129 2110 195 2139 Jesu
210 2110 312 2139 Christi
332 2119 387 2138 non
411 2111 599 2138 transierunt:
612 2109 743 2145 quoniam
758 2117 819 2144 quas

19 2157 262 2192 prophetabantur
275 2157 384 2192 quidem
396 2157 432 2184 ab
450 2157 505 2184 illis
520 2157 630 2192 impleta
646 2161 720 2190 sunt,
734 2157 818 2184 verba

18 2208 118 2231 autem
129 2203 234 2232 Christi
249 2211 359 2239 semper
373 2208 438 2232 sunt
452 2203 541 2238 plena,
555 2209 582 2231 et
599 2204 626 2231 in
645 2208 707 2231 actu
723 2203 817 2238 implc-
834 2222 855 2250 ο

20 2250 110 2278 tionis
125 2254 190 2278 sunt
209 2258 328 2285 semper,
347 2255 373 2278 et
392 2250 514 2285 quotidie
535 2250 692 2286 implentur,
706 2254 734 2278 et
747 2257 818 2277 nun-

19 2303 110 2331 quam
125 2295 334 2331 per-implentur.
351 2297 412 2331 Ipsa
429 2295 501 2323 enirn
521 2301 585 2324 sunt
601 2304 663 2332 quae
674 2296 701 2323 in
716 2296 818 2323 sanctis

17 2345 51 2369 et
75 2340 188 2376 impleta
213 2345 278 2368 sunt
297 2345 324 2369 et
342 2342 499 2377 implentur,
520 2347 548 2370 et
571 2342 662 2370 adhuc
683 2346 748 2370 sunt
767 2342 818 2370 im-

21 2385 136 2420 plenda.
152 2386 207 2413 Aut
226 2385 296 2414 forte
312 2393 400 2422 neque
417 2386 502 2423 Moysi
516 2387 599 2414 verba
617 2387 659 2415 vel
673 2388 819 2422 propheta-

19 2439 87 2459 rum
100 2431 193 2459 dicere
207 2431 338 2460 debemus
353 2433 463 2468 impleta
477 2433 590 2461 omnino
603 2442 609 2459 :
623 2433 731 2468 proprie
743 2433 815 2461 enirn

19 2482 50 2504 et
75 2477 122 2504 illa
142 2477 225 2506 verba
247 2478 309 2506 Filii
325 2479 373 2507 Dei
398 2483 462 2507 sunt
484 2483 512 2507 et
526 2487 634 2514 semper
658 2480 814 2515 implentur.

20 2522 99 2557 Ergo
119 2522 223 2550 banum
250 2528 292 2551 est
315 2524 474 2552 altitudines
486 2524 631 2552 verborum
661 2525 816 2553 divinorum

19 2568 118 2596 verbis
133 2569 302 2604 simplicibus
317 2570 470 2605 explicare;
485 2575 573 2598 tamen
590 2575 700 2605 propter
714 2579 817 2606 paucos

19 2614 209 2643 discutiamus
236 2615 296 2643 haec
321 2619 426 2644 tantum
463 2616 660 2651 intelligentes,
686 2618 814 2652 quoniam

20 2661 142 2688 verbum
157 2661 231 2696 quod
253 2662 281 2689 in
298 2663 381 2690 verbo
396 2662 444 2690 Dei
463 2663 615 2690 humanum
635 2669 688 2698 est,
709 2673 724 2692 a
740 2673 816 2693 crea-

21 2713 104 2735 tione
118 2708 212 2736 mundi
228 2716 316 2743 usque
330 2709 363 2736 ad
377 2712 642 2739 consummationem
658 2719 713 2738 non
725 2716 816 2740 trans-

61 2809 84 2824 ¹⁶
105 2807 184 2836 Rom.
202 2816 247 2841 tu,
259 2807 303 2835 30.
333 2808 352 2823 "
366 2807 483 2835 ibid.29.
524 2810 544 2826 “
559 2809 637 2837 Rom.
654 2817 712 2842 vrri,
727 2810 770 2842 l9,
783 2810 828 2837 22.

164 2845 184 2860 "
197 2843 259 2872 Luc.
276 2843 353 2877 ",52.
395 2845 414 2860 ”
427 2843 540 2879 l'hiltpp.
554 2853 583 2878 ii,
596 2845 621 2872 9.
661 2845 682 2860 ”
693 2845 752 2872 Art.
769 2853 786 2876 I,
801 2846 828 2878 6,
841 2845 867 2872 7.

20 2851 63 2877 in,
76 2843 122 2871 ‘27.

869 918 1008 954 epistolam
1027 918 1105 953 quasi
1126 925 1172 953 per
1193 924 1241 944 nos
1262 917 1387 949 missam,
1409 915 1486 950 quasi
1503 915 1582 941 instet
1600 913 1658 941 dies

868 964 987 992 Domini.
1003 963 1086 992 Forte
1101 964 1230 1000 quoniam
1247 963 1318 998 apud
1329 961 1438 989 Judteos
1453 965 1532 988 erant
1546 960 1656 996 quidam

868 1011 926 1039 sive
940 1019 988 1046 per
999 1010 1156 1046 Scripturas
1174 1011 1333 1046 proﬁtentes
1348 1008 1382 1036 de
1401 1007 1568 1042 temporibus
1593 1013 1660 1034 con-

868 1057 1062 1086 summationis
1082 1064 1112 1085 se
1133 1056 1221 1090 scire,
1241 1055 1298 1084 sive
1316 1054 1351 1082 de
1366 1054 1496 1087 secretis;
1519 1052 1580 1080 ideo
1601 1052 1659 1080 lmc

868 1103 965 1131 scribit
983 1103 1085 1131 docens
1105 1102 1253 1138 discipulos
1279 1108 1355 1133 suos,
1372 1104 1402 1127 ut
1419 1099 1523 1127 nemini
1545 1097 1659 1126 credant

869 1150 933 1177 talia
960 1149 1108 1185 proﬁtenti.
1136 1149 1170 1176 Et
1193 1149 1312 1184 scipsum
1339 1147 1476 1178 Salvator,
1506 1144 1656 1172 secundum

869 1196 942 1223 hunc
959 1196 1061 1227 locum,
1085 1195 1226 1230 conjungit
1249 1194 1440 1230 ignorantibus
1454 1192 1526 1220 diem
1541 1191 1616 1218 illum
1629 1195 1656 1216 et

869 1242 975 1269 horam.
993 1241 1026 1268 Et
1044 1241 1242 1268 rationabiliter
1265 1245 1308 1268 est
1321 1239 1497 1275 quaerendum
1518 1235 1657 1272 quomodo

868 1288 914 1323 qui
929 1287 1042 1315 conﬁdit
1059 1295 1088 1315 se
1104 1294 1268 1322 cognoscere
1282 1285 1401 1317 Patrem,
1419 1285 1513 1312 dicens
1527 1283 1562 1308 “z
1572 1282 1656 1310 Nemo

868 1335 938 1361 novit
957 1333 1065 1361 Patrem
1084 1333 1137 1360 nisi
1152 1332 1250 1365 Filius,
1269 1337 1293 1359 et
1316 1333 1357 1359 cui
1375 1331 1486 1358 voluerit
1502 1329 1592 1356 Filius
1615 1336 1654 1355 re-

867 1379 963 1410 velare,
977 1378 1083 1406 Patrem
1098 1378 1207 1412 quidem
1222 1377 1308 1410 novit,
1329 1377 1400 1404 diem
1414 1381 1504 1403 autem
1519 1379 1546 1402 ct
1560 1374 1655 1401 horam

867 1424 1114 1453 consummationis
1141 1432 1194 1451 non
1217 1424 1313 1451 novit?
1328 1427 1354 1450 et
1374 1421 1512 1458 quomodo
1527 1421 1579 1447 hoc
1594 1420 1656 1448 abs-

867 1472 962 1500 condit
984 1470 1065 1499 Pater
1091 1479 1106 1499 a
1132 1470 1222 1498 Filio?
1251 1469 1369 1497 Omnino
1397 1468 1470 1496 enim
1501 1467 1571 1494 ratio
1595 1473 1656 1494 esse

868 1517 963 1551 debet,
984 1516 1057 1552 quod
1083 1525 1098 1543 a
1121 1515 1261 1544 Salvatore
1284 1519 1390 1550 tempus
1411 1511 1656 1541 consummationis

868 1563 1059 1591 absconditum
1083 1563 1128 1595 sit,
1148 1567 1176 1589 et
1192 1562 1298 1597 ignoret
1316 1561 1349 1588 de
1368 1568 1410 1588 eo.
1428 1559 1547 1586 Audebit
1566 1562 1656 1586 autem

868 1609 967 1644 aliquis
990 1608 1081 1636 dicere
1100 1608 1229 1643 quoniam
1252 1607 1336 1634 homo
1358 1606 1405 1641 qui
1431 1605 1580 1633 secundum
1597 1603 1658 1630 Sal-

868 1659 990 1682 vatorem
1013 1654 1174 1690 intelligitur
1192 1653 1337 1688 proﬁciens
1358 1651 1504 1686 Sapientia,
1524 1655 1551 1678 et
1567 1654 1656 1682 aetate,

868 1706 894 1728 et
909 1701 994 1736 gratia
1013 1707 1105 1728 coram
1118 1699 1173 1727 Deo
1188 1703 1215 1726 et
1229 1697 1387 1726 hominibus
1401 1697 1434 1730 ”,
1451 1696 1497 1731 qui
1513 1695 1657 1731 proﬁciens

868 1746 1027 1782 proﬁciebat
1042 1745 1152 1781 quidem
1168 1751 1250 1779 super
1264 1751 1360 1771 omnes
1375 1742 1489 1770 scientia
1509 1746 1535 1769 et
1549 1741 1657 1773 sapien-

869 1793 917 1823 tia,
933 1799 987 1819 uon
1003 1795 1093 1819 tamen
1109 1794 1140 1817 ut
1152 1790 1257 1817 veniret
1266 1789 1323 1824 jam
1337 1788 1409 1824 quod
1422 1793 1480 1815 erat
1495 1786 1656 1822 perlectum,

869 1838 1028 1873 priusquam
1045 1836 1184 1872 propriam
1200 1834 1433 1870 dispensationem
1449 1833 1585 1868 impleret.
1611 1831 1657 1859 Ni-

868 1886 907 1913 hil
920 1892 984 1920 ergo
1001 1885 1100 1912 mirum
1114 1889 1166 1917 est,
1181 1884 1204 1911 si
1218 1883 1269 1910 hoc
1285 1883 1373 1910 solum
1390 1882 1504 1909 nescivit
1519 1889 1552 1908 ex
1569 1882 1656 1909 omni-

869 1931 931 1962 bus,
947 1930 974 1957 id
989 1935 1032 1958 est
1045 1930 1117 1958 diem
1138 1927 1384 1957 constummationis
1400 1931 1427 1954 et
1441 1927 1548 1954 horam.
1564 1926 1657 1953 Forsi-

870 1982 914 2005 tan
929 1981 1018 2004 autem
1034 1981 1061 2004 et
1083 1975 1155 2011 quod
1171 1975 1210 2002 ait
1228 1974 1332 2002 nescire
1349 1981 1379 2001 se
1393 1973 1464 2000 diem
1479 1979 1656 2000 consumma-

869 2023 953 2051 tionis
972 2028 999 2050 et
1016 2022 1124 2054 horam,
1147 2026 1210 2048 ante
1222 2020 1454 2056 dispensationem
1476 2027 1554 2046 suam
1575 2019 1655 2050 dixit,

869 2069 934 2105 quia
952 2075 1034 2096 nemo
1051 2068 1118 2101 scit,
1138 2074 1226 2102 neque
1250 2066 1357 2101 angeli,
1382 2073 1470 2100 neque
1485 2064 1586 2097 Filius,
1603 2065 1656 2092 nisi

869 2116 945 2144 solus
957 2114 1048 2143 Pater.
1066 2114 1130 2141 Post
1147 2113 1376 2148 dispensationem
1401 2117 1491 2139 autem
1516 2111 1655 2146 impletam

869 2169 1042 2197 nequaquam
1057 2161 1109 2188 hoc
1121 2160 1202 2193 dixit,
1222 2163 1366 2194 postquam
1381 2157 1452 2185 Deus
1475 2157 1552 2184 illum
1564 2166 1656 2191 super-

869 2207 1008 2239 ezaltaut’t,
1028 2212 1053 2234 et
1067 2207 1175 2233 donavit
1189 2206 1213 2232 ei
1239 2212 1332 2232 nomen
1349 2204 1420 2240 quod
1435 2209 1473 2231 est
1490 2211 1568 2238 super
1582 2211 1657 2231 omne

870 2261 964 2281 nomen
975 2253 1008 2281 “.
1023 2252 1090 2280 Nam
1104 2256 1198 2288 postea
1218 2255 1246 2278 et
1261 2250 1348 2278 Filius
1369 2250 1496 2284 cognovit
1514 2249 1656 2277 scientiam

868 2307 884 2327 a
901 2299 981 2326 Patre
1003 2298 1166 2333 suscipiens,
1191 2297 1273 2325 etiam
1296 2296 1330 2324 de
1351 2296 1396 2323 die
1412 2294 1657 2323 consummationis

867 2350 895 2373 et
907 2345 984 2377 bora,
1004 2348 1035 2371 ut
1053 2344 1109 2379 jam
1131 2351 1185 2371 non
1202 2343 1290 2371 solum
1306 2342 1385 2370 Pater
1405 2342 1487 2369 sciret
1501 2341 1534 2368 de
1549 2349 1592 2372 ea,
1608 2341 1657 2368 sed

867 2392 949 2420 etiam
971 2390 1068 2418 Filius.
1095 2389 1128 2417 Et
1153 2390 1180 2417 in
1201 2389 1314 2417 Actibus
1336 2388 1445 2424 quidem
1470 2387 1656 2422 apostolorum

869 2437 1061 2465 convenientes
1082 2435 1198 2471 apostoli
1221 2435 1458 2470 interrogaverunt
1477 2439 1538 2460 eum
1561 2432 1655 2459 dicen-

870 2488 934 2511 tes:
955 2482 1082 2515 Domine,
1104 2482 1128 2508 εἰ
1150 2483 1179 2508 in
1197 2481 1245 2510 hoc
1267 2484 1381 2515 tempore
1404 2479 1525 2505 restitues
1549 2485 1656 2512 regnum

871 2528 957 2555 Israel
971 2528 1012 2555 "7
1030 2527 1078 2555 Ille
1093 2532 1183 2554 autem
1197 2526 1265 2554 dixit
1280 2526 1314 2553 ad
1329 2533 1376 2553 eos
1390 2533 1397 2551 :
1411 2524 1474 2551 Non
1488 2528 1526 2551 est
1542 2528 1656 2550 vestrum

870 2581 945 2601 nosse
960 2578 1078 2608 tempora
1097 2572 1136 2600 vel
1149 2576 1280 2599 momenta
1293 2578 1352 2606 qua
1366 2570 1447 2597 Pater
1459 2569 1547 2604 posuit
1564 2568 1592 2595 in
1607 2576 1657 2595 sua

870 2624 1008 2654 potestate.
1039 2619 1071 2646 Et
1097 2617 1225 2654 quoniam
1250 2618 1277 2644 in
1305 2624 1354 2644 sua
1376 2619 1510 2651 potestate
1534 2619 1655 2649 tempora

869 2672 896 2693 et
915 2669 1052 2692 momenta
1064 2662 1310 2691 consummationis
1321 2661 1416 2689 mundi
1433 2666 1459 2689 et
1472 2660 1656 2689 restitutionis

870 2712 944 2747 regni
963 2710 1045 2739 Israel
1059 2711 1160 2745 posuit,
1179 2710 1240 2738 ideo
1251 2710 1324 2745 quod
1339 2709 1460 2737 nondum
1478 2708 1565 2736 fuerat
1583 2715 1654 2742 prae-

869 2810 993 2839 "Matth.
1010 2819 1084 2841 utv.
1098 2811 1142 2839 36.
1177 2812 1210 2828 "'
1223 2811 1353 2840 llThess.
1374 2820 1403 2844 ιι,
1419 2811 1486 2844 1,2,
1522 2809 1544 2826 ιδ
1559 2807 1653 2836 Matth.
