1839 3053
158 117 223 145 i637

740 112 902 141 ORIGENIS
923 110 956 139 ΙΝ
977 109 1185 138 ΜΑΤΤΙΙᾸΞυΜ

1733 100 1795 129 1⁸588

154 177 295 206 deﬁnitum
318 183 334 203 a
353 175 419 207 Deo,
436 181 515 202 nemo
529 177 636 210 poterat
659 174 739 201 scire.
765 172 945 208 Uuumquod-
960 175 981 202 Α
998 179 1048 198 nec
1068 171 1096 197 in
1117 175 1214 198 natura
1237 168 1288 196 fuit
1312 165 1427 202 peccati.
1445 164 1514 192 Tale
1530 160 1639 197 aliquid
1664 160 1794 195 Signiﬁcat

154 232 208 260 que
229 227 319 250 autem
339 229 433 249 eorum
454 228 515 256 qua:
535 220 662 256 prmlinit,
683 227 736 247 non
754 220 788 246 ab
812 218 945 253 inexperi-

156 271 202 298 bili
228 270 364 305 prmlinit:
385 277 437 296 non
464 268 593 303 possibile
618 270 660 294 est
678 266 750 293 enim
779 266 840 292 hoc.
868 264 946 297 Quod

154 323 247 345 autem
265 317 391 352 praeﬂuit,
408 314 524 350 prazlinit
538 313 702 348 principium
721 312 889 347 prtelinicndi
907 311 946 338 ia-

155 365 241 391 ciens.
260 363 288 391 Si
304 367 394 390 autem
412 363 448 388 ita
465 366 515 392 est,
531 359 673 395 prteiinivit
688 359 797 394 quidem
815 365 945 384 consum-

156 409 303 436 mationem
329 408 417 434 facere
440 406 545 437 mutuli,
561 413 614 432 non
633 410 722 432 autem
742 409 769 432 ct
784 408 905 438 tempora
920 407 946 429 et

157 460 294 482 momenta
308 453 451 489 praefinivit
464 460 524 487 qua:
537 452 628 487 posuit
650 452 676 478 in
690 459 739 479 sua
754 454 896 486 potestate,
917 455 946 476 ut

155 502 180 530 si
203 501 320 528 voluerit
338 507 369 527 ca
392 507 501 534 augere,
525 499 565 526 sic
585 498 711 533 judicans
735 501 833 532 augeat
853 504 902 526 ea:
923 496 945 524 si

156 553 246 576 autem
265 547 434 578 abbreviare,
455 545 604 576 abbreviet,
627 544 735 571 nemine
755 547 944 578 cognoscente.

156 593 189 621 Et
205 593 266 620 ideo
282 592 314 619 de
332 591 503 626 temporibus
521 594 547 617 ct
565 590 711 617 momentis
731 589 946 616 consummatio-

156 639 199 666 nis
215 637 308 666 mundi
327 638 353 664 in
371 645 421 665 sua
435 637 527 672 posuit
544 640 687 671 potestate,
703 640 732 663 ut
747 641 947 669 consequenter

156 685 276 711 humano
293 682 386 718 generi
405 683 432 709 in
454 690 505 709 suo
526 681 640 709 arbitrio
659 681 809 708 constituto
827 680 889 706 talia
904 680 946 706 vel

157 729 220 756 talia
237 730 326 764 agenti
342 728 600 763 dcliniatiudicium
617 727 750 755 debitum.
769 726 852 753 Multa
875 731 901 752 et
918 725 945 752 in

157 773 296 809 prophetis
321 778 363 801 est
386 774 508 800 invenire
540 773 573 800 ad
601 773 746 800 utilitatem
778 772 945 798 audientium

157 820 259 854 scripta
273 840 280 853 ,
306 820 448 855 praeceptis
470 824 497 847 et
520 819 772 847 denuntiationibus
795 817 873 852 quasi
892 823 944 843 non

158 866 340 900 praeveniente
370 866 519 900 quidquam
550 865 583 892 dc
605 865 655 896 eis,
673 864 719 891 sed
734 863 863 896 puniente
885 862 945 896 qui-

156 912 218 938 dem
243 911 266 938 si
291 911 474 945 peccaverint,
503 909 626 937 salvante
652 914 741 936 autem
765 909 787 936 si
813 913 945 943 prmccpta

158 957 336 985 servaverint.
361 956 394 983 Et
415 957 485 984 sicut
507 956 534 983 in
550 955 604 983 illis
627 962 680 982 non
706 953 858 981 introduxit
872 952 946 979 Scri-

157 1008 235 1038 ptura
252 1003 335 1030 Deum
352 1002 557 1037 praelinientcm,
572 1002 619 1029 sed
635 1001 782 1029 secundum
802 1001 945 1028 utilitatem

156 1049 326 1077 audientium
348 1048 567 1083 proloqucntem,
584 1048 624 1075 sic
644 1047 847 1082 intelligendum
864 1051 906 1074 est
920 1050 947 1074 et

156 1096 190 1123 de
202 1095 245 1122 die
262 1095 506 1122 consummationis
521 1098 548 1121 et
561 1094 638 1121 hora.
656 1094 715 1120 Alia
726 1093 870 1128 expositio,
886 1101 946 1127 quae

157 1139 289 1167 famosior
310 1145 351 1168 est
373 1140 413 1167 eis
431 1147 492 1174 quae
509 1139 565 1174 iam
584 1138 683 1166 tradita
706 1143 779 1172 sunt,
796 1138 867 1165 aliud
881 1138 947 1164 dicit

157 1186 191 1212 de
208 1193 240 1212 eo
259 1185 330 1220 quod
354 1186 486 1219 scriptum
508 1188 558 1216 est,
571 1192 659 1218 neque
676 1183 782 1216 Filius,
802 1184 853 1210 nisi
875 1183 945 1210 solus

160 1231 251 1258 Pater.
267 1230 346 1262 Dicit,
365 1231 463 1265 inquit,
480 1230 580 1257 alicubi
598 1230 619 1245 ¹⁸
636 1229 669 1256 dc
682 1229 822 1256 Salvatore
833 1230 947 1264 Aposto-

159 1278 213 1310 lus,
239 1282 265 1305 et
291 1277 324 1304 de
347 1277 428 1304 rebus
454 1277 479 1303 in
505 1276 558 1303 line
585 1276 676 1303 sreculi
707 1276 877 1307 ordinandis,
895 1276 947 1303 hoc

161 1324 241 1351 modo
262 1333 269 1350 :
290 1323 357 1351 Cum
392 1329 480 1350 autem
507 1323 626 1356 subjecta
651 1322 691 1348 illi
722 1322 820 1357 fuerint
847 1322 945 1355 omnia,

160 1375 221 1397 tunc
235 1375 260 1397 et
274 1370 328 1404 ipse
344 1369 432 1396 Filius
445 1369 578 1404 subjectus
597 1369 647 1396 erit
667 1369 690 1395 ei
702 1369 748 1403 qui
763 1368 813 1394 sibi
829 1367 947 1394 subdidit

159 1417 260 1449 omnia,
283 1421 309 1443 ut
332 1417 365 1442 sit
380 1416 450 1442 Deus
473 1416 563 1442 omnia
585 1416 612 1442 in
633 1414 765 1441 omnibus.
789 1413 836 1441 His
856 1414 946 1442 verbis

159 1462 268 1489 videtur
291 1462 435 1489 ostendere
455 1461 584 1496 quoniam
608 1460 769 1495 priusquam
800 1460 948 1495 subiiceret

159 1507 183 1534 ei
204 1507 307 1538 omnia,
329 1515 382 1533 non
404 1512 463 1534 erat
484 1506 623 1541 subjectus
642 1505 667 1532 ei
688 1506 732 1540 qui
755 1506 805 1532 sibi
827 1505 947 1534 subdidit

160 1552 263 1579 omnia.
288 1551 365 1584 Quod
388 1559 419 1579 ex
436 1553 489 1579 hoc
509 1553 723 1585 demonstratur,
743 1552 872 1586 quoniam
896 1552 948 1579 nisi

160 1599 300 1632 subjectus
326 1597 423 1624 fuisset
446 1597 532 1624 Filius
558 1597 653 1628 Patri,
680 1598 725 1632 qui
754 1598 804 1625 sibi
829 1597 950 1624 subdidit

159 1644 263 1675 omnia,
279 1651 418 1677 nunquam
437 1643 461 1669 ei
475 1642 555 1670 Pater
571 1643 662 1670 omnia
677 1643 846 1678 subiecisset.
864 1643 898 1670 Et
911 1643 950 1670 vi-

160 1691 241 1717 detur
261 1697 308 1724 per
330 1689 387 1716 haec
408 1689 500 1716 dicere
523 1688 716 1723 subiectionem
741 1688 949 1724 [subiectionem

161 1735 222 1765 Filii
237 1735 293 1762 ﬁeri
315 1734 524 1770 subiectionem]
548 1735 670 1762 omnium
694 1735 741 1770 qui
763 1739 842 1762 erant
862 1735 949 1770 subii-

160 1779 261 1811 ciendi,
286 1783 312 1805 et
328 1779 473 1806 adventum
496 1787 591 1807 eorum
618 1787 665 1814 per
681 1779 780 1806 Filium
806 1780 838 1807 ad
852 1780 949 1813 Deum,

160 1829 189 1853 ct
210 1824 416 1860 perfectionem.
436 1824 464 1851 Si
482 1833 546 1860 ergo
565 1826 632 1853 bene
653 1825 752 1853 dicitur
769 1826 820 1854 hoc
841 1826 874 1853 de
889 1825 949 1853 Filii

161 1871 328 1904 subiectione
341 1871 373 1897 ad
385 1869 494 1898 Patrem
513 1871 614 1904 futura,
630 1875 660 1899 ut
676 1876 740 1899 tunc
757 1872 784 1898 hi
803 1871 848 1906 qui
865 1871 949 1898 futuri

160 1921 225 1944 sunt
244 1917 355 1949 Christi,
379 1921 406 1944 et
422 1917 595 1945 adlueserunt
614 1918 656 1951 ei,
681 1926 744 1945 cum
765 1918 825 1952 ipsn
840 1917 950 1945 Christo

161 1961 234 1990 Patri
250 1963 432 1998 subiiciantur
445 1972 451 1989 :
465 1971 550 1997 quare
566 1971 620 1990 non
638 1968 664 1991 et
678 1964 710 1991 de
723 1964 767 1991 die
780 1963 824 1990 illa
841 1967 868 1991 et
882 1963 949 1990 liora

160 2008 298 2035 neminem
311 2009 390 2040 scire,
405 2016 492 2043 neque
503 2008 612 2042 Filium,
625 2009 751 2036 similiter
764 2009 950 2044 exponemus?

161 2053 252 2081 Donec
277 2054 350 2081 enim
366 2053 499 2084 Ecclesia.
516 2063 577 2089 qua:
593 2059 634 2082 est
647 2063 757 2089 corpus,
775 2055 862 2082 nescit
877 2055 949 2082 diem

161 2099 238 2125 illum
255 2103 283 2126 et
299 2100 404 2130 horam,
422 2099 516 2127 taudiu
533 2107 581 2128 nec
596 2100 653 2134 ipse
665 2100 752 2127 Filius
766 2100 866 2127 dicitur
880 2100 950 2127 scire

161 2145 231 2172 diem
244 2145 316 2171 illam
324 2150 349 2171 et
357 2145 461 2177 horam,
471 2151 499 2172 ut
509 2149 572 2173 tunc
581 2145 831 2180 intelligaturscire,
841 2146 950 2181 quando

997 217 1079 253 875
1092 222 1119 244 et
1131 217 1202 252 quod
1220 215 1284 243 dicit
1300 223 1306 240 :
1330 212 1459 248 Cognovit
1479 210 1570 238 Adam
1588 208 1675 235 Evam
1690 215 1794 234 uxorc-

997 263 1118 291 suam“.
1141 261 1266 295 Quandiu
1291 261 1363 287 enim
1387 259 1433 286 illa
1457 265 1514 284 non
1538 255 1592 282 l'uit
1618 255 1644 282 ei
1668 254 1793 281 admista.

997 316 1050 335 non
1075 306 1256 342 cognoscebat
1280 311 1352 332 eam.
1378 302 1412 329 Et
1429 302 1502 330 diem
1525 307 1594 335 ergo
1617 306 1795 326 consumma-

997 353 1079 380 tionis
1096 351 1253 387 hujusmodi
1269 354 1296 377 et
1312 347 1499 383 corruptionis
1517 345 1614 373 saeculi
1630 351 1715 371 nemo
1732 344 1794 375 scit,

997 407 1084 434 neque
1101 398 1187 433 angeli
1204 397 1347 428 caelorum,
1365 401 1454 429 neque
1475 393 1564 420 Filius
1583 391 1645 422 Dei,
1672 390 1708 417 de
1731 397 1794 416 san-

996 446 1048 472 ctis
1064 445 1118 472 Deo
1134 444 1232 472 melius
1245 442 1414 477 providente,
1428 445 1458 468 ut
1472 440 1556 468 simul
1578 438 1648 466 ﬁant
1664 437 1693 464 in
1712 435 1797 463 beati-

997 490 1090 517 tudine
1103 497 1164 524 quae
1176 488 1266 515 futura
1279 491 1322 515 est
1337 491 1399 521 post
1415 486 1488 512 diem
1499 488 1526 511 et
1542 484 1645 511 horam
1661 489 1793 509 consum-

997 536 1125 563 mationis
1151 535 1234 562 illius.
1261 533 1293 559 Et
1313 533 1384 560 sicut
1405 531 1476 566 apud
1501 529 1636 557 Hebraeos
1661 527 1794 561 scriptum

996 585 1040 609 est
1055 582 1088 608 de
1103 581 1142 608 eis
1156 580 1203 615 qui
1221 578 1407 606 testimonium
1423 576 1523 603 habent
1539 576 1566 602 in
1582 574 1649 606 (ide,
1665 573 1793 608 quoniam

997 629 1023 654 lii
1036 635 1123 654 omnes
1138 625 1274 660 testiﬁcati
1285 632 1329 659 per
1351 623 1433 657 [idem
1445 630 1495 648 non
1508 625 1665 655 receperunt
1684 619 1795 653 promis-

996 674 1095 701 sionem
1115 672 1174 705 Dei,
1191 670 1244 698 Deo
1256 670 1288 697 de
1303 669 1376 696 trabis
1396 667 1490 695 melius
1504 667 1610 701 aliquid
1627 664 1794 700 prouidente,

997 725 1025 746 ut
1038 727 1083 745 nec
1100 718 1156 745 sine
1173 717 1247 744 nobis
1265 718 1512 742 consummarentur
1522 714 1546 728 ¹²
1562 721 1570 739 :
1589 712 1633 739 sic
1651 711 1794 738 sciendum

997 771 1039 792 est
1051 768 1079 792 et
1093 764 1120 791 in
1139 764 1200 795 hoc,
1218 761 1281 796 quia
1297 760 1353 787 Deo
1368 758 1468 794 melius
1483 757 1587 793 aliquid
1606 756 1795 791 prospiciente

998 812 1031 838 de
1045 810 1086 837 his
1098 809 1144 844 qui
1159 812 1237 835 erant
1250 805 1384 838 salvandi,
1403 805 1522 832 nondum
1535 804 1612 830 enim
1633 806 1795 836 receperunt

998 856 1217 892 promissionem,
1232 853 1279 889 qui
1299 860 1354 880 non
1369 856 1559 887 cognoverunt
1580 851 1619 876 de
1639 848 1688 875 die
1704 848 1750 874 illa
1768 851 1794 874 et

998 905 1076 935 hora,
1095 908 1182 936 neque
1195 899 1281 935 angeli
1298 899 1445 929 ccclorum,
1463 903 1552 931 neque
1564 895 1670 922 Filius.
1684 893 1794 927 Praepa-

998 953 1041 976 rat
1056 948 1128 976 enim
1146 946 1230 973 Filius
1246 945 1387 973 scientiam
1404 943 1459 971 diei
1478 943 1552 970 illius
1567 945 1597 968 et
1612 941 1695 967 hora:
1708 941 1794 967 colla:-

999 995 1109 1022 redibus
1123 992 1314 1028 promissionis
1333 991 1419 1023 illius,
1440 997 1472 1016 ex
1489 995 1546 1023 quo
1561 988 1684 1021 seipsum
1702 986 1793 1012 asins-

1000 1041 1064 1068 nivit
1085 1041 1198 1075 formam
1214 1038 1281 1066 servi
1303 1037 1435 1071 accipiens
1455 1035 1489 1068 “,
1507 1042 1631 1069 operans
1647 1033 1723 1060 viam
1737 1038 1796 1067 qua

1000 1088 1074 1116 ducit
1089 1086 1122 1114 ad
1144 1085 1343 1113 restitutionem
1362 1082 1486 1110 omnium
1510 1086 1626 1115 propter
1647 1086 1722 1114 quos
1742 1077 1796 1104 ior-

1000 1142 1073 1162 mam
1089 1133 1158 1160 servi
1175 1131 1296 1166 accepit;
1314 1135 1343 1158 ut
1358 1136 1455 1157 omnes
1469 1127 1553 1155 simul
1572 1126 1682 1157 sciant,
1698 1124 1726 1152 id
1744 1127 1794 1155 est,

1000 1187 1029 1207 re
1052 1179 1110 1214 ipsa
1136 1177 1312 1212 experiantur
1337 1175 1434 1202 horam
1466 1173 1541 1200 illaut
1565 1176 1595 1199 et
1617 1172 1708 1202 diem,
1735 1170 1797 1204 quia

999 1225 1068 1259 quod
1084 1223 1175 1250 oculus
1194 1230 1244 1249 non
1261 1221 1338 1252 vidit,
1362 1228 1408 1246 nec
1430 1218 1505 1245 auris
1526 1216 1647 1247 audivit,
1672 1221 1699 1242 et
1722 1222 1797 1247 super

1000 1279 1046 1298 cor
1064 1269 1178 1296 hominis
1193 1275 1244 1294 non
1261 1265 1390 1298 ascendit,
1410 1263 1574 1298 prazparavit
1591 1261 1664 1288 Deus
1687 1261 1797 1294 diligen-

1001 1317 1070 1344 tibus
1094 1324 1120 1343 se
1133 1315 1167 1348 ν’,
1196 1314 1224 1341 in
1239 1312 1351 1341 scientia
1376 1311 1498 1346 priorum
1514 1314 1663 1338 exercens,
1689 1310 1718 1333 et
1733 1312 1797 1339 pm

1000 1370 1099 1398 parans
1110 1367 1218 1388 omnem
1234 1366 1314 1394 quem
1328 1357 1384 1384 vult
1395 1356 1466 1383 scire
1477 1354 1552 1382 diem
1565 1353 1641 1380 illam
1656 1356 1686 1379 et
1702 1352 1795 1378 horam

1001 1417 1064 1436 cum
1084 1407 1186 1435 sanctis
1208 1405 1323 1440 angelis,
1340 1407 1367 1431 et
1387 1410 1449 1430 cum
1469 1402 1529 1436 ipso
1554 1399 1679 1426 Domino
1705 1401 1795 1424 nostro

1000 1454 1064 1482 Jcsu
1084 1453 1205 1481 Christo.
1226 1450 1259 1477 Et
1276 1448 1495 1482 uniuscuiusque
1506 1449 1600 1472 autem
1618 1449 1797 1472 consumun-

1002 1501 1102 1528 tionem
1114 1499 1140 1525 in
1153 1497 1194 1524 his
1209 1495 1370 1531 quibusdam
1390 1493 1510 1520 futuram
1524 1489 1713 1524 supradictis,
1727 1486 1795 1514 etde

1001 1546 1115 1581 singulis
1139 1544 1213 1572 solus
1235 1542 1287 1570 scit
1307 1540 1388 1567 Pater
1408 1547 1415 1565 '.
1434 1538 1568 1573 quoniam
1589 1535 1684 1563 Filius
1706 1534 1793 1561 comi-

1002 1597 1073 1624 tans,
1093 1595 1120 1617 et
1144 1588 1298 1624 praecedens
1319 1590 1381 1613 ante
1407 1588 1564 1619 sequentes,
1592 1586 1623 1608 et
1644 1581 1754 1610 volens,
1770 1583 1797 1605 ut

1002 1637 1038 1664 ita
1061 1636 1160 1668 dicam,
1187 1637 1318 1660 venturus
1335 1634 1386 1662 est,
1403 1635 1430 1656 et
1444 1628 1535 1655 tardat
1559 1630 1590 1653 ut
1613 1625 1726 1660 possint
1736 1630 1796 1651 eum

1001 1682 1078 1717 sequi
1096 1681 1142 1716 qui
1159 1683 1264 1707 certant
1282 1677 1359 1712 sequi
1375 1684 1450 1709 cum,
1467 1679 1495 1702 et
1509 1677 1661 1708 sequentes
1677 1678 1743 1698 eum
1759 1669 1798 1696 in-

1001 1728 1145 1756 veniantur
1160 1731 1222 1752 cum
1240 1730 1272 1750 co
1289 1723 1315 1749 in
1332 1722 1376 1749 die
1390 1721 1434 1748 illa
1451 1725 1477 1748 et
1493 1720 1575 1746 hora.

1036 1774 1080 1802 56.
1100 1774 1174 1801 Sicut
1191 1772 1259 1799 enim
1276 1770 1326 1804 fuit
1341 1770 1370 1796 in
1385 1768 1477 1794 diebus
1500 1766 1571 1796 Noe,
1590 1765 1630 1792 sic
1644 1764 1698 1790 erit
1711 1766 1735 1789 et
1751 1761 1797 1787 ad-

1001 1826 1090 1848 ventus
1107 1819 1174 1846 Filii
1187 1817 1311 1845 hominis.
1337 1815 1413 1842 Sicut
1435 1813 1505 1841 enim
1527 1812 1637 1846 {uerunt
1655 1810 1686 1835 in
1707 1806 1797 1834 dicite:

1001 1873 1062 1894 ante
1079 1865 1209 1893 diluvium
1231 1863 1420 1890 manducanles
1439 1864 1463 1887 et
1483 1858 1612 1888 bibentes,
1625 1857 1754 1882 nubentes
1772 1858 1795 1879 et

1001 1917 1113 1947 nuptum
1135 1911 1279 1943 tradentes,
1295 1914 1428 1944 quousque
1447 1904 1559 1932 intravit
1575 1902 1635 1930 Noe
1647 1902 1678 1928 in
1694 1906 1795 1930 arma.

1000 1965 1026 1987 et
1046 1966 1098 1986 non
1123 1960 1309 1992 cognoverunt,
1331 1955 1415 1981 donec
1439 1952 1508 1979 venit
1532 1950 1664 1976 diluvium
1689 1953 1715 1974 et
1737 1946 1795 1971 tulit

1001 2013 1089 2032 omnes
1102 2012 1111 2031 .'
1126 1990 1164 2031 sic
1178 2004 1229 2030 erit
1242 2007 1266 2028 et
1282 2000 1408 2027 adventus
1422 1997 1489 2024 Filii
1503 1995 1619 2022 hominis
1631 1994 1666 2020 ³⁵.
1685 1992 1733 2019 Eis
1749 1990 1795 2025 qui

1001 2055 1170 2086 cognoscunt
1181 2049 1324 2076 verborum
1336 2043 1513 2081 praesentium
1531 2046 1649 2072 textum,
1665 2039 1727 2066 sive
1738 2037 1794 2071 spi-

1001 2083 1116 2125 ritaliter
1128 2103 1160 2123 ea
1176 2093 1331 2122 volentibus
1352 2090 1515 2125 intelligere,
1532 2088 1592 2115 sive
1618 2083 1792 2119 simpliciter,

1001 2149 1173 2177 consequens
1197 2144 1237 2167 est
1260 2139 1294 2166 de
1317 2133 1558 2165 consummatione
1582 2131 1679 2158 dicere
1703 2128 1794 2156 mundi

161 2188 273 2216 scierint
287 2192 314 2215 et
327 2189 417 2215 omnia
437 2189 558 2216 membra
574 2190 644 2224 eius.
658 2189 730 2217 Bene
748 2195 837 2218 autem
850 2174 951 2218 dicitur
966 2195 989 2223 D
1003 2174 1232 2222 istius—quoniam
1241 2183 1400 2215 subitoerit,
1410 2181 1489 2216 quasi
1498 2179 1611 2214 quiiam
1620 2174 1795 2211 aegrotanti!

161 2231 231 2259 scire
240 2231 388 2258 secundum
400 2232 541 2266 propriam
549 2233 784 2268 signiﬁcationem,
792 2235 863 2262 sicut
871 2239 912 2262 est
921 2236 947 2262 in

161 2279 359 2306 consuetudine
367 2278 580 2313 Scripturarum.
592 2279 661 2312 Quid
670 2285 710 2308 est
719 2280 808 2308 scire?
819 2282 948 2315 quoniam

161 2329 308 2359 cognoscet
320 2325 390 2352 diem
404 2324 478 2352 illum
494 2329 521 2352 et
533 2325 626 2352 horam
638 2326 684 2360 qui
701 2326 851 2354 occurrerit
865 2326 898 2354 ad
915 2327 947 2354 li—

161 2375 269 2404 nem,ct
282 2371 511 2398 abbreviationem
527 2371 578 2398 dici
594 2371 666 2400 illius
675 2376 702 2398 et
716 2372 798 2399 horae.
814 2373 946 2406 Quoniam

161 2421 252 2444 autem
269 2417 331 2444 talis
341 2417 431 2451 aliqua
441 2417 603 2451 signiﬁcatio
613 2421 655 2445 est
663 2418 733 2445 scire
745 2422 772 2445 et
784 2425 948 2453 cognoscere

163 2463 189 2489 in
207 2462 368 2497 Scripturis,
381 2462 556 2490 manifestum
570 2468 612 2491 est
629 2471 662 2491 ex
679 2471 712 2490 eo
725 2464 797 2498 quod
808 2464 947 2498 diciturIin

164 2508 326 2536 Ecclesiaste
346 2509 366 2524 ¹⁹
384 2509 436 2536 hoc
451 2509 532 2536 modo
547 2517 553 2535 :
573 2508 626 2541 Qui
643 2509 758 2536 custodit
780 2510 948 2542 mandatum,

164 2563 216 2583 non
238 2556 302 2582 sciet
325 2557 430 2582 verbum
454 2555 574 2588 malum,
601 2555 626 2582 id
648 2559 690 2583 est
716 2563 771 2582 non
795 2556 950 2590 experietur

161 2601 273 2628 verbum
297 2601 410 2628 malum.
432 2601 466 2628 Et
490 2602 517 2629 in
534 2602 663 2636 Apostolo
678 2602 711 2629 de
730 2602 791 2636 ipso
808 2600 948 2628 Salvatoro

161 2653 203 2676 est
218 2649 321 2675 dictum
334 2649 367 2681 ’°,
383 2656 442 2675 eum
454 2649 500 2683 qui
513 2649 623 2675 nescivit
639 2653 788 2682 peccatum,
812 2655 859 2681 pro
875 2648 948 2674 nobis

161 2699 296 2728 peccatum
311 2694 383 2728 fecit.
399 2693 433 2720 Et
447 2694 611 2721 nescientem
626 2696 765 2728 peccatum
780 2692 949 2720 Salvatorem

163 2739 239 2772 dicit,
266 2744 397 2774 tanquam
413 2739 435 2766 si
455 2739 558 2766 diceret
583 2747 645 2766 eum
670 2740 717 2774 qui
741 2747 795 2766 non
817 2740 949 2774 peccavit,

1001 2235 1077 2270 prius
1086 2220 1264 2268 Vmigromtione
1277 2230 1374 2257 idonea
1390 2232 1418 2255 ct
1432 2224 1629 2253 manifestante
1640 2220 1795 2255 corruptio-

1002 2288 1063 2308 nem
1075 2286 1153 2306 suam
1173 2277 1302 2305 futuram.
1323 2273 1383 2301 Hoc
1402 2272 1475 2300 enim
1492 2278 1525 2298 ex
1542 2277 1575 2296 eo
1593 2267 1736 2303 praecipue
1756 2266 1796 2292 de

1002 2330 1170 2354 monstratur
1185 2323 1257 2358 quod
1274 2321 1350 2353 dicit,
1364 2318 1495 2354 quoniam
1517 2314 1619 2343 similis
1633 2313 1689 2340 erit
1702 2311 1793 2339 diebus

1001 2372 1058 2400 Noe
1077 2373 1208 2399 adventus
1244 2367 1304 2395 Filii
1327 2364 1448 2393 hominis
1471 2371 1478 2389 :
1515 2360 1609 2388 subito
1635 2358 1714 2385 enim
1734 2362 1794 2384 tunc

1002 2418 1141 2454 perierunt
1164 2414 1256 2443 omnia
1279 2419 1340 2448 qua:
1365 2410 1474 2437 fuerant
1497 2413 1580 2441 super
1603 2410 1723 2432 terram.
1746 2401 1793 2436 Qui

1004 2451 1094 2491 autem
1117 2460 1174 2488 vult
1194 2459 1284 2487 dicere
1299 2456 1431 2492 quoniam
1447 2453 1581 2489 paulatim
1596 2451 1653 2479 erit
1668 2457 1793 2478 consum-

1004 2509 1089 2536 matio
1112 2505 1218 2536 mundi,
1243 2504 1315 2532 dicet
1336 2501 1464 2529 similiter
1479 2498 1582 2526 factum
1601 2502 1630 2524 et
1655 2496 1686 2523 in
1705 2495 1793 2523 diebus

1003 2555 1070 2582 Noe.
1104 2551 1288 2586 Quadraginta
1318 2547 1393 2576 enim
1425 2545 1534 2577 diebus,
1562 2547 1590 2570 et
1615 2542 1794 2578 quadraginta

1002 2599 1129 2628 noctibus
1163 2596 1255 2632 pluvia
1292 2592 1485 2623 descendente,
1526 2597 1710 2624 consequens
1752 2586 1793 2612 iuit

1001 2646 1106 2682 primos
1122 2643 1236 2678 periisse
1263 2641 1310 2676 qui
1328 2640 1355 2667 in
1383 2636 1610 2672 deprcssioribus
1638 2641 1721 2663 terra
1739 2640 1791 2670 par-

1004 2680 1076 2719 tibus
1107 2688 1277 2719 habitabant,
1305 2689 1367 2721 post
1401 2691 1450 2711 eos
1484 2686 1581 2710 autem
1617 2681 1667 2717 qui
1700 2680 1791 2714 modio:

1006 2739 1032 2765 in
1064 2735 1224 2767 altioribus,
1254 2737 1281 2760 et
1307 2732 1347 2759 sic
1372 2729 1543 2759 novissimOS
1569 2728 1622 2764 qui
1646 2728 1675 2755 in
1705 2725 1790 2755 aliisi-

199 2793 238 2830 ‘il
249 2794 371 2830 corqnv,
383 2793 427 2830 28.
445 2794 466 2810 ιν
476 2794 569 2830 νιιιὶεξ.
608 2794 631 2810 ³⁰
644 2793 663 2820 ll
679 2793 742 2822 Cor.
759 2802 784 2828 γ,
797 2794 840 2822 21.
851 2796 872 2812 ²¹
890 2796 925 2825 Ge

1062 2797 1084 2812 ²¹
1096 2794 1176 2822 Hebr.
1191 2801 1228 2826 ιι,
1245 2792 1289 2825 59,
1302 2790 1346 2818 40.
1381 2789 1404 2807 ³³
1418 2787 1540 2822 Philipp.
1558 2794 1592 2820 II,
1607 2785 1637 2820 Ἰ,
1675 2787 1699 2802 ’δ
1716 2785 1725 2814 |
1740 2783 1787 2812 Cor.

159 2820 191 2854 Π,
207 2823 233 2851 9.
265 2828 289 2844 ’⁵
316 2820 418 2865 Matth,
432 2836 496 2855 XM"
507 2820 568 2861 ,7'577
581 2833 607 2857 et
624 2820 703 2864 seqq.
