1839 3053
19 109 23 138 l
31 107 92 138 689

599 115 925 148 COMMENTARIORUM
947 121 1079 150 SERliZS.

1588 129 1658 156 lliin

19 168 74 196 nis
112 169 258 197 montibus
285 171 474 201 morabantur.
502 174 557 208 Sic,
577 178 678 212 inquit,
707 179 733 205 in
754 187 818 206 con-
834 183 856 210 Α
872 182 992 209 matione
1009 182 1100 209 szeeuli
1119 184 1249 218 generali,
1265 190 1357 213 utrum
1380 187 1469 215 subito
1484 193 1511 217 et
1524 191 1657 223 generalis

19 214 214 241 tummatione
235 216 329 243 mundi
343 224 405 244 cum
419 218 588 249 descenderit
609 223 689 258 ignis,
708 224 819 259 incipiet

19 260 138 293 luidem
163 260 197 288 de
215 261 422 292 sublimioribus
440 265 516 297 locis.
536 272 562 294 et
577 269 706 302 paulatim
725 271 757 298 ad
777 271 819 298 in—

19 303 125 332 ieriora
135 305 289 334 descendet.
305 308 391 336 Lucas
406 314 495 338 autem
508 313 541 346 ’⁸,
551 313 721 349 subjungcns
734 317 818 344 etiam

19 352 235 381 :imilitu-lincm
249 355 318 389 ignis
334 355 526 391 Sodomorum,
543 360 589 388 dat
603 362 681 390 nobis
696 363 819 391 occasio-

19 405 80 424 Iem
111 399 284 434 intelligendi
303 403 432 436 quoniam
450 405 541 433 subito
560 409 762 436 consummatio
777 413 819 438 est

19 445 127 472 'utura.
145 446 221 474 Dicet
233 452 324 476 autem
341 450 440 484 aliquis
454 452 584 486 quoniam
604 462 650 487 per
662 455 713 482 hoc
726 456 816 484 decla-

19 496 97 519 atur
125 494 257 528 quoniam
279 503 333 522 non
355 498 496 525 moraliter
519 500 611 534 pluvia
631 500 675 528 illa
697 501 748 529 fuit
770 508 818 531 aut

19 537 101 572 gnis,
127 539 175 566 sed
199 545 309 575 propter
336 549 448 577 peccata
474 545 615 573 hominum
638 547 814 576 abundantia.

19 582 136 612 )uobus
162 593 227 621 ergo
248 588 336 616 modis
357 591 453 617 mundi
475 594 616 628 corruptio
644 595 816 623 existimatur

19 629 114 657 'utura
132 639 140 657 :
161 639 216 658 uno
232 634 342 668 quidem
368 636 519 664 secundum
536 639 668 667 moralem
683 640 752 675 igni's
766 642 814 669 de-

20 676 189 710 entionem;
210 679 297 706 altero
319 686 409 708 autem
432 684 583 711 secundum
598 685 732 719 judicium
755 687 812 715 Dei.

19 720 143 751 Ientiles
168 729 259 752 autem
281 726 522 756 inﬂammationem
546 731 619 759 illam
645 733 687 760 vel
702 741 814 762 causam

21 766 248 798 nﬂammationis
262 771 335 799 illius
355 780 408 799 non
425 774 519 802 dicunt
532 775 617 804 fuisse
630 784 751 812 peccata,
766 780 813 806 sed

19 813 89 847 gnis
103 813 190 842 fuisse
201 816 338 844 virtutem.
353 816 441 846 Divini
455 824 546 848 autem
564 830 705 851 sermones
719 824 812 851 omnia

20 860 105 887 eneri
122 865 151 888 et
166 862 312 896 gubernari
335 866 434 894 docent
453 875 468 894 a
481 867 547 901 Deo,
572 873 600 895 et
622 877 677 896 non
701 871 813 905 culpant

19 906 88 939 gnis
106 907 277 943 violentiam,
300 911 347 939 sed
368 912 414 940 Dei
431 915 611 947 pronuntiant
631 916 811 951 voluntatem,

19 952 153 981 lalvantis
168 955 279 989 quidem
305 965 388 993 super
409 963 509 987 terram
528 961 575 995 qui
590 961 678 989 salute
694 968 758 990 sunt
771 964 812 991 di-

19 998 59 1032 ;ni
84 999 112 1025 in
130 1007 173 1032 ea,
193 1002 333 1035 perdentis
354 1008 445 1032 autem
462 1013 510 1034 eos
528 1006 556 1033 in
581 1008 680 1042 quibus
701 1014 811 1044 propter

19 1043 217 1073 ibundantiam
237 1047 391 1083 iniquitatis
405 1051 526 1079 charitas
548 1052 712 1088 refrigescit.
728 1043 811 1083 Gom-

19 1090 124 1118 taratio
138 1092 211 1119 enim
227 1093 391 1123 Sodomitici
411 1096 482 1132 ignis
494 1099 810 1129 manifestissimedocet

19 1136 190 1177 tubitaneam
213 1138 270 1166 fore
291 1141 386 1168 mundi
403 1142 621 1178 corruptionem,
639 1151 672 1172 ex
687 1152 720 1172 eo
735 1146 808 1181 quod

19 1182 131 1217 ingelus
146 1184 215 1212 dixit
227 1185 261 1213 ad
276 1185 327 1214 Lot
344 1188 383 1215 ’τε
402 1187 469 1216 Ecce
481 1190 631 1218 admiratus
642 1199 701 1218 sum
713 1192 809 1227 faciem

21 1236 90 1254 unm
110 1228 137 1255 in
149 1230 225 1257 uerbo
237 1231 296 1265 hoc,
311 1237 339 1259 ut
352 1241 404 1260 non
414 1234 549 1262 destruant
564 1237 698 1264 ciuitatem
711 1238 743 1265 dc
755 1247 808 1274 qua

19 1273 123 1301 lia-isti.
146 1272 257 1304 Festina
281 1285 342 1313 ergo
358 1279 459 1306 salvari
481 1280 548 1314 illic,
571 1290 617 1309 nec
631 1283 699 1309 enim
718 1272 807 1318 potero

19 1319 104 1347 Pacere
125 1321 280 1357 quidquam,
310 1324 392 1351 donec
416 1330 444 1352 tu
467 1334 511 1353 eas
532 1326 606 1355 illuc.
634 1327 714 1362 Vides
738 1338 807 1365 quo-

19 1366 90 1393 niam
114 1367 185 1403 ignis
209 1368 254 1396 ille
279 1369 325 1404 qui
353 1378 436 1405 super
461 1371 608 1400 Sodomam
635 1374 804 1409 mittebatur,

19 1412 156 1441 roluntate
179 1415 371 1444 continebatur
387 1418 490 1452 divina,
515 1418 603 1447 donec
625 1419 676 1448 Lot
690 1421 805 1450 intraret

22 1466 41 1485 n
58 1459 156 1495 Segor.
179 1461 226 1489 Sic
247 1467 312 1497 puto
329 1468 355 1491 et
371 1464 398 1491 in
419 1466 658 1494 consummatione
671 1467 804 1500 gfuturum

872 227 907 254 sit
922 228 1023 261 futura,
1037 236 1070 255 an
1086 236 1134 264 per
1148 236 1254 264 partes;
1273 232 1319 258 sed
1342 233 1392 260 hoc
1406 237 1511 261 tantum
1532 237 1657 263 conside-

871 277 943 306 rant,
956 275 1085 308 quoniam
1101 276 1318 312 uniuscujusque
1329 281 1530 307 consummatio
1545 280 1583 313 ﬁt,
1598 281 1656 315 ipso

870 328 924 348 non
943 325 1123 356 cognoscente
1139 330 1226 357 neque
1240 323 1323 355 diem,
1345 332 1433 360 neque
1453 326 1547 353 horam
1566 327 1657 354 exitus

870 366 928 399 sui;
952 371 979 393 et
1000 367 1064 401 quia
1090 375 1172 402 super
1196 376 1420 405 unumquemque
1449 376 1573 400 nostrum
1598 372 1657 399 dies

870 411 976 439 Domini
992 413 1028 440 ita
1045 413 1134 440 veniet
1152 414 1223 441 sicut
1241 414 1295 441 fur.
1311 416 1423 450 Propter
1439 419 1511 452 quod
1529 426 1598 453 opus
1613 423 1656 448 est

868 459 990 494 vigilare,
1004 460 1061 487 sive
1075 461 1191 495 vesperi,
1206 461 1232 488 id
1245 466 1287 488 est
1307 462 1333 489 in
1348 463 1508 498 juventute;
1528 466 1585 493 sive
1600 475 1656 494 me.

868 504 911 532 dia
924 509 1013 538 nocte,
1028 505 1054 532 id
1066 509 1107 532 est
1124 506 1151 533 in
1165 506 1255 534 medio
1266 507 1328 534 vita
1342 508 1468 536 humanae
1484 511 1653 543 tenebrosae;

867 551 924 578 sive
937 551 1000 585 galli
1015 555 1107 582 cantu,
1122 552 1296 587 quandojam
1313 553 1406 580 senior
1417 559 1473 588 est;
1490 555 1547 582 sive
1560 563 1651 590 mane,

866 597 976 630 quando
986 597 1042 631 jam
1055 601 1194 624 senectute
1212 602 1339 632 provecta
1352 604 1410 632 est;
1427 603 1457 626 ut
1469 607 1532 626 cum
1550 601 1655 629 venerit

866 641 937 670 Deus
959 642 1075 670 Verbum
1095 643 1210 671 at'l'erens
1227 645 1491 684 consummationem
1508 646 1656 680 profectio-

866 689 909 716 nis
919 689 980 715 vitae
1000 689 1090 720 istius,
1104 690 1352 724 comprehendatur
1362 691 1408 725 qui
1424 699 1477 718 non
1490 691 1564 718 dedit
1580 699 1654 719 som-

865 742 931 761 num
952 735 1039 762 oculis
1061 735 1130 768 suis,
1155 743 1243 770 neque
1271 735 1493 764 dormitationem
1518 737 1655 772 palpebris

865 780 934 814 suis,
947 784 974 807 et
991 780 1141 808 custodivit
1160 781 1320 808 mandatum
1344 782 1460 809 dicentis
1476 783 1498 798 ’³
1512 791 1518 809 :
1541 782 1654 818 Vigilat:

865 827 893 853 in
908 826 979 853 omni
995 831 1118 860 tempore.
1137 826 1238 853 Tamen
1257 828 1319 854 vani
1335 831 1399 854 sunt
1415 835 1520 860 omnes,
1537 828 1593 854 sive
1606 827 1652 862 qui

865 873 1128 901 consummationem
1139 873 1234 900 mundi
1249 874 1319 901 scire
1330 881 1360 901 se
1371 874 1534 908 proﬁtentur
1543 874 1653 908 quando

863 920 924 953 erit,
940 919 996 947 sive
1010 920 1056 954 qui
1068 919 1129 946 vita:
1141 918 1259 954 propriae
1272 919 1352 946 tinem
1367 920 1437 947 scire
1448 927 1478 947 se
1490 920 1652 955 gloriantur,

863 969 910 992 aut
921 972 970 1000 per
985 965 1061 999 signa
1079 964 1180 996 avium,
1204 968 1251 991 aut
1267 972 1314 1000 per
1328 965 1526 1000 ventriloquos,
1546 969 1592 993 aut
1605 974 1653 1000 per

861 1018 957 1045 magos
985 1010 1100 1043 seducti,
1125 1014 1152 1037 et
1178 1015 1304 1046 putantes
1332 1018 1497 1046 cognoscere
1526 1012 1597 1040 diem
1626 1016 1653 1039 et

861 1057 958 1084 horam
985 1056 1074 1083 exitus
1094 1056 1146 1083 sui.
1169 1055 1245 1083 Sicut
1274 1057 1347 1083 enim
1369 1061 1421 1090 est,
1446 1065 1528 1084 nemo
1551 1065 1652 1092 cogno-

861 1110 937 1130 scere
965 1106 1065 1138 potest,
1095 1102 1148 1130 nisi
1175 1101 1244 1129 forte
1271 1103 1404 1138 propheta
1437 1103 1537 1138 aliquis
1570 1103 1653 1130 fuerit

861 1153 955 1176 sancto
969 1147 1071 1183 Spiritu
1085 1148 1268 1180 illuminatus,
1282 1148 1353 1175 sicut
1365 1149 1410 1175 ille
1424 1148 1471 1184 qui
1488 1149 1566 1176 uxori
1579 1150 1650 1184 regis

859 1195 1031 1230 prophetavit
1045 1194 1145 1221 volenti
1166 1201 1332 1229 cognoscere
1347 1195 1369 1222 si
1384 1199 1508 1230 surgeret
1522 1202 1554 1222 ex
1572 1195 1648 1222 infir-

859 1239 955 1267 mitate
973 1239 1045 1274 ﬁlius
1061 1239 1132 1274 ejus,
1156 1244 1182 1266 et
1198 1239 1269 1266 sicut
1284 1239 1357 1266 Elias
1375 1240 1546 1274 prophetavit
1560 1239 1651 1267 Ocho-

859 1285 907 1312 zire
919 1285 1012 1313 dicens
1032 1293 1093 1320 quae
1107 1292 1122 1311 a
1142 1284 1259 1312 Domino
1275 1284 1382 1312 fuerant
1395 1286 1562 1313 constituta:
1586 1285 1651 1313 ﬂare

858 1330 924 1358 dicit
946 1331 1075 1358 Dominus
1093 1339 1102 1358 :
1122 1330 1266 1366 Propterea
1292 1331 1361 1366 quod
1382 1336 1433 1358 non
1454 1336 1511 1358 erat
1529 1331 1600 1358 Deus
1622 1331 1650 1358 in

857 1377 953 1409 Israel,
974 1381 1002 1404 tu
1023 1377 1098 1404 vadis
1115 1385 1233 1412 quwrere
1251 1377 1286 1403 ad
1300 1377 1369 1404 Baal
1385 1382 1432 1404 aut
1453 1377 1595 1404 Beelzebub
1611 1379 1650 1405 ui-

857 1434 915 1452 rum
927 1433 1088 1457 muscarum,
1102 1425 1186 1452 Deum
1201 1426 1320 1451 Accaron
1332 1433 1342 1452 .'
1353 1425 1411 1452 ideo
1427 1425 1490 1451 dicit
1503 1425 1628 1452 Dominus
1637 1432 1648 1452 :

856 1472 895 1499 De
922 1472 1017 1499 lectulo
1044 1480 1123 1507 super
1146 1480 1222 1507 quem
1248 1472 1392 1499 ascendisti
1419 1480 1470 1498 non
1495 1472 1647 1504 descendas,

19 1506 167 1533 secundum
184 1508 258 1542 quod
280 1509 399 1537 salvatus
412 1515 454 1538 est
472 1514 500 1538 et
519 1510 579 1545 Lot,
600 1517 630 1539 ut
649 1517 714 1541 tunc
732 1515 803 1549 ignis
817 1523 838 1552 ο
855 1519 978 1554 quoniam
1003 1506 1086 1545 morte
1111 1519 1232 1546 morieris
1246 1519 1279 1545 ³⁰.
1309 1517 1372 1545 Haec
1396 1517 1447 1545 etsi
1476 1517 1503 1544 in
1532 1525 1647 1544 excessu

21 1552 61 1579 lle
85 1555 332 1584 consummationis
347 1557 469 1586 obtineat
493 1560 627 1588 mundum
653 1561 803 1588 secundum

23 1598 147 1626 udicium
172 1599 230 1632 Dei,
245 1608 307 1628 cum
328 1603 425 1630 salvati
438 1603 505 1639 justi
528 1604 654 1633 fulserint
675 1606 745 1634 sicut
763 1606 804 1634 sol

22 1651 41 1670 ιι
59 1651 143 1678 regno
157 1643 246 1673 Patris
262 1646 324 1673 sui:
347 1650 413 1675 tunc
435 1649 545 1684 iniquos
567 1651 696 1686 colligent
714 1651 748 1679 de
762 1659 804 1679 re—

19 1696 68 1722 gno
85 1689 195 1722 Christi,
209 1695 236 1718 et
249 1692 356 1720 mittent
371 1701 419 1721 eos
432 1694 459 1721 in
474 1696 612 1723 caminum
631 1697 710 1731 ignis.
727 1697 804 1730 Quo-

19 1734 98 1761 nodo
120 1739 191 1762 enim
216 1744 270 1763 non
292 1742 334 1765 est
359 1740 534 1768 manifestum
556 1742 619 1776 quia
644 1742 736 1770 subito
750 1743 803 1770 erit

19 1781 152 1816 :orruptio
169 1783 273 1816 mundi,
298 1791 331 1810 ex
345 1792 377 1811 eo
395 1787 467 1820 quod
487 1787 570 1820 dicit,
586 1792 663 1814 erunt
685 1788 802 1814 mandu-

19 1831 103 1852 tmues
116 1832 138 1853 et
151 1827 274 1861 bibentes,
288 1829 412 1857 nubentes
425 1835 450 1857 et
462 1836 571 1866 nuptum
584 1833 726 1866 tradentes,
742 1842 803 1868 qua:

19 1871 90 1898 )acis
102 1876 128 1898 et
139 1873 293 1902 securitatis
311 1879 375 1902 sunt
389 1875 464 1911 signa
474 1877 485 1903 ?
495 1876 593 1906 Fames
609 1879 681 1905 enim
698 1884 724 1906 et
739 1887 802 1914 pes-

23 1916 125 1944 ilentiaa
145 1917 258 1946 forsitan
282 1926 345 1948 ante
366 1922 477 1956 aliquod
499 1927 605 1958 tempus
624 1932 802 1953 consumma-

21 1963 97 1990 ionis
109 1970 205 1998 erunt;
225 1966 297 1994 circa
320 1967 407 2002 ipsam
423 1972 512 1996 autem
535 1972 801 1999 consummationem

19 2016 102 2043 neque
122 2009 217 2044 fames,
234 2019 322 2046 neque
343 2012 443 2040 bellum
465 2014 526 2041 erit.
549 2015 693 2048 Quomodo
709 2021 800 2044 autem

19 2057 208 2084 nanducantes
223 2062 249 2084 et
265 2059 397 2091 bibentes,
414 2061 550 2089 nubentes
570 2068 597 2089 et
616 2066 730 2097 nuptum
747 2068 801 2091 tra-

19 2102 117 2134 lcntes,
139 2103 290 2137 plantantes
305 2109 332 2131 et
353 2106 528 2140 aedificantes,
549 2112 671 2135 ementes
688 2113 714 2136 et
732 2117 801 2136 ven-

19 2148 105 2176 Ientes
120 2155 183 2177 sunt
197 2152 456 2186 comprehendendi,
468 2155 520 2182 nisi
533 2155 569 2182 ita
582 2156 618 2183 sit
627 2156 799 2183 ordinatum?

856 1563 987 1598 diximus,
1020 1568 1110 1591 tamen
1133 1564 1213 1598 quasi
1239 1563 1317 1590 utilia
1339 1563 1553 1594 introduximus,
1580 1570 1648 1597 quo-

855 1609 929 1636 niam
947 1614 975 1637 et
994 1610 1027 1637 de
1049 1610 1286 1637 consummatione
1306 1609 1537 1644 uniuscujusque,
1558 1608 1585 1635 id
1605 1612 1648 1636 est

854 1655 888 1682 de
908 1656 952 1683 die
970 1656 1060 1683 exitus
1077 1656 1120 1683 sui
1136 1664 1216 1683 nemo
1238 1663 1406 1691 cognoscere
1427 1659 1526 1690 potest,
1546 1663 1644 1690 quam-

855 1701 897 1728 vis
920 1701 998 1728 multi
1021 1701 1202 1736 proﬁteantur
1224 1701 1290 1728 talia
1320 1701 1403 1734 scire,
1428 1701 1481 1728 nisi
1505 1700 1573 1727 forte
1599 1700 1646 1735 qui

855 1746 991 1773 audierint
1008 1754 1041 1773 ex
1064 1747 1216 1781 prophetis.
1238 1746 1301 1774 Scio
1323 1751 1350 1774 et
1367 1746 1448 1773 aliam
1469 1753 1647 1774 consumma-

854 1792 956 1819 tionem
981 1792 1034 1818 viri
1058 1792 1137 1826 justi,
1161 1792 1208 1827 qui
1233 1792 1385 1827 apostolico
1408 1791 1530 1827 profectu
1554 1792 1646 1819 dicere

852 1842 943 1873 potest
968 1847 974 1864 :
998 1837 1065 1864 Mihi
1088 1842 1177 1865 autem
1203 1838 1272 1864 absit
1302 1838 1423 1873 gloriari,
1448 1838 1500 1865 nisi
1523 1839 1550 1864 in
1569 1845 1646 1865 cruce

852 1883 962 1911 Domini
981 1884 1065 1910 nostri
1080 1883 1144 1911 Jesu
1160 1883 1271 1916 Christi,
1290 1891 1336 1918 per
1355 1891 1431 1918 quem
1452 1884 1517 1910 mihi
1531 1883 1643 1910 mundus

852 1930 997 1965 cruciﬁxus
1014 1934 1063 1962 est,
1085 1935 1108 1957 et
1128 1938 1174 1965 ego
1197 1930 1294 1956 mundo
1310 1930 1344 1956 δι.
1366 1929 1418 1956 Cui
1436 1929 1508 1956 enim
1525 1930 1644 1957 mundus

851 1981 894 2005 est
911 1976 1072 2009 crucifixus,
1096 1976 1121 2004 ei
1142 1975 1346 2011 quodammodo
1371 1976 1573 2002 consummatio
1584 1975 1642 2010 jam

852 2022 924 2050 facta
946 2027 987 2050 est
1007 2022 1114 2055 mundi,
1129 2026 1155 2049 et
1176 2022 1223 2057 qui
1242 2027 1369 2049 mortuus
1392 2025 1434 2048 est
1453 2021 1641 2049 mundialibus

851 2070 945 2102 rebus,
961 2069 1006 2097 cui
1023 2074 1195 2104 transgresso
1210 2068 1268 2096 dies
1284 2077 1337 2095 non
1361 2068 1467 2095 Domini
1484 2069 1567 2100 venit,
1586 2068 1640 2096 Do—

851 2115 918 2142 mini
937 2114 995 2142 dies
1016 2114 1043 2141 in
1060 2122 1114 2149 qua
1136 2114 1165 2141 ﬁt
1185 2114 1317 2141 adventus
1338 2113 1399 2141 Filii
1421 2114 1540 2142 hominis
1561 2121 1642 2148 super

851 2159 970 2187 animam
983 2159 1053 2194 ejus,
1066 2159 1130 2193 quia
1142 2158 1198 2193 jam
1212 2166 1266 2185 non
1278 2159 1345 2185 vivit
1359 2164 1470 2194 peccato
1484 2163 1511 2186 et
1527 2159 1639 2186 mundo.

19 2194 65 2221 Sed
83 2199 109 2221 et
128 2195 191 2222 illud
211 2196 263 2224 hoc
276 2197 434 2226 manifestat
453 2200 525 2234 quod
541 2201 580 2227 ait
595 2201 741 2236 Apostolus
753 2202 795 2229 ’δε
816 2192 838 2219 Ῑ)
886 2205 930 2233 5⁵1.
951 2192 1024 2231 Tunc
1042 2192 1094 2231 duo
1115 2192 1192 2231 erunt
1215 2204 1242 2231 in
1258 2212 1333 2240 agro,
1359 2192 1427 2231 unus
1451 2209 1601 2231 assumetur
1615 2208 1641 2231 ct

19 2241 142 2273 )uoniam
157 2242 212 2270 dies
230 2243 336 2271 Domini
352 2245 420 2272 sicut
438 2247 492 2281 fur,
508 2247 547 2274 ita
566 2248 593 2274 in
610 2254 683 2276 nocte
702 2250 795 2276 veniet.

19 2287 80 2314 :um
99 2288 212 2314 dixerint
226 2297 280 2323 pan:
298 2295 322 2316 et
334 2291 475 2324 securitas,
494 2296 556 2319 tunc
576 2294 727 2328 repentinus
742 2294 796 2321 illis

19 2335 170 2368 luperveniet
190 2336 324 2369 interitus,
340 2337 409 2363 sicut
426 2337 543 2365 dolorem
564 2344 656 2373 partus
676 2341 705 2367 in
721 2345 796 2368 utero

19 2382 126 2414 tabenti,
143 2387 166 2409 et
183 2391 235 2410 non
246 2383 380 2418 effugient.
398 2384 480 2412 Docet
493 2393 544 2413 nos
561 2387 690 2421 quoniam
706 2388 796 2416 subito

19 2431 36 2453 τι
57 2427 191 2461 insperato
204 2429 312 2456 eveniet
331 2429 389 2457 dies
408 2432 654 2460 consummationis
674 2433 791 2460 homini-

19 2481 71 2504 ms.
87 2482 146 2501 cum
160 2482 251 2502 rerum
262 2480 351 2503 status
366 2478 445 2511 quasi
458 2478 491 2505 ad
507 2479 605 2506 melius
619 2479 695 2506 visus
712 2479 794 2507 fuerit

19 2528 69 2548 sse
88 2529 242 2556 conversus,
265 2523 298 2550 de
321 2523 393 2551 fame
413 2524 504 2559 priore
528 2525 561 2552 ad
582 2525 744 2559 ubertatem,
760 2526 794 2554 de

19 2567 157 2597 testilentia
179 2573 205 2595 ct
220 2570 320 2603 przeliis
339 2570 371 2597 ad
392 2578 486 2605 pacem
506 2575 586 2605 atque
606 2572 792 2601 securitatem.

19 2612 61 2645 lui
85 2618 170 2641 autem
196 2615 278 2643 altius
303 2616 388 2652 876
414 2616 589 2652 Evangelium
614 2618 738 2651 audiunt,
766 2623 793 2646 et

19 2657 98 2684 tmnia
112 2664 192 2694 agunt
207 2664 238 2687 ut
253 2662 366 2689 omnino
381 2662 408 2688 in
431 2662 504 2690 nulla
521 2667 597 2698 parte
616 2663 791 2699 Evangelium

19 2703 42 2731 it
61 2703 100 2731 eis
120 2705 245 2740 velatum,
269 2714 323 2735 non
347 2708 463 2736 multum
488 2714 586 2736 curant
603 2709 637 2737 de
660 2717 790 2738 consum-

55 2810 78 2825 "
96 2810 212 2845 capixxt.

260 2811 283 2851 ζ⁷
292 2811 432 2851 G_en:_x1x,
455 2813 500 2846 21,
516 2812 567 2851 22L
583 2813 628 2851 "Ml
641 2813 735 2851 T_hess.
749 2822 775 2844 v.
788 2815 815 2851 2,
827 2816 853 2843 5.
887 2817 909 2832 ¹⁹
922 2815 986 2844 Luc.

395 2819 432 2851 ης,
455 2813 500 2846 21,
516 2812 567 2851 22;
583 2813 628 2851 "Ml
641 2813 735 2851 T_hess.
749 2822 775 2844 v.
788 2815 815 2851 2,
827 2816 853 2843 5.
887 2817 909 2832 ¹⁹
922 2815 988 2844 Luc.
1005 2825 1061 2851 χιι,
1077 2816 1119 2844 56.

851 2251 919 2278 alter
934 2250 1096 2285 relinquetur
1114 2250 1147 2276 ".
1162 2249 1240 2277 Sicut
1255 2249 1282 2276 in
1301 2258 1334 2277 eo
1348 2251 1421 2285 quod
1439 2250 1505 2277 dicit
1522 2250 1545 2266 ³³
1562 2258 1568 2277 :
1586 2249 1640 2276 Aut

851 2298 931 2332 facite
952 2297 1072 2324 arborem
1091 2298 1201 2328 malam,
1222 2301 1247 2323 et
1262 2295 1366 2332 fructus
1387 2297 1443 2331 ejus
1467 2296 1568 2328 malos;
1593 2301 1640 2324 aut

852 2343 971 2370 arborem
991 2343 1096 2375 bonam,
1121 2347 1146 2370 et
1162 2343 1279 2377 fructum
1294 2343 1351 2377 ejus
1369 2345 1476 2374 bonum,
1501 2343 1561 2370 dure
1577 2347 1640 2370 sunt

849 2389 962 2416 arbores
977 2388 1117 2424 generales
1132 2389 1160 2416 in
1183 2388 1311 2416 cordibus
1326 2389 1478 2420 hominum,
1497 2391 1544 2415 au't
1568 2388 1639 2415 bona

848 2436 969 2469 virtutis,
985 2439 1032 2462 aut
1051 2435 1124 2462 mala
1141 2435 1263 2462 malitiae.
1283 2434 1360 2462 Sicut
1385 2434 1503 2461 mundus
1517 2438 1559 2461 est
1574 2441 1638 2469 ager

847 2482 998 2510 secundum
1023 2481 1182 2516 parabolam
1206 2480 1365 2515 quamdam,
1389 2478 1445 2506 duo
1474 2479 1638 2514 generaliter

847 2532 910 2555 sunt
926 2527 954 2554 in
969 2534 1013 2560 eo,
1029 2534 1101 2554 unus
1112 2525 1222 2560 quidem
1236 2525 1307 2553 sicut
1320 2524 1377 2552 Noe
1390 2524 1532 2559 operarius
1546 2529 1637 2557 terrae,

847 2574 915 2601 alter
929 2577 1019 2601 autem
1034 2573 1105 2600 sicut
1118 2572 1185 2600 Cain
1205 2579 1321 2606 operans
1338 2575 1438 2598 terram
1455 2570 1489 2596 ³⁸.
1507 2569 1554 2597 His
1573 2569 1637 2596 tali-

846 2619 898 2647 bus
913 2619 940 2646 in
956 2626 1021 2654 agro
1033 2618 1190 2652 bujusmodi
1204 2617 1370 2649 constitutis,
1383 2624 1453 2642 unus
1467 2619 1634 2648 assumetur,

846 2663 873 2691 id
890 2668 931 2691 est
946 2663 992 2698 qui
1009 2663 1108 2691 similis
1123 2667 1165 2690 est
1181 2662 1238 2690 Noe
1252 2662 1394 2697 operarius
1412 2666 1491 2689 terra!
1504 2670 1511 2694 ;
1524 2666 1551 2688 et
1567 2661 1636 2687 alter

844 2709 1024 2744 relinquetur,
1038 2709 1086 2744 qui
1101 2708 1172 2736 sicut
1186 2708 1252 2736 Cain
1267 2712 1366 2736 terram
1382 2715 1499 2743 operans
1512 2711 1565 2735 est.
1580 2705 1634 2734 Ta-

1171 2816 1237 2843 “IV
1247 2816 1321 2856 λιες.
1341 2825 1359 2850 ι,
1374 2816 1400 2843 6.
1425 2815 1568 2850 "Gal.Vt,
1586 2816 1629 2845 Η.
1675 2842 1678 2845 .

19 2846 30 2862 ι
50 2845 140 2873 Matth.
155 2854 228 2880 xxiv,
243 2846 288 2874 40.
310 2847 331 2863 ³³
347 2847 442 2875 Matth.
468 2856 517 2883 xu,
534 2849 577 2876 55.
601 2849 623 2866 ”
643 2849 709 2877 Gen.
727 2858 764 2883 Ix,
783 2845 828 2885 20,
845 2855 871 2878 et
893 2859 930 2886 tr.
946 2852 972 2879 2.
