1839 3053
174 100 238 127 1691

757 97 921 127 ORIGENIS
939 97 972 124 IN
993 96 1202 124 MATTHA‘IUM

1756 91 1807 118 if?!

173 156 208 185 lis
223 156 296 184 enim
312 161 355 184 est
373 156 464 183 omnis
483 155 529 191 qui
546 155 603 184 odit
619 155 731 184 fratrem
749 162 842 188 suum,
857 159 884 183 et
900 162 962 189 pro-
976 155 999 184 Δ
1015 157 1067 179 tem
1083 153 1166 179 etiam
1181 156 1304 187 tempora
1316 150 1370 178 diei
1387 154 1524 184 tanquam
1539 147 1615 176 furis
1631 147 1808 176 venientisde

173 209 233 238 pter
251 202 344 230 odium
368 202 462 230 fratris
485 202 621 230 homicida
647 209 662 229 a
685 201 791 229 Joanne
812 201 964 236 appellatur

173 248 298 284 apostolo
310 249 343 276 ".
363 248 408 276 Sic
423 252 514 276 autem
530 252 557 276 et
572 247 606 276 de
629 247 775 275 animabus
796 247 964 275 molentibus

173 295 200 323 in
225 295 301 330 gravi
328 294 400 322 mola
425 295 518 322 mundi
542 294 583 321 vel
601 293 736 329 corporis,
759 293 830 321 bona
853 293 962 329 quidem

173 341 264 368 anima
281 340 443 372 assumitur,
470 340 541 367 mala
562 344 654 367 autem
678 339 852 374 relinquitur,
877 339 965 368 donec

173 387 255 422 digna
279 386 411 414 efﬁciatur
438 385 552 413 assumi.
572 385 627 413 Aut
651 386 689 413 ita
713 394 720 413 ε
749 386 804 413 duo
828 385 856 413 in
886 393 964 421 agro,

174 441 273 461 sensus
306 432 426 460 hominis
454 431 537 465 boni,
563 436 592 459 et
616 439 715 461 sensus
740 432 860 460 hominis
887 432 962 459 mali.

176 478 282 508 Sensus
324 479 414 507 bonus
455 479 618 512 assumitur,
653 479 744 507 malus
786 479 962 514 relinquitur.

174 525 229 554 Nec
261 525 335 554 enim
369 533 518 562 possumus
545 526 638 553 dicere
665 525 792 560 spiritum
820 525 885 554 mali
914 526 965 554 ho-

173 572 256 600 minis
279 580 334 600 non
367 572 484 606 assumi,
512 572 577 608 quia
610 572 694 600 didici
718 572 789 607 apud
818 571 966 600 Ecclesias-

174 617 255 645 tctt"
280 617 315 646 de
347 617 423 646 omtti
446 617 557 653 spiritu,
584 617 713 653 quoniam
737 618 905 646 convertitur
930 617 964 645 ad

175 664 260 693 Deum
275 664 322 700 qui
335 665 409 693 dedit
421 672 484 693 eum
498 674 505 692 :
521 665 594 692 sicut
605 670 632 693 et
647 665 680 693 de
695 665 771 692 omni
787 672 882 697 carne,
896 671 964 698 quo-

174 710 248 737 niam
267 710 413 738 reverlitur
427 710 462 738 ad
484 714 585 738 terram
604 711 676 738 unde
695 716 803 746 sumpta
825 714 867 738 est
882 709 920 743 ";
938 714 965 737 et

173 755 245 784 sicut
267 757 326 792 ipse
348 755 481 784 Dominus
499 757 592 784 docuit
615 765 665 785 nos
685 762 714 784 ut
738 757 884 784 timeamus
904 764 965 783 eum

173 803 220 839 qui
237 811 331 837 corpus
346 808 370 830 et
385 804 502 830 animam
515 808 600 838 potest
612 804 719 838 perdere
733 804 760 830 in
771 803 917 839 gehennam
926 803 963 837 "5

172 854 201 878 et
221 857 255 878 ex
284 857 317 877 eo
340 849 414 884 quod
440 850 508 877 nihil
532 849 566 877 de
594 850 692 885 spiritu
717 850 795 883 dixit,
823 850 964 878 evidenter

174 894 295 922 ostendit
313 894 445 930 quoniam
468 895 581 930 spiritus
600 903 662 922 cum
680 902 797 930 corpore
813 895 856 923 vel
872 895 964 923 anima

175 940 326 976 peccatrice
348 949 402 969 non
419 941 501 970 simul
520 941 643 976 punitur.
662 941 714 974 Qui
737 941 809 968 enim
830 941 963 976 peccavit,

173 986 314 1019 dividitur.
342 991 372 1014 et
398 994 463 1022 pars
492 986 604 1021 quidem
631 985 692 1020 ejus
718 993 781 1013 cuni
807 985 964 1014 inﬁdelibus

173 1034 299 1068 ponitur;
315 1033 387 1069 quod
398 1037 489 1061 autem
506 1039 561 1060 non
579 1032 650 1068 ejus,
668 1032 814 1060 revertitur
830 1033 863 1060 ad
877 1032 963 1061 Deum

173 1079 221 1114 qui
237 1079 313 1107 dedit
325 1087 399 1107 eum.
610 1107 616 1112 ,

207 1124 253 1152 58.
272 1124 330 1152 Duo
348 1125 376 1151 in
398 1124 464 1152 lecto
485 1133 549 1157 uno,
576 1133 645 1152 unus
670 1129 832 1159 auumelur,
849 1130 875 1152 et
895 1125 964 1152 alter

172 1170 335 1206 relinquetur
345 1171 378 1198 ".
392 1169 473 1198 Extra
485 1178 532 1198 eos
542 1171 590 1206 qui
602 1170 731 1198 suntduo
748 1171 774 1198 in
790 1179 866 1206 agro,
886 1175 964 1198 extra

172 1224 219 1244 eas
231 1224 292 1252 quas
307 1220 373 1245 sunt
386 1216 447 1244 duze
464 1216 497 1244 ad
514 1216 626 1249 molam,
650 1221 714 1244 sunt
728 1216 784 1244 duo
799 1223 914 1251 corpora
936 1216 964 1243 in

175 1269 230 1290 una
247 1262 371 1295 materia,
392 1271 425 1290 ex
440 1262 541 1298 quibus
562 1263 726 1298 corporibus
747 1270 832 1290 unum
853 1262 963 1298 quidem

172 1315 273 1344 corpus
296 1313 338 1336 est
354 1308 422 1343 justi
447 1308 520 1344 quod
544 1308 707 1341 assumitur,
731 1308 848 1335 alterum
871 1311 963 1336 autem

172 1362 272 1390 corpus
286 1354 409 1389 ejusdem
425 1354 548 1382 materiae
559 1354 633 1389 quod
650 1354 826 1389 relinquitur.
843 1352 878 1381 Et
899 1361 963 1382 cor-

173 1408 222 1436 pus
239 1400 349 1436 quidem
366 1400 446 1436 quasi
465 1400 604 1428 inﬁrmum
620 1400 648 1427 in
663 1399 733 1428 lecto
749 1404 791 1428 est
810 1400 964 1427 carnalium

173 1447 330 1482 passionum
365 1447 492 1482 quamvis
524 1451 703 1480 assumatur;
741 1447 834 1474 anima
871 1451 962 1473 autem

1014 199 1073 226 linit
1086 198 1180 226 dicens
1193 197 1216 214 ”
1237 207 1244 225 :
1264 197 1377 233 Vigilate
1398 204 1475 231 ergo,
1491 195 1559 228 quia
1582 193 1699 221 nevciti:
1720 194 1808 228 quartis

1014 244 1134 271 dominus
1157 243 1250 271 damus
1272 243 1366 276 veniet,
1389 250 1462 273 sero,
1485 249 1522 267 an
1557 240 1654 266 Media
1685 244 1766 270 nocte,
1786 248 1809 266 as

1014 290 1080 326 galli
1102 294 1193 322 cantu,
1218 297 1358 316 ansmane.
1382 287 1596 316 Paterfamilias
1614 291 1714 314 autem
1730 285 1810 313 domn!

1014 341 1056 364 est
1071 344 1170 364 sensus
1186 335 1324 368 hominis;
1337 335 1437 363 domus
1456 339 1553 362 autem
1569 334 1640 368 ejus
1652 332 1756 359 anima.
1771 331 1811 359 Fur

1015 391 1079 411 vero
1095 383 1143 418 qui
1159 382 1356 418 patrefamilias
1383 381 1546 409 dormiente
1577 380 1682 408 subito
1706 379 1776 406 venit
1793 385 1811 406 ε

1015 429 1134 466 perfodit
1144 429 1268 460 domum,
1283 433 1350 464 puto
1362 427 1436 463 quod
1452 426 1586 454 diabolus
1600 430 1659 458 est,
1678 430 1726 452 aut
1739 425 1812 452 omnis

1015 483 1106 504 sermo
1118 476 1284 509 cantrarius,
1297 475 1449 503 secundum
1462 474 1539 510 quod
1553 472 1738 508 evangelista
1751 471 1814 498 loaa»

1015 530 1064 550 nes
1084 530 1136 550 nos
1158 523 1236 550 docet
1252 523 1303 550 ltoc
1326 521 1408 549 modo
1428 522 1526 550 dicens
1544 521 1570 536 “
1599 529 1608 548 :
1635 520 1736 550 Amen,
1755 527 1813 546 ama

1015 568 1075 594 dico
1097 568 1178 601 vobis,
1200 568 1246 603 qui
1269 576 1320 595 non
1344 569 1428 595 intrat
1441 576 1487 602 per
1499 567 1632 602 januam
1650 566 1680 592 in
1698 565 1811 592 cohorte-

1016 614 1113 646 ovt'um,
1135 613 1180 641 sed
1204 614 1323 641 ascendit
1347 614 1468 647 aliunde,
1487 613 1537 641 ille
1560 619 1606 641 est
1630 613 1681 648 [ur
1707 617 1733 639 et
1751 612 1810 638 latro.

1017 659 1093 687 Sicttt
1103 667 1168 695 ergo
1177 661 1223 696 qui
1233 668 1281 695 per
1291 660 1405 696 januam
1417 660 1503 687 intrat
1514 660 1546 687 in
1557 660 1717 687 cohortem
1729 659 1812 689 oviull.

1016 710 1108 741 pastor
1127 710 1170 734 est
1188 707 1281 734 ovium
1301 707 1347 734 cui
1372 706 1506 734 ostiarius
1527 706 1647 741 aperit;
1668 705 1719 741 qui
1742 712 1813 732 auten

1016 759 1071 779 non
1088 752 1171 780 intrat
1189 760 1236 787 per
1249 753 1380 788 januam,
1406 752 1455 781 sed
1482 752 1625 780 ascendit
1645 751 1768 783 aliunde,
1782 751 1813 777 fur

1016 803 1058 826 cst
1070 803 1097 826 et
1109 799 1197 833 latro;
1214 800 1254 828 sic
1268 799 1398 827 dominus
1415 799 1516 827 domus
1536 799 1722 827 ﬁducialiter
1733 805 1776 832 per
1786 798 1814 832 ja-

1016 853 1098 872 nuam
1113 846 1224 881 quando
1244 847 1303 874 vult
1328 847 1482 883 ingreditur
1499 848 1529 874 in
1552 853 1625 874 eam
1652 853 1814 873 remunerans

1015 893 1183 928 vigilantem.
1195 893 1251 921 Fur
1264 899 1354 922 autem
1368 893 1450 929 quasi
1463 893 1508 920 fur
1528 900 1591 920 non
1611 900 1668 926 per
1679 893 1813 920 naturalem

1015 939 1158 967 introitum
1175 940 1259 967 intrat
1273 940 1299 966 in
1316 940 1428 967 domum
1445 939 1480 966 ad
1497 939 1637 966 animam
1658 939 1813 974 negligentis,

1015 986 1062 1014 sed
1075 986 1155 1021 quasi
1177 987 1224 1022 qui
1237 987 1294 1021 jam
1312 985 1411 1014 foderit
1433 993 1507 1019 eam,
1525 985 1666 1020 primum
1691 985 1814 1012 destruent

1015 1032 1138 1068 quaedam
1153 1033 1287 1060 naturalia
1298 1032 1414 1060 aedilicia
1430 1032 1533 1059 anima:
1548 1031 1635 1066 ejus,
1651 1036 1684 1059 et
1697 1032 1814 1059 naturales

1015 1078 1169 1106 intellectus
1185 1078 1212 1106 in
1227 1085 1261 1106 eo
1271 1078 1317 1113 qui
1330 1086 1384 1105 non
1398 1077 1535 1112 vigilavit,
1551 1085 1636 1112 quos
1651 1077 1814 1105 editionem

1016 1125 1087 1153 Deus
1104 1125 1235 1153 Verbum.
1253 1124 1285 1152 Et
1305 1132 1352 1160 per
1370 1125 1459 1159 ipsam
1482 1124 1672 1151 dirutionem
1694 1124 1813 1160 ingressas

1015 1171 1059 1199 fur
1072 1171 1165 1207 diripit
1180 1179 1240 1199 eam
1256 1178 1402 1199 exarmans
1419 1178 1549 1201 sensum,
1571 1170 1701 1205 quando
1713 1175 1740 1198 et
1756 1178 1814 1204 suae

1015 1217 1084 1246 liens
1112 1225 1166 1245 non
1192 1217 1350 1252 vigilantem
1380 1216 1627 1252 patremfamilias
1654 1217 1747 1252 spolia
1770 1218 1813 1250 ejus

1014 1264 1169 1292 distribuet.
1197 1263 1309 1298 Alioqui
1335 1268 1427 1290 autent
1455 1263 1567 1290 invenit
1593 1264 1666 1298 quis
1691 1263 1774 1290 furem
1794 1263 1812 1289 in

1015 1310 1074 1344 ipsa
1085 1309 1267 1344 perfossione,
1277 1314 1306 1338 et
1316 1310 1562 1344 comprehenderis
1573 1319 1647 1338 eutn
1660 1311 1742 1346 quasi
1754 1316 1812 1338 arma

1015 1363 1064 1382 sua
1081 1355 1185 1383 habens
1200 1355 1317 1390 percutit
1334 1356 1434 1388 furem,
1449 1359 1477 1383 et
1494 1363 1709 1391 percussorem
1727 1362 1813 1384 sermo-

1015 1408 1076 1428 nem
1094 1401 1243 1428 immutans
1256 1408 1331 1433 eum,
1354 1401 1486 1428 interficit
1500 1409 1581 1433 eum,
1604 1402 1728 1438 quando
1740 1407 1765 1430 et
1780 1402 1811 1428 ia-

1016 1446 1151 1474 terliciens
1168 1447 1303 1474 homicida
1320 1454 1374 1474 non
1400 1447 1597 1481 existimatur,
1625 1449 1737 1483 absque
1755 1447 1813 1475 omni

174 1498 283 1528 propter
300 1493 387 1521 multa
409 1501 471 1528 quae
491 1492 609 1521 sustinet
628 1492 657 1520 in
672 1492 724 1520 hoc
750 1492 863 1523 mundo,
886 1491 964 1519 molit
978 1497 999 1528 α
1016 1492 1147 1520 dilatione
1165 1492 1333 1521 interﬁciens
1347 1500 1422 1521 eum.
1439 1493 1468 1520 Si
1486 1498 1586 1521 autem
1616 1502 1679 1522 non
1701 1495 1769 1530 apud
1783 1502 1812 1526 se,

173 1539 201 1566 in
223 1539 294 1566 mola
313 1539 407 1566 tnundi
423 1547 431 1567 :
447 1546 545 1567 sensus
558 1544 649 1566 autem
667 1537 694 1565 in
713 1546 790 1574 agro,
812 1538 964 1566 secundum

173 1593 204 1612 ea
219 1592 279 1619 quae
293 1585 424 1617 diximus,
439 1589 569 1620 operatur
580 1592 642 1620 qua:
654 1590 793 1619 operatur.

209 1630 254 1658 59.
281 1629 405 1665 I'igilate,
422 1631 485 1665 quia
500 1630 607 1657 nescitis
627 1638 679 1665 qua
694 1630 760 1657 liora
777 1629 906 1657 Dominus
926 1638 966 1658 ve-

174 1682 226 1704 ster
235 1676 328 1708 veniet,
342 1679 369 1703 et
381 1676 485 1711 reliqua
499 1675 523 1692 ⁴⁰
537 1685 543 1703 :
555 1684 608 1704 non
624 1677 719 1704 dantes
735 1684 862 1704 somnum
877 1677 965 1705 oculis

173 1722 272 1749 animae
291 1726 403 1755 nostrae,
421 1729 511 1757 neque
531 1722 754 1750 dormitationem
768 1723 916 1758 palpebris,
935 1728 966 1752 ut

174 1772 362 1802 exspectemus
377 1768 419 1795 vel
434 1773 572 1802 nostrum,
587 1769 630 1796 vel
643 1769 736 1796 saeculi
752 1769 845 1802 linem,
863 1770 920 1797 sive
936 1774 966 1798 ut

174 1814 206 1842 tle
218 1813 270 1842 hac
289 1814 344 1842 \ita
357 1813 541 1848 egrediantur,
565 1814 623 1842 sive
642 1819 672 1842 ut
685 1815 765 1844 nobis
788 1823 965 1843 consumme-

174 1866 217 1888 tur
244 1860 288 1888 hic
306 1860 434 1887 mundus.
455 1859 564 1893 Quaeret
585 1864 677 1888 autem
700 1861 800 1896 aliquis
825 1861 965 1896 quomodo

174 1913 293 1941 pratsens
305 1906 383 1941 juxta
398 1905 549 1941 discipulos
569 1905 704 1934 Dominus
723 1907 902 1939 constitutus,
928 1908 966 1935 ita

174 1954 295 1987 toquitur
307 1953 388 1988 quasi
411 1960 465 1980 non
481 1960 612 1988 praesens,
635 1953 683 1981 sed
699 1958 832 1982 venturus
853 1953 887 1981 ad
907 1961 964 1987 eos,

173 1999 267 2028 dicens
289 2008 297 2027 :
323 1999 436 2034 Vigilate
455 1999 518 2034 quia
540 1999 647 2027 nescitis
668 2007 722 2034 qua
743 1999 809 2026 Itora
835 1999 965 2026 Dominus

173 2050 258 2074 vester
277 2045 374 2073 veniet.
395 2044 429 2073 Et
449 2045 522 2073 dicet
539 2045 649 2080 quidem
669 2045 717 2080 qui
739 2045 891 2080 simplicior
911 2048 965 2076 est,

173 2092 303 2126 quoniam
336 2091 370 2118 de
393 2091 515 2118 secundo
540 2091 659 2118 adventu
685 2091 714 2119 in
743 2099 800 2126 quo
833 2096 966 2119 venturus

174 2136 274 2168 fuerat,
295 2136 369 2164 hunc
388 2135 497 2164 dicebat
519 2143 685 2164 sermonem.
709 2136 788 2165 Alius
806 2141 898 2165 autem
922 2137 965 2165 in-

174 2180 341 2216 telligibilem
365 2185 393 2209 et
411 2181 534 2209 futurum
563 2181 593 2210 in
622 2189 735 2210 sensum
763 2182 964 2218 discipulorum

177 2225 258 2253 Verbi
285 2226 394 2254 dicebat
417 2227 582 2259 adventum;
613 2229 678 2263 quia
703 2228 825 2256 nondum
853 2234 913 2258 erat
936 2230 965 2258 in

176 2281 257 2301 sensu
283 2280 378 2301 eorutn
401 2273 632 2309 quemadmodum
653 2280 713 2303 erat
735 2275 867 2304 futurus:
895 2284 966 2312 quo-

176 2321 261 2354 niam,
280 2320 351 2348 sicut
376 2328 425 2356 per
445 2320 519 2349 huttc
538 2321 629 2350 locum
648 2321 830 2356 demonstrat,
848 2323 875 2350 in
892 2323 964 2358 vigi-

176 2366 297 2394 lantibus
323 2371 454 2402 operatur
483 2367 555 2394 diem
586 2367 720 2396 adventus
749 2369 792 2396 sui
831 2368 860 2396 in
903 2369 965 2397 ani-

177 2420 248 2440 mam
269 2419 366 2440 eorum
380 2412 428 2448 qui
448 2412 637 2441 illuminantur
663 2421 678 2441 a
704 2413 807 2442 lumine
826 2422 894 2442 vero
917 2422 965 2442 ve-

177 2458 277 2486 nientis
291 2458 324 2485 ad
337 2459 443 2486 animas
455 2458 587 2493 ipsorum.
600 2458 674 2486 Illud
686 2464 774 2487 autem
782 2460 884 2493 scitote,
899 2468 965 2495 quo-

177 2502 251 2529 niam
265 2501 347 2537 877
364 2502 388 2529 si
401 2503 479 2529 sciret
498 2503 693 2537 paterfamilias
708 2512 760 2539 qua
776 2505 899 2532 custodia
920 2505 966 2540 [ur

178 2548 257 2581 vertit,
272 2548 395 2583 vigilaret
411 2549 513 2584 utique,
524 2553 549 2577 et
566 2557 617 2577 non
632 2550 730 2578 sineret
741 2551 845 2586 perfodi
857 2551 966 2578 domum

177 2602 254 2620 suam
277 2593 311 2622 ".
339 2594 483 2629 Quomodo
510 2603 563 2623 non
583 2596 706 2624 sineret?
728 2596 794 2625 Sine
815 2597 901 2625 dubio
918 2605 967 2633 per

178 2640 347 2676 vigilantiam
367 2649 457 2670 suam.
478 2641 544 2670 Ideo
566 2647 592 2670 et
609 2651 653 2671 vos
676 2649 760 2672 estote
783 2644 882 2679 parati,
902 2645 967 2680 quia

177 2694 230 2721 qua
251 2687 372 2715 custodia
392 2695 443 2715 non
463 2689 587 2724 speratis,
605 2688 693 2717 Filius
709 2690 823 2717 hominis
841 2695 966 2718 venturus
986 2714 994 2722 .

178 2737 216 2758 est
229 2732 262 2758 δ’.
279 2731 332 2760 Sed
346 2732 490 2762 Matthqu
503 2734 614 2768 quidem
630 2734 780 2768 indeﬁnite,
797 2734 905 2763 Marcus
917 2743 969 2763 au-

229 2787 273 2825 ffl
289 2788 368 2825 Juno:
383 2798 423 2822 ut,
438 2791 481 2818 15.
525 2792 548 2808 ³⁸
563 2800 611 2824 xu,
627 2792 652 2818 7.
690 2793 711 2808 "
722 2793 788 2821 Gen.
804 2801 845 2825 nt,
858 2794 901 2822 l9.

180 2822 199 2837 “
216 2822 279 2850 ibid.
298 2824 342 2851 45.
357 2821 364 2829 “
393 2825 414 2841 δ’
441 2825 534 2853 Matth.
560 2821 636 2860 uiv,
664 2827 708 2855 M.
759 2829 781 2844 "
800 2821 860 2861 xui,
878 2821 923 2858 35.

1017 1539 1063 1567 sed
1080 1539 1152 1574 apud
1166 1547 1229 1566 eum
1251 1539 1298 1574 qui
1321 1539 1429 1567 occulta
1450 1540 1549 1567 omnia
1573 1540 1735 1569 manifesta
1754 1541 1812 1571 facit.

1016 1585 1257 1621 comprehenderit
1273 1586 1337 1620 quis
1351 1593 1415 1613 eum
1439 1585 1488 1620 qui
1507 1584 1629 1614 furatus
1650 1586 1744 1614 fuerat
1758 1587 1813 1613 bona

1016 1633 1086 1668 ejus,
1112 1638 1140 1660 et
1166 1631 1329 1659 intellexerit
1350 1639 1425 1664 eum,
1449 1635 1477 1658 et
1498 1632 1687 1667 redarguerit
1708 1640 1777 1663 eum,
1794 1633 1813 1658 id

1016 1684 1068 1713 est,
1085 1677 1252 1706 interfecerit
1265 1685 1340 1710 eum,
1359 1677 1461 1704 nullam
1478 1677 1596 1705 veniam
1616 1678 1707 1706 habet
1722 1683 1815 1705 mortuo

1016 1729 1099 1760 atque
1111 1723 1287 1752 manifestato
1309 1722 1362 1750 furi
1380 1731 1387 1749 :
1403 1727 1430 1750 et
1446 1722 1505 1757 ipse
1522 1722 1604 1750 enim
1633 1724 1779 1751 morietur.
1791 1722 1815 1748 Et

1019 1770 1078 1798 vide
1102 1777 1137 1797 ne
1157 1769 1227 1797 forte
1252 1769 1305 1796 tale
1325 1767 1428 1802 aliquid
1444 1767 1588 1803 signiﬁcet
1613 1768 1662 1796 lex
1687 1768 1815 1804 Moysidi-

1017 1823 1083 1844 cens
1096 1815 1119 1831 “’
1135 1825 1141 1842 :
1158 1814 1188 1842 Si
1202 1819 1291 1841 autem
1305 1813 1332 1840 in
1343 1814 1403 1848 ipsa
1416 1813 1587 1848 perfossione
1602 1815 1733 1842 inretitus
1748 1815 1814 1849 furit

1017 1862 1071 1896 fur,
1088 1866 1113 1889 et
1130 1869 1268 1896 percussus
1286 1864 1406 1886 mortuus
1422 1860 1514 1894 fuerit,
1533 1869 1589 1887 non
1613 1867 1656 1888 est
1674 1861 1701 1888 ei
1720 1861 1815 1888 homici-

1018 1909 1101 1936 dium.
1116 1907 1193 1940 Quod
1209 1907 1233 1934 si
1247 1911 1321 1934 ortus
1338 1906 1419 1940 fuerit
1435 1906 1475 1933 sol
1489 1914 1571 1940 super
1591 1915 1671 1940 eum,
1690 1916 1751 1934 reus
1764 1914 1813 1933 est:

1018 1955 1146 1982 morietur
1158 1961 1206 1989 pro
1220 1960 1261 1980 eo.
1273 1952 1326 1986 Qui
1337 1953 1409 1980 enim
1424 1953 1592 1987 priusquam
1608 1953 1700 1981 faciat
1715 1954 1813 1981 malum.

1018 2001 1157 2037 Cognoscit
1177 2000 1278 2028 malum
1297 2003 1326 2027 et
1342 1998 1492 2034 confringit
1511 1999 1542 2026 in
1566 2000 1680 2035 seipso,
1705 2001 1763 2036 ipse
1781 2006 1813 2027 est

1016 2048 1063 2083 qui
1079 2047 1301 2083 comprehendit,
1317 2052 1345 2074 et
1364 2046 1494 2074 interficit
1512 2047 1542 2074 in
1561 2055 1610 2080 eo,
1634 2049 1708 2076 dum
1736 2049 1812 2084 perte

1016 2094 1126 2122 deretur
1142 2094 1177 2122 ab
1198 2101 1242 2122 eo.
1267 2093 1319 2128 Qui
1342 2098 1433 2122 autem
1459 2099 1613 2129 postquam
1644 2095 1746 2123 fecerit
1768 2102 1813 2122 nr

1018 2141 1085 2173 lum,
1113 2140 1240 2176 quamvis
1267 2140 1438 2175 redarguerit
1467 2147 1530 2168 eum
1558 2145 1644 2168 extra
1668 2149 1702 2168 se
1725 2141 1811 2168 malunt

1018 2185 1272 2221 comprehendisse,
1299 2189 1327 2213 et
1356 2191 1434 2213 extra
1457 2185 1571 2213 domum
1598 2193 1687 2213 suam
1718 2185 1812 2213 interfe

1019 2232 1090 2260 cisse
1112 2231 1232 2265 videtur,
1254 2232 1323 2260 nihil
1343 2232 1368 2260 ei
1393 2232 1518 2267 prodest,
1539 2239 1611 2260 reus
1626 2233 1708 2260 enim
1738 2232 1810 2259 factus

1017 2281 1060 2305 est
1098 2277 1205 2305 mortis.
1242 2277 1311 2306 Nam
1350 2285 1459 2305 omnem
1491 2277 1639 2306 hominem
1678 2274 1810 2313 postquam

1017 2322 1172 2357 peccaverit
1191 2329 1330 2350 reversum
1347 2323 1375 2350 in
1390 2329 1431 2354 se.
1452 2330 1552 2350 sensus
1569 2322 1694 2351 divinus
1716 2324 1762 2359 qui
1780 2327 1811 2349 est

1018 2367 1046 2394 in
1061 2367 1152 2399 nobis,
1167 2366 1307 2395 illuminat
1321 2367 1401 2401 quasi
1416 2367 1474 2399 lux,
1491 2371 1521 2394 ut
1536 2367 1739 2404 intelligamus
1751 2367 1810 2404 quod

1017 2412 1154 2448 gessimus
1170 2413 1273 2441 malum
1289 2413 1323 2440 ad
1345 2412 1534 2448 praajudicium
1551 2419 1703 2446 nostrum,
1720 2422 1772 2442 non
1784 2414 1809 2440 ad

1017 2459 1134 2487 salutem
1148 2467 1155 2486 :
1170 2462 1261 2486 tamen
1280 2458 1308 2485 in
1327 2462 1404 2485 textu
1418 2457 1470 2485 hoc
1491 2456 1642 2493 Evangelii
1660 2459 1691 2486 in
1707 2466 1761 2494 quo
1777 2458 1809 2484 io-

1019 2505 1140 2541 quimur,
1159 2511 1213 2532 non
1235 2504 1263 2531 in
1286 2502 1332 2531 die
1353 2502 1398 2530 fur
1417 2503 1502 2536 venit,
1528 2495 1654 2538 quando
1667 2505 1808 2532 illuminat:

1019 2555 1062 2578 est
1075 2558 1091 2578 a
1114 2549 1172 2578 sole
1187 2548 1300 2585 justitia:
1320 2549 1412 2576 anima
1428 2548 1551 2576 hominis
1574 2549 1713 2581 studiosi,
1731 2550 1774 2577 sed
1788 2549 1807 2575 in

1020 2600 1109 2629 nocte,
1124 2600 1150 2623 et
1164 2595 1191 2622 in
1203 2599 1325 2630 tempore
1338 2594 1428 2621 adhuc
1442 2594 1557 2621 malitiae
1571 2596 1771 2629 permanentis.
1785 2593 1806 2620 Is

1020 2650 1074 2679 qua
1088 2649 1152 2670 cum
1174 2641 1257 2669 fuerit
1276 2640 1386 2676 aliquis,
1401 2640 1537 2675 possibile
1554 2646 1611 2673 est,
1630 2642 1686 2669 etsi
1705 2649 1756 2669 non
1769 2641 1805 2667 ba-

1019 2689 1108 2717 buerit
1119 2688 1247 2716 virtutem
1264 2687 1342 2720 solis,
1355 2692 1447 2715 tamen
1460 2692 1490 2714 ut
1504 2687 1667 2715 illustretur
1683 2696 1716 2715 ex
1731 2688 1804 2721 aliquo

1020 2734 1166 2770 splendore
1186 2734 1295 2762 modico
1315 2732 1397 2760 Verbi
1419 2733 1494 2768 quod
1521 2737 1568 2761 est
1592 2733 1711 2761 lucerna
1733 2733 1800 2760 adiat:

957 2794 980 2810 ⁸⁸
992 2793 1087 2820 Matth.
1105 2801 1131 2824 ι,
1147 2792 1193 2819 28.
1232 2792 1253 2808 ³¹
1270 2790 1336 2819 Luc.
1352 2791 1477 2826 “1554.
1519 2792 1543 2810 δ’
1565 2791 1668 2820 Matth.

1072 2801 1087 2819 |.
1105 2801 1131 2824 ι,
1147 2792 1193 2819 28.
1232 2792 1253 2808 ³⁸
1270 2790 1336 2819 Luc.
1352 2791 1477 2826 “11,54.
1519 2792 1543 2810 ι’
1565 2791 1668 2820 Matth.
1683 2799 1752 2821 xxiv.
1769 2789 1798 2817 ιι

961 2830 983 2845 ⁵³
995 2837 1021 2863 x,
1036 2829 1060 2856 i.
1099 2828 1122 2844 ³⁸
1136 2827 1221 2857 Exod.
1237 2835 1304 2860 un,
1315 2826 1344 2861 (Ξ,
1357 2826 1382 2854 3.
