1839 3053
26 98 94 127 16ὓό

598 106 925 136 COMMENTARIOREM
947 108 1077 136 SLBIES.

1590 116 1658 143 169$

23 158 136 194 quidem
149 166 265 186 manens
278 159 305 187 in
321 160 411 194 malis,
422 161 476 196 jam
492 166 580 190 mnen
599 164 704 192 habens
715 173 815 200 propo-
831 169 852 197 Α
869 175 944 202 spem
958 168 1058 195 bonam
1071 168 1181 195 habebit
1192 169 1214 196 sl
1228 170 1410 204 permanserit
1422 179 1508 206 usque
1521 172 1554 200 ad
1567 181 1658 207 mane,

24 204 107 231 situm
125 205 284 239 meliorum,
306 211 332 234 et
350 207 532 242 vigilantiam,
551 214 581 236 ut
598 218 632 237 ne
648 211 817 245 pet-fodiatur

25 251 199 285 propositum
215 252 275 287 ejus
289 252 323 280 ad
344 254 457 282 meliora
478 256 639 290 respiciens.
662 256 731 285 Nam
747 259 819 287 sicut

22 298 140 333 legimus
156 299 230 333 apud
250 299 401 333 Pastorem,
418 308 484 329 vasa
501 292 580 336 plena
609 311 664 331 non
679 305 735 332 cito
753 305 816 340 quis

20 348 124 378 gustat,
143 352 196 373 nec
207 345 279 373 cnim
295 352 434 376 mutantur
448 349 543 383 facile;
559 352 708 386 semiplena
724 357 816 380 autem

20 390 84 425 quia
99 389 183 418 facile
197 391 347 420 creduntur
363 395 474 427 mutari,
490 395 645 432 frequenter
659 403 815 433 gustantur.

19 435 52 463 Et
69 437 131 464 vide
149 437 174 465 si
192 443 269 473 potes
287 439 320 466 ad
340 440 419 467 talem
440 442 547 470 trahere
567 444 732 472 intellectum
750 446 815 473 illud

19 482 91 516 quod
106 482 174 510 alibi
191 484 320 512 scribitur
333 485 355 501 ⁸⁸
373 495 379 512 :
396 486 456 514 Sint
469 493 557 516 autem
570 489 653 517 lumbi
665 492 744 518 vestri
757 501 816 519 suc-

19 527 110 560 cincti,
126 533 153 555 et
169 528 285 558 lucerna:
300 532 433 566 ardentes,
448 539 472 561 et
489 543 533 562 vos
548 536 648 563 similes
665 537 815 566 hominibus

18 574 233 602 exspectantibus
255 576 392 605 dominum
416 587 494 606 suum
517 581 624 615 quando
650 588 815 618 revertatur;

18 619 149 653 quoniam
161 621 208 656 qui
219 623 338 652 nondum
347 628 389 653 est
400 625 426 652 in
435 626 539 655 lumine
548 628 611 656 etin
621 628 664 657 die
672 630 813 664 virtutum,

18 665 120 699 praebet
130 672 225 695 autem
242 676 271 696 se
283 669 340 705 jam
358 671 490 700 doctrinae
506 673 671 702 illuminanti
693 676 813 705 animam

18 719 107 746 suam,
123 715 277 742 secundum
294 717 366 751 quod
381 719 510 752 possibile
522 725 574 753 est,
591 721 619 748 in
634 722 730 756 primis
748 732 813 752 suc-

18 757 123 786 cinctus
141 765 200 792 est,
217 765 245 788 et
268 767 394 791 avertens
415 764 535 800 seipsum
553 766 588 794 ab
604 767 738 796 effusione
757 778 815 798 ma-

19 803 82 830 litia:
99 805 188 832 utitur
201 807 323 835 nondum
338 809 447 844 quidem
462 812 541 846 quasi
555 813 609 840 diei
623 813 726 842 lumine
739 815 813 843 claro

871 214 1004 249 incipiens
1019 223 1034 242 a
1051 215 1139 243 media
1159 220 1238 243 nocte
1253 216 1375 251 vigilare,
1391 216 1419 244 id
1434 224 1476 245 est
1489 225 1505 245 a
1519 219 1658 249 virilitate-

871 259 898 287 Si
913 265 1003 287 autem
1021 260 1159 295 perfectus
1175 261 1202 288 in
1220 265 1343 297 tempore
1356 263 1459 291 aestatis
1475 266 1596 299 corporis
1615 266 1658 294 sui

869 307 983 334 audiens
1002 307 1122 334 divinam
1140 306 1305 340 dor-trinam,
1323 309 1474 344 susceperit
1491 310 1553 338 inde
1569 311 1659 340 lucer-

869 360 943 384 nam,
954 352 1032 387 quasi
1046 352 1141 379 volens
1151 353 1243 380 vivere
1255 354 1407 381 secundum
1423 354 1468 382 Dei
1482 362 1656 391 praeceptum,

868 403 895 426 et
912 399 962 426 iste
977 399 1082 426 habens
1099 398 1239 426 lucernam
1265 408 1279 426 a
1297 401 1360 435 galli
1383 406 1475 433 cantu,
1491 407 1518 429 et
1533 403 1658 438 vigilans,

867 450 894 473 et
908 453 1070 480 permanens
1084 453 1171 482 usque
1184 445 1218 472 ad
1234 454 1325 478 mane,
1340 454 1394 474 non
1409 448 1497 482 perdit
1512 448 1591 477 bona:
1601 458 1660 478 ser-

868 492 960 519 vitutis
975 492 1128 520 mercedem
1145 492 1172 519 in
1193 496 1313 526 tempore
1334 492 1454 520 modico.
1474 493 1502 521 Si
1525 495 1659 529 possibile

867 541 958 565 autem
974 541 1017 565 est
1035 541 1063 565 et
1077 537 1169 565 statim
1185 537 1257 565 circa
1282 538 1369 573 ipsam
1391 540 1657 568 consummationem

868 583 966 617 noctis,
989 583 1015 610 id
1033 588 1074 612 est
1099 587 1244 618 postquam
1267 591 1334 618 pene
1356 588 1442 611 totum
1470 589 1577 620 tempus
1596 588 1659 616 vita:

866 636 923 656 sum
935 628 1138 663 consumpserit
1153 628 1267 660 malitia,
1287 633 1315 656 ut
1331 630 1445 658 credens
1462 632 1593 660 accendat
1605 633 1658 661 sibi

867 674 1016 707 lucernam,
1035 679 1062 701 et
1077 674 1168 709 vigilet
1184 675 1225 702 vel
1244 675 1354 702 residuo
1372 680 1506 711 tempore,
1521 682 1549 704 et
1566 678 1590 705 si
1609 686 1657 706 ve-

866 720 938 748 nerit
958 719 1092 748 Dominus
1106 720 1205 748 domus
1222 729 1284 748 cum
1307 721 1394 756 gratia
1413 730 1473 754 sua,
1492 723 1657 758 quibusdam

866 767 975 802 quidem
998 774 1013 794 a
1031 774 1143 802 vespere
1164 768 1380 796 commorabitur
1404 777 1490 804 usque
1510 770 1543 798 ad
1565 779 1655 805 mane,

866 813 927 841 aliis
944 817 1034 841 autem
1052 822 1067 840 a
1084 813 1173 840 media
1191 819 1282 846 nocte,
1301 814 1460 843 illuminans
1478 824 1526 844 eos
1546 817 1574 844 in
1591 817 1656 844 reli-

18 850 137 883 virtutis,
164 853 213 880 sed
237 853 349 882 lucerna
374 864 427 891 qua
453 858 584 892 possibile
601 864 644 887 est
665 861 803 889 illuminar

885 866 960 892 uum,
978 858 1040 886 aliis
1059 866 1123 885 vero
1145 866 1160 886 a
1185 858 1248 893 galli
1268 864 1350 887 cantu
1370 861 1463 888 minus
1488 868 1656 889 conversaris

18 897 98 925 etiam
115 900 164 934 qui
181 901 208 927 in
225 901 327 929 malitia
340 908 392 932 est.
408 903 458 932 Hic
471 913 536 941 ergo
549 907 628 942 cujus
643 907 756 937 lucerna
772 910 812 938 sic

18 950 132 972 accensa
146 950 200 978 est,
218 953 380 982 exspectans
402 955 444 978 est
465 951 612 980 Dominum
629 961 708 982 suum
725 955 810 983 Deum

20 989 149 1024 Verbum,
167 996 198 1018 ut
219 999 360 1022 revertens
377 996 468 1024 veniat
484 997 516 1024 ad
543 1006 606 1026 eum
627 1000 673 1035 qui
701 1000 809 1029 interim

19 1034 112 1063 habuit
130 1036 158 1064 in
174 1039 323 1073 semetipso
339 1040 490 1076 lucernam,
505 1047 532 1071 et
546 1043 711 1073 illuminavit
727 1050 809 1075 totam

18 1085 134 1108 mentem
150 1082 248 1117 ipsius,
264 1084 389 1114 videlicet
403 1088 482 1122 quasi
503 1089 553 1116 sol.
571 1089 605 1117 Et
620 1093 810 1128 unusquisque

18 1127 167 1155 secundum
185 1136 266 1157 suum
284 1132 437 1166 profectum
458 1133 580 1163 incendit
600 1137 743 1166 lucernam
764 1127 810 1168 aut

20 1171 120 1221 minus,
136 1179 185 1201 aut
196 1176 315 1211 amplius
328 1185 342 1205 a
359 1178 461 1208 lumine
474 1181 605 1215 scientiae,
618 1188 646 1211 et
656 1184 746 1212 oleum
760 1194 809 1221 per

19 1218 224 1248 meditationem
240 1222 369 1257 infundit,
384 1230 410 1252 et
427 1226 454 1253 in
471 1227 530 1262 ipsa
544 1228 660 1263 vigilans
675 1218 808 1260 adversus

18 1267 179 1314 peccatricia
195 1275 289 1303 opera,
304 1278 418 1305 sperans
435 1281 482 1307 per
499 1274 693 1305 abstinentiam
711 1279 808 1314 hujus-

19 1311 142 1362 modi,_et
156 1315 360 1344 meditationem
376 1317 522 1348 Dominum
535 1323 676 1358 suscipere
692 1325 718 1352 in
734 1311 808 1362 seip-

18 1363 86 1383 sum.
107 1357 140 1385 Et
160 1363 250 1387 tamen
263 1361 309 1396 qui
331 1363 516 1393 abundantius
538 1368 654 1402 prolicit,
674 1375 701 1397 et
715 1357 807 1405 poste-

18 1407 86 1430 nora
104 1405 217 1438 quidem
234 1407 416 1441 obliviscitur,
442 1411 469 1438 id
490 1417 541 1446 est,
560 1414 704 1449 malitiam,
719 1418 807 1445 modi-

18 1453 75 1474 cum
89 1454 181 1478 autem
194 1452 255 1487 ejus
267 1453 357 1482 adhuc
373 1455 454 1484 habet
468 1457 494 1484 in
507 1466 545 1491 se,
559 1459 615 1493 jam
627 1461 661 1487 ad
677 1462 804 1490 virtutem

18 1494 192 1530 propinquat,
214 1499 409 1528 convenienter
430 1502 528 1530 dicitur
552 1514 559 1531 :
580 1505 641 1532 Nox
663 1510 803 1541 promovit,

18 1541 69 1566 dies
81 1547 168 1569 autem
181 1546 401 1581 appropinquavit
414 1548 446 1576 ⁸⁷.
465 1548 634 1584 Signandum
647 1559 689 1581 est
702 1560 804 1589 autem,

19 1587 144 1636 quoniam
157 1589 227 1617 dixit
240 1599 248 1617 :
265 1590 328 1620 Dies
342 1598 433 1621 autem
447 1595 541 1624 instat.
557 1596 642 1626 Instat
656 1599 729 1627 enim
743 1587 799 1636 per-

21 1628 96 1660 lectis
111 1638 139 1660 et
152 1635 258 1663 nullum
272 1637 436 1667 habentibus
452 1640 479 1667 in
495 1649 525 1669 se
540 1644 683 1678 vestigium
696 1628 802 1681 noctis;

18 1679 218 1727 appropinquat
234 1687 324 1710 autem
348 1685 500 1719 proﬁcienti
526 1688 559 1715 ad
577 1690 686 1723 melius,
701 1696 727 1718 et
743 1679 804 1727 qua:

80 1728 143 1749 sunt
159 1725 313 1768 meditanti,
326 1717 356 1755 et
369 1728 439 1756 sicut
454 1730 481 1757 in
498 1731 542 1759 die
556 1717 726 1762 honestatem
741 1717 803 1770 iis:

18 1763 121 1810 cipietiti
133 1777 140 1800 ;
155 1766 183 1796 et
199 1777 282 1805 prope
297 1773 403 1808 estjam
416 1774 468 1802 iste
477 1777 525 1810 qui
539 1778 602 1805 talis
613 1783 655 1806 est
668 1784 699 1808 ut
709 1763 801 1810 dicat:

18 1806 74 1836 Non
88 1820 178 1840 sumus
194 1816 289 1848 noctis,
305 1826 386 1853 neque
402 1821 567 1849 tenebrarum
581 1823 613 1850 ⁸⁸.

49 1856 90 1884 60.
108 1859 244 1892 Quoniam
262 1869 352 1893 autem
372 1867 456 1894 semel
472 1869 598 1898 venimus
622 1870 649 1898 in
667 1871 740 1900 hunc
762 1873 803 1900 ln-

18 1906 85 1950 sum,
100 1904 230 1936 debemus
250 1915 276 1936 et
287 1911 320 1938 de
339 1913 474 1940 custodiis
489 1914 605 1944 diversis
628 1917 741 1946 reddere
756 1926 802 1946 ra-

18 1949 124 1996 tionem.
139 1950 218 1980 Alius
233 1955 343 1989 quidem
358 1958 567 1992 reprehenditur
579 1961 695 1997 vigilans
709 1965 801 1993 statim

18 1998 39 2043 In
55 2001 167 2031 vespere
183 1998 252 2033 ipso,
269 2005 295 2028 et
311 2003 455 2032 continuat
466 2005 573 2041 vigilias
590 2015 676 2043 usque
696 2009 729 2037 ad
744 2017 802 2038 me-

18 2037 218 2090 diamrnoctem,
235 2046 324 2076 adhuc
339 2055 430 2077 autem
449 2037 536 2086 usq'ue
550 2052 583 2080 ad
599 2037 663 2088 galli
678 2037 799 2090 cantum,

18 2090 39 2112 tl
54 2087 141 2136 adhuc
156 2099 242 2127 usque
257 2094 290 2120 ad
306 2102 397 2124 mane.
411 2096 463 2130 Qui
477 2098 550 2125 enim
566 2087 629 2127 mox
643 2105 673 2128 ut
688 2087 802 2136 cmperit

18 2132 122 2183 malitia,
139 2137 164 2163 id
180 2143 232 2172 est,
251 2147 314 2168 mox
332 2145 361 2168 ut
375 2144 488 2177 coeperit
504 2145 594 2174 infans
611 2147 721 2181 plenum
731 2132 801 2183 Ipro-

418 2173 425 2177 .
611 2173 621 2181 r
632 2173 635 2174 '
645 2173 649 2174 '
667 2173 671 2174 '
680 2173 683 2174 ⁷
696 2173 721 2175 "'
737 2173 763 2183 r‘
772 2173 784 2176 '

18 2173 263 2235 ferreﬁermonem,
282 2195 316 2215 ex
336 2195 368 2215 eo
390 2191 462 2217 enim
486 2191 580 2227 incipit
601 2201 663 2221 esse
682 2195 797 2229 malitia,
815 2208 836 2235 ι)

18 2227 81 2257 quod
98 2233 140 2256 est
158 2230 185 2257 in
203 2237 293 2266 nocte,
311 2233 334 2261 si
352 2235 443 2263 statim
461 2237 604 2266 tradiderit
618 2247 647 2267 se
663 2245 693 2267 ut
710 2240 758 2269 fiat
772 2227 800 2269 et

18 2272 116 2322 auditor
139 2276 206 2312 legis
224 2284 251 2306 et
269 2278 375 2314 factor;
391 2282 413 2309 si
429 2282 514 2319 878
539 2285 649 2320 quidem
672 2294 799 2322 perman-

18 2318 76 2345 serit
92 2329 179 2357 usque
193 2324 227 2352 ad
248 2325 331 2353 tinem
348 2327 375 2355 in
397 2328 456 2363 ipso
470 2318 623 2366 proposito,
638 2318 759 2368 vigilavit
781 2343 797 2363 a

18 2371 137 2402 laspere,
165 2375 193 2398 et
221 2374 393 2402 continuavit
417 2383 505 2412 usque
537 2378 572 2406 ad
601 2380 719 2408 mediam
747 2389 796 2409 no-

18 2417 90 2446 ctem,
119 2420 146 2444 et
175 2425 230 2446 non
258 2419 333 2448 dedit
353 2429 481 2450 somnum
510 2424 598 2453 oculis
619 2426 678 2454 suis
706 2435 795 2463 neque

18 2463 154 2507 usquead
178 2463 242 2498 galli
267 2471 389 2500 cantum,
415 2475 504 2504 neque
530 2477 617 2505 usque
642 2472 676 2498 ad
702 2480 794 2507 mane,

18 2507 78 2552 inter
105 2505 199 2536 beatos
228 2518 322 2539 servos
348 2511 505 2547 hujusmodi
533 2515 576 2543 vir
607 2505 793 2552 computatur.

18 2546 172 2598 Quiautem
197 2554 280 2583 fuerit
307 2546 432 2587 inventus
448 2564 511 2594 post
534 2567 641 2598 tempus
657 2546 795 2592 sermonis

18 2595 109 2628 :tnpleti
135 2605 238 2634 partem
259 2602 378 2638 aliquam
398 2606 486 2633 Itoctis
504 2595 655 2643 transigere
676 2610 704 2637 in
718 2618 795 2638 com—

18 2642 200 2688 ﬁssationibuS,
217 2652 245 2675 et
270 2649 458 2685 ebrietatibus,
478 2657 506 2681 et
526 2642 672 2688 cubilibus,
693 2661 720 2684 et
740 2657 794 2684 im-

18 2687 154 2725 Pndicitiis,
173 2694 286 2728 coeperit
306 2700 397 2723 autem
427 2703 521 2732 postea
548 2701 671 2737 vigilare,
689 2707 714 2729 et
740 2703 793 2730 iste

47 2791 66 2806 ³⁸
78 2792 140 2824 Luc.
153 2806 203 2827 xu.
219 2799 263 2830 35,
278 2800 322 2827 36.

18 2826 34 2839 ,ι
46 2800 140 2839 1W},-
153 2806 207 2839 XI{-_
219 2800 322 2839 55,36.
377 2800 398 2839 ‘7
417 2801 496 2839 Ijom.
514 2811 573 2839 ιιιιι,
591 2805 632 2832 t2.

44 2835 88 2860 λιιι
106 2831 147 2860 Η.

185 2834 207 2849 ¹¹
229 2834 237 2859 l
253 2834 317 2863 Cor.
330 2843 366 2869 tv,
384 2836 406 2868 l,
421 2836 448 2864 2.

689 2805 711 2821 ⁸⁸
727 2805 734 2832 l
751 2805 847 2834 Thess.
865 2814 890 2838 v,
910 2806 934 2833 5.

866 913 928 932 cum
944 905 995 932 eis.
1018 903 1071 932 Sed
1089 912 1178 939 neque
1201 912 1282 932 mane
1297 905 1478 934 accendentes
1503 907 1654 939 lucernam.

865 955 891 978 et
909 952 1053 987 vigilantes
1069 957 1179 988 propter
1191 955 1424 988 exspectationem
1441 954 1561 989 Domini,
1578 955 1655 983 dere-

866 997 979 1033 linquet,
996 998 1043 1026 sed
1057 999 1138 1026 etiam
1154 999 1222 1027 istos
1238 1000 1381 1028 inveniens
1392 1001 1507 1028 minime
1518 1001 1656 1029 dormien-

865 1049 916 1078 tcs,
938 1054 1027 1080 neque
1050 1046 1187 1088 cubilibus
1211 1051 1238 1074 et
1263 1046 1442 1081 impudicitiis
1469 1048 1652 1082 attendentes,

864 1092 1009 1119 honorabit
1025 1100 1073 1120 eos
1092 1093 1196 1120 honore
1211 1100 1266 1127 quo
1288 1093 1386 1128 dignos
1401 1101 1463 1121 esse
1483 1096 1652 1129 cognoverit.

863 1137 896 1165 Et
915 1138 959 1165 fur
972 1146 1037 1173 ergo
1057 1139 1181 1166 custodia
1197 1139 1325 1174 quadam,
1345 1144 1372 1166 et
1394 1140 1462 1167 hora
1486 1140 1577 1168 noctis
1602 1140 1652 1168 ad-

863 1187 965 1217 ventat,
978 1188 1005 1211 et
1021 1183 1140 1218 perfodit
1155 1184 1266 1212 domum
1282 1184 1341 1219 ejus
1358 1192 1439 1219 quem
1455 1193 1507 1213 non
1520 1186 1654 1214 invenerit

862 1230 1018 1265 vigilantem
1041 1238 1130 1265 neque
1156 1231 1302 1259 habentem
1331 1231 1471 1259 lucernam
1495 1240 1650 1260 accensam.

862 1275 895 1303 Et
909 1276 1074 1311 quibusdam
1091 1277 1201 1312 quidem
1221 1278 1378 1313 supervenit
1391 1285 1513 1312 vespere,
1527 1278 1588 1305 aliis
1600 1285 1651 1305 au-

863 1326 916 1349 tem
934 1322 1021 1349 media
1040 1326 1130 1355 nocte,
1146 1323 1310 1357 quibusdam
1328 1328 1419 1350 autem
1436 1328 1463 1350 et
1477 1322 1540 1358 galli
1556 1327 1650 1354 cantu,

861 1375 925 1396 sunt
943 1375 1034 1397 autem
1049 1372 1077 1396 et
1091 1368 1191 1403 quibus
1208 1376 1297 1396 mane.
1314 1368 1347 1395 Et
1371 1368 1505 1396 Dominus
1525 1368 1650 1396 custodia

860 1415 978 1450 quadam
997 1420 1025 1442 et
1039 1415 1107 1442 hora
1130 1415 1218 1442 noctis
1233 1415 1317 1445 vertit.
1335 1420 1362 1442 et
1381 1414 1494 1442 forsitan
1518 1413 1650 1442 Dominus

860 1461 898 1488 illi
914 1461 989 1488 venit
1004 1461 1049 1488 cui
1065 1460 1108 1487 fur
1129 1460 1240 1488 veniens
1258 1460 1326 1487 nihil
1338 1459 1428 1488 facere
1440 1460 1539 1496 potuit,
1553 1460 1650 1488 videli-

859 1510 903 1534 cet
926 1515 979 1534 nou
996 1507 1146 1541 permissus
1162 1505 1304 1541 perfodere
1328 1505 1440 1533 domum
1462 1506 1599 1542 vigilantis
1622 1510 1649 1534 et

857 1553 997 1581 lucernam
1015 1560 1159 1581 accensam
1181 1552 1317 1580 habentis.
1341 1552 1383 1579 Ad
1404 1560 1466 1580 eum
1485 1557 1577 1580 autem
1599 1552 1648 1587 qui

856 1598 969 1625 domum
998 1597 1080 1624 habet
1113 1596 1266 1632 perfossam
1298 1604 1353 1624 non
1391 1597 1465 1624 venit
1497 1596 1648 1632 Dominus,

856 1645 975 1672 maxime
998 1645 1020 1672 si
1046 1645 1174 1672 didicerit
1195 1645 1294 1680 aliquis
1317 1644 1390 1680 quod
1413 1643 1517 1671 dictum
1534 1647 1575 1671 est.
1594 1644 1617 1660 ⁵⁹
1638 1651 1648 1672 :

856 1689 916 1717 Sint
935 1690 1019 1717 lumbi
1036 1691 1114 1718 vestri
1135 1691 1271 1726 prwcincti
1293 1695 1318 1717 et
1339 1690 1453 1717 lucerna
1474 1690 1607 1720 ardentes,
1622 1692 1648 1716 et

855 1744 898 1762 vos
911 1735 1011 1763 similes
1024 1737 1173 1763 hominibus
1188 1736 1400 1771 exspectantibus
1411 1735 1546 1762 dominum
1558 1743 1646 1768 suum,

854 1785 881 1807 et
896 1785 1075 1808 contemnens
1088 1788 1118 1808 ea
1142 1788 1202 1816 qua:
1217 1781 1289 1808 dicta
1309 1787 1373 1807 sunt
1394 1780 1500 1807 dederit
1518 1788 1645 1808 somnum

854 1826 942 1853 oculis
954 1826 1012 1854 suis
1023 1830 1051 1853 et
1062 1826 1198 1861 palpebris
1215 1826 1272 1853 suis
1284 1826 1521 1853 dormitationem.
1536 1826 1576 1854 Ad
1592 1834 1647 1853 ma-

853 1872 1038 1900 nifestaudum
1059 1877 1150 1899 autem
1176 1879 1288 1899 sensum
1314 1871 1367 1898 loci
1390 1871 1470 1898 istius
1492 1871 1540 1906 qui
1566 1871 1646 1899 nobis

853 1920 979 1952 incurrit,
993 1919 1040 1946 tali
1054 1922 1164 1945 utamur
1177 1918 1311 1952 exemplo.
1329 1917 1358 1944 ln
1379 1921 1501 1951 tempore
1517 1918 1645 1944 tentatio—

853 1974 929 1998 num,
945 1966 989 1992 vel
1009 1965 1243 2000 qualiumcunque
1261 1964 1447 1991 calamitatum
1465 1962 1584 1990 maxime
1600 1962 1645 1990 fur

852 2011 921 2039 solet
933 2011 1037 2043 venire,
1048 2009 1144 2037 volens
1166 2008 1309 2044 perfodere
1332 2007 1431 2034 animze
1449 2007 1580 2040 domum;
1594 2006 1643 2034 scd

852 2057 977 2085 veniente
997 2056 1067 2088 fure,
1090 2055 1138 2091 qui
1159 2054 1310 2082 accidentia
1333 2053 1462 2086 sustinet,
1485 2057 1512 2080 et
1534 2057 1644 2087 propter

852 2103 900 2131 Dei
923 2102 1098 2130 dilectionem
1119 2100 1212 2128 omnia
1235 2099 1341 2132 suffert,
1357 2098 1425 2125 nihil
1445 2105 1542 2133 passus
1555 2097 1590 2124 ab
1609 2104 1644 2125 eo

851 2148 997 2177 confestim
1018 2147 1052 2175 ad
1071 2155 1100 2175 se
1122 2147 1275 2174 vrnieutem
1296 2145 1396 2173 videbit
1418 2143 1576 2171 Dominum.
1589 2142 1644 2177 Qui

851 2199 943 2222 autem
962 2201 978 2221 a
994 2193 1053 2220 fure
1072 2193 1099 2220 in
1115 2197 1238 2227 tempore
1252 2190 1418 2218 calamitatis
1432 2197 1487 2218 suae
1502 2189 1643 2224 perfossus

850 2240 932 2268 fuerit
949 2240 1074 2272 domum,
1096 2238 1176 2274 quasi
1200 2237 1330 2272 indignus
1347 2237 1465 2264 adventu
1486 2235 1521 2263 ad
1543 2243 1573 2263 se
1593 2235 1644 2263 do-

849 2287 918 2315 mini
932 2287 987 2320 sui,
1006 2293 1061 2314 non
1079 2286 1131 2313 erit
1142 2286 1241 2320 dignus
1254 2284 1376 2319 aspicere
1389 2290 1453 2310 eum

883 2334 929 2362 6|.
950 2333 1017 2366 Quis
1041 2332 1111 2360 enim
1133 2331 1219 2367 ﬁdelis
1246 2339 1336 2358 servus
1361 2335 1386 2357 et
1407 2337 1536 2364 prudens,
1564 2335 1641 2363 quem

849 2379 987 2407 constituit
1001 2378 1124 2405 dominus
1140 2377 1196 2411 ejus
1214 2384 1294 2410 super
1311 2375 1417 2402 domum
1434 2381 1521 2405 suam,
1545 2377 1573 2399 ut
1597 2373 1641 2400 det

849 2426 920 2453 cibos
935 2426 963 2452 in
980 2430 1094 2459 tempore
1109 2423 1152 2450 ὀἳ
1171 2422 1250 2455 Quod
1263 2421 1296 2448 ad
1313 2420 1451 2455 apostolos
1470 2422 1640 2452 caeterosun

847 2472 991 2506 episcopos
1009 2475 1037 2497 et
1056 2469 1183 2496 doctores
1205 2467 1336 2502 parabola
1354 2466 1406 2492 ista
1422 2464 1558 2499 pertineat
1577 2471 1639 2490 ma-

848 2517 978 2545 nifestum
997 2520 1050 2548 est,
1067 2515 1186 2542 maxime
1203 2521 1237 2541 ex
1261 2520 1294 2540 eo
1312 2511 1384 2547 quod
1406 2511 1476 2545 apud
1498 2509 1598 2536 Lucam
1615 2507 1639 2525 ’ί

849 2564 947 2592 Petrus
962 2564 1110 2598 interrogat
1131 2562 1224 2589 dicens
1246 2569 1253 2587 :
1269 2559 1309 2586 Ad
1325 2567 1372 2586 nos
1387 2557 1541 2593 parabolam
1557 2557 1638 2584 istam

849 2611 926 2643 dicis,
941 2618 975 2637 an
990 2610 1024 2637 ad
1040 2609 1150 2636 omnes?
1165 2608 1216 2635 Sed
1232 2612 1321 2634 tamen
1338 2613 1399 2633 cum
1416 2604 1470 2632 sint
1488 2603 1565 2630 multi
1581 2602 1638 2630 dis-

848 2661 1023 2692 pensatores,
1036 2655 1146 2683 diflicile
1167 2659 1209 2682 est
1229 2652 1352 2681 invenire
1373 2658 1400 2679 et
1414 2650 1520 2678 ﬁdelem
1534 2654 1560 2677 et
1572 2656 1638 2685 pru-

847 2704 966 2730 dentem.
987 2701 1102 2737 Propter
1126 2700 1198 2736 quod
1223 2699 1261 2727 ait
1284 2697 1431 2734 Apostolus
1443 2696 1466 2712 “
1494 2694 1563 2724 :lta
1588 2702 1636 2721 nos

992 2806 1014 2822 δ’
1028 2805 1094 2833 Luc.
1115 2813 1163 2836 xu,
1184 2804 1230 2838 55,
1243 2804 1287 2831 56.
1340 2805 1363 2819 ⁸⁸³
1380 2803 1475 2830 Matth.
1497 2808 1571 2834 utv,
1590 2804 1632 2832 ἀΰ.
