1839 3053
181 101 248 128 1695

762 97 924 125 ORIGENIS
943 96 976 125 ΙΝ
995 97 1203 127 MA'l'TlI/EUM

1767 97 1817 124 illis?

178 159 307 186 aristimct
325 161 401 186 homo
414 162 441 184 ut
460 157 595 183 ministros
612 156 722 190 Christi,
737 161 760 182 et
773 157 966 191 dispensatores
981 159 1004 187 Α
1020 157 1108 184 salvat
1121 157 1193 192 quod
1204 156 1343 184 constituti
1362 160 1428 184 sunt
1441 164 1456 183 a
1471 155 1593 183 Domino
1603 162 1693 190 super
1704 153 1818 183 familiam

178 205 363 239 mysteriorum
385 203 443 230 Dei.
469 203 521 229 llic
532 203 590 237 jam
604 202 734 236 quazritur
748 202 817 228 inter
831 203 967 236 dispertita-

178 258 259 282 tores,
281 256 308 277 ut
331 250 418 285 ﬁdelis
437 250 495 285 quis
517 249 675 276 inveniatur.
703 248 801 275 Peccat
824 253 915 275 autem
941 248 968 274 in

179 297 264 325 Deum
277 297 435 332 quicunque
445 296 590 330 episcopus
605 295 651 330 qui
666 301 720 322 non
731 294 811 329 quasi
827 293 968 321 conservis

179 351 274 372 servus
298 343 448 373 ministrat,
468 342 514 368 sed
539 341 618 375 quasi
641 340 779 367 dominus.
801 339 969 374 Frequenter

179 395 270 418 autem
282 394 308 417 et
324 389 401 424 quasi
416 396 526 415 amarus
539 387 668 414 dominus
681 387 828 414 dominans
841 394 889 421 per
902 386 968 418 vim,

179 437 278 464 similis
297 435 463 462 constitutus
480 433 617 468 [Egyptiis
639 433 685 468 qui
709 432 868 468 al‘ﬁigebant
886 433 969 459 vitam

179 482 299 510 ﬁliorum
316 481 398 508 Israel
416 488 478 508 cum
499 480 536 507 vi.
552 479 622 513 Ergo
646 487 781 506 memores
795 487 855 506 esse
872 479 971 506 debent

181 529 323 556 verborum
340 527 441 554 Christi
459 527 574 554 dicentis
586 526 609 542 ⁵⁸
625 536 631 552 :
649 526 699 552 Vos
712 526 810 552 vocatis
827 533 866 552 me
886 525 972 560 magi-

180 581 275 607 strum,
292 577 317 600 et
337 573 488 605 Dominum,
504 577 528 598 et
544 572 605 599 bene
622 572 711 598 dicitis
723 580 733 599 :
748 571 922 598 suntetenint.
941 570 971 598 Si

180 627 239 654 ergo
252 627 297 654 ego
313 619 365 646 lavi
380 619 456 653 pedes
476 622 585 649 vestros,
599 622 624 644 et
639 625 683 644 vos
698 617 795 644 debetis
812 617 971 644 alterutrum

178 665 269 693 luvare
282 665 369 699 pedes.
386 664 542 699 Exemplum
552 665 621 691 enim
635 664 696 690 dedi
710 663 790 695 vobis,
804 667 832 690 ut
843 664 912 690 sicut
926 670 971 697 ego

180 711 241 746 feci,
259 712 298 737 sic
322 711 439 745 faciatis.
466 710 499 737 Et
523 709 589 737 illud
611 709 634 725 ⁵⁸
661 719 668 736 :
695 709 833 743 Principes
856 701 971 743 gentium

179 757 352 784 dominantur
380 764 484 787 earum,
511 760 536 783 et
561 755 675 790 majores
700 763 790 782 eorum
816 759 973 790 potestatem

180 807 299 830 exercent
315 803 341 829 in
356 803 404 829 eis.
420 801 495 829 Inter
507 810 550 828 vos
566 806 653 828 autem
666 809 717 828 non
733 802 772 828 sic
786 802 854 834 erit;
872 801 917 828 sed
928 802 972 836 qui

179 850 234 877 onlt
253 851 323 876 inter
346 857 391 876 nos
411 857 466 875 esse
487 849 600 883 primus,
620 848 670 874 erit
691 847 849 874 novissimus
872 855 881 874 :
903 848 971 874 sicut

181 887 271 922 Filius
289 895 403 921 hominis
417 903 468 921 non
490 894 557 921 venit
574 894 736 926 ministrari,
749 893 793 920 sed
809 894 970 926 ministrare,

181 946 206 968 et
234 942 299 968 dare
325 941 444 967 animum
470 948 546 967 suam
571 939 775 975 redemptionem
798 948 846 975 pro
868 939 971 967 multis.

182 987 285 1014 Audire
297 992 388 1014 autem
404 991 510 1021 oportet
524 990 551 1013 et
565 986 679 1013 Paulum
697 985 834 1013 dicentem
847 986 869 1002 "
882 995 889 1013 :
905 985 972 1014 Cum

183 1034 312 1069 posﬁmus
323 1033 396 1059 oneri
411 1040 466 1060 esse
487 1038 513 1058 ut
528 1031 630 1059 Christi
648 1033 772 1072 apostoli,
795 1032 860 1066 facti
880 1040 972 1059 sumus

179 1079 284 1112 paruuli
305 1079 331 1105 in
352 1079 438 1105 medio
454 1083 577 1112 vestrum,
594 1079 816 1113 quemadmodum
837 1079 860 1105 si
881 1078 973 1105 nutris;

180 1126 266 1160 faveat
285 1129 361 1151 natos
377 1132 448 1151 suos.
469 1123 514 1151 Sic
532 1124 710 1151 desiderantes
730 1125 850 1158 cupimus
863 1123 973 1159 partici-

179 1171 240 1206 pari
255 1170 388 1197 robiscum
403 1178 454 1196 non
470 1170 554 1196 solum
568 1169 751 1204 Euangelium,
765 1170 809 1196 sed
819 1170 899 1196 etiam
915 1170 974 1196 ani-

180 1224 238 1244 mas
257 1222 373 1243 nostras.
395 1215 428 1242 Et
449 1223 502 1242 non
524 1219 632 1250 oportet
652 1220 794 1250 percutere
813 1222 972 1248 conservos,

179 1262 227 1290 sed
246 1261 376 1295 corripere
392 1261 531 1296 inquietos,
546 1260 679 1288 consolari
697 1261 893 1295 pusillanimes,
914 1269 974 1288 sus-

180 1308 263 1335 tinere
277 1308 409 1342 inﬁrmos,
430 1312 454 1333 ct
476 1307 604 1341 patientes
619 1315 674 1334 esse
696 1307 730 1334 ad
750 1315 838 1334 omnes
850 1307 884 1341 ⁵⁸,
906 1315 974 1342 quo-

180 1353 254 1381 niam
266 1361 367 1380 servum
382 1352 428 1379 Dei
443 1361 492 1379 non
505 1357 605 1387 oportet
620 1353 736 1387 litigare,
749 1353 794 1380 sed
808 1358 974 1380 mansuetum

183 1407 237 1426 esse
257 1399 291 1425 ad
306 1407 407 1431 omnes,
429 1407 487 1425 cum
505 1398 633 1424 modestia
652 1398 786 1424 docentem
806 1406 849 1425 eos
869 1398 915 1433 qui
933 1406 974 1425 re—

183 1445 280 1473 sistunt
297 1444 329 1471 ¹⁷.
344 1443 428 1477 Quasi
444 1443 573 1471 recedens
593 1448 682 1470 autem
696 1443 754 1478 ipse
768 1452 783 1470 ιι
795 1444 866 1471 mala
878 1443 973 1471 induc-

1019 204 1090 238 cjus,
1109 204 1156 231 scd
1172 204 1236 230 illud
1250 209 1278 230 ut
1295 204 1360 231 dent
1380 204 1408 230 in
1425 208 1554 238 tempore
1573 203 1668 234 cibos,
1683 207 1714 229 et
1732 208 1759 229 ut
1772 203 1820 230 abs-

1021 250 1126 276 tineant
1148 258 1177 276 se
1203 258 1217 276 a
1235 249 1474 284 percussionibus,
1493 254 1519 276 et
1534 256 1552 276 a
1567 249 1819 281 comessationum,

1021 301 1047 323 ct
1062 296 1248 330 potationibus
1269 303 1330 323 cum
1343 296 1474 323 ebriosis.
1491 294 1520 322 Si
1537 300 1640 322 autem
1659 302 1717 321 non
1734 303 1762 322 se
1775 297 1820 323 abs—

1021 343 1151 370 tinuerint
1184 343 1218 370 ab
1248 343 1424 377 hujusmodi,
1459 347 1486 369 et
1525 349 1671 376 magnum
1699 342 1822 375 sapuerint

1021 393 1163 423 propterea
1180 388 1254 422 quod
1269 388 1414 414 constituit
1430 394 1479 414 eos
1494 387 1640 414 Dominus
1657 393 1743 420 super
1759 385 1822 411 lami-

1020 435 1084 462 liam
1100 442 1189 467 suam,
1205 435 1294 462 sciant
1308 434 1439 469 quoniam
1454 435 1549 461 veniet
1570 433 1719 460 Dominus
1742 440 1821 459 eorum

1023 481 1049 508 in
1075 480 1119 507 die
1143 488 1196 515 qua
1220 488 1273 507 non
1296 484 1402 515 putant,
1417 485 1443 507 et
1457 481 1525 506 hora
1544 487 1605 514 qua
1627 478 1790 510 nesciunt“,
1804 484 1822 505 et

1021 527 1123 554 dividet
1139 533 1198 556 eos.
1211 531 1239 553 et
1253 532 1356 561 partem
1373 533 1470 553 eorum
1492 533 1559 552 cum
1578 524 1741 560 hypocritis
1752 529 1777 550 et
1791 524 1822 550 in-

1022 572 1148 599 ﬁdelibus
1165 576 1267 607 ponet;
1284 576 1311 599 et
1327 579 1390 599 cum
1407 571 1512 598 fuerint
1528 571 1611 597 inter
1630 570 1786 605 hypocrius
1803 575 1822 596 εί

1023 617 1145 645 inﬁdeles
1166 618 1258 652 positi,
1273 617 1341 645 nihil
1357 617 1398 645 eis
1416 616 1543 652 proderit
1559 616 1645 651 quod
1665 617 1799 643 constituti
1811 624 1820 642 ι

1023 663 1140 691 Domino
1156 668 1221 691 sunt
1233 672 1314 699 super
1328 664 1462 691 familiam
1474 663 1548 697 ejus.
1568 662 1610 690 Ut
1626 668 1724 689 autem
1748 663 1822 689 timea-

1023 717 1084 737 mus
1102 709 1168 736 illud
1183 709 1255 745 quod
1274 710 1322 743 ait,
1337 709 1438 736 dividet
1453 717 1525 741 eain,
1542 708 1690 736 convenit
1705 709 1822 735 recordari

1023 764 1055 783 ea
1068 763 1130 791 quae
1146 763 1161 784 a
1173 755 1285 783 Daniele
1301 761 1366 783 sunt
1381 755 1454 783 dicta
1469 760 1572 783 contra
1589 755 1773 790 presbyteros
1782 762 1823 781 tm-

1024 802 1077 835 los,
1093 802 1225 837 quoniam
1245 802 1353 837 angelus
1374 801 1483 828 Domini
1498 802 1608 828 habens
1630 801 1757 837 gladium
1771 802 1824 827 sciu-

1024 849 1066 875 det
1078 852 1102 874 te
1123 849 1283 875 medium".
1301 847 1436 875 Scindens
1454 852 1549 875 autem
1562 847 1688 875 dividet.
1711 847 1774 875 Ausi
1791 855 1824 875 su-

1023 902 1085 922 mus
1102 894 1141 922 uti
1155 895 1182 921 in
1195 894 1247 921 hoc
1258 895 1318 922 loco
1333 893 1453 921 Danielis
1466 894 1620 929 exemplo,
1639 902 1701 921 non
1716 894 1823 929 ignorau-

1024 945 1065 968 tes
1080 940 1210 975 quoniam
1224 940 1250 966 in
1266 940 1380 967 Hebraeo
1396 940 1516 974 positum
1536 948 1601 966 non
1621 944 1681 971 est,
1704 939 1752 967 sed
1772 947 1823 974 quo-

1024 986 1098 1014 niam
1122 987 1150 1013 in
1166 986 1297 1014 Ecclesiis
1311 990 1426 1013 tenetur.
1442 986 1573 1013 Alterius
1589 990 1697 1013 autem
1713 985 1822 1020 temporis

1024 1038 1066 1060 est
1090 1032 1230 1068 requirere
1255 1032 1289 1060 de
1311 1031 1480 1067 huiusmodi.
1502 1032 1639 1058 Attende
1653 1036 1749 1058 autem
1762 1033 1823 1058 etiam

1024 1080 1090 1108 illud
1104 1079 1176 1115 quod
1191 1079 1229 1106 ait
1239 1079 1274 1112 ",
1293 1078 1379 1113 ﬁdelis
1397 1086 1489 1105 servus
1515 1082 1543 1104 et
1571 1079 1717 1112 prsidem,
1731 1078 1825 1105 benem-

1024 1126 1111 1153 lcnter
1132 1125 1246 1152 audiens
1273 1123 1386 1151 verbum
1399 1143 1407 1156 ,
1431 1127 1459 1150 et
1482 1121 1699 1158 acquiescens~
1714 1123 1825 1150 voluntati

1025 1170 1128 1198 Christi
1153 1177 1184 1197 ea
1210 1169 1336 1202 dicentis,
1348 1173 1376 1196 et
1389 1168 1606 1196 conscribentis
1626 1167 1763 1195 Matthazi.
1777 1167 1825 1194 Dili-

1024 1220 1119 1252 genter
1142 1223 1206 1250 θιςο
1229 1219 1271 1243 est
1296 1214 1462 1242 audiendum
1488 1213 1523 1241 de
1552 1214 1639 1241 ﬁdeli
1669 1222 1752 1242 servo
1765 1218 1824 1249 atque

1024 1261 1163 1297 prudenti,
1178 1261 1226 1297 qui
1243 1261 1270 1288 in
1289 1261 1341 1288 ﬁde
1363 1260 1483 1295 proﬁcit.
1501 1259 1563 1287 Aut
1577 1260 1604 1287 si
1624 1260 1756 1287 nondum
1771 1261 1792 1286 in
1804 1267 1825 1286 es

1026 1308 1162 1344 perfectus
1178 1311 1221 1335 est
1237 1306 1284 1342 qui
1299 1306 1484 1334 communiter
1503 1311 1533 1333 ct
1553 1306 1623 1341 ipse
1654 1306 1747 1333 ﬁdelis
1766 1312 1825 1332 vocs

1026 1359 1081 1386 tur,
1095 1357 1122 1381 et
1139 1354 1185 1388 qui
1203 1352 1354 1380 naturalem
1374 1351 1456 1379 habet
1480 1352 1592 1379 mentis
1614 1352 1825 1383 velocitatemd

1025 1400 1125 1427 dicitur
1142 1399 1272 1434 prudens.
1287 1397 1321 1425 Et
1335 1397 1443 1424 villicus
1454 1405 1521 1432 ergo
1542 1397 1718 1432 iniquitatis
1733 1397 1826 1432 pruden-

1026 1451 1066 1474 ter
1078 1446 1152 1479 lacit,
1167 1453 1221 1472 non
1237 1445 1346 1480 quidem
1364 1443 1468 1472 faciens
1483 1444 1656 1471 secundum
1674 1444 1824 1479 prudentiam

181 1493 258 1519 tione
269 1498 475 1522 conservorum,
493 1490 594 1517 Paulus
606 1490 697 1524 culpat
709 1497 757 1517 eos
769 1490 814 1524 qui
829 1498 882 1517 non
895 1495 973 1518 erant
987 1502 1007 1530 ο
1026 1500 1059 1520 ex
1080 1492 1238 1523 virtutibus,
1262 1491 1309 1519 sed
1324 1491 1388 1525 quia
1407 1491 1486 1518 velox
1508 1494 1574 1517 erat
1594 1491 1728 1525 ingenio.
1744 1489 1774 1516 Et
1792 1489 1824 1515 ﬁlii

183 1537 262 1570 tales,
277 1536 323 1571 qui
339 1535 464 1570 superbis
482 1534 592 1570 quidem
608 1539 687 1562 erant
700 1535 828 1569 subjecti,
848 1540 972 1563 contem-

183 1583 284 1611 nebant
304 1586 395 1610 autem
412 1587 580 1614 mansuetos,
595 1581 648 1608 hoc
667 1581 749 1608 modo
766 1581 861 1609 dicens
880 1591 888 1609 ι
907 1581 973 1609 Sus-

183 1631 274 1657 tinett’s
289 1629 382 1663 siquis
397 1637 440 1655 vos
453 1628 480 1654 in
495 1629 645 1655 servitutem
664 1628 770 1662 redigit,
783 1629 806 1654 si
819 1628 879 1663 quis
896 1629 973 1656 devo-

183 1681 237 1705 rat.
247 1675 269 1702 si
279 1675 336 1709 quis
348 1675 456 1709 accipit,
467 1675 489 1701 si
501 1675 559 1709 quis
571 1674 720 1707 extollitur,
733 1675 756 1701 si
767 1676 826 1709 quis
838 1675 865 1700 in
878 1674 972 1709 facient

182 1729 227 1749 νοις
237 1721 324 1752 cwdit,
333 1721 410 1755 quasi
418 1728 464 1746 nos
474 1721 573 1754 infirmi
582 1720 711 1754 fuerimus
722 1720 755 1746 ⁵⁸.
765 1720 914 1748 Considera
924 1729 974 1748 au-

184 1772 238 1796 tem
248 1767 274 1794 in
287 1767 346 1794 istis
357 1765 496 1802 quomodo
509 1773 556 1793 eos
567 1766 613 1801 qui
626 1765 652 1792 in
666 1765 823 1793 servitutem
836 1766 972 1802 redigunt,

184 1819 213 1842 et
233 1815 259 1841 in
274 1813 370 1840 faciem
393 1812 499 1840 caedunt
514 1817 623 1847 propter
641 1812 714 1847 quod
735 1812 857 1840 amarius
870 1813 973 1848 princi-

185 1865 302 1895 pentur,
320 1858 526 1894 reprehenderit
541 1859 599 1893 ipse
615 1858 709 1886 dicens
726 1866 755 1886 sc
779 1859 917 1886 abstinere
939 1859 974 1886 ab

185 1907 239 1938 eis;
255 1913 309 1933 non
326 1905 391 1939 quia
412 1905 538 1932 inﬁrmus
553 1908 622 1937 erat,
643 1904 792 1939 quominus
809 1904 912 1932 faceret
925 1912 973 1938 ea,

184 1952 231 1980 sed
247 1956 276 1978 ut
292 1951 375 1978 iaciat
390 1951 447 1986 ipsa
462 1958 524 1985 quae
536 1950 624 1978 docet.
642 1950 725 1978 Docet
736 1955 826 1978 autem
840 1958 902 1978 cum
916 1958 974 1978 mo-

184 1997 271 2025 destia
285 1997 382 2024 docere
396 2004 443 2024 eos
456 1996 502 2032 qui
517 1996 660 2024 resistunt.
676 1996 791 2031 Propter
806 1997 878 2031 quod
892 2001 919 2024 et
931 1997 976 2024 de-

185 2044 283 2070 ﬁniens
307 2044 402 2078 quales
421 2043 537 2070 debeant
556 2051 616 2070 esse
630 2043 761 2078 episcopi,
781 2043 821 2070 sic
843 2043 908 2070 dicit
923 2043 946 2059 ⁵⁹
965 2052 973 2070 :

186 2088 248 2116 Non
272 2089 400 2123 litigiosi,
427 2097 478 2116 non
498 2096 674 2123 percussores,
693 2089 738 2115 sed
759 2089 906 2120 mansueti,
929 2097 974 2116 9r-

186 2135 252 2165 nati,
269 2138 296 2161 et
309 2142 478 2168 quacunque
492 2134 563 2161 inter
579 2134 719 2167 ﬁdeles,et
730 2134 866 2169 sapientes
882 2143 975 2163 servos

1025 1537 1117 1566 saeculi
1134 1537 1215 1572 hujus
1228 1537 1415 1572 prudentiores
1442 1540 1509 1563 sunt
1535 1543 1629 1570 quam
1656 1536 1708 1562 ﬁlii
1730 1535 1822 1562 lncisin

1024 1583 1199 1620 generatione
1224 1590 1284 1615 sua,
1307 1590 1361 1609 non
1384 1581 1450 1616 quia
1473 1581 1642 1608 secundum
1671 1580 1823 1616 prudentiam

1024 1638 1106 1658 unam
1130 1638 1164 1657 ex
1189 1629 1337 1657 virtutibus
1363 1634 1429 1656 sunt
1455 1627 1629 1662 prudentes,
1648 1633 1701 1655 aut
1715 1628 1775 1662 quia
1788 1626 1823 1653 ﬁlii

1024 1677 1094 1704 lucis
1116 1675 1265 1703 secundum
1288 1674 1361 1702 aliud
1388 1673 1493 1708 aliquid
1520 1678 1590 1700 sunt
1607 1674 1654 1701 eis
1672 1674 1789 1700 minores
1806 1672 1824 1697 in

1025 1722 1168 1757 sapientia,
1184 1726 1231 1749 aut
1253 1721 1280 1747 in
1302 1719 1430 1747 acumine
1446 1719 1570 1746 naturali
1591 1720 1703 1746 mentis
1721 1724 1781 1747 sunt
1793 1718 1825 1744 in-

1026 1769 1139 1796 fet-iores
1150 1776 1157 1800 ;
1170 1768 1221 1795 scit
1235 1767 1308 1794 enim
1321 1770 1348 1793 et
1361 1766 1539 1801 prudentiam
1559 1774 1652 1793 unam
1668 1774 1733 1794 esse
1748 1774 1778 1794 ex
1789 1766 1825 1791 vir-

1025 1815 1129 1842 tutibus
1153 1821 1244 1841 sermo
1265 1812 1385 1845 divinus,
1400 1813 1472 1839 sicut
1494 1812 1520 1838 in
1542 1811 1748 1840 Proverbiis“
1762 1814 1824 1840 duca

1025 1861 1141 1888 dicens:
1160 1859 1210 1886 Dic
1234 1859 1391 1894 sapientiam
1416 1865 1535 1885 sororem
1562 1863 1643 1884 tuam
1666 1867 1735 1892 esse,
1753 1864 1823 1885 note-

1025 1911 1115 1933 autem
1132 1905 1175 1940 fac
1191 1905 1237 1932 tibi
1253 1905 1432 1939 prudentiam,
1449 1909 1478 1931 ut
1498 1907 1645 1933 custodiat
1663 1913 1690 1935 re
1703 1917 1721 1934 α
1733 1907 1822 1934 malim

1026 1953 1123 1979 aliena.
1148 1951 1227 1979 Nunc
1247 1956 1338 1978 autem
1360 1952 1547 1979 communiter
1573 1953 1680 1981 audire
1708 1954 1821 1982 debemus

1026 1997 1098 2032 quod
1111 1996 1180 2024 ait“
1193 2006 1199 2024 :
1215 1996 1279 2029 Quis
1290 2001 1329 2023 est
1347 2005 1435 2024 servus
1452 1997 1541 2031 ﬁdelis
1553 2003 1578 2024 et
1596 1999 1744 2032 prudens?
1760 2000 1820 2034 quasi

1025 2044 1135 2078 quidam
1150 2042 1270 2078 quidem,
1292 2042 1442 2069 secundum
1457 2044 1652 2071 communiter
1668 2045 1819 2073 intellectam

1026 2090 1118 2121 ﬁdem,
1131 2089 1186 2117 sint
1201 2089 1304 2122 ﬁdeles,
1323 2096 1377 2115 non
1391 2093 1483 2116 autem
1500 2089 1556 2117 sint
1574 2091 1737 2124 prudentes
1751 2098 1820 2125 neque

1027 2136 1132 2163 veloces
1148 2135 1257 2170 ingenio
1270 2143 1278 2167 ;
1291 2138 1318 2161 et
1334 2134 1432 2161 iterum
1447 2134 1493 2161 alii
1507 2135 1625 2169 quidem
1640 2137 1701 2164 sint
1720 2137 1817 2166 veloces.

183 2179 268 2214 879
286 2179 470 2211 inveniuntur,
488 2183 515 2206 et
540 2179 753 2214 dispensatores,
775 2188 845 2215 quos
871 2181 973 2208 consti-
989 2177 1010 2204 ι)
1025 2186 1051 2209 et
1077 2181 1227 2209 secundum
1248 2180 1321 2215 quod
1335 2179 1379 2207 hic
1393 2179 1576 2214 signiﬁcatur,
1591 2182 1759 2216 prudentes,
1777 2188 1816 2207 nos

185 2226 237 2254 tuit
254 2225 386 2252 Dominus
401 2233 481 2260 super
497 2226 628 2253 familiam
646 2234 734 2259 suam,
754 2227 824 2255 sicut
840 2227 905 2255 dicit
918 2227 974 2255 Ln-

183 2280 230 2300 cas
240 2273 272 2299 ⁶⁰.
290 2271 328 2298 Ex
346 2272 388 2300 his
405 2277 494 2300 autem
514 2280 678 2308 cognoscere
699 2278 751 2307 est,
766 2275 896 2312 quoniam
917 2283 972 2302 non

183 2318 272 2346 solum
290 2318 337 2353 qui
350 2318 442 2345 ﬁdeles
458 2323 521 2346 sunt
541 2323 568 2346 ct
585 2319 731 2354 sapientes,
748 2320 810 2348 illos
832 2321 973 2348 constituit

185 2363 318 2392 Dominus
334 2372 416 2399 super
429 2364 540 2391 domum
555 2372 644 2398 suam,
663 2366 709 2393 sed
723 2366 805 2393 etiam
821 2367 907 2394 malos
918 2375 973 2394 ser-

182 2418 231 2437 vos
245 2409 366 2437 dicentes
383 2410 410 2436 in
425 2410 552 2437 cordibus
569 2411 627 2437 suis
643 2419 648 2437 :
666 2410 772 2446 Semper
789 2419 889 2438 moram
906 2410 971 2445 facit

183 2458 306 2485 dominus
324 2466 395 2484 meus
412 2458 545 2491 venire“;
560 2463 701 2493 propterea
727 2459 882 2492 percutiunt
906 2466 972 2485 con-

182 2511 287 2536 servos,
304 2504 472 2531 manducant
486 2508 513 2531 et
536 2505 630 2531 bibunt
645 2512 707 2532 cum
726 2505 810 2532 ebriis
827 2505 867 2531 vel
883 2505 972 2531 ebrio-

183 2550 221 2576 sis
244 2555 271 2577 et
293 2550 469 2578 inebriantur.
486 2550 513 2577 Si
535 2551 644 2586 quando
665 2559 729 2586 ergo
751 2551 919 2578 arbitrantur
943 2559 972 2578 se

182 2602 244 2623 esse
270 2595 296 2622 in
314 2603 412 2630 magno
427 2596 535 2632 fastigio
552 2597 598 2631 qui
612 2601 733 2631 praesunt
751 2596 879 2624 Ecclesiis
892 2597 972 2624 Chri-

183 2641 229 2672 sti,
261 2646 402 2676 propterea
425 2643 497 2678 quod
518 2643 659 2670 constituit
682 2651 730 2670 eos
745 2642 876 2670 Dominus
891 2651 973 2678 super

183 2686 315 2715 latnilium
339 2696 428 2722 suam,
443 2693 609 2723 cognoscant
623 2689 752 2724 quoniam
778 2696 832 2716 non
849 2689 901 2717 hoc
925 2697 973 2718 eos

219 2771 243 2787 "
262 2771 419 2811 Joan_._xui_,
448 2773 550 2811 lli-l5,
575 2775 599 2790 ⁸*
620 2774 714 2811 Matth.
734 2783 779 2808 xx,
796 2776 831 2802 25
847 2780 873 2803 et
895 2784 972 2811 seqq.

186 2805 300 2844 ringi,
320 2809 424 2839 24,25.
463 2810 486 2828 ιη
500 2809 519 2836 ιι
533 2810 596 2838 (lor.
614 2818 650 2844 xi,
664 2810 710 2842 ρο,
725 2805 778 2838 21.‘
808 2811 912 2839 "lTin

299 2831 300 2834 η
320 2809 424 2839 24,25.
463 2810 486 2828 ιη
500 2809 519 2836 ιι
533 2810 596 2838 (lor.
614 2818 650 2844 xi,
664 2810 710 2842 ρο,
725 2805 778 2838 21.‘
808 2805 981 2843 “Inmiti,
1000 2811 1025 2838 δ.

191 2842 306 2874 Χιιι,55⁴
345 2844 366 2859 ⁸³
381 2843 475 2871 Matth.
493 2853 566 2878 xxxv,
582 2846 625 2873 45.
644 2842 648 2844 ’
665 2847 686 2862 ⁵⁸
703 2854 748 2880 vn,
766 2847 792 2881 ι,
809 2846 835 2875 5.

874 2848 896 2863 ⁵⁵
907 2847 1002 2875 Matth.
1019 2855 1093 2883 xxtv,
1108 2847 1151 2875 43.

1026 2232 1117 2255 autem
1133 2228 1246 2255 omnino
1267 2233 1294 2255 et
1313 2228 1417 2255 ﬁdeles.
1434 2228 1463 2254 Si
1479 2229 1544 2263 quis
1561 2234 1660 2257 autem
1678 2231 1817 2258 consident

1027 2274 1227 2302 multitudinem
1251 2275 1400 2302 volentium
1424 2283 1486 2302 esse
1502 2283 1531 2303 se
1549 2276 1746 2309 Christianos,
1759 2278 1816 2304 iure

1024 2320 1080 2348 niet
1094 2320 1205 2355 quidem
1219 2320 1312 2348 ﬁdeles
1325 2320 1425 2347 multos
1439 2325 1466 2347 et
1479 2321 1605 2348 studium
1623 2323 1690 2350 ﬁdei
1703 2330 1816 2350 θηται)-

1024 2371 1074 2398 tes,
1093 2374 1147 2394 non
1163 2371 1252 2394 autem
1266 2371 1293 2394 et
1309 2367 1469 2402 prudentes,
1485 2373 1516 2394 ut
1533 2368 1591 2395 sint
1605 2368 1658 2396 ﬁlii
1679 2370 1763 2404 hujus
1777 2377 1816 2396 se

1024 2414 1078 2441 culi
1095 2414 1292 2448 prudentiores
1311 2414 1351 2441 eis
1376 2414 1403 2441 in
1423 2414 1606 2449 generatione
1632 2423 1699 2447 sua,
1715 2417 1817 2443 scientes

1025 2461 1153 2495 quoniam
1166 2468 1224 2495 qua:
1240 2464 1302 2487 sunt
1316 2460 1399 2486 stulta
1420 2460 1515 2486 mundi
1530 2460 1613 2495 elegit
1630 2462 1716 2496 Deus,
1729 2468 1756 2489 at
1766 2470 1814 2488 ron-

1025 2506 1121 2540 fuudat
1143 2506 1313 2540 sapientes".
1330 2505 1363 2532 Et
1377 2505 1481 2533 videbit
1494 2506 1599 2534 iterum
1616 2509 1691 2536 alios
1710 2510 1755 2544 qui
1769 2516 1815 2536 cre-

1025 2553 1126 2580 didisse
1143 2556 1283 2587 putantur,
1301 2553 1409 2580 veloces
1424 2552 1536 2587 quidem
1551 2561 1618 2581 esse
1631 2560 1660 2582 et
1684 2556 1815 2590 sapientes.

1026 2599 1140 2626 modicae
1152 2602 1242 2625 autem
1258 2598 1340 2631 ﬁdei;
1356 2602 1383 2625 ct
1399 2598 1421 2625 si
1438 2606 1493 2626 non
1509 2599 1652 2632 inﬁdeles,
1671 2606 1761 2628 tamen
1777 2600 1814 2627 rui-

1026 2653 1079 2672 nus
1096 2644 1198 2677 ﬁdeles,
1213 2644 1342 2679 quoniam
1360 2644 1443 2671 stulta
1456 2645 1556 2672 mundi
1571 2654 1637 2680 quae
1652 2646 1728 2674 Deus
1739 2646 1812 2680 elegit.

1027 2693 1216 2717 contemnunt.
1233 2688 1387 2716 Convenire
1402 2692 1495 2716 autem
1511 2689 1540 2716 in
1561 2698 1652 2718 unum
1670 2691 1772 2719 ﬁdelem
1786 2695 1812 2715 al-

1726 2814 1746 2830 ⁶³
1759 2813 1807 2840 Dan

1011 2775 1164 2804 “lThess.
1185 2782 1215 2807 ιι,
1238 2775 1292 2802 Ὶῡί
1313 2783 1389 2810 seqq.

1071 2812 1093 2827 θ⁰
1108 2820 1162 2845 xu,
1180 2812 1224 2838 4‘2.
1273 2811 1293 2829 ⁶¹
1307 2811 1371 2838 ibid.
1387 2811 1431 2838 lii.

1191 2847 1212 2864 ⁶⁷
1228 2847 1237 2874 l
1251 2846 1313 2874 Cor.
1329 2855 1347 2879 t,
1361 2846 1405 2874 27.

1439 2776 1463 2792 ”
1479 2776 1487 2804 l
1506 2776 1611 2806 Thess.
1634 2787 1662 2810 ν,
1678 2779 1721 2807 Η.

1499 2813 1522 2828 θ’
1542 2814 1613 2842 illiti.
1633 2815 1678 2842 56.
