1839 3053
33 129 95 156 1697

590 144 916 173 COMMENTARIORUM
942 145 1071 173 Sl'IRIES.

1587 156 1655 184 1693

34 205 81 231 quc
97 199 266 233 prudentem,
285 205 314 228 ut
339 201 488 229 secundum
513 207 659 239 utrumque
681 205 727 232 det
751 213 817 233 con-
832 207 855 236 Α
870 204 941 239 quod
960 213 1051 232 mores
1066 213 1162 233 eorum
1187 206 1316 240 aediﬁcet,
1338 212 1365 236 et
1388 210 1470 238 vitam
1494 219 1655 248 comportat,

33 245 115 273 servis
132 244 189 272 suis
202 245 291 273 cibum
305 246 331 273 in
344 248 560 281 tcmporc,valde
574 250 744 277 rarissimum
763 257 814 279 est.

34 289 64 317 Ut
78 291 149 317 enim
171 291 197 318 in
214 296 334 326 tempore
356 292 401 319 det
418 293 520 326 cibum,
537 296 718 323 necessariam
737 297 818 325 habet

32 336 90 370 quis
112 336 300 370 prudentiam;
328 342 359 364 ut
385 343 475 366 autem
494 348 547 367 non
563 341 665 368 adimat
688 342 764 370 cibos
789 344 814 370 in

32 387 148 414 tempore
165 381 353 416 indigentium,
372 391 441 418 opus
460 391 500 413 est
516 385 576 413 ﬁde.
590 385 648 414 Non
664 393 754 415 autem
774 393 815 416 est

32 428 213 461 importunum
235 435 346 456 monere
360 436 469 465 propter
485 436 596 466 peccata
610 441 669 467 quze
685 434 711 461 in
728 435 817 461 homi-

32 472 107 499 nibus
120 473 166 507 qui
183 473 306 501 videnlur
323 475 434 503 credere
452 477 571 509 Christo,
589 483 615 506 et
632 479 658 506 in
675 480 817 515 dispensa-

31 517 132 545 toribus
155 517 338 547 Ecclesiarum
363 521 522 557 plerumque
545 523 603 551 ﬁeri
629 525 726 558 solent,
747 534 817 561 quo-

31 562 100 589 niam
124 568 151 590 et
180 566 330 593 secundum
363 567 512 602 simplicem
546 571 710 598 intellectum
738 573 815 599 multi

31 616 93 643 opus
109 609 241 638 habemus
258 617 287 639 ut
303 613 394 641 ﬁdeles
409 615 495 642 simus
511 617 612 650 pariter
626 622 652 644 et
669 619 816 652 prudentes

31 654 61 681 ad
86 655 284 690 dispensandos
309 658 436 687 Ecclesiae
454 661 557 689 reditus
574 672 580 689 :
595 663 687 691 ﬁdeles
701 664 811 699 quidem

31 704 58 726 ut
70 707 120 727 non
139 701 301 730 devoremus
318 711 379 738 quae
392 710 455 733 sunt
469 706 611 734 viduarum
628 713 654 735 et
668 714 695 736 ut
710 717 814 737 memo-

30 753 70 773 res
88 747 172 775 simus
190 756 350 783 pauperum,
365 755 392 778 et
408 753 579 780 occasionem
602 755 765 790 accipientes
781 765 814 784 ex

30 799 60 818 eo
72 793 140 826 quod
159 794 290 829 scriptum
308 796 379 822 est“
393 805 399 823 :
418 797 548 825 Dominus
564 802 700 828 constituit
713 802 754 829 his
768 804 814 838 qui

30 837 196 873 Evangelium
214 842 370 875 prwdicant,
387 844 418 870 de
431 844 573 880 Evangelia
588 847 680 879 vivere,
696 837 813 883 amplius

868 259 950 285 quam
969 252 1039 286 quod
1061 251 1187 286 producit
1211 261 1244 280 aa
1270 255 1452 289 sapientiam,
1476 263 1502 285 et
1523 259 1659 288 illuminat

869 297 989 324 scientiae
1006 298 1065 325 luce
1078 305 1125 325 eos
1137 307 1254 333 quorum
1271 308 1350 328 mens
1364 306 1453 336 potest
1477 303 1590 331 sntl‘erre
1603 305 1657 332 htt-

867 342 988 377 jusmodi
1015 342 1084 370 lucis
1108 344 1296 378 splendorem;
1322 351 1412 373 autut
1427 355 1460 375 ne
1476 349 1516 376 eis
1533 350 1579 384 qui
1595 358 1659 385 pos-

870 392 934 415 sunt
947 389 1055 416 acutius
1072 389 1165 416 audire
1177 410 1184 421 ,
1202 390 1292 425 pigeat
1305 399 1441 425 exponere
1456 394 1550 421 altiora
1564 414 1572 427 ,
1585 400 1613 422 ut
1626 404 1659 423 ne

868 439 1036 468 exponentes
1050 435 1114 462 vilia
1138 436 1173 462 ab
1197 437 1425 471 ingeniosioribus
1449 446 1659 469 contemnantur

868 481 914 514 qui
932 481 1095 508 naturaliter
1107 486 1172 508 sunt
1191 482 1340 517 ingeniosi,
1356 488 1401 510 aut
1418 492 1465 518 per
1482 487 1657 515 exercitatio—

868 532 930 552 nem
957 525 1070 552 forsitan
1088 527 1226 554 srecularis
1250 527 1390 561 sapientiae
1415 530 1549 558 habentur
1571 533 1656 560 acuti.

868 570 980 598 DitIicile
1001 576 1042 598 est
1059 579 1124 606 ergo
1139 576 1285 607 utrumque
1302 574 1327 600 in
1347 582 1418 606 uno,
1438 580 1467 601 ttt
1486 580 1514 603 et
1539 577 1657 611 prudens

867 614 921 645 sit,
937 619 965 641 et
979 614 1066 642 ﬁdelis
1077 634 1084 647 ,
1099 623 1151 643 non
1168 621 1257 644 autem
1276 622 1302 644 et
1317 618 1501 654 impossibile;
1519 629 1569 648 nec
1583 622 1655 649 enim

869 658 1004 686 beatiﬁcat
1031 667 1093 686 eum
1120 661 1166 694 qui
1201 668 1254 688 non
1281 667 1370 697 potest
1395 672 1471 698 esse,
1502 666 1625 694 dicens“
1647 677 1654 694 :

866 703 965 731 Beatus
981 713 1069 731 servus
1085 705 1129 732 ille
1142 727 1148 736 .
1165 715 1239 741 quem
1266 707 1387 736 dominus
1405 711 1507 736 ueniens
1530 713 1654 740 invenerit

866 749 1005 784 facientem
1023 750 1071 777 sic.
1098 751 1182 778 Amen
1200 752 1259 778 dico
1280 753 1370 785 vobis,
1392 756 1460 789 quod
1474 764 1552 791 super
1564 759 1654 785 omnia

866 795 932 822 bona
949 804 999 822 sua
1016 797 1159 823 constituet
1175 805 1244 825 eum.

899 839 944 868 62.
967 841 1064 868 Beatus
1079 841 1124 868 ille
1140 851 1228 870 servus
1239 859 1248 876 ,t
1259 852 1333 879 quem
1356 846 1457 873 veniens
1479 847 1600 876 dominus
1614 850 1653 877 in-

30 892 180 918 qummmus
198 886 260 913 cibo
283 887 399 923 Simpnci
413 895 439 917 ει
457 893 619 920 necessariis
633 894 811 928 vcslimemis’
829 885 848 912 Β
864 886 960 912 venerit
985 886 1123 920 facientem
1145 887 1192 914 sic.
1209 887 1305 923 Magna
1321 891 1468 924 promissio
1483 893 1607 922 lidelibus
1624 899 1653 922 et

30 933 57 956 ut
81 937 114 957 nc
136 931 254 965 amplius
281 936 421 961 teneamus
447 936 526 963 nobis
542 943 623 971 quam
639 938 734 967 demus
750 947 813 967 esu-

29 973 156 1003 rientibus
184 975 324 1010 fratribus,
340 983 366 1005 et
382 980 549 1014 sitientibus,
574 986 658 1018 atque
681 984 772 1018 nudis,
786 990 813 1013 et

29 1020 65 1046 eis
78 1021 121 1055 qui
140 1024 328 1050 necessitatem
343 1025 481 1059 patiuntur
496 1027 523 1053 in
536 1028 713 1057 szecularihus
727 1031 810 1058 curis.

29 1065 172 1095 Prudentes
200 1073 302 1101 autem,
321 1075 350 1097 ut
366 1072 512 1107 unicuique
528 1075 677 1102 secundum
689 1076 806 1111 dignita-

29 1115 78 1138 tem
112 1113 330 1150 uniuscujusque
357 1118 606 1151 subministremus,
637 1122 812 1150 recordantes

29 1157 96 1191 quod
113 1159 214 1185 dictum
230 1165 272 1187 est
283 1160 304 1178 εν
319 1170 325 1188 :
344 1161 442 1190 Beatus
454 1165 499 1198 qui
520 1164 645 1201 intelligit
661 1175 738 1202 super
752 1177 811 1203 ege-

29 1210 85 1228 num
104 1208 127 1230 el
151 1213 301 1240 pauperem.
325 1207 383 1235 Non
408 1209 480 1237 enim
503 1210 660 1246 simpliciter
680 1214 712 1241 de
729 1215 811 1242 rebus

28 1248 215 1277 ecclesiasticis
240 1251 304 1279 dare
329 1257 446 1287 oportet,
464 1259 493 1282 ut
510 1263 594 1284 unum
610 1258 661 1286 hoc
682 1260 808 1288 observe-

28 1300 94 1326 mus,
109 1299 136 1322 ut
164 1303 199 1322 ne
221 1304 280 1331 qua:
309 1306 458 1333 pauperum
485 1306 548 1328 sunt
573 1303 743 1338 devoremus,
763 1313 810 1334 aut

28 1336 124 1366 furtum
140 1341 274 1370 iaciamus
289 1343 322 1371 de
333 1344 390 1378 eis;
405 1345 452 1373 sed
467 1351 496 1373 ut
513 1348 661 1382 prudenter
677 1350 810 1387 intelliga-

29 1391 85 1412 mus
96 1385 274 1420 indigentiutn
291 1396 389 1418 causas
400 1396 510 1432 propter
524 1401 592 1428 quas
605 1400 668 1423 sunt
683 1385 807 1432 indigen-

28 1434 79 1463 tes;
96 1436 121 1459 et
135 1433 350 1469 uniuscujusque
363 1430 523 1472 dignitatem
539 1443 677 1475 quomodo
693 1430 809 1472 advoca-

28 1479 67 1502 tus
88 1483 128 1505 est
153 1477 319 1516 [educatus],
343 1487 475 1516 quantum
499 1487 684 1515 necessarium
713 1489 806 1522 habet,

26 1519 65 1546 vel
83 1527 191 1556 propter
204 1531 285 1558 quam
300 1533 409 1554 causam
427 1528 538 1564 indiget.
553 1530 612 1559 Non
628 1540 692 1568 ergo
710 1519 808 1562 simili:-

27 1569 64 1592 ter
76 1571 115 1593 est
127 1569 260 1602 agendum
284 1571 311 1598 in
329 1572 368 1599 eis
386 1573 432 1608 qui
446 1575 479 1602 ab
493 1575 607 1604 infantia
623 1578 729 1607 duriter
743 1586 807 1609 sunt

26 1610 124 1638 educati
140 1616 166 1639 et
180 1614 285 1648 stricte,
301 1620 328 1643 et
339 1617 366 1644 in
379 1618 418 1645 eis
431 1619 476 1653 qui
490 1620 563 1656 large
578 1626 605 1649 et
615 1623 743 1652 deliciose
756 1633 808 1653 nu-

27 1655 76 1682 triti
100 1662 171 1690 snnt,
188 1663 215 1685 et
238 1664 332 1694 postea
354 1663 522 1692 ceciderunt.
536 1655 600 1694 iNec
623 1668 717 1696 eadem
743 1676 808 1698 sunt

27 1700 199 1730 ministrando
210 1704 274 1732 viris
283 1710 309 1733 et
318 1707 488 1742 mulieribus,
505 1715 553 1738 aut
567 1712 682 1740 multum
695 1715 806 1743 senibus

24 1748 49 1770 et
64 1745 218 1782 juvanibus,
247 1755 295 1778 aut
315 1751 461 1785 juvenibus
479 1755 587 1789 quidem
609 1761 636 1784 et
659 1758 805 1794 debilibus,

24 1794 128 1824 propter
144 1793 217 1826 quod
233 1801 286 1821 non
302 1801 417 1830 possunt
439 1798 490 1825 sibi
512 1800 654 1834 acquirere
676 1810 762 1836 escas,
779 1793 806 1832 et

23 1834 60 1862 eis
72 1836 116 1871 qui
127 1839 165 1865 vel
177 1847 210 1866 ex
221 1845 297 1873 parte
310 1844 483 1875 possuntsibi
495 1846 636 1880 acquirere
647 1856 724 1877 escas
736 1834 804 1886 (84),

24 1883 50 1906 et
67 1881 105 1909 eis
117 1883 162 1916 qui
179 1884 220 1910 vel
235 1892 268 1911 ex
285 1890 361 1919 parte
376 1892 490 1921 possunt
504 1888 555 1916 sibi
568 1881 808 1921 succurrerediie;

22 1925 179 1959 quirendum
195 1933 236 1956 est
252 1935 342 1957 autem
365 1937 392 1959 et
414 1933 437 1959 si
460 1934 562 1962 multos
585 1936 703 1965 habeant
727 1943 805 1967 natos

23 1977 71 1997 non
87 1974 262 2009 negligentes,
279 1976 326 2003 sed
349 1977 441 2005 omnia
469 1978 608 2014 facientes,
622 1986 649 2009 et
672 1991 726 2010 non
752 1985 804 2012 sibi

23 2016 180 2046 suilloienter
195 2026 377 2050 occurrentes.
391 2022 424 2050 Et
439 2032 472 2052 ne
485 2025 561 2059 plura
573 2026 704 2061 dicamus,
721 2030 806 2065 880

22 2063 102 2091 multa
126 2066 259 2101 sapientia
284 2075 353 2103 opus
369 2074 410 2097 est
433 2072 480 2104 qui
495 2072 553 2099 vult
567 2073 634 2100 bene
645 2063 804 2109 dispensare

21 2109 217 2139 ecclesiasticos
241 2113 355 2146 reditus,
379 2119 409 2142 ut
434 2116 515 2144 etiam
543 2118 570 2145 in
596 2119 656 2147 istis
678 2120 764 2148 ﬁdelis
778 2126 805 2151 et

20 2154 133 2186 prudens
162 2156 336 2191 dispensator
369 2159 514 2195 inventus,
542 2163 639 2192 beatus
661 2166 802 2194 etliciatnr.

22 2197 139 2227 Forsitan
162 2207 253 2229 autem
278 2208 305 2230 et
319 2211 430 2239 propter
447 2207 649 2237 multitudinem
667 2210 801 2240 Christia-

19 2247 112 2269 norum
132 2244 180 2278 qui
205 2253 258 2272 non
273 2248 340 2275 satis
357 2249 429 2276 circa
443 2251 648 2285 requisitionem
663 2256 736 2282 verbi
754 2257 802 2284 ha-

21 2285 122 2321 bentur,
136 2294 163 2317 et
176 2291 244 2318 tales
259 2297 322 2320 sunt
337 2293 370 2321 ad
386 2295 566 2331 principatum
585 2299 726 2334 sublevati,
744 2310 803 2329 ma-

20 2333 57 2365 gis
73 2337 258 2364 necessarium
274 2338 406 2368 habemus
421 2342 516 2369 audire
533 2353 539 2370 :
562 2336 642 2376 Quis”
650 2350 689 2373 est
715 2333 802 2381 ﬁdelis

19 2385 135 2422 servus'et
144 2382 272 2416 prudens,
289 2392 364 2419 quem
376 2388 511 2415 constituit
528 2389 649 2417 dominus
664 2400 741 2427 super
758 2394 802 2428 [a-

19 2425 115 2452 miliam
125 2434 215 2460 suam,
228 2433 256 2455 ut
267 2429 308 2456 det
321 2430 374 2457 illis
386 2431 472 2459 cibum
487 2434 513 2460 in
526 2437 670 2470 tempore"o
679 2425 737 2464 ?VUt
749 2425 801 2466 non

18 2470 152 2499 etfundant
169 2475 357 2504 rationabilem
373 2482 401 2504 et
414 2479 563 2513 spiritalem
581 2482 671 2509 cibum
688 2491 800 2511 conser-

19 2514 56 2541 \is
68 2517 277 2554 quibuseunque
291 2520 300 2556 [
313 2521 572 2561 qualibuscunque]
590 2526 758 2561 simpliciter,
775 2533 801 2556 et

19 2561 113 2592 quibus
127 2570 181 2590 non
197 2570 312 2599 oportet,
325 2567 446 2594 volentes
462 2575 491 2596 se
511 2570 654 2598 ostendere
665 2580 725 2600 esse
736 2581 801 2607 prn-

19 2606 127 2642 dentes,
149 2615 177 2637 et
199 2611 285 2647 magis
302 2613 486 2641 necessarium
511 2614 674 2645 habentibus
688 2606 800 2646 verbum

821 1553 842 1581 C

53 2722 75 2764 ξς
89 2722 170 2764 lgor.
185 2733 221 2756 Ix,
240 2727 290 2764 id.
301 2763 309 2764 ί
323 2728 344 2744 ⁵⁸
362 2728 433 2756 Psal.
449 2738 482 2758 ιιι
494 2751 501 2764 ,
515 2731 541 2758 Ξ.

582 2731 604 2747 ⁷⁵
619 2731 713 2759 Matth.
730 2740 803 2766 xxtv,
818 2734 862 2761 45.

19 2755 40 2770 ’λ
53 2757 145 2786 Matth.
163 2768 244 2788 xxvnt
255 2783 262 2795 ,
280 2763 323 2790 i8.
362 2764 384 2779 ⁷⁸
398 2755 501 2792 Matth:
513 2755 585 2800 sitv,

865 932 1046 966 prudentibus
1057 933 1294 967 dispensatoribus
1311 936 1484 970 pradicatur,
1497 943 1524 965 et
1537 946 1599 966 cum
1613 940 1653 967 eis

864 978 964 1012 quibus
987 978 1043 1006 ait:
1059 977 1124 1005 Esto
1148 983 1302 1013 potestatem
1324 982 1420 1008 habens
1442 991 1520 1017 super
1542 985 1654 1019 quinque

864 1024 983 1050 civitates
996 1024 1029 1056 ⁷⁸,
1046 1028 1103 1057 aut,
1116 1030 1172 1051 esto
1183 1030 1342 1059 potestatem
1358 1026 1454 1054 habens
1471 1036 1550 1062 super
1566 1030 1653 1057 decem

863 1069 983 1095 civitates
995 1069 1027 1095 ".
1046 1068 1114 1096 Nam
1133 1078 1215 1104 super
1232 1072 1323 1099 omnia
1345 1073 1418 1100 bona
1447 1074 1653 1108 patrisfamilias

863 1114 940 1147 ﬁeri,
955 1115 1021 1149 quid
1035 1115 1107 1142 aliud
1123 1116 1280 1144 manifestat
1296 1118 1349 1145 nisi
1368 1118 1488 1146 ltmredcs
1501 1119 1547 1146 Dei
1564 1125 1591 1148 et
1606 1128 1654 1148 co-

863 1159 984 1187 hteredes
999 1160 1113 1190 Christi,
1130 1165 1156 1188 et
1171 1167 1369 1196 eonregnantes
1382 1171 1443 1190 cum
1456 1163 1586 1192 Christo?
1599 1165 1650 1192 Cui

862 1205 955 1232 omnia
980 1213 1028 1233 sua
1052 1206 1164 1233 tradidit
1180 1206 1270 1240 Pater,
1286 1208 1357 1235 sicut
1374 1209 1431 1244 ipse
1447 1210 1564 1237 dicit“:
1581 1211 1651 1238 Data

862 1255 900 1277 est
922 1251 985 1277 mihi
1010 1256 1125 1285 potestas
1139 1252 1165 1278 in
1178 1253 1240 1279 caelo
1252 1258 1276 1280 et
1288 1253 1315 1280 in
1329 1250 1418 1286 terra;
1432 1259 1458 1282 et
1472 1256 1652 1290 quemadmo-

862 1296 925 1323 dum
953 1297 1017 1324 boni
1043 1296 1129 1331 patris
1146 1297 1235 1330 ﬁlius,
1261 1306 1340 1334 super
1354 1293 1463 1327 omnem
1481 1302 1566 1335 patris
1585 1303 1651 1329 sub.

862 1342 992 1370 stantiam
1007 1343 1187 1376 constitutus,
1203 1344 1346 1379 participat
1363 1345 1517 1380 hujusmodi
1530 1347 1650 1382 dignita-

860 1392 914 1415 tem
926 1393 953 1416 et
967 1389 1079 1423 gloriam
1106 1389 1229 1417 ﬁdelibus
1243 1395 1270 1417 et
1281 1391 1460 1425 prudentibus
1475 1392 1648 1428 dispensato-

860 1433 936 1461 ribus
951 1434 1019 1467 suis,
1038 1439 1068 1461 ut
1084 1435 1138 1462 sint
1155 1439 1181 1462 et
1196 1435 1246 1470 ipsi
1265 1443 1346 1471 super
1372 1445 1480 1465 omnetn
1493 1443 1647 1466 creaturam

860 1485 887 1507 et
902 1485 1060 1514 potestatem
1076 1501 1083 1514 ,
1102 1485 1132 1508 ut
1145 1481 1200 1508 sint
1216 1489 1277 1509 cum
1291 1481 1411 1510 Christo.
1436 1483 1469 1510 Et
1486 1484 1547 1511 vide
1563 1485 1647 1512 inter-

860 1525 1039 1559 pretationem
1055 1526 1114 1561 ejus
1129 1527 1201 1561 quod
1215 1527 1299 1554 dicit:
1312 1528 1403 1562 Amen,
1420 1529 1479 1556 dico
1494 1530 1565 1557 t‘obis
1578 1531 1648 1566 quod

859 1579 936 1605 super
956 1572 1046 1598 omnia
1072 1571 1138 1598 bona
1164 1581 1213 1599 sua
1233 1573 1373 1600 constituet
1398 1575 1501 1602 eum".
1527 1575 1649 1611 Intelligo

859 1617 926 1644 mihi
947 1617 1026 1652 quasi
1050 1617 1077 1644 in
1096 1618 1249 1653 exetnplum
1266 1619 1403 1654 accipiens
1420 1620 1538 1655 aliquem
1556 1629 1647 1656 regem

858 1669 939 1689 omne
962 1671 1075 1699 regnum
1099 1664 1150 1691 sub
1175 1672 1204 1692 se
1229 1664 1392 1698 habentem,
1419 1674 1481 1693 cum
1505 1675 1560 1702 quo
1584 1669 1651 1695 sunt

857 1711 952 1741 gentes
971 1708 1080 1740 multat,
1099 1713 1126 1735 et
1143 1709 1267 1736 civitates
1285 1714 1313 1737 et
1337 1711 1397 1738 loca
1415 1711 1533 1739 diversa.
1553 1712 1648 1748 Itaque

857 1752 959 1779 dividat
978 1753 1036 1787 ipse
1050 1755 1167 1788 satrapis
1182 1759 1208 1782 et
1221 1756 1327 1783 caeteris
1349 1756 1519 1792 principibus
1533 1759 1578 1792 qui
1595 1759 1651 1785 ali-

856 1797 922 1831 quid
944 1797 1072 1831 praeclare
1091 1804 1252 1832 gesserunt,
1269 1801 1464 1835 plenitudinem
1484 1803 1559 1838 regni
1583 1804 1625 1830 sui
1643 1806 1648 1824 ἒ

856 1849 951 1869 omnes
977 1843 1088 1878 quidem
1126 1846 1274 1873 constituet
1308 1854 1389 1882 super
1420 1855 1500 1875 omne
1531 1856 1645 1884 regnum

856 1895 956 1922 suum,
991 1895 1045 1915 non
1069 1893 1160 1916 autem
1197 1890 1319 1925 singulos
1346 1899 1426 1926 super
1451 1893 1564 1927 omnia,
1595 1894 1643 1921 sed

855 1941 1077 1969 unumquemque
1092 1942 1186 1962 eorum
1206 1944 1286 1970 super
1300 1937 1420 1972 aliquam
1443 1943 1547 1972 partem
1566 1939 1643 1974 regni

855 1979 917 2011 sui;
942 1984 1053 2014 utputa,
1075 1980 1147 2008 hunc
1164 1981 1273 2016 quidem
1290 1989 1372 2017 super
1394 1983 1486 2011 decem
1503 1983 1641 2018 civitates,

855 2025 940 2052 alium
964 2033 1046 2060 super
1065 2026 1196 2061 quinque.
1222 2026 1255 2054 Et
1278 2027 1318 2055 sic
1341 2036 1437 2056 omnes
1459 2034 1539 2056 erunt
1562 2037 1644 2064 super

854 2072 946 2099 omnia
968 2072 1055 2104 bona,
1086 2073 1142 2107 ipse
1158 2078 1248 2100 atttent
1265 2073 1338 2101 solus
1353 2078 1444 2101 teneat
1458 2075 1549 2102 omnia
1563 2075 1642 2110 quasi

855 2117 930 2145 solus
953 2117 1076 2144 omnium
1100 2126 1158 2145 rex.
1188 2117 1220 2145 Et
1242 2118 1295 2146 tale
1308 2123 1350 2146 est
1367 2119 1439 2154 quod
1455 2120 1540 2147 dicit:
1558 2120 1644 2156 Super

855 2162 945 2189 omnia
965 2162 1032 2189 bona
1050 2170 1099 2189 sua
1117 2163 1259 2190 constituet
1274 2169 1343 2190 eum.
1360 2163 1438 2191 Sicut
1455 2169 1545 2191 autem
1563 2165 1643 2193 audi—

855 2208 944 2235 vimus
971 2208 1004 2235 de
1029 2207 1198 2236 beatitudine
1230 2208 1319 2236 danda
1345 2210 1432 2237 servis
1466 2210 1591 2238 ﬁdelibus
1617 2215 1645 2239 et

854 2254 1050 2289 prudentibus,
1066 2255 1105 2282 sic
1121 2255 1266 2282 audiamus
1290 2260 1316 2282 ct
1338 2255 1371 2282 de
1395 2257 1538 2284 tormentis
1560 2257 1645 2286 malo-

853 2307 915 2326 rum
938 2307 1090 2326 servorum.
1113 2299 1185 2326 Dicit
1205 2301 1279 2326 enim
1305 2300 1394 2328 maltts
1408 2309 1502 2328 servus
1517 2301 1544 2328 in
1562 2302 1644 2329 corde

853 2352 903 2373 suo
915 2365 922 2378 ,
939 2349 1099 2380 praesentem
1112 2346 1278 2381 voluptatem
1299 2353 1459 2381 praeponens
1475 2347 1554 2374 boais
1568 2347 1643 2375 futu-

852 2391 891 2418 ris
901 2412 908 2424 ,
923 2395 950 2418 et
965 2396 1144 2419 contemnens
1160 2392 1301 2419 dominum
1319 2399 1398 2419 suum
1412 2411 1419 2423 ,
1435 2391 1501 2418 dicit
1514 2399 1521 2417 :
1536 2392 1642 2419 Moram

855 2437 919 2471 facit
938 2437 1061 2464 dominus
1087 2446 1158 2464 meus
1176 2438 1303 2465 venire”.
1323 2437 1455 2464 Mentiens
1473 2441 1564 2464 autem
1589 2438 1642 2466 hoc

853 2482 931 2515 dicit,
947 2482 1042 2510 volens
1058 2483 1224 2510 manducare
1238 2487 1266 2510 et
1278 2483 1370 2510 bibere
1387 2490 1448 2509 cum
1465 2482 1599 2516 ehriosis;
1615 2487 1643 2512 et

854 2535 961 2563 semper
975 2529 1110 2560 somniat,
1129 2530 1193 2564 quia
1218 2533 1279 2564 post
1294 2528 1408 2555 multum
1432 2529 1561 2563 temporis
1575 2536 1642 2556 ven-

854 2578 932 2601 turus
947 2581 988 2602 est
999 2575 1127 2603 dominus
1138 2575 1215 2609 ejus;
1230 2579 1257 2601 et
1270 2574 1349 2609 quasi
1363 2573 1473 2601 domino
1492 2581 1584 2601 moras
1597 2573 1640 2600 fa-

855 2621 954 2654 ciente,
972 2621 1089 2656 percutit
1105 2627 1254 2649 conservos
1269 2619 1439 2652 suil'ercntes,
1459 2623 1486 2647 et
1507 2619 1535 2646 in
1552 2620 1639 2647 servi-

913 2735 934 2750 “
952 2735 1017 2762 ibid.
1031 2735 1081 2767 46,
1094 2736 1137 2764 47.
1188 2737 1210 2752 ⁷⁸
1225 2736 1290 2765 an.
1307 2746 1363 2772 xix,
1376 2737 1418 2766 i9.
1469 2738 1492 2756 ⁷³
1509 2737 1576 2766 ibid.
1594 2736 1639 2767 17.

54 2848 106 2884 (84)
127 2849 212 2879 Verba
226 2857 250 2879 et
265 2853 301 2881 ris
317 2855 361 2888 qui
374 2855 444 2882 vel...
466 2857 600 2891 acquirere
614 2866 686 2886 escas
708 2859 802 2899 desunt
823 2859 850 2887 in
865 2867 931 2889 mss.
950 2865 975 2888 et
988 2860 1102 2890 delenda
1116 2862 1251 2892 videntur.
