1839 3053
184 135 251 164 I699

765 126 927 156 ORlGEN'lS
942 125 974 152 ΙΝ
994 124 1199 153 ΜΑΤΤΙΙᾹΞΗΜ

1757 119 1806 145 lite

184 199 268 222 tutem
294 192 391 228 redigit
406 198 452 219 eos
465 196 492 218 et
507 191 533 217 in
548 189 645 217 faciem
659 195 706 215 eos
719 187 807 214 caedit.
824 185 858 212 Et
873 193 970 220 percu-
985 187 1009 216 Α
1023 186 1069 219 qni
1095 192 1141 218 per
1164 190 1241 210 suam
1266 181 1420 209 doctrinam
1447 181 1634 206 recesserunt
1662 176 1766 210 quidem
1784 179 1807 203 ab

182 240 254 267 tiens
277 239 424 266 manducat
445 243 472 264 et
494 235 561 263 bibit
583 241 644 261 eum
672 231 804 264 ebriosis,
827 230 971 258 Occasione

182 285 307 321 obseqrrii
325 283 515 315 ecclesiastici;
537 285 564 308 et
587 288 641 307 non
662 278 815 306 esurientes
838 275 970 310 suscipit,

184 331 233 360 sed
257 330 384 366 epulatur
409 336 470 356 cum
496 326 613 354 ebriosis
644 329 672 352 et
696 323 790 351 multis
812 321 971 357 hujusmodi

183 377 286 413 quibus
305 375 494 403 ecclesiastica
520 380 585 400 cura
607 370 756 399 commissa
780 373 839 402 est;
871 368 972 403 quibus

186 423 275 451 veniet
297 422 429 449 Dominus
455 419 559 447 faciens
588 416 851 446 consummationem
875 421 970 442 eorum

186 470 213 496 in
229 469 272 496 die
287 475 341 502 qua
359 465 493 497 nesciunt,
510 470 536 492 et
548 465 614 492 hora
627 471 681 498 qua
699 470 753 489 non
767 464 874 496 putant,
889 465 917 487 et
930 459 969 486 di-

185 515 257 543 videt
270 521 317 541 eos
331 513 377 548 qui
401 520 456 539 non
481 512 632 538 timuerunt
654 517 717 536 eum
739 508 787 544 qui
811 512 909 543 potens
931 509 973 533 est

184 560 303 588 animam
322 563 348 586 et
372 564 473 593 corpus
495 557 608 591 perdere
631 555 659 582 in
685 554 848 589 gehennam.
874 552 973 579 Dividit

185 612 274 634 autem
291 614 354 633 eum
365 625 372 638 ,
388 604 499 640 quando
515 603 625 638 spiritus
645 601 755 636 quidem
777 600 838 634 ejus
858 599 973 627 reverti-

185 658 229 680 tur
252 653 284 679 ad
309 651 394 678 Deum
421 650 468 685 qui
491 649 565 676 dedit
578 655 639 674 cum
654 668 661 679 ,
689 646 779 674 anima
797 651 887 673 autem
909 652 972 672 cum

185 705 300 733 corpore
314 705 364 724 suo
379 697 453 723 vadit
467 695 493 722 in
513 694 675 729 gehennam.
695 691 791 719 Justus
808 695 898 718 autem
919 698 972 717 non

185 743 324 775 dividitur,
334 741 380 769 sed
393 741 483 768 anima
497 739 558 774 ejus
569 738 642 765 vadit
655 745 718 765 cum
731 735 828 772 spiritu
841 735 973 770 ad'regna

186 789 318 816 ccelestia.
333 787 446 822 Propter
467 785 538 821 quod
555 784 686 818 scriptum
702 783 773 810 est"
790 791 797 810 ε
813 781 973 814 Benedicile,

186 835 296 869 spiritus
307 838 332 860 et
345 833 441 859 anima
451 831 586 866 justorum
597 850 604 863 ,
626 829 749 856 Domino.
768 828 867 855 Eorum
883 833 973 855 autem

186 880 233 916 qui
259 879 417 907 dividuntur
438 882 465 905 et
490 877 628 912 deponunt
645 875 770 911 spiritum
797 878 974 902 revertentem

187 927 220 953 ad
245 934 307 953 eum
322 925 368 960 qui
384 925 496 952 dederat
509 931 571 951 eum
582 942 591 956 ,
615 926 643 951 et
661 931 715 950 non
730 923 832 950 habent
855 926 975 956 postmo-

187 973 252 1000 dum
273 972 299 999 in
315 979 344 999 se
355 976 459 1006 partem
477 970 595 1005 aliquam
613 977 674 1004 quae
690 974 748 997 erat
761 977 795 996 ex
811 968 876 1000 Deo,
893 968 975 995 relin-

187 1019 279 1053 quitur
302 1018 343 1046 eis
367 1025 429 1052 pars
443 1024 538 1044 eorum
555 1024 616 1051 quae
634 1020 693 1043 erat
718 1016 861 1051 ipsorum,
887 1015 913 1042 id
933 1019 976 1042 est

187 1064 288 1096 anima,
316 1070 377 1098 qua‘.
391 1070 453 1090 cum
471 1070 585 1097 conpore
605 1070 655 1089 suo
670 1062 796 1098 punietur
820 1070 835 1089 a
861 1061 976 1089 Domino

188 1109 323 1141 veniente,
335 1117 397 1136 cum
412 1108 567 1135 inﬁdelibus
579 1111 606 1135 et
621 1107 770 1143 liypocritis
782 1107 809 1134 in
823 1107 974 1135 tormentis.

188 1155 255 1182 Vide
281 1162 344 1190 ergo
370 1154 550 1181 differentiam
578 1161 720 1182 servorum
749 1160 820 1188 quos
844 1152 977 1180 Dominus

187 1203 331 1230 constituit
351 1209 433 1236 super
455 1201 566 1228 domum
589 1208 687 1232 suam.
712 1200 844 1235 quoniam
865 1199 976 1234 quidam

187 1249 296 1284 quidem
310 1247 388 1283 quasi
405 1247 498 1274 ﬁdeles
511 1250 539 1273 et
553 1246 702 1281 prudentes
713 1246 918 1280 dispensatores
930 1245 977 1280 qui

188 1295 322 1322 dederunt
339 1293 481 1321 conservis
496 1293 587 1320 cibum
606 1292 632 1319 in
649 1296 779 1327 tempore,
794 1299 875 1326 super
886 1292 977 1319 omnia

189 1340 258 1366 bona
278 1337 486 1373 patrisfamilias
505 1337 728 1370 constituuntur;
744 1336 791 1372 qui
807 1340 897 1364 autem
911 1344 979 1364 cuna

188 1385 271 1412 traria
285 1385 325 1412 eis
341 1388 464 1419 egerunt,
480 1389 557 1410 extra
575 1383 648 1419 quod
661 1383 820 1411 ceciderunt
843 1383 877 1410 de
890 1382 978 1418 gloria

188 1436 263 1458 tanta
277 1451 284 1464 ,
299 1431 389 1458 adhuc
401 1430 566 1463 dividentur,
582 1433 609 1457 et
625 1437 687 1466 pars
703 1437 799 1457 eorum
816 1437 878 1457 cum
893 1429 978 1465 hypo-

188 1477 265 1505 critis
284 1481 311 1504 et
328 1476 484 1504 inﬁdelibus
505 1480 633 1511 ponetur.
658 1475 696 1502 lbi
711 1475 763 1503 erit
779 1474 858 1503 fletus
873 1474 913 1502 eis
930 1475 977 1510 qui

1023 230 1155 258 idolorum
1171 229 1287 261 cultura,
1301 227 1342 254 vel
1358 225 1467 253 cultura
1483 224 1695 251 elementorum
1713 223 1807 248 creatis-

1022 276 1065 303 uis
1080 275 1144 302 Dei:
1157 276 1331 302 accesserunt
1342 276 1434 298 autem
1450 277 1503 305 per
1516 268 1617 296 Jesum
1632 267 1770 294 Christum
1787 267 1808 292 ad

1023 321 1069 349 Dei
1083 321 1216 348 culturam
1233 319 1358 354 quamvis
1372 326 1427 345 non
1442 316 1552 343 fuerint
1575 314 1731 342 subsecuta
1748 320 1810 346 open

1022 367 1130 403 pietatis
1140 386 1147 398 ,
1164 374 1252 401 neque
1267 365 1300 392 ad
1325 362 1525 392 beatitudinem
1546 358 1765 396 praeparaverint
1780 365 1810 384 se-

1023 414 1165 448 metipsos.
1190 411 1266 439 Sicut
1279 416 1368 439 autem
1393 408 1551 437 secundum
1570 405 1696 432 verbum
1711 404 1811 430 veritatis

1023 464 1175 494 sequuntur
1204 458 1309 493 seipsas
1335 457 1500 484 alterutrum
1528 453 1658 480 virtutes
1686 457 1746 485 quae
1766 456 1812 476 sunt

1024 506 1176 533 substantia
1199 504 1337 535 Christus,
1367 503 1404 530 ita
1429 507 1459 528 ut
1485 500 1535 535 qui
1569 505 1662 526 unam
1692 497 1811 526 habuerit.

1023 559 1118 578 omnes
1141 550 1256 582 habeat;
1272 554 1299 576 et
1317 548 1363 583 qni
1379 554 1463 574 unam
1487 545 1590 572 minus
1617 542 1811 573 babuerit,nrc

1024 606 1106 626 unam
1122 597 1237 629 habeat;
1253 595 1380 623 Christus
1394 593 1468 621 enim
1484 600 1500 619 a
1520 592 1626 626 seipso
1643 588 1811 617 irreeessibilis

1023 649 1080 676 est;
1098 643 1139 671 sic
1151 648 1177 670 et
1189 649 1287 670 sensus
1301 647 1397 668 omnes
1415 639 1583 666 alterutrum
1612 643 1646 663 se
1659 635 1811 669 subsequitu-

1024 694 1129 718 turzet
1146 690 1301 724 ubicunque
1321 688 1414 714 minus
1437 685 1522 713 fuerit
1544 691 1627 711 unus
1652 683 1689 709 de
1708 682 1813 709 sensibus

1025 736 1177 764 secundum
1199 740 1300 761 rectam
1317 732 1400 760 Verbi
1417 731 1578 759 doctrinam
1596 749 1605 762 ,
1629 729 1668 756 ibi
1683 728 1813 755 omninoet

1026 789 1120 810 omnes
1136 788 1234 809 sensus
1249 779 1326 815 quasi
1350 779 1466 806 fraudati
1482 785 1498 804 a
1510 776 1608 804 verbo
1630 775 1772 810 sapientiae
1783 774 1812 799 in-

1027 826 1177 854 fatuantur.
1207 825 1311 853 Sensus
1331 829 1422 851 autem
1439 823 1501 850 dico
1518 825 1549 849 et
1564 829 1620 848 eos
1645 820 1697 855 qui
1713 826 1812 847 comma

1026 873 1098 900 niter
1111 872 1310 907 intelliguntur,
1324 869 1393 897 visio
1404 889 1411 901 ,
1430 868 1538 895 auditio
1551 887 1558 899 ,
1573 866 1714 894 odoratio
1724 885 1731 896 ,
1743 871 1815 899 gusta

1027 919 1077 950 tio,
1094 918 1224 953 palpatio,
1246 920 1273 943 et
1294 923 1342 943 eos
1356 915 1403 949 qui
1425 915 1451 941 in
1467 912 1638 940 Proverbiis
1663 911 1813 945 appellantur

1027 965 1124 998 divini,
1141 964 1193 992 hoc
1206 963 1286 990 modo
1299 962 1451 990 dicentibus
1464 968 1472 985 :
1488 959 1611 986 Sensum
1625 958 1750 984 divinum
1762 957 1814 982 inra-

1027 1011 1124 1039 nies”.
1145 1009 1245 1037 lterum
1261 1012 1350 1036 autem
1371 1007 1503 1042 quoniam
1531 1005 1657 1033 verbum
1682 1003 1730 1030 Dei
1752 1009 1814 1030 causa

1027 1062 1069 1085 est
1083 1061 1114 1084 ut
1135 1061 1226 1083 rectus
1247 1054 1293 1082 ﬁat
1308 1061 1438 1081 sensuum
1456 1060 1536 1084 usus,
1559 1056 1590 1079 et
1609 1059 1670 1078 non
1688 1054 1731 1077 est
1746 1048 1815 1083 possi-

1026 1104 1081 1132 bile
1093 1111 1175 1137 eum,
1191 1110 1254 1130 cum
1276 1102 1312 1129 sit
1336 1101 1363 1128 in
1385 1100 1513 1128 sensibus
1527 1118 1535 1130 ,
1561 1103 1597 1125 ut
1623 1098 1652 1124 in
1671 1095 1815 1131 quibusdaa

1026 1150 1136 1186 quidem
1151 1149 1278 1177 sensibus
1291 1152 1428 1183 operetur,
1441 1151 1468 1174 et
1480 1146 1636 1180 diligenter
1654 1144 1758 1170 tribuat
1772 1149 1815 1175 qua

1027 1197 1179 1233 prudentia:
1194 1203 1251 1224 suae
1264 1199 1344 1226 sunt,
1365 1194 1393 1220 in
1409 1193 1471 1220 aliis
1494 1197 1593 1219 autem
1613 1190 1755 1225 negligat;
1770 1188 1816 1214 idea

1027 1245 1050 1272 si
1077 1252 1162 1271 unum
1179 1243 1213 1270 de
1235 1242 1362 1270 sensibus
1386 1239 1482 1268 fecerit
1507 1239 1695 1273 sapientem,
1715 1236 1816 1269 ntvirgt

1027 1290 1226 1321 constituatur,
1251 1294 1363 1315 necesse
1384 1290 1426 1314 est
1444 1289 1474 1312 ut
1494 1285 1522 1312 in
1545 1284 1614 1311 aliis
1634 1283 1765 1311 sensibus
1783 1289 1815 1308 sa-

1027 1337 1159 1372 pientiam
1177 1342 1254 1363 suam
1275 1333 1406 1361 effundat.
1428 1332 1582 1367 Propterea
1607 1339 1669 1358 non
1685 1334 1728 1357 est
1743 1329 1814 1355 videre

1028 1383 1062 1410 de
1083 1382 1206 1417 quinque
1227 1380 1355 1408 sensibus
1376 1380 1403 1406 in
1423 1379 1536 1413 aliquo,
1552 1378 1702 1413 quosdam
1726 1376 1814 1411 quidem

1029 1429 1131 1460 fatuos,
1144 1428 1278 1463 quosdam
1292 1430 1382 1453 autem
1397 1425 1564 1460 prudentes;
1592 1424 1645 1451 sed
1666 1429 1777 1450 necesse
1786 1428 1815 1447 et

1030 1479 1059 1502 ut
1081 1479 1129 1501 aut
1149 1481 1244 1501 omnes
1266 1472 1388 1507 quinque
1413 1471 1468 1498 sint
1485 1470 1656 1505 prudentes,
1677 1474 1725 1495 aut
1740 1475 1815 1494 omnes

189 1523 260 1550 male
273 1522 300 1549 in
319 1522 371 1549 hoc
386 1522 488 1549 mundo
509 1521 629 1548 ridentes
645 1520 765 1554 fuerunt,
783 1521 889 1548 dicente
904 1519 978 1548 Scri-
992 1528 1013 1557 ο
1031 1520 1109 1548 fatui.
1124 1519 1225 1547 Omnes
1244 1519 1288 1546 isti
1315 1525 1411 1546 sensus
1428 1515 1572 1551 lampades
1595 1523 1667 1543 suas
1686 1515 1815 1548 accipiunt.

188 1567 297 1602 ptura"
317 1577 324 1595 :
353 1567 398 1595 Vw
419 1568 464 1603 qui
488 1575 556 1594 nunc
573 1567 685 1598 ridetis,
701 1567 827 1602 quoniam
842 1566 940 1601 ﬂebilis
953 1571 978 1594 et

187 1614 327 1650 plangelis.
349 1614 552 1648 Consequenter
570 1617 660 1640 autem
678 1617 786 1648 propter
811 1613 934 1648 requiem
952 1618 979 1640 et

190 1659 382 1687 resolutionem
395 1667 449 1694 qua
464 1658 658 1693 requieverunt
674 1663 700 1686 et
715 1658 828 1686 resoluti
844 1663 920 1691 sunt,
936 1667 979 1686 ra-

189 1705 356 1733 tionabiliter
371 1704 423 1732 erit
438 1704 479 1732 eis
493 1705 614 1732 dentium
630 1703 744 1732 stridor.
761 1704 839 1737 Quod
854 1704 906 1732 hoc
921 1704 979 1732 for-

189 1752 259 1781 sitan
288 1751 434 1787 signiﬁcat,
455 1751 586 1786 quoniam
601 1750 646 1786 qui
664 1750 814 1785 puniuntur
828 1751 980 1785 cogitantes

190 1798 247 1826 fore
262 1799 341 1825 finem
355 1797 474 1830 doloris,
491 1802 518 1824 et
543 1801 653 1832 propter
666 1796 719 1824 hoc
729 1795 851 1824 volentes
864 1796 980 1824 viriliter

188 1853 237 1873 eos
262 1844 393 1877 sufferre,
422 1843 556 1878 compulsi
579 1842 722 1870 tormentis
742 1842 979 1875 insuﬂ‘eribilibus,

189 1889 316 1917 dentibus
339 1888 458 1916 stridunt
480 1897 488 1916 ε
513 1887 566 1915 illis
581 1887 707 1915 videlicet
728 1887 856 1916 dentibus
879 1888 980 1924 quibus

191 1935 425 1962 nianducavcrunt
443 1932 618 1961 acerbitatem
636 1932 764 1967 malitias,
789 1937 816 1961 et
837 1939 980 1970 propterea

188 1981 330 2016 patiuntur
346 1979 467 2007 dentium
486 1980 597 2015 dignum
614 1979 771 2007 stridorem.

221 2026 265 2053 63.
276 2026 368 2054 Simile
376 2031 413 2053 est
422 2034 528 2061 regnum
536 2026 660 2053 cartorum
667 2027 754 2053 decem
764 2025 980 2061 virginibusque

190 2073 346 2106 accipientes
359 2071 495 2106 lampades
511 2079 573 2098 suas
583 2090 591 2104 ,
604 2072 723 2098 exierunt
735 2072 837 2099 obviam
848 2079 943 2106 sponso
954 2076 979 2099 et

189 2126 301 2153 προπίω.
313 2117 433 2152 Quinque
450 2123 538 2144 autem
557 2125 590 2144 ex
600 2117 638 2145 eis
652 2123 727 2145 erant
739 2118 821 2153 fatua:
831 2123 855 2145 et
866 2118 979 2154 quinque

189 2165 339 2200 prudentes,
359 2169 385 2191 ct
403 2165 551 2199 reliqua".
565 2164 594 2191 ln
615 2163 743 2192 omnibus
759 2164 805 2199 qui
824 2164 978 2193 didicerunt

188 2211 302 2239 verbum
313 2209 455 2245 [λείβει
469 2218 581 2245 regnum
591 2211 721 2238 cmlorum
729 2210 895 2238 assimilatur
902 2219 914 2238 v

290 2219 302 2237 ιι
313 2209 455 2245 Dei,881
469 2218 581 2245 regnum
591 2211 721 2238 cmlorum
729 2210 979 2247 assimilaturvirgi-
995 2201 1016 2229 Ῐ)

190 2257 271 2284 nibus
285 2256 388 2284 decem.
411 2257 443 2283 Et
459 2256 481 2284 si
495 2257 604 2291 quidem
621 2257 649 2283 in
664 2257 704 2284 eis
719 2261 783 2284 sunt
797 2257 843 2292 qui
862 2261 935 2285 recte
951 2262 979 2286 ct

188 2301 305 2330 credunt
314 2305 341 2328 et
354 2302 458 2334 vivunt,
467 2306 491 2328 et
504 2301 564 2328 ideo
573 2301 647 2336 juste
658 2302 847 2329 assimilantur
858 2303 979 2338 quinque

190 2346 386 2382 prudentibus;
406 2347 452 2382 qui
463 2352 552 2374 autem
561 2347 723 2382 profitentur
731 2347 840 2382 quidem
852 2347 932 2374 ﬁdem
950 2348 978 2375 in

189 2392 253 2420 Jesu
264 2413 272 2426 ,
298 2401 352 2420 non
373 2397 464 2420 autem
485 2398 641 2428 praeparant
656 2401 686 2421 se
706 2394 787 2421 bonis
802 2394 930 2429 operibus
946 2394 981 2421 ad

190 2440 304 2467 salutem
316 2459 325 2474 ,
355 2439 469 2475 reliquis
483 2440 605 2476 quinque
621 2440 809 2468 assimilantur
831 2440 981 2475 virginibus

191 2485 292 2519 fatuis;
306 2493 358 2512 non
376 2486 599 2513 irrationabiliter
614 2486 733 2514 dicimus
747 2494 846 2514 sensus
857 2486 980 2513 omnium

189 2531 235 2566 qui
251 2531 405 2559 didicerunt
418 2532 519 2566 divina,
533 2533 779 2568 quomodocunque
798 2532 912 2559 verbum
927 2531 980 2559 Do-

191 2577 257 2604 mini
273 2583 443 2613 receperunt,
456 2578 513 2606 sive
528 2579 684 2609 occasione.
699 2579 756 2606 sive
768 2578 894 2610 veritate,
906 2578 978 2613 quod

190 2623 310 2657 virgines
335 2627 400 2651 sunt
427 2623 614 2659 virginiﬁcataa
642 2631 689 2658 per
711 2624 824 2651 verbum
850 2623 899 2651 Dei
934 2624 977 2651 eui

188 2667 364 2695 crediderunt
378 2674 423 2696 aut
436 2669 548 2696 credere
562 2668 667 2697 volunt.
684 2667 749 2695 Tale
766 2673 809 2695 est
830 2669 902 2695 enim
916 2676 978 2695 ver-

190 2712 254 2739 bum
270 2712 329 2745 Dei,
344 2719 373 2741 ut
387 2714 420 2741 de
434 2721 484 2742 sua
501 2714 636 2742 munditia
649 2714 837 2742 accommodet
849 2713 978 2742 omnibus

224 2845 246 2861 "
262 2844 329 2872 Dan.
344 2854 385 2878 Ill,
403 2847 447 2874 86.
486 2848 508 2864 "
527 2847 592 2876 Luc.
608 2857 646 2882 vt,
661 2848 706 2876 25.
745 2849 768 2864 ⁷⁹
783 2847 880 2875 Matth.
897 2854 949 2874 xxv

554 2856 592 2876 uc.
608 2857 646 2882 vt,
661 2848 706 2876 25.
745 2849 768 2864 ⁷⁹
783 2847 880 2875 Matth.
897 2854 960 2882 xxv,
975 2847 1000 2881 Ι,
1016 2846 1042 2874 2.
1077 2847 1100 2862 ⁸⁸
1109 2845 1189 2873 Prom
1208 2855 1239 2879 ιι,
1257 2847 1280 2874 5.

1031 1567 1057 1594 id
1071 1572 1114 1595 est
1128 1573 1231 1601 organa
1247 1573 1296 1592 sua
1310 1563 1454 1595 naturalia,
1469 1562 1527 1589 sive
1545 1561 1710 1589 secundum
1724 1560 1814 1586 verbum

1030 1613 1078 1642 Dei
1104 1615 1144 1641 uti
1166 1613 1306 1644 volentes,
1325 1612 1382 1639 sive
1398 1614 1494 1638 contra
1511 1608 1692 1636 voluntatem
1709 1607 1768 1637 Dei,
1785 1611 1804 1630 ιι

1030 1669 1091 1688 men
1107 1660 1244 1694 accipiunt
1258 1666 1316 1690 eas,
1333 1657 1443 1693 quando
1456 1655 1597 1690 recipiunt
1618 1661 1754 1690 sponsum
1770 1660 1814 1679 ess

1030 1705 1158 1732 Ecclesiae
1172 1703 1290 1731 Verbum
1305 1703 1370 1736 Dei,
1383 1706 1410 1729 et
1425 1701 1525 1729 Filium
1553 1699 1605 1727 Dei
1618 1709 1625 1733 ;
1643 1706 1673 1727 et
1690 1699 1814 1735 egrediun-

1031 1756 1075 1778 tur
1091 1751 1125 1778 de
1143 1751 1245 1777 mundo
1261 1754 1288 1777 et
1307 1749 1341 1777 de
1357 1748 1499 1777 erroribus
1516 1747 1640 1774 deorum
1663 1747 1813 1774 multorum.

1029 1801 1057 1825 et
1068 1796 1181 1824 veniunt
1195 1796 1222 1822 in
1235 1796 1342 1823 obviam
1359 1793 1506 1825 Salvatori,
1525 1794 1573 1828 qui
1591 1800 1709 1827 semper
1722 1796 1813 1826 paratus

1029 1846 1072 1870 est
1088 1843 1180 1869 venire
1202 1842 1236 1869 ad
1256 1842 1374 1877 virgines
1388 1848 1451 1872 eas,
1481 1844 1510 1866 ut
1537 1839 1626 1866 simul
1644 1839 1812 1874 ingrediantur

1030 1895 1093 1915 cum
1111 1887 1200 1923 dignis
1215 1894 1311 1914 eorum
1329 1886 1362 1913 ad
1380 1886 1487 1913 beatam
1511 1891 1651 1919 sponsam
1670 1882 1811 1910 Ecetesiam.

1031 1933 1083 1962 Sed
1106 1933 1224 1969 quandiu
1242 1933 1352 1968 quidem
1376 1936 1439 1967 post
1451 1931 1567 1959 verbum
1591 1933 1738 1965 receptum
1759 1929 1809 1955 lucu

1030 1979 1121 2007 lumen
1138 1978 1255 2006 ﬁdelium
1268 1985 1359 2005 coram
1375 1976 1546 2008 hominibus,
1559 1980 1591 2002 ut
1606 1975 1736 2002 videntes
1748 1980 1809 2008 opm

1033 2033 1129 2053 eorum
1143 2025 1225 2058 bona,
1249 2024 1401 2060 glorificent
1414 2022 1523 2049 Patrem
1535 2029 1635 2049 eorum
1654 2022 1704 2057 qui
1717 2022 1741 2048 iu
1754 2020 1808 2047 eiei?

1032 2072 1116 2104 est“,
1130 2071 1172 2098 lue
1188 2076 1215 2098 et
1239 2070 1386 2105 prudentes
1401 2072 1484 2100 sunt,
1502 2072 1531 2095 et
1552 2068 1727 2103 accipientes
1741 2067 1809 2094 oleae

1030 2118 1228 2146 nutrimentum
1243 2115 1363 2143 hominis
1385 2114 1427 2141 sui
1445 2114 1520 2148 quod
1543 2121 1659 2148 semper
1678 2113 1806 2140 infunditut

1031 2165 1136 2192 actibus
1154 2163 1243 2195 bonis,
1261 2162 1286 2189 id
1302 2166 1344 2189 est
1355 2160 1467 2188 verbum
1485 2160 1634 2192 doctrinae,
1649 2165 1678 2187 et
1693 2168 1755 2187 vasa
1765 2159 1807 2185 ani-

1032 2219 1138 2239 marum
1164 2216 1276 2237 suarum
1292 2208 1326 2234 ab
1340 2207 1392 2234 hoc
1408 2206 1494 2234 verbo
1519 2206 1672 2241 implentes
1686 2215 1701 2233 a
1715 2204 1806 2233 doctori.

1032 2257 1084 2285 bus
1095 2261 1122 2283 et
1137 2254 1315 2283 traditoribus
1331 2253 1378 2288 qui
1395 2252 1460 2280 illud
1477 2254 1654 2285 venundant,
1675 2252 1747 2287 quod
1761 2251 1808 2278 satis

1033 2303 1069 2330 sit
1086 2302 1126 2329 eis
1139 2322 1146 2335 ,
1170 2301 1252 2328 etiam
1276 2299 1400 2326 tardante
1416 2299 1491 2325 exitu
1512 2302 1541 2325 et
1559 2303 1724 2325 remorante
1743 2295 1808 2322 Veri»:

1032 2348 1159 2376 veniente
1171 2347 1204 2374 ad
1219 2345 1482 2373 consummationem
1499 2351 1597 2371 eorum
1609 2363 1617 2376 ,
1643 2348 1677 2370 ut
1703 2349 1800 2370 consum

1030 2398 1110 2421 mata:
1126 2397 1154 2420 et
1167 2397 1243 2420 extra
1257 2393 1388 2420 mundum
1406 2391 1484 2418 factze
1502 2390 1638 2417 festinent
1651 2389 1728 2416 illuc.
1739 2388 1809 2421 Quas-

1031 2441 1065 2467 tis
1076 2444 1167 2467 autem
1183 2447 1236 2466 non
1252 2438 1380 2466 fuitcura
1396 2442 1459 2473 post
1473 2436 1690 2464 inchoationem
1698 2434 1809 2463 Cbristir

1030 2485 1123 2513 uitatis
1147 2489 1249 2512 tantam
1275 2483 1398 2518 accipere
1419 2482 1493 2510 verbi
1519 2482 1682 2509 doctrinam
1697 2502 1705 2515 ,
1728 2483 1809 2516 quanta

1029 2531 1164 2559 sufﬁceret
1181 2531 1220 2558 eis
1237 2530 1336 2557 durare
1359 2537 1446 2563 usque
1471 2528 1504 2555 ad
1528 2527 1631 2561 ﬁnem,
1661 2528 1809 2563 negligentes

1030 2578 1103 2604 circa
1133 2576 1334 2611 susceptionem
1349 2574 1480 2602 doctrinae
1498 2581 1562 2609 qua
1584 2573 1728 2601 confortat
1749 2573 1808 2599 fidem

1030 2627 1058 2650 et
1072 2623 1205 2650 bonorum
1220 2625 1330 2648 actuum
1346 2620 1437 2647 lumen
1461 2620 1605 2646 illuminat
1630 2619 1716 2654 (quid
1738 2622 1807 2644 sufes

1031 2667 1070 2694 sic
1083 2666 1219 2694 confortat
1235 2666 1305 2692 sicut
1320 2665 1432 2692 moralis
1450 2672 1544 2692 sermo
1556 2684 1565 2697 ,
1589 2666 1666 2700 quod
1687 2665 1767 2692 oleum
1779 2662 1804 2687 [θ’

1030 2713 1113 2741 minis
1128 2711 1320 2748 appellatur)?
1346 2712 1386 2739 lia:
1412 2710 1496 2738 fatum
1518 2717 1605 2746 sunt,
1623 2718 1651 2739 et
1668 2713 1803 2745 acceperat!

1322 2847 1345 2863 “
1361 2846 1456 2874 Matth.
1472 2856 1499 2878 γ.
1515 2847 1560 2874 16.
