1879 3046
100 156 148 184 MS

97 220 217 250 pretatnr
227 216 318 243 oculus
335 217 488 244 tentalioni:
507 224 587 247 mea;
605 217 628 244 si
641 217 703 252 quis
718 222 760 244 est
774 218 820 253 qui
837 219 879 245 in-
895 221 918 249 Α

98 261 230 288 tellectum
251 261 352 302 habere
371 266 461 297 potest
476 262 613 296 quomodo
633 263 745 289 tentatio
763 268 805 290 est
821 263 878 290 vita

98 307 213 334 hominis
224 314 307 341 super
321 312 431 337 terram.
447 312 474 334 et
485 307 610 342 intelligit
624 308 762 342 quomodo
777 308 839 343 quis
852 309 879 336 in

98 352 149 380 Deo
160 353 275 388 eripitur
285 361 301 380 a
313 353 472 386 tentatione,
485 357 513 381 et
526 353 572 388 qui
584 353 707 388 agnoscit
721 354 879 389 qualitatem

97 398 251 426 tentationis
275 407 342 431 suae,
367 399 404 426 ita
419 404 450 426 ut
465 399 552 434 possit
566 399 599 426 de
618 399 678 434 ipso
692 399 758 433 dici,
774 400 838 435 quia
852 400 879 427 in

96 444 136 470 his
151 444 280 472 omnibus
299 452 353 472 non
366 444 518 480 peccaverit
535 444 614 472 labiis
626 444 684 472 suis
698 451 791 472 coram
808 444 874 478 Deo,

95 489 154 517 huic
164 489 261 518 botrus
274 490 349 525 cypri
359 490 392 518 de
407 490 494 517 vineis
507 488 628 526 Etlgaddi
641 490 754 518 edicitur
763 490 875 518 verbum

93 531 146 560 Dei.
157 531 364 561 Observandum
377 539 468 562 tamen
481 536 523 562 est
538 534 611 569 quod
626 534 707 562 verba
723 541 829 569 sponsae
839 534 879 562 ita

767 156 866 184 LIBER
886 157 1044 186 TERTIUS.

1662 156 1712 185 Μϐ

932 218 1097 250 referuntur,
1115 222 1145 245 ut
1163 222 1190 244 et
1210 216 1312 244 nardus
1334 220 1362 244 et
1381 216 1582 251 alligamcntum
1596 221 1675 251 gutta:
1686 220 1714 244 et

932 263 1026 290 botrus
1043 263 1118 298 cypri
1141 262 1191 297 ipsi
1214 262 1265 290 soli
1283 261 1348 295 sint,
1369 265 1461 296 utpote
1477 268 1536 295 quae
1551 261 1577 287 in
1594 260 1643 287 hos
1654 261 1712 295 jam

929 308 1068 343 profectus
1082 307 1243 335 ascenderit.
1265 306 1332 334 Sola
1346 306 1418 333 enim
1438 304 1555 340 perfecta
1567 305 1657 332 anima
1670 310 1712 333 est

929 361 991 389 qua:
1003 355 1040 381 ita
1050 354 1131 381 habet
1142 361 1241 388 purum
1255 357 1282 380 et
1292 357 1436 388 purgatum
1448 351 1654 378 odoramentum
1668 352 1709 378 sui

930 407 1038 430 sensus.
1053 403 1083 426 ut
1096 399 1182 434 possit
1196 397 1283 430 nardi,
1302 402 1330 424 et
1344 402 1436 432 guttae,
1450 401 1477 424 et
1491 396 1564 432 cypri
1575 403 1608 423 ex
1623 394 1711 423 Verbo

931 444 978 472 Dei
993 444 1165 479 procedentis
1181 443 1356 479 fragrantiam
1373 449 1479 477 capere,
1498 446 1525 470 ct
1541 441 1652 477 gratiam
1668 441 1709 468 di-

930 489 987 516 vini
1002 489 1094 517 odoris
1109 488 1229 516 haurire.

100 626 1698 639 ——_————_——————-———-——

433 661 441 675 I

648 682 828 756 LIBER
863 711 1144 756 TERTIUS.

123 878 197 907 Vers.
215 880 260 907 l5.
280 880 337 916 σε
355 879 422 908 Ecce
441 889 468 907 es
491 882 618 915 speciosa,
647 881 769 916 proxima
795 888 871 913 nica;
889 889 911 917 Β

90 933 142 952 scrc
159 933 186 952 es
208 926 348 959 speciosa;
365 925 434 952 oculi
452 926 490 952 tui
507 925 634 954 columbw
652 926 719 961 (60).
746 925 871 953 Secundo

89 971 139 1004 jam
154 978 272 1006 sponsus
289 977 352 997 cum
366 978 467 1005 sponsa
478 971 505 998 in
517 971 599 998 verbo
613 972 804 1007 colloquioque
819 971 871 998 mi—

90 1023 182 1044 scatur.
199 1016 234 1043 Et
251 1017 342 1051 primo
349 1017 460 1052 quidem
474 1025 600 1045 sermone
617 1018 741 1046 invitavit.
761 1025 821 1045 eam
836 1017 870 1045 ad

91 1061 138 1088 hoc
149 1065 177 1088 ut
187 1066 365 1096 cognosceret
375 1061 559 1096 semetipsam.
570 1062 664 1090 dicens
675 1063 699 1090 ei
712 1063 785 1097 quod
799 1063 870 1090 bona

89 1107 189 1140 quidem
206 1111 280 1134 esset
301 1106 371 1134 inter
392 1107 531 1139 mulieres,
555 1107 602 1134 sed
626 1108 677 1135 nisi
693 1112 870 1143 cognosceret

90 1152 268 1187 semetipsam,
285 1157 360 1180 certa
377 1160 491 1187 quaeque
505 1157 652 1187 pateretur.
672 1153 705 1180 Et
718 1154 795 1188 quasi
809 1161 869 1188 qua:

90 1197 209 1224 velociter
223 1198 258 1225 ad
272 1197 439 1232 agnitionem
456 1198 498 1225 sui
517 1206 598 1226 sensu
615 1199 806 1233 intellectuque
819 1207 868 1226 ru-

89 1243 205 1276 currerit,
230 1247 374 1278 comparat
399 1251 459 1270 eam
486 1243 564 1278 equis
588 1244 647 1271 suis
664 1244 705 1271 vel
722 1244 867 1279 equitatui,

89 1288 178 1321 quibus
200 1289 350 1316 obtinuerit
372 1296 471 1316 currus
492 1289 651 1317 Pharaonis.
677 1289 765 1317 Simul
781 1294 807 1316 et
823 1297 868 1324 ge-

89 1341 132 1360 nas
146 1333 203 1368 ejus
220 1342 271 1369 pro
292 1334 393 1370 insigni
417 1334 580 1362 verecundia
600 1339 627 1362 et
653 1334 867 1362 conversationis

88 1380 238 1412 pernicitate
252 1381 408 1408 tnrturibus
423 1385 574 1415 comparat,
601 1381 789 1415 cervicemque
808 1380 867 1415 ejus

87 1430 305 1453 ornamentorum
328 1426 505 1454 redimicnlis.
531 1425 608 1454 Nunc
624 1430 714 1454 autem
732 1426 789 1461 jam
806 1433 866 1461 spe-

86 1471 180 1498 ciosam
192 1473 340 1506 profitetur
350 1480 422 1505 eam,
438 1476 465 1500 ct
479 1473 630 1507 speciosam
642 1480 696 1500 non
709 1472 780 1500 sicut
790 1472 866 1507 prius

87 1516 111 1543 in
123 1517 280 1545 mulieribus
299 1522 417 1552 tantum,
440 1518 487 1546 sed
500 1518 579 1554 quasi
596 1518 748 1554 proximam
764 1518 827 1551 sibi,
839 1523 867 1546 et

87 1561 169 1589 adhuc
190 1562 217 1589 in
235 1563 328 1597 majus
348 1563 456 1590 titulum
472 1563 560 1590 laudis
577 1563 691 1595 extollit,
712 1567 738 1590 ct
750 1563 866 1591 aflirmat
879 1562 900 1591 C

86 1606 152 1641 quod
164 1614 216 1635 non
231 1612 339 1635 tantum
354 1615 413 1635 cum
428 1608 552 1643 proxima
567 1612 608 1636 est
620 1608 656 1642 ei,
676 1608 800 1643 speciosa
819 1608 864 1641 sit,

85 1652 127 1679 sed
139 1653 194 1680 etsi
206 1653 353 1688 contingat
367 1653 391 1680 ei
410 1654 549 1681 absentem
565 1661 636 1686 esse,
652 1654 733 1681 etiam
747 1654 788 1682 sic
803 1662 864 1689 spe-

85 1697 152 1725 ciosa
167 1698 210 1726 sit.
227 1697 287 1726 Hoc
307 1698 380 1725 enim
404 1698 540 1726 iudicatur
563 1699 590 1725 in
607 1706 640 1726 eo
657 1699 729 1733 quod
745 1707 807 1726 cum
822 1699 864 1727 di-

86 1742 159 1769 xisset
174 1751 182 1770 :
199 1742 265 1770 Ecce
284 1750 314 1770 es
331 1743 459 1777 speciosa,
479 1743 602 1777 proxima
622 1751 690 1776 mea,
712 1742 786 1770 addit
805 1747 866 1778 post

87 1786 139 1814 hac
149 1787 284 1821 absolute,
300 1791 328 1815 et
340 1787 398 1815 sine
411 1787 466 1815 ulla
477 1787 653 1823 adjunctione
669 1798 676 1815 :
688 1787 755 1815 Ecce
769 1796 794 1815 es
808 1796 865 1823 spe-

87 1833 160 1860 ciosa.
181 1833 232 1861 Sed
255 1833 284 1860 in
309 1833 495 1868 superioribus
518 1840 572 1860 non
595 1833 752 1861 laudaverat
774 1834 863 1861 visum

87 1878 149 1914 ejus,
171 1879 252 1906 credo
279 1879 346 1914 quia
371 1879 493 1907 nondum
515 1879 549 1907 ad
570 1879 698 1906 intuitum
713 1879 865 1914 profecerat

87 1924 208 1957 spiritalis
234 1925 438 1960 intelligentiae;
463 1933 536 1953 nunc
559 1932 624 1960 ergo
639 1925 697 1952 ait:
722 1924 799 1952 Oculi
825 1926 864 1952 ιιιὶ

86 1969 213 1998 columbae.
227 1970 347 1997 Grandis
364 1970 391 1997 in
406 1970 460 1997 hoc
474 1970 611 2003 profectus
625 1970 685 2005 ejus
700 1970 863 2003 ostenditur,

86 2017 112 2040 ut
123 2022 178 2048 qua:
196 2015 271 2049 prius
288 2019 395 2042 tantum
412 2015 536 2049 speciosa
561 2015 588 2042 in
613 2015 774 2042 mulieribus
792 2015 863 2043 dicta

85 2064 130 2091 est,
144 2068 213 2087 nunc
226 2065 255 2087 ut
270 2060 397 2096 proxima
414 2060 538 2094 speciosa
555 2060 670 2094 dicatur,
685 2068 718 2088 ex
731 2061 791 2095 ipso
805 2061 864 2088 sine

85 2104 160 2133 dubio
179 2114 281 2141 sponso
308 2106 478 2141 splendorem
500 2106 606 2134 decoris
622 2107 758 2142 accipiens
780 2113 808 2134 ut
822 2114 864 2134 sc-

87 2151 133 2177 mel
147 2152 180 2179 ab
195 2152 255 2187 ipso
270 2155 382 2186 sumpta
398 2152 609 2187 pulchritudine,
635 2152 742 2179 etiamsi
759 2152 864 2180 accidat

85 2197 107 2223 ei
127 2198 262 2232 paululum
289 2197 385 2232 sponsi
409 2197 559 2225 absentiam
584 2197 658 2232 pati,
683 2197 862 2225 nihilominus

87 2226 190 2275 pulchra
205 2226 376 2278 permaneat.
396 2242 474 2276 Quod
489 2226 667 2270 autem-oculi
679 2242 739 2277 ejus
751 2250 863 2277 compa-
878 2226 903 2255 θ

89 2292 173 2315 rantur
188 2289 336 2322 columbis,
361 2290 396 2317 ob
418 2289 470 2317 hoc
493 2289 614 2324 profecto
635 2290 768 2325 contingit
799 2290 863 2324 quia

87 2332 181 2360 divinas
197 2333 356 2370 Scripturas
370 2342 423 2362 non
437 2334 493 2369 jam
507 2334 657 2362 secundum
672 2335 800 2368 litteram,
816 2335 863 2361 sed

87 2379 223 2406 secundum
239 2380 370 2415 spiritum
385 2380 527 2416 intelligat,
542 2384 569 2407 et
584 2379 698 2414 aspiciat
711 2379 738 2406 in
753 2380 793 2407 eis
808 2380 865 2415 spi-

88 2423 165 2451 ritalia
180 2425 322 2460 mysteria.
341 2425 473 2452 Columba
485 2425 557 2452 enim
570 2425 701 2452 indicium
716 2429 758 2453 est
774 2424 863 2460 Spiri-

87 2473 125 2496 tus
140 2471 232 2498 sancti.
249 2471 374 2506 Spiritali
390 2479 455 2506 ergo
468 2478 550 2500 sensu
572 2471 721 2506 intelligere
736 2471 822 2507 legem
837 2475 864 2499 et

87 2517 230 2550 prophetas,
248 2518 301 2545 hoc
324 2522 367 2544 est
385 2517 480 2544 oculos
494 2517 627 2545 cuiume
643 2517 751 2545 habere.
770 2517 803 2544 Et
820 2517 865 2545 hic

87 2560 184 2593 quidem
202 2564 338 2592 columbae
353 2564 423 2592 oculi
441 2564 501 2599 ejus
512 2564 692 2599 appellantur,
708 2563 735 2590 in
748 2561 864 2590 Psalmis

88 2611 143 2634 vero
166 2607 322 2642 hujusmodi
348 2610 439 2636 anima
462 2617 566 2644 pennas
580 2608 632 2635 sibi
653 2608 712 2635 dari
729 2607 863 2635 columbae

85 2648 220 2685 desiderat,
235 2659 266 2681 ut
285 2654 378 2681 volare
401 2654 487 2688 possit
510 2654 536 2680 in
561 2653 727 2681 intellectum
750 2653 862 2688 spirita-

88 2694 144 2722 lium
164 2699 369 2733 mysteriorum,
385 2704 411 2727 et
423 2699 592 2735 requiescere
614 2699 640 2725 in
662 2698 739 2726 atriis
755 2698 863 2733 sapien-

88 2737 134 2766 tiae.
147 2738 197 2768 Sed
209 2746 236 2770 et
248 2743 272 2770 si
286 2743 409 2770 dormire
421 2743 483 2778 quis
498 2743 595 2778 possit,
612 2743 662 2771 hoc
679 2748 719 2769 est
734 2741 862 2770 collocari

116 2795 137 2812 ”
148 2794 216 2825 Psil.
233 2807 329 2834 uvut,
345 2800 387 2828 l5.
426 2801 449 2817 "
463 2800 547 2828 Exod.
572 2808 621 2827 xu.
658 2799 682 2815 ’θ
695 2799 774 2827 loan.
792 2806 847 2831 xw,
863 2799 908 2827 26.

923 884 950 908 et
971 879 1144 915 requiescere
1165 879 1193 906 in
1207 878 1296 906 medio
1312 878 1438 911 sortium,
1459 883 1540 913 atque
1560 879 1709 914 intelligere

923 926 1040 954 sortium
1056 925 1201 957 rationem,
1215 929 1421 960 eLcognoscere
1438 923 1522 951 divini
1535 924 1630 958 judicii
1644 932 1710 952 cau-

921 978 978 1002 sas,
994 978 1049 998 non
1063 970 1150 998 solum
1164 976 1259 1004 pennae
1273 969 1407 997 columba:
1424 968 1524 1004 quibus
1536 969 1563 995 in
1579 969 1710 1004 spiritali-

921 1015 973 1043 bus
999 1015 1181 1043 intellectihus
1203 1015 1285 1048 volet,
1303 1013 1496 1049 promittuntur
1509 1013 1545 1046 ei,
1566 1014 1613 1041 sed
1630 1014 1711 1041 dear-

921 1065 1037 1097 gentatae
1054 1068 1149 1096 pennae
1161 1061 1195 1093 ",
1212 1061 1236 1088 id
1250 1064 1292 1088 est
1303 1059 1378 1086 verbi
1391 1063 1418 1086 et
1433 1059 1546 1087 rationis
1562 1067 1710 1088 ornamen—

921 1112 948 1135 to
962 1108 1113 1136 decoratas.
1127 1107 1251 1142 Scapula:
1274 1113 1384 1141 quoque
1407 1105 1468 1140 ejus
1491 1105 1517 1132 in
1540 1106 1630 1140 specie
1646 1105 1707 1133 auri

920 1153 978 1180 fieri
990 1153 1130 1186 dicuntur,
1145 1153 1190 1180 ubi
1203 1151 1358 1180 constantia
1371 1150 1431 1178 fidei
1445 1155 1471 1177 et
1484 1151 1639 1185 dogmatum
1651 1156 1708 1178 sta-

920 1199 1011 1227 bilitas
1037 1199 1174 1226 indicatur
1196 1197 1389 1233 perfectorum.
1416 1196 1487 1231 Ergo
1502 1197 1525 1224 si
1546 1201 1627 1232 caput
1647 1205 1707 1224 esse

918 1244 1044 1272 Christus
1067 1245 1177 1278 dicitur,
1202 1243 1271 1270 nihil
1293 1247 1358 1277 puto
1383 1242 1532 1269 absurdum
1561 1242 1658 1273 videri,
1682 1243 1705 1269 si

918 1290 990 1318 oculi
1013 1297 1108 1317 eorum
1136 1289 1183 1324 qui
1211 1288 1360 1316 secundum
1385 1287 1542 1315 interiorem
1568 1288 1706 1315 hominem

919 1336 1077 1371 spiritaliter
1107 1335 1279 1368 intelligunt,
1305 1338 1333 1361 et
1356 1333 1515 1368 spiritaliter
1537 1333 1705 1368 dijudicant,

919 1381 1038 1416 Spiritus
1055 1385 1167 1408 sanctus
1181 1387 1242 1408 esse
1263 1380 1399 1407 dicantur.
1419 1378 1452 1406 Et
1466 1379 1501 1406 ob
1514 1379 1566 1406 hoc
1581 1379 1706 1406 fortassis

917 1425 946 1453 in
967 1426 1026 1461 lege
1047 1426 1117 1453 sicut
1140 1433 1228 1461 agnus
1245 1425 1351 1460 positus
1363 1428 1414 1456 cst,
1429 1432 1477 1458 per
1490 1424 1569 1459 cujus
1588 1424 1704 1452 hostiam

917 1471 1035 1507 populus
1047 1471 1238 1506 purificaretur
1253 1471 1279 1498 in
1293 1470 1448 1504 Pascha";
1470 1470 1506 1497 ita
1526 1474 1553 1498 et
1572 1470 1705 1498 columbae

917 1516 1014 1551 posita:
1039 1519 1113 1549 sunt,
1142 1516 1242 1550 quibus
1270 1515 1430 1550 purificatur
1456 1514 1538 1542 homo
1565 1515 1704 1549 ingressus

917 1562 990 1589 hunc
1001 1562 1143 1589 mundum.
1162 1561 1215 1589 Sed
1228 1565 1255 1589 et
1266 1562 1299 1589 de
1311 1569 1344 1589 eo
1358 1568 1431 1588 nunc
1443 1560 1542 1592 dicere,
1564 1565 1592 1588 et
1602 1561 1705 1588 hostia-

916 1615 977 1634 rum
994 1607 1140 1642 qualitatcs
1153 1607 1300 1641 discutere,
1314 1607 1543 1643 longior.videtur
1560 1614 1702 1640 excessus,

916 1656 944 1679 et
955 1651 1097 1687 proposito
1123 1652 1197 1686 operi
1222 1651 1333 1679 minime
1344 1651 1520 1680 conveniens.
1537 1650 1599 1679 Haec
1612 1656 1704 1679 autem

916 1705 1086 1725 memorasse
1113 1697 1239 1731 sufﬁciat,
1261 1705 1310 1732 pro
1336 1705 1370 1725 co
1385 1697 1457 1732 quod
1480 1704 1600 1732 praesens
1613 1704 1705 1725 sermo

916 1743 1037 1770 continet
1058 1753 1064 1769 :
1089 1742 1166 1770 Oculi
1182 1744 1222 1770 tui
1240 1742 1376 1770 columbae.
1387 1742 1479 1775 VQua'si
1493 1742 1595 1769 diceret
1610 1751 1616 1770 :
1631 1742 1702 1770 oculi

916 1788 955 1816 tui
972 1788 1108 1823 spiritales
1124 1793 1197 1822 sunt,
1215 1788 1373 1823 spiritaliter
1391 1787 1524 1821 videntes,
1544 1787 1704 1821 spiritaliter

916 1833 1108 1868 intelligentes.
1121 1832 1215 1861 Potest
1226 1833 1315 1861 adhuc
1329 1832 1507 1868 profundiore
1521 1832 1648 1860 fortassis
1659 1841 1704 1860 sa-

915 1883 1056 1906 cramento
1082 1879 1155 1914 quod
1180 1879 1249 1906 dixit
1267 1887 1275 1906 :
1297 1878 1362 1906 Ecce
1381 1887 1407 1906 es
1427 1879 1556 1913 speciosa,
1581 1879 1704 1914 proxima

915 1932 984 1957 mea,
1003 1923 1116 1959 intelligi
1130 1924 1163 1952 de
1177 1925 1305 1959 praesenti
1314 1924 1414 1953 saeculo
1425 1924 1547 1958 dictum;
1563 1926 1627 1959 quia
1643 1933 1703 1959 spc-

915 1969 990 1997 ciosa
1013 1969 1122 2004 quidem
1146 1970 1181 1997 sit
1198 1974 1225 1997 et
1241 1969 1285 1997 hic
1299 1968 1431 2001 Ecclesia,
1445 1977 1507 1996 cum
1523 1971 1646 2004 proxima
1663 1975 1705 1998 est

915 2015 1035 2048 Christo,
1051 2019 1153 2042 etcum
1169 2015 1291 2042 imitatur
1309 2015 1459 2042 Christum.
1478 2016 1554 2048 Quod
1573 2024 1636 2043 vero
1652 2017 1703 2043 ite—

915 2060 995 2092 ravit,
1014 2064 1041 2088 et
1054 2060 1123 2087 dixit
1137 2069 1143 2088 :
1157 2059 1224 2088 Ecce
1239 2069 1265 2087 es
1283 2061 1412 2095 speciosa,
1428 2065 1521 2095 potest
1532 2061 1564 2088 ad
1579 2060 1701 2088 futurum

916 2106 1045 2134 saeculum
1068 2106 1214 2141 pertinere,
1236 2106 1281 2132 ubi
1296 2105 1353 2140 jam
1366 2114 1420 2133 non
1438 2107 1525 2134 solum
1541 2107 1701 2139 imitatione,

915 2152 963 2180 sed
987 2152 1046 2187 ipsa
1068 2152 1110 2179 sui
1133 2151 1299 2186 perfectione
1320 2152 1439 2181 formosa
1459 2159 1500 2180 est
1514 2157 1541 2180 et
1558 2153 1701 2187 speciosa;

917 2202 946 2225 ut
965 2198 1001 2226 ibi
1019 2198 1093 2225 dicat
1110 2206 1170 2226 esse
1189 2198 1284 2225 oculos
1299 2199 1358 2233 ejus
1373 2199 1514 2232 columbae,
1537 2203 1566 2226 ut
1584 2199 1701 2226 duorum

917 2244 1059 2272 oculorum
1071 2244 1204 2271 columba:
1217 2243 1278 2271 duae
1289 2244 1475 2278 intelligantur
1484 2252 1545 2272 esse
1558 2244 1642 2272 Filius
1654 2243 1702 2271 Dei

917 2293 945 2317 et
959 2288 1077 2323 Spiritus
1093 2293 1214 2316 sanctus.
1226 2288 1259 2316 Et
1272 2296 1305 2316 ne
1320 2289 1427 2317 mireris
1441 2290 1463 2316 si
1481 2290 1605 2317 columba
1621 2290 1702 2317 simul

916 2335 1032 2368 dicatur,
1056 2342 1118 2362 cum
1140 2339 1255 2369 uterque
1277 2335 1402 2362 similiter
1418 2335 1566 2364 advocatus
1581 2337 1699 2368 dicatur,

917 2380 988 2407 sicut
999 2378 1118 2407 Joannes
1127 2379 1293 2414 evangelista
1306 2379 1436 2414 declarat,
1451 2381 1580 2416 Spiritum
1592 2382 1700 2416 quidem

915 2429 1041 2452 sanctum
1058 2425 1153 2452 dicens
1166 2425 1347 2458 Paraclclnm,
1364 2426 1436 2460 quod
1451 2430 1493 2453 est
1506 2427 1656 2454 advocatus
1667 2427 1699 2454 ".

915 2469 947 2498 Et
959 2470 993 2497 de
1005 2469 1069 2498 Jesu
1081 2470 1191 2498 Christo
1215 2471 1393 2498 nihilominus
1405 2471 1431 2498 in
1443 2471 1561 2506 Epistola
1578 2480 1626 2499 sua
1638 2473 1703 2500 dicit

915 2517 980 2551 quia
994 2517 1051 2552 ipse
1071 2518 1106 2545 sit
1130 2512 1369 2552 advocatus'apud
1392 2517 1499 2544 Patrem
1516 2525 1566 2552 pro
1584 2519 1703 2552 peccatis

916 2563 1059 2590 nostris".
1080 2563 1132 2590 Sed
1155 2567 1183 2590 et
1201 2563 1271 2598 apud
1288 2562 1446 2589 Zachariam
1468 2563 1625 2598 prophetam
1645 2565 1705 2591 duae

915 2608 992 2635 olivae
1010 2608 1043 2635 ad
1060 2609 1197 2636 dexteram
1214 2613 1241 2635 et
1262 2609 1296 2635 ad
1315 2609 1453 2635 sinistram
1477 2609 1632 2636 cottdelabri
1656 2617 1704 2643 po-

915 2653 975 2680 sitae
985 2653 1018 2685 ’⁸,
1042 2653 1214 2689 Unigenitum
1242 2654 1418 2681 nihilominus
1441 2658 1468 2681 et
1489 2653 1619 2688 Spiritum
1640 2663 1701 2682 san.

916 2701 989 2727 ctum
1010 2699 1151 2733 designare
1166 2700 1323 2727 creduntur.

952 2742 1029 2770 Vers.
1051 2743 1091 2770 l6.
1116 2743 1183 2770 Ecce
1198 2752 1224 2769 es
1246 2743 1327 2770 bonus
1350 2743 1483 2777 fraternus
1506 2753 1587 2778 meus,
1605 2749 1630 2771 ct
1645 2745 1701 2780 qui"

955 2800 976 2815 ’⁷
993 2799 1002 2826 l
1017 2799 1096 2827 Joan.
1113 2808 1141 2832 II,
1158 2801 1180 2826 l.
1222 2799 1243 2815 ’³⁸
1262 2799 1345 2827 Zach.
1363 2807 1398 2832 tv,
1417 2801 1443 2828 5.

117 2853 168 2887 (60)
189 2855 253 2884 Mss.
275 2857 327 2885 hoc
349 2858 409 2886 loco
433 2863 459 2886 ct
479 2858 549 2885 infra
565 2857 710 2891 columbw;
728 2858 775 2886 ubi
786 2857 850 2886 edit.
869 2857 989 2885 habent:
1005 2857 1192 2884 columbarum.
