1839 3053
33 127 96 157 1701

592 123 921 153 COMHENTARIORUM
943 124 1075 153 SEltIES.

1583 134 1593 160 i
1601 134 1652 162 702

31 186 163 221 lampades
186 186 212 213 in
238 186 333 221 primis
350 186 460 222 quidem
476 193 620 218 accensas,
637 186 683 215 sed
699 187 732 214 ad
751 190 810 213 tan-
826 189 848 215 A
863 185 956 213 dentes
969 185 1099 220 quoniam
1113 192 1166 213 non
1183 190 1288 214 tantum
1308 188 1398 215 olrum
1409 209 1416 222 ,
1440 189 1466 217 id
1482 195 1524 218 est
1537 193 1649 222 verbum

29 237 83 260 tum
104 234 154 259 iter
177 231 285 259 obviam
307 232 425 259 exeundi
441 239 544 267 sponso
557 232 646 259 oleum
663 239 718 259 non
736 239 811 259 acce-

29 283 132 314 perunt.
144 277 247 305 Moram
260 282 348 305 autem
362 285 457 312 sponso
469 277 591 313 faciente,
601 277 811 305 dormitaverunt

29 333 113 352 omnes
136 324 266 359 virgines,
288 329 312 351 et
336 323 501 351 dormiebant
518 324 551 350 ".
566 323 606 351 Ita
627 332 729 359 sponso
753 328 811 352 tar-

27 372 105 399 dante
116 391 123 404 ,
147 376 174 397 ct
197 377 251 397 non
269 370 323 397 cito
345 369 470 397 veniente
486 369 575 397 Verbo
592 369 626 397 ad
639 377 812 397 consumma-

27 419 126 446 tionem
140 417 202 444 vitae
226 424 340 448 eorum,
364 416 429 444 hine
451 415 592 451 patiuntur
607 416 709 452 aliquid
731 416 811 452 quasi

26 471 138 495 sensus,
156 467 182 490 et
199 462 278 497 quasi
296 462 321 489 in
339 466 417 489 nocte
432 462 525 490 mundi
541 468 650 498 agentes
669 466 695 490 et
708 462 812 490 dormi-

27 513 123 535 tantes.
140 508 312 535 Dormierunt
326 507 434 542 quidem
444 528 451 539 ,
468 511 562 542 utpula
573 527 580 540 ,
594 507 736 535 remissius
749 515 811 542 ege-

26 558 87 580 runt
105 561 119 580 a
136 560 218 580 sensu
235 552 310 580 vitali
328 560 335 578 :
353 560 408 579 non
424 556 514 579 tamen
537 556 565 579 et
586 552 724 587 lampades
748 559 811 587 per-

25 598 168 630 diderunt,
197 604 285 631 neque
306 597 519 631 desperaverunt
543 596 576 624 de
603 597 811 625 conservatione

25 645 73 672 olei
93 644 146 671 illas
160 645 316 679 prudentes.

57 690 101 717 66.
124 690 214 718 Media
238 695 324 717 autem
347 695 422 717 nocte
441 690 542 718 clamor
561 690 647 725 factus
672 695 729 723 est,
753 698 811 718 ecce

23 744 132 770 sponsus
146 737 214 763 venit
224 757 231 768 ,
243 737 376 771 exsurgite
387 737 488 764 obviam
503 737 537 764 ei.
553 736 626 764 Tunc
641 740 811 764 surrexerunt

23 783 134 817 virgines
149 782 204 809 illa:
218 791 321 816 omnes,
333 789 357 810 et
372 787 572 818 composuerunt
586 783 720 818 lampades
736 791 808 810 suas.

24 829 120 858 Fatuae
138 834 225 856 autem
249 830 421 864 prudentibus
445 829 590 856 dixerunt:
602 829 669 856 Date
686 829 759 856 nobis
779 829 811 855 de

22 875 75 901 oleo
98 880 200 908 vestra,
224 876 286 910 quia
311 875 446 910 lampades
469 880 566 902 nostra:
596 875 808 910 exstinguuntur.

21 920 219 955 Responderunt
239 925 326 947 autem
350 921 503 955 prudentes,
522 920 635 947 dicentes
651 928 661 947 :
677 920 719 947 Nc
744 920 811 955 forte

21 975 68 993 non
81 967 195 1002 sufﬁciat
209 967 282 994 nobis
293 987 300 1000 ,
315 971 339 994 et
354 967 425 993 vobis
435 987 442 999 ,
460 967 494 993 ite
509 967 596 1002 potius
610 967 644 993 ad
660 967 808 999 uendentes,

20 1016 41 1038 et
62 1013 143 1038 emite
164 1011 246 1039 vobis.
269 1011 433 1040 Abeuntibus
447 1017 533 1039 autent
550 1012 606 1039 illis
623 1021 725 1046 emere,
741 1013 810 1039 venit

22 1064 143 1090 :pousus,
156 1061 181 1083 et
196 1064 255 1092 quae
265 1062 369 1091 parate
381 1061 466 1090 erant,
481 1058 644 1084 intraverunt
656 1065 716 1084 cum
727 1065 757 1084 eo
774 1057 809 1084 ad

20 1103 144 1137 nuptias,
165 1107 189 1129 et
200 1103 291 1130 clausa
306 1108 345 1130 est
355 1103 453 1138 janua.
468 1102 616 1130 Novissime
632 1108 721 1130 autem
735 1111 808 1131 vene-

20 1155 76 1176 runt
91 1154 117 1176 et
131 1150 238 1185 reliquie
250 1150 362 1184 virgines
378 1149 492 1176 dicentes
506 1158 516 1176 :
530 1149 642 1177 Domine
652 1170 660 1182 ,
684 1149 808 1184 Domine,

20 1195 90 1230 aperi
112 1195 198 1223 nobis.
223 1198 256 1222 At
277 1195 321 1222 ille
339 1196 495 1231 respondens
511 1197 572 1223 ait:
588 1196 670 1223 Amen
690 1196 749 1223 dico
765 1205 810 1224 vo—

20 1241 65 1274 bis,
84 1242 174 1268 nescio
188 1242 272 1269 vos”.
288 1241 375 1269 Media
390 1246 481 1269 autem
497 1247 586 1275 nocte,
602 1242 629 1269 id
643 1247 685 1270 est
699 1242 727 1269 in
745 1243 808 1270 alti—

20 1288 110 1315 tudine
125 1288 305 1320 remissionis,
323 1292 350 1315 et
365 1289 391 1315 in
408 1288 499 1316 medio
512 1292 636 1323 tempore
648 1289 705 1323 jam
719 1293 808 1317 trans-

20 1335 67 1361 acti
90 1334 207 1361 luminis
222 1334 384 1369 vespertini,
407 1338 435 1362 et
461 1335 552 1362 adhuc
574 1335 676 1369 sperati
698 1335 806 1368 diurni,

20 1379 104 1407 “actus
120 1384 162 1407 est
176 1380 279 1408 clamor
295 1388 390 1408 omnes
409 1381 541 1408 suscitare
553 1381 701 1409 volentium
712 1401 719 1414 ,
736 1383 808 1410 sicut

20 1425 161 1457 existimo,
175 1426 332 1460 angelorum
343 1447 350 1458 ,
369 1425 416 1461 qui
434 1434 523 1454 omnes
540 1431 602 1454 sunt
620 1427 808 1455 ministratorii

20 1471 126 1505 :piritus
138 1491 145 1505 ,
161 1472 205 1506 qui
217 1472 358 1498 mittuntur
372 1471 407 1498 ad
425 1471 602 1499 ministerium
621 1478 727 1507 propter
742 1481 806 1508 pos-

20 1526 134 1545 ressuras
157 1518 311 1550 salutem“,
335 1519 382 1554 qui
397 1524 424 1546 et
441 1519 550 1547 solliciti
567 1519 678 1548 fuerunt
692 1528 741 1549 eos
759 1521 806 1556 qui

20 1568 75 1591 tunl.
91 1564 254 1598 sensibilcs,
278 1565 398 1592 excitare
423 1565 450 1592 in
468 1565 575 1592 obviam
592 1573 710 1601 sponso,
725 1572 752 1595 et
767 1567 809 1595 di-

20 1614 76 1636 :unt
103 1609 182 1636 intus
206 1609 356 1638 clamantes
385 1610 413 1637 in
442 1611 569 1639 sensibus
594 1613 719 1639 omnium
744 1613 809 1640 dor-

20 1655 158 1682 nientium
172 1664 179 1682 :
193 1654 260 1683 Ecce
281 1664 391 1688 sponsus
407 1657 494 1691 venit,
522 1657 622 1692 surgite
645 1658 748 1685 obviam
772 1658 806 1685 ei.

20 1701 43 1727 Et
65 1700 272 1736 suggestionem
300 1701 410 1736 quidem
431 1707 558 1737 oportere
582 1703 609 1730 in
634 1703 742 1731 obviam
768 1703 808 1732 ire

21 1754 116 1782 ponso
148 1746 252 1780 Verbo,
278 1751 306 1775 et
336 1746 465 1775 Ecclesiae
490 1748 687 1783 immaculata,
711 1757 808 1778 omnes

25 1793 122 1829 uidem
159 1792 305 1819 audierunt
337 1797 365 1820 et
400 1798 608 1821 surrexerunt:
635 1802 690 1823 non
715 1800 805 1824 autem

22 1844 106 1864 mnes
124 1836 265 1864 decentem
283 1838 474 1873 imposuerunt
493 1838 666 1874 lampadibus
685 1840 744 1868 suis
762 1847 807 1868 or-

23 1887 104 1910 atum
117 1902 125 1914 ,
144 1883 190 1910 scd
207 1890 269 1917 qua
292 1884 438 1911 audierunt
453 1884 625 1919 prudentiam
640 1892 689 1913 eas
704 1893 806 1914 ornan-

20 1937 71 1956 3m.
96 1928 140 1956 lta
162 1936 217 1956 non
233 1929 261 1956 in
275 1933 398 1965 tempore
415 1936 568 1965 opportuno
583 1930 663 1958 fatuae
678 1931 806 1959 dixerunt

20 1974 193 2002 rudentibus
211 1981 218 2000 :
238 1973 306 2001 Date
326 1974 399 2002 nobis
423 1975 456 2002 de
473 1975 529 2003 oleo
551 1980 646 2008 vestro.
663 1977 743 2012 quasi
759 1977 805 2012 qui

20 2027 58 2046 on
79 2019 138 2047 sibi
165 2025 399 2055 congregaverant
421 2026 485 2048 ante
505 2021 696 2056 prudentiam,
714 2026 745 2049 ut
764 2022 806 2049 in-

20 2065 134 2099 :Iligant
158 2064 289 2099 quoniam
313 2072 368 2092 non
393 2064 515 2092 omnium
534 2065 692 2093 habentium
714 2066 803 2093 oleum

20 2116 41 2139 st
59 2111 153 2139 etiam
169 2110 234 2138 dare
251 2118 284 2139 ex
310 2118 344 2139 eo
361 2111 515 2139 volentibus
537 2112 615 2146 aliis,
642 2112 689 2140 sed
708 2119 804 2140 eorum

20 2158 203 2186 mtummodo
226 2158 272 2193 qui
297 2158 330 2186 ad
350 2158 401 2187 hoc
420 2159 508 2195 ipsum
535 2160 614 2195 positi
635 2165 699 2188 sunt
715 2164 744 2187 ut
759 2167 804 2188 ve-

862 230 1008 264 doctrinae,
1024 237 1272 267 congregaverant,
1291 238 1320 261 ut
1337 235 1472 263 sufﬁceret
1485 241 1512 264 et
1531 238 1597 272 ipsis
1616 241 1649 268 ad

863 277 947 305 vitam
960 281 987 306 et
1001 277 1061 306 illas
1072 278 1202 306 docerent
1218 287 1318 307 ornare
1338 280 1476 316 lampades
1489 290 1563 311 suas.
1582 284 1615 312 Et
1630 287 1651 313 si

863 324 1080 351 consideraveris
1091 324 1209 359 aliquem
1223 325 1383 360 aliquando,
1393 327 1465 362 quod
1478 331 1654 365 congregavit

862 369 971 403 quidem
987 369 1138 396 doctrinam
1153 371 1227 398 verbi
1244 371 1316 405 quod
1334 372 1385 399 sibi
1403 373 1519 401 sul‘liciat
1533 376 1566 402 ad
1584 376 1653 405 bene

863 414 1007 442 vivendum
1020 434 1028 446 ,
1043 423 1096 442 non
1114 420 1204 443 tamen
1222 420 1251 443 ut
1264 416 1345 444 etiam
1361 417 1456 446 doctor
1477 420 1533 447 lleri
1547 421 1651 456 possit,

861 460 966 488 videbis
983 460 1055 488 hunc
1074 461 1154 488 talem
1175 462 1384 497 respondentem
1400 465 1556 494 volentibus
1569 467 1605 494 ab
1619 476 1653 495 eo

862 505 967 533 discere
983 514 1044 541 quae
1065 511 1130 534 sunt
1149 507 1193 535 Dei
1206 527 1213 540 ,
1238 512 1264 535 et
1285 508 1440 538 dicentem:
1456 510 1498 538 Ne
1513 512 1581 547 forte
1599 522 1651 542 non

861 553 973 588 sufficiat
996 553 1071 580 nobis
1089 559 1114 580 et
1130 554 1212 584 vobis.
1238 554 1408 583 Suﬂicienter
1429 558 1502 585 enim
1523 559 1589 588 mihi
1616 562 1650 589 ad

862 600 930 627 bene
944 600 1089 627 vivendum
1104 601 1190 628 habeo
1203 601 1356 629 doctrinam
1367 623 1374 635 ,
1399 611 1453 631 non
1469 611 1558 633 tamen
1579 611 1609 634 ut
1624 611 1652 635 et

861 646 938 673 vobis
956 646 1059 681 possim
1082 647 1290 675 accommodare
1307 648 1472 678 doctrinam.
1489 650 1521 678 Et
1537 659 1651 687 respon-

861 691 964 719 debunt
977 691 1131 719 volentibus
1142 699 1157 719 a
1176 700 1206 719 se
1219 692 1329 720 'discerc
1341 702 1349 720 z
1364 693 1378 720 1
1382 699 1405 721 te
1416 696 1498 730 magis
1514 696 1548 723 ad
1559 697 1651 725 vendio

862 741 929 763 tores
939 755 948 768 ,
969 742 993 763 et
1016 737 1093 764 emite
1108 737 1180 764 vobis
1190 757 1198 770 ,
1213 738 1239 765 id
1255 743 1297 766 est
1308 739 1344 766 ad
1358 740 1484 768 doctores
1495 762 1503 774 ,
1519 746 1546 770 et
1558 743 1592 770 ab
1608 744 1648 772 eis

861 782 987 817 accipite.
1002 781 1035 809 Et
1049 782 1131 810 fatua:
1149 791 1204 811 non
1225 785 1335 819 quando
1347 786 1488 821 oportebat
1501 793 1597 816 euntes
1613 790 1647 817 ad

861 828 1012 856 doctrinam
1041 829 1093 856 sibi
1118 830 1278 863 cmendam,
1302 831 1420 866 perdunt
1440 837 1547 869 tempus
1563 834 1649 863 intro-

861 873 943 901 eundi
960 881 1022 901 cum
1035 881 1138 908 sponso
1151 875 1185 902 ad
1200 876 1320 911 nuptias.
1334 875 1367 904 Et
1382 883 1423 905 est
1434 878 1525 906 videre
1539 887 1587 907 eos
1601 881 1649 915 qui

860 919 923 946 talia
947 921 1105 954 patiuntur,
1135 921 1182 953 qui
1215 922 1325 955 quando
1351 923 1509 951 debuerunt
1538 926 1648 960 quidem

860 965 982 998 discere,
1000 965 1176 1000 neglexerunt
1196 967 1302 994 discere
1327 967 1430 1002 aliquid
1449 970 1513 997 utile
1527 978 1560 998 ex
1576 971 1616 999 eis
1633 981 1649 999 ει

859 1011 960 1046 quibus
974 1011 1080 1039 discere
1094 1011 1259 1040 debuerunt.
1276 1012 1304 1040 In
1319 1013 1378 1048 ipso
1393 1019 1483 1042 autem
1496 1016 1570 1044 exitu
1588 1018 1649 1045 vita:

860 1064 917 1084 suae
939 1057 1003 1084 dum
1026 1058 1175 1093 disponunt
1194 1059 1316 1092 discere,
1345 1063 1614 1096 comprehenduntur
1632 1073 1648 1092 a

860 1107 947 1130 morte
960 1122 967 1135 ,
985 1107 1012 1130 et
1027 1108 1171 1138 propterea
1195 1112 1250 1132 non
1271 1105 1461 1141 ingrediuntur
1475 1115 1536 1135 cum
1559 1108 1650 1137 Verbo

859 1149 892 1176 ad
909 1156 1038 1183 sponsam
1053 1149 1216 1184 Ecclesium,
1231 1158 1281 1178 nec
1292 1159 1352 1179 cum
1364 1151 1475 1180 Christo
1490 1153 1523 1180 ad
1536 1161 1582 1182 eos
1600 1155 1648 1190 qui

859 1194 941 1222 simul
965 1195 992 1222 in
1016 1196 1111 1230 requie
1128 1201 1192 1224 sunt
1210 1196 1293 1223 futuri
1317 1201 1343 1224 et
1366 1198 1393 1224 in
1418 1198 1584 1227 beatitudine
1603 1209 1648 1228 rc-

862 1240 980 1275 gnaturi.
996 1239 1141 1267 Clauditur
1155 1245 1245 1268 autem
1268 1247 1361 1276 postea
1381 1243 1482 1271 ostium
1503 1245 1592 1273 adhuc
1609 1245 1649 1273 ia-

859 1284 913 1312 tuis
932 1285 1084 1320 virginibus
1096 1285 1186 1313 oleum
1202 1287 1356 1320 accepturis
1373 1295 1433 1322 qua:
1448 1293 1475 1315 et
1489 1289 1548 1316 sine
1562 1297 1648 1318 causa

858 1334 953 1365 postea
978 1330 1087 1357 venient
1108 1330 1252 1359 dicentes:
1269 1331 1395 1365 Domine,
1422 1334 1549 1368 Domine,
1573 1336 1648 1371 aperi

859 1375 943 1402 nobis.
972 1376 1067 1410 Itaque
1091 1376 1261 1411 respondens
1286 1385 1404 1412 sponsus
1427 1379 1518 1407 dicit:
1548 1380 1647 1409 Nescio

857 1429 913 1449 vos.
929 1420 1022 1456 itaque
1035 1421 1164 1457 quoniam
1187 1423 1316 1457 parabola
1331 1424 1459 1452 omnibus
1473 1426 1648 1456 audientibus

857 1467 1015 1501 dicebatur,
1037 1468 1178 1503 subjungit
1203 1469 1237 1496 ad
1261 1470 1410 1505 discipulos
1425 1478 1508 1505 suos,
1525 1473 1619 1502 dicens
1635 1482 1644 1502 :

820 1527 841 1557 α
863 1511 976 1548 Vigilate
988 1521 1059 1548 ergo,
1076 1513 1137 1547 quia
1151 1514 1256 1540 nescitis
1266 1514 1336 1541 diem
1352 1520 1376 1542 et
1391 1515 1484 1543 horam
1492 1517 1525 1545 ".
1540 1518 1648 1546 Ornan-

858 1563 899 1587 tes
923 1564 1013 1586 autem
1035 1560 1174 1594 lampades
1201 1567 1332 1588 sensuum
1360 1563 1525 1597 evangelicis
1550 1565 1646 1594 usibus

857 1609 939 1640 atque
956 1605 1056 1638 rectis,
1072 1609 1101 1631 ut
1116 1605 1138 1632 si
1155 1605 1265 1639 quidem
1287 1605 1431 1634 oculorum
1455 1614 1647 1637 ornamentum

857 1654 947 1677 rectus
963 1658 1030 1677 usus
1047 1650 1156 1677 videndi
1170 1670 1178 1684 ,
1196 1655 1226 1677 ut
1243 1651 1315 1678 oculi
1334 1652 1444 1681 videant
1466 1655 1575 1690 quidem
1597 1656 1650 1683 ad-

857 1696 1013 1723 mirandum
1037 1695 1187 1730 factorem,
1213 1697 1376 1726 claudantur
1396 1704 1486 1727 autem
1505 1705 1585 1729 utne
1605 1703 1647 1729 vi—

857 1743 938 1770 deant
951 1743 1134 1778 iniquitatem.
1148 1742 1264 1771 Auditus
1282 1749 1371 1772 autem
1386 1750 1428 1773 est
1442 1751 1646 1780 ornamentum,

856 1790 966 1824 quando
987 1789 1049 1825 quis
1073 1791 1240 1819 auditionem
1262 1799 1316 1819 non
1333 1792 1448 1826 suscipit
1463 1800 1579 1825 vanam,
1598 1793 1646 1820 sed

856 1834 973 1862 obdurat
989 1843 1070 1862 aures
1092 1843 1158 1863 suas
1176 1840 1205 1863 ut
1227 1845 1281 1863 non
1302 1837 1415 1864 audiant
1435 1837 1568 1872 judicium
1583 1845 1647 1865 san-

858 1881 966 1915 guinis;
991 1881 1067 1908 audit
1088 1887 1179 1909 autem
1210 1881 1303 1910 Jesum
1318 1882 1451 1910 dicentem
1472 1883 1505 1926 ad
1521 1890 1551 1911 se
1567 1890 1574 1909 :
1591 1884 1648 1910 ΑΙ.

856 1926 958 1960 aperire
967 1926 1001 1959 ⁵⁸,
1014 1932 1044 1954 ιιι
1058 1931 1162 1954 tantum
1177 1928 1210 1954 ad
1220 1928 1302 1955 verba
1318 1928 1446 1956 salutaria
1455 1934 1481 1957 et
1492 1929 1645 1957 necessaria

855 1973 1037 2006 praebeantur.
1064 1971 1110 2000 Sic
1129 1979 1156 2001 et
1174 1973 1208 2000 de
1224 1978 1386 2002 ornamento
1411 1980 1508 2010 gustus
1523 1976 1586 2010 quis
1604 1976 1645 2003 di-

855 2025 916 2045 cere
937 2022 1043 2052 potest,
1066 2023 1093 2046 et
1115 2018 1149 2046 de
1166 2019 1334 2048 odorationis
1349 2024 1376 2048 et
1402 2021 1585 2055 palpationis,
1601 2029 1646 2048 se-

855 2064 975 2091 cundum
1000 2072 1031 2092 ea
1056 2073 1118 2101 quae
1141 2065 1214 2094 dicta
1238 2070 1312 2093 sunt.
1337 2066 1471 2099 Quoniam
1502 2067 1549 2102 qui
1575 2067 1646 2094 male

854 2115 971 2138 utuntur
986 2112 1113 2139 sensibus
1126 2112 1195 2145 suis,
1211 2119 1306 2139 eorum
1322 2112 1427 2139 nullum
1444 2117 1487 2140 est
1499 2121 1647 2141 ornamen-

855 2161 912 2185 tum
931 2162 978 2186 aut
994 2158 1021 2185 in
1035 2159 1123 2186 oculis
1134 2178 1142 2192 ,
1167 2163 1214 2186 aut
1229 2158 1256 2185 in
1271 2160 1403 2192 auribus,
1424 2164 1471 2187 aut
1487 2159 1514 2187 in
1531 2160 1645 2196 reliquis

20 2205 153 2235 undent,
179 2208 205 2231 et
226 2204 368 2237 tribuant,
393 2209 421 2233 et
446 2205 580 2241 accipiant
606 2206 724 2241 pretium
749 2206 800 2233 olei
819 2201 840 2229 D
855 2205 991 2232 sensibus.
1016 2205 1222 2233 Observandum
1237 2211 1280 2234 est
1301 2211 1409 2239 autem,
1427 2207 1558 2242 quoniam
1577 2207 1645 2235 scri-

20 2254 84 2289 82
107 2253 277 2285 venundati.
297 2253 377 2288 cujus
398 2254 516 2289 pretium
533 2258 575 2281 est
589 2255 800 2289 perseverantia,

37 2298 199 2332 instantia,
215 2303 242 2326 et
254 2306 333 2326 amor
347 2299 488 2333 discendi,
503 2303 530 2327 et
546 2299 684 2334 diligentia
694 2320 701 2333 ,
716 2304 744 2328 et
759 2301 800 2327 la-

20 2355 46 2374 )r
68 2345 248 2380 cupientium
267 2345 381 2373 discere.
402 2345 469 2373 Date
495 2346 568 2372 nobis
585 2346 617 2372 de
631 2348 688 2373 oleo
705 2351 799 2379 vestro,

20 2392 136 2420 naniam
158 2390 294 2426 lampades
318 2395 416 2418 nostrae
428 2391 642 2426 exstinguuntur.
664 2391 731 2419 Nam
749 2392 801 2420 etsi

22 2444 82 2466 tua:
108 2441 211 2469 erant.
235 2441 325 2465 tamen
359 2437 410 2465 hoc
436 2437 639 2473 intelligebant,
669 2438 799 2473 quoniam

20 2491 58 2510 Im
88 2480 202 2508 lumine
222 2481 355 2508 debebant
375 2482 483 2510 obviam
505 2483 545 2510 ire
565 2490 682 2518 sponso,
703 2491 801 2511 omnes

20 2527 151 2563 mpades
173 2533 303 2554 sensuum
320 2527 487 2556 illuminatas
507 2528 648 2556 habentes.
666 2527 801 2556 Videbant

20 2579 91 2601 Item
110 2575 144 2600 et
158 2571 243 2605 illud,
265 2572 394 2608 quoniam
409 2580 443 2601 ex
461 2581 494 2601 eo
507 2574 579 2609 quod
605 2574 696 2602 minus
718 2573 800 2602 habe-

20 2625 61 2648 mt
90 2619 190 2647 oleum
214 2619 348 2647 rationale
368 2620 425 2655 jam
451 2620 698 2656 propinquantibus
722 2626 798 2648 tene-

20 2668 63 2699 ‘is,
81 2665 231 2700 lampades
246 2674 340 2694 earum
357 2666 464 2694 fuerant
477 2667 668 2694 obscurandae.
685 2665 738 2694 Sed
752 2659 798 2694 sa;

20 2719 109 2742 entes
133 2712 323 2741 transmittunt
340 2712 430 2741 fatuas
445 2714 478 2741 ad
495 2713 547 2741 olei
564 2713 718 2741 venditores
729 2732 737 2746 ,
754 2713 797 2740 vi-

854 2257 930 2287 ptum
944 2256 986 2280 est
999 2253 1110 2288 quidem
1123 2253 1212 2281 fatuas
1225 2253 1401 2282 transmissus
1414 2254 1447 2281 ad
1463 2254 1554 2282 oleum
1568 2261 1644 2281 com-

854 2298 1016 2332 parandum,
1040 2306 1095 2326 non
1111 2303 1201 2326 tamen
1216 2299 1372 2327 referuntur
1386 2300 1485 2328 emisse
1501 2305 1549 2327 aut
1565 2307 1644 2328 πορθ

854 2342 927 2377 pisse
949 2352 956 2370 :
982 2343 1030 2371 sed
1056 2344 1109 2371 hoc
1135 2344 1162 2371 in
1189 2344 1298 2372 silentio
1324 2345 1525 2380 praetermisso,
1547 2350 1642 2380 postea

853 2389 967 2421 dictum,
977 2389 1106 2424 quoniam
1120 2393 1183 2424 post
1193 2390 1246 2417 hoc
1255 2390 1359 2417 veniunt
1372 2394 1397 2416 et
1410 2389 1517 2424 reliquae
1529 2391 1642 2425 uirgines

853 2435 968 2462 dicentes
982 2443 991 2462 :
1005 2434 1117 2462 Domine
1127 2455 1135 2468 ,
1157 2435 1268 2463 Domine
1278 2456 1285 2469 ,
1303 2436 1376 2470 aperi
1401 2435 1484 2462 nobis.
1506 2435 1574 2462 Cum
1590 2443 1641 2471 po-

853 2481 949 2508 tuisset
970 2480 1063 2508 dicere
1083 2489 1090 2507 :
1112 2480 1209 2509 l’ostea
1229 2485 1360 2509 venerunt
1383 2485 1495 2515 accepto
1516 2480 1576 2508 oleo
1600 2481 1642 2508 vel

852 2531 1011 2562 comparato
1023 2548 1030 2560 ,
1053 2528 1247 2555 convenienter
1260 2527 1352 2558 siluit,
1370 2531 1400 2554 ut
1419 2534 1453 2554 nc
1478 2526 1642 2554 habentibus

853 2572 960 2607 oleum,
978 2573 1019 2601 vel
1038 2573 1065 2600 in
1083 2577 1207 2602 extremo
1226 2572 1390 2601 ornantibus
1411 2573 1551 2607 lampades
1576 2580 1642 2600 suas

852 2619 954 2646 diceret
970 2626 977 2645 :
1000 2618 1097 2646 Nescio
1112 2620 1157 2655 qui
1173 2620 1247 2647 estis.
1268 2618 1323 2647 Nec
1336 2619 1408 2646 enim
1424 2619 1553 2646 scribitur
1575 2619 1640 2654 quia

852 2672 981 2694 ornantes
1012 2666 1151 2700 lampades
1175 2674 1241 2694 suas
1269 2670 1413 2694 venerunt.
1447 2664 1550 2692 Tamen
1578 2665 1641 2692 ﬁnis

852 2711 926 2739 verbi
946 2716 987 2740 est
1014 2711 1082 2745 iste,
1107 2715 1138 2739 ut
1163 2712 1190 2739 in
1211 2711 1284 2739 omni
1309 2717 1430 2747 tempore
1456 2718 1642 2747 pra‘parcmus

25 2853 52 2868 "
71 2847 177 2876 Matth.
197 2854 259 2879 xxv,
280 2846 306 2874 5.
345 2846 368 2863 "
379 2847 443 2875 ibid.
460 2847 476 2875 ϐ
491 2852 517 2876 et
533 2854 609 2882 seqq.
648 2846 670 2863 ⁸⁸
689 2846 770 2874 liebr.
789 2855 812 2879 ι,
831 2847 873 2874 Η.
911 2848 934 2864 ⁸⁸
948 2846 1041 2874 Matth.
1059 2855 1129 2880 xxv,
1145 2847 1190 2874 15.
1228 2848 1250 2863 ³⁸
1270 2847 1354 2875 Marc.
1370 2855 1417 2879 vn,
1434 2847 1478 2874 '55.
