1839 3053
201 102 212 129 Ι
218 101 270 129 ’ταις

783 97 944 126 οιιιαΕΝιδ
962 97 990 125 ΙΝ

1047 97 1222 128 ΑΤΤΗᾹΕΙΙΜ
1765 96 1806 123 IN

199 165 249 185 nos
264 157 302 186 ad
315 157 437 190 exitum,
458 162 489 185 ut
509 165 564 185 non
579 157 676 184 demus
691 163 818 184 somnum
837 156 925 184 oculis
941 164 988 184 no-
1003 159 1025 188 Α
1041 157 1173 192 scriptum
1190 156 1260 192 apud
1275 155 1408 184 Joannem
1431 163 1438 181 :
1459 154 1559 183 Omnis
1575 154 1690 189 spiritus
1706 154 1745 188 qui
1756 154 1807 181 tatu:

200 209 275 234 stris.
292 209 378 236 neque
387 202 524 237 palpebris
535 200 637 229 nostris
651 200 873 227 dormitationcm
882 200 916 233 ⁸⁷,
925 200 988 234 quia

199 249 339 276 nescimus
357 248 428 276 diem
445 253 472 275 et
487 248 581 275 horam
595 247 685 274 exitus
700 246 798 273 nostri.

235 295 280 322 65.
313 293 400 321 Homo
428 295 536 330 quidam
560 301 664 327 peregre
691 293 860 327 proﬁciscens
891 291 990 319 vocavit

200 350 288 370 servo;
308 349 381 373 suos,
401 346 425 368 et
444 341 555 367 tradidit
575 341 613 367 eis
632 340 699 366 bona
715 347 781 370 sua,
798 343 823 366 et
842 339 945 373 reliqua
957 338 989 363 ⁸³.

203 388 235 416 Ει
258 389 377 424 primum
402 388 512 422 quidem
536 386 678 414 videamus
703 395 788 421 quare
808 385 990 421 peregrinanti

204 434 306 462 homini
333 432 503 460 assimilatur
527 431 660 459 Dominus
675 437 781 465 noster,
800 431 847 466 qui
867 439 938 458 unus
951 435 993 457 est

203 479 334 507 Dominus
347 484 452 509 noster,
468 478 501 505 de
513 485 568 513 quo
581 478 618 505 ait
631 478 780 512 Apostolus
790 477 812 492 ⁸⁸
826 485 832 503 ;
850 476 933 503 Nobis
947 484 994 502 au-

172 542 175 545 -
204 531 254 552 tem
272 533 339 552 unus
360 524 488 551 Dominus
500 524 577 551 Jesus
594 523 726 555 Christus,
743 531 789 558 per
800 531 876 558 quem
892 522 992 554 omnia,

203 575 227 597 et
244 578 291 596 nos
306 578 351 604 per
367 570 452 604 ipsum
465 589 473 603 ,
495 570 517 597 si
532 573 622 597 tamen
639 569 673 596 ab
693 576 725 596 eo
739 568 928 595 tantummodo
944 567 994 594 άυα

203 616 356 648 minentur,
382 620 409 643 et
434 623 524 650 neque
550 622 707 642 mammona
728 615 869 642 dominum
893 614 994 641 habea-

204 669 285 694 mus,
312 669 400 696 neqtte
437 662 556 695 aliquem
582 661 756 688 dominorum
781 667 897 691 eorum,
924 667 993 694 quos

205 709 305 735 multos
321 715 381 736 esse
397 708 556 742 signiﬁcans
572 707 630 742 ipse
641 706 800 741 Apostolus,
813 706 908 733 dicit"
918 713 924 731 :
936 704 994 732 Sic-

203 759 232 781 ut
256 755 324 781 enim
342 759 404 781 sunt
417 754 456 781 dii
472 754 567 787 multi,
587 758 612 780 et
633 753 733 780 domini
750 752 838 779 multi.
855 751 925 786 Ergo
940 751 995 785 pri-

205 808 279 828 mum
303 808 457 834 quzeramus
471 801 504 827 de
518 799 736 834 peregrinatione
760 799 857 834 ipsius,
877 798 995 825 maxime

204 847 268 881 quia
294 846 506 881 peregrinationi
531 845 591 880 ejus
613 845 720 872 videtur
742 851 804 871 esse
826 843 994 871 contrarium
1011 839 1031 866 Β

205 892 277 927 quod
294 893 352 927 ipse
365 892 399 920 de
414 900 444 920 se
461 891 605 926 discipulis
620 891 679 918 suis
695 890 838 925 promittit,
851 889 945 920 dicens
956 889 993 915 °':

209 939 259 966 Ubi
280 940 380 973 fuerint
399 938 452 965 duo
468 938 506 965 vel
521 942 572 964 tres
595 936 746 972 congregati
761 937 788 963 in
807 936 911 962 nomine
928 942 995 966 mea,

208 986 244 1013 ibi
265 992 323 1010 sum
347 984 374 1010 in
397 983 481 1010 medio
509 991 611 1010 eorum.
633 981 698 1009 Item
723 981 789 1008 illud
802 982 844 1006 "z
861 980 928 1007 Ecce
949 988 995 1015 ego

205 1031 339 1058 nobiscum
352 1038 410 1057 sum
425 1028 545 1056 omnibus
561 1028 665 1060 diebus,
680 1030 762 1063 usque
778 1026 812 1054 arl
827 1034 995 1053 consumma-

206 1078 303 1105 tionem
326 1076 429 1104 ucculi.
448 1075 481 1102 Et
496 1075 569 1110 quod
589 1075 710 1110 Baptista
734 1073 847 1101 dicitde
863 1080 913 1106 eo,
936 1071 997 1100 ubi-

206 1131 262 1158 que
277 1130 340 1150 eum
359 1129 420 1150 esse
445 1122 654 1153 demonstrans,
677 1120 734 1148 ita:
750 1119 783 1147 In
801 1119 886 1147 medio
907 1123 995 1146 autem

206 1173 320 1196 uestrum
336 1172 389 1195 stat
406 1175 482 1202 quem
499 1175 540 1194 vos
558 1167 676 1199 nescitis,
692 1167 747 1200 ipse
763 1171 801 1193 est
818 1166 863 1201 qui
877 1169 935 1200 post
956 1172 996 1192 me

207 1215 274 1241 venit
283 1214 316 1240 ”.
342 1213 489 1248 Propterea
503 1213 575 1240 dicet
587 1212 686 1247 aliquis
702 1221 708 1239 :
725 1211 753 1239 Si
767 1212 793 1238 in
811 1211 900 1239 medio
914 1211 996 1238 etiam

207 1260 386 1289 nescientium
402 1267 431 1286 se
443 1263 514 1291 stat,
526 1259 548 1286 si
563 1259 720 1293 ubicunque
734 1258 790 1285 duo
804 1258 844 1285 vel
859 1263 913 1285 tres
930 1265 995 1285 con-

207 1306 310 1342 gregati
329 1305 430 1333 fuerint
450 1305 477 1332 in
495 1305 607 1332 nomine
624 1305 701 1339 ejus,
718 1305 789 1332 inter
808 1312 856 1331 eos
870 1303 995 1337 habetur,

207 1353 230 1380 si
256 1360 304 1387 per
320 1359 416 1379 omnes
441 1352 499 1379 dies
513 1352 574 1378 vitae
596 1351 794 1386 discipulorum
817 1358 879 1378 cum
900 1351 940 1378 eis
956 1355 998 1378 est

206 1406 293 1433 usque
309 1398 343 1425 ad
355 1398 621 1425 consummationem
636 1397 741 1429 saeculi,
752 1397 890 1432 quomodo
902 1397 929 1424 in
945 1397 997 1424 ista

207 1444 335 1479 parabola
347 1444 509 1478 proponitur
524 1443 720 1478 peregrinaris?
733 1442 892 1471 Tractantes
906 1446 996 1470 autem

206 1499 348 1538 assumere
358 1491 489 1538 debemus
504 1494 531 1517 et
543 1490 609 1517 illud
621 1489 694 1525 quod
710 1488 812 1517 Paulus
829 1489 866 1516 ait
877 1489 912 1516 de
925 1488 995 1516 se“:
1010 1508 1032 1538 ϐ

207 1535 264 1570 bgo
277 1541 365 1563 autem
388 1536 480 1563 absent
501 1543 621 1570 corpore,
642 1543 757 1569 prwsent
777 1539 867 1561 autem
888 1535 995 1569 spiritu,

203 1582 263 1616 jam
279 1583 400 1616 judicaui
414 1586 442 1607 ut
464 1589 580 1615 praesens
592 1601 600 1613 ,
619 1581 784 1615 congregatis
802 1581 873 1608 nobis
893 1586 917 1607 et
940 1589 996 1608 meo

207 1627 315 1661 spiritu,
329 1635 389 1653 cum
403 1627 498 1653 virtute
514 1626 622 1652 Domini
638 1625 714 1658 Iesu,
736 1634 794 1653 eum
806 1626 851 1661 qui
869 1626 930 1653 talis
946 1632 996 1659 est,

207 1672 311 1699 tradere
324 1671 434 1699 Satamz
447 1672 475 1698 in
491 1672 626 1698 interitum
648 1672 736 1698 carnis
746 1692 753 1704 ,
768 1676 796 1698 ut
815 1672 924 1706 spiritus
940 1673 997 1707 ejus

206 1719 294 1746 saluus
305 1719 339 1745 sit
356 1719 384 1744 in
398 1719 441 1745 die
457 1718 564 1744 Domini
577 1718 662 1746 nostri
674 1717 740 1745 Iesu
760 1718 870 1745 Christi.
883 1717 913 1745 Si
923 1719 997 1746 enim

206 1764 295 1792 virtus
310 1763 374 1792 Jesu
399 1769 580 1801 congregatur
596 1772 659 1792 cum
678 1765 720 1792 his
735 1765 780 1800 qui
796 1769 997 1800 congregantur

207 1810 234 1837 in
248 1811 358 1838 nomine
371 1811 445 1846 ejus,
460 1819 515 1839 non
546 1812 734 1847 peregrinatur
745 1819 761 1839 a
775 1812 843 1846 suis,
864 1812 910 1839 sed
925 1819 998 1840 sem.

207 1863 254 1890 per
270 1861 369 1891 praesto
391 1862 433 1884 est
448 1857 498 1885 eis.
523 1857 602 1890 Quod
626 1858 649 1885 si
672 1865 779 1892 semper
794 1858 922 1885 omnibus
939 1857 998 1886 suis

206 1907 250 1929 est
271 1911 408 1937 pnes-ens,
424 1904 563 1938 quomodo
579 1903 756 1932 introducunt
773 1911 835 1931 eum
862 1905 997 1939 parabolae

205 1947 268 1981 ejus
297 1948 538 1983 peregrinantem?
562 1948 630 1977 Vide
661 1949 685 1977 si
712 1957 857 1985 pOssumus
892 1950 997 1977 solvere

208 1994 259 2020 hoc
286 1994 367 2021 mu‘do
390 1995 464 2029 quod
487 1996 629 2030 quaeritur.
654 1995 707 2029 Qui
728 1997 801 2024 enim
824 1997 891 2024 dicit
914 1997 997 2024 disci-

206 2041 278 2074 pulis
312 2042 400 2068 suis:
429 2041 496 2068 Ecce
527 2050 573 2077 ego
596 2042 728 2070 vobiscum
765 2051 824 2070 sum
852 2051 934 2078 usque
962 2043 996 2070 ad

206 2087 457 2114 comuntmationem
489 2088 599 2120 saeculi,-
629 2093 656 2116 et
690 2088 753 2116 item
783 2097 789 2115 :
818 2088 868 2115 Ubi
898 2089 996 2123 fuerim

207 2133 260 2158 duo
285 2132 323 2159 uel
349 2137 400 2160 tres
426 2135 576 2169 congregati
608 2135 636 2161 in
661 2135 764 2162 nomine
794 2142 870 2167 meo,
900 2139 924 2162 et
949 2143 994 2170 ego

1039 203 1141 235 Jesum,
1155 211 1206 230 non
1223 208 1260 230 est
1273 210 1305 230 ex
1320 202 1372 229 Deo
1387 203 1427 235 "’;
1445 201 1494 229 sed
1507 201 1666 235 unicuique
1684 201 1809 228 substantia

1040 249 1233 284 proprietatem
1253 255 1404 276 servamus.
1422 247 1452 274 Si
1471 247 1550 274 enim
1564 246 1661 273 omnis
1677 246 1752 272 homo
1767 246 1809 272 ﬁtte-

1042 296 1075 322 lis
1098 295 1144 330 qui
1166 295 1334 329 conjungitur
1357 293 1491 326 Domino,
1518 300 1592 319 unus
1617 291 1729 325 spiritus
1746 292 1809 321 est“;

1042 347 1145 376 quanto
1160 341 1246 376 magis
1263 341 1344 367 homo
1357 340 1403 367 ille
1420 347 1503 374 quem
1522 338 1684 366 secundum
1701 337 1811 371 dispensa-

1044 388 1143 414 tionem
1157 386 1247 413 carnis
1261 385 1389 413 Christus
1405 385 1544 419 suscepit,
1563 392 1623 410 non
1639 388 1683 410 est
1698 383 1812 410 solvendus

1043 433 1077 460 ab
1091 441 1134 466 eo,
1151 440 1201 460 nec
1216 433 1283 459 alter
1305 436 1346 459 est
1367 431 1501 458 dicendus
1516 431 1553 457 ab
1568 430 1622 457 eo?
1638 429 1673 456 Et
1690 429 1746 456 vide
1763 437 1811 463 quo-

1044 478 1126 506 modo
1149 479 1202 512 ait,
1229 479 1297 505 sicut
1323 478 1399 504 homo
1425 485 1534 511 peregre
1554 477 1687 511 futurus;
1712 477 1812 510 quoniam

1045 532 1099 552 non
1125 529 1184 551 erat
1208 524 1298 557 homo,
1322 524 1367 551 sed
1388 523 1460 550 sicut
1483 523 1585 555 homo;
1610 527 1638 550 et
1657 522 1736 557 quasi
1754 523 1812 548 homo

1044 571 1270 606 peregrinabitur,
1295 570 1343 605 qui
1367 574 1426 597 erat
1450 569 1553 604 ubique
1574 569 1732 596 secundum
1742 568 1812 595 divini-

1045 618 1108 645 tatis
1125 624 1259 644 naturam.
1278 616 1364 644 Simul
1383 616 1527 644 considera
1543 616 1682 650 quoniam
1698 623 1747 642 non
1761 615 1813 641 xile-

1045 668 1090 690 tur
1114 663 1229 691 redditio
1249 662 1384 690 sermonis
1400 663 1436 689 ita
1459 662 1618 696 conscripta
1639 670 1647 688 :
1664 660 1740 687 Sicut
1755 660 1813 686 bona)

1045 710 1231 745 peregrinans,
1247 709 1288 736 sic
1305 713 1331 735 et
1343 707 1432 740 Jesus,
1449 712 1497 734 aut
1518 707 1575 734 ita:
1593 708 1635 734 sic
1648 711 1676 734 et
1694 706 1771 733 Filius
1782 708 1812 731 ho

1046 756 1127 783 minis
1145 765 1150 782 :
1166 755 1294 790 quoniam
1315 755 1372 789 ipse
1390 759 1433 781 est
1458 754 1506 789 qui
1530 754 1557 780 in
1585 752 1722 788 parabola
1740 760 1813 786 prop-:—

1046 801 1119 827 nitur
1134 800 1310 835 peregrinans
1323 799 1401 834 quasi
1421 799 1514 826 homo.
1528 797 1585 826 Nec
1598 799 1675 824 enim
1691 803 1731 824 est
1745 798 1812 826 ιιοωε.

1046 846 1093 880 qui
1117 849 1158 873 est
1184 846 1340 880 ubicunque
1363 845 1418 872 duo
1443 845 1485 872 vel
1507 849 1564 872 tres
1593 844 1620 871 in
1652 844 1759 870 nomine
1774 844 1814 876 eis:

1047 892 1144 920 fuerint
1158 892 1327 927 congregati.
1343 890 1436 926 Neque
1457 892 1541 918 homo
1554 891 1703 918 nobiscum
1722 895 1759 916 est
1775 898 1814 915 oa-

1047 939 1127 967 nibus
1142 939 1237 966 diebus
1256 946 1342 973 usque
1362 938 1396 966 ad
1416 938 1689 966 consummationem
1704 936 1814 964 saeculi".

1046 986 1102 1014 Nec
1126 986 1297 1021 congregatis
1322 985 1425 1020 ultique
1451 984 1578 1012 fidelibus
1602 984 1689 1010 homo
1708 988 1747 1011 est
1767 991 1815 1017 ριῑ·

1047 1039 1121 1064 sens,
1135 1031 1183 1059 sed
1196 1031 1282 1058 virtus
1296 1031 1386 1058 divina
1399 1037 1461 1064 qua:
1477 1034 1537 1057 crat
1554 1029 1582 1056 in
1594 1028 1674 1056 Iesu.
1692 1028 1816 1055 Possumus

1047 1079 1129 1106 etiam
1153 1078 1216 1106 talia
1235 1078 1325 1105 dicere
1349 1078 1382 1104 de
1407 1077 1459 1104 hoc
1482 1076 1569 1104 loco:
1590 1075 1660 1102 nihil
1674 1075 1815 1102 contrarian

1047 1133 1110 1153 eum
1133 1126 1223 1160 ipsum
1256 1124 1348 1152 Jesum
1378 1123 1530 1150 secundum
1559 1122 1710 1157 quemdam
1731 1122 1815 1156 quidem

1047 1172 1215 1200 intellectum
1234 1178 1295 1198 eSse
1317 1170 1434 1204 ubique,
1462 1169 1617 1196 secundum
1644 1169 1729 1195 alium
1748 1172 1815 1194 autem

1048 1216 1223 1252 peregrinari.
1242 1215 1270 1242 Si
1283 1215 1355 1242 enim
1369 1221 1419 1242 nos
1432 1213 1497 1240 dum
1512 1221 1605 1240 sumus
1623 1214 1651 1239 in
1664 1220 1773 1247 corpore.
1786 1219 1816 1244 ρε-

1048 1264 1213 1299 regrinamur
1229 1271 1244 1289 a
1263 1261 1378 1288 Domino
1394 1261 1421 1294 ‘;
1447 1268 1496 1295 per
1518 1260 1599 1287 fidem
1620 1259 1697 1286 enim
1717 1259 1815 1285 ambub-

1047 1317 1121 1344 mus,
1140 1317 1194 1337 non
1214 1316 1262 1345 per
1285 1308 1404 1343 speciem
1429 1315 1434 1333 :
1460 1307 1488 1334 in
1505 1306 1638 1333 omnibus
1657 1306 1704 1340 qui
1728 1310 1784 1332 sunt
1800 1304 1815 1329 i1

1048 1363 1162 1392 corpore
1177 1360 1205 1384 et
1226 1353 1435 1390 peregrinantur
1458 1361 1474 1380 a
1499 1352 1629 1385 Domino,
1656 1351 1817 1386 peregrinata

1047 1403 1082 1430 ab
1093 1403 1132 1430 eis
1147 1406 1174 1429 et
1190 1401 1321 1429 Dominus
1333 1407 1381 1436 per
1401 1399 1481 1427 ﬁdem
1494 1398 1714 1430 ambulantibus,
1730 1405 1777 1424 non
1786 1405 1818 1431 pr!

1048 1449 1176 1484 speciem.
1201 1447 1230 1475 Si
1247 1452 1337 1475 autem
1361 1446 1569 1482 peregrinantes
1594 1452 1609 1472 a
1639 1451 1754 1479 corpone
1773 1451 1816 1470 cu-

1048 1495 1165 1522 Domino
1182 1494 1324 1526 fuerimus,
1339 1497 1366 1520 et
1378 1492 1436 1527 ipse
1451 1497 1518 1519 tunc
1528 1492 1582 1518 erit
1594 1491 1740 1518 nobiscum
1753 1495 1775 1517 ea
1787 1496 1817 1523 ω

1048 1548 1081 1568 eo
1094 1541 1166 1576 quod
1178 1547 1226 1575 per
1241 1540 1320 1566 fidem
1336 1538 1552 1570 ambulavimus,
1569 1542 1600 1564 ut
1614 1541 1642 1564 et
1657 1545 1705 1572 per
1723 1536 1816 1571 species

1048 1591 1142 1622 postea
1156 1585 1336 1614 ambulemus.
1359 1583 1483 1619 Speciem
1504 1587 1597 1610 autem
1618 1583 1738 1610 dicimus
1748 1580 1817 1607 Varii.

1048 1637 1075 1660 et
1097 1632 1245 1666 sapientiae,
1271 1635 1297 1658 et
1318 1630 1452 1662 veritatis,
1476 1634 1502 1657 et
1519 1629 1649 1664 justitiaa,
1670 1633 1699 1656 et
1718 1628 1818 1663 pacisci

1048 1678 1171 1706 omnium
1194 1676 1325 1712 quidquid
1352 1680 1394 1703 est
1419 1675 1585 1711 Unigenilus
1610 1675 1695 1702 Deus.
1719 1674 1819 1709 Species

1048 1728 1138 1750 autem
1153 1721 1246 1754 Verbi,
1267 1725 1294 1748 et
1313 1721 1431 1755 speciem
1454 1720 1599 1755 sapientia:
1620 1720 1818 1754 intelliges“:

1048 1768 1215 1796 intellexeris
1236 1767 1308 1802 quod
1332 1767 1370 1794 ait
1393 1767 1542 1801 Apostolus
1559 1767 1570 1782 '
1589 1774 1596 1792 :
1616 1765 1683 1792 Filii
1701 1765 1819 1797 nutent

1047 1815 1144 1842 iterum
1161 1814 1296 1849 parturio,
1312 1813 1394 1840 donec
1418 1812 1548 1846 formetur
1567 1810 1692 1838 Christus
1716 1811 1741 1836 in
1760 1810 1816 1835 uel:

1048 1862 1207 1889 Formatum
1221 1860 1293 1888 enim
1311 1859 1452 1886 Christum
1473 1857 1632 1892 intelligens
1645 1857 1672 1884 in
1684 1857 1781 1891 aliquo,
1794 1854 1818 1879 ri—

1047 1909 1125 1937 debis
1146 1911 1345 1942 consequenter
1363 1904 1514 1933 secundum
1532 1903 1729 1931 formationem
1747 1902 1818 1935 huic:—

1047 1955 1122 1983 modi
1145 1954 1225 1981 etiam
1253 1951 1370 1988 speciem
1392 1950 1507 1978 Christi.
1528 1950 1586 1977 Iste
1607 1957 1673 1984 ergo
1691 1948 1738 1984 qui
1762 1944 1817 1981 quasi

1049 2000 1131 2028 homo
1146 2005 1258 2034 peregre
1279 2001 1321 2024 est
1342 1994 1491 2031 profectus,
1515 1994 1625 2022 vocavit
1647 2001 1743 2022 servos
1764 1998 1815 2019 suos.

1047 2051 1074 2074 et
1089 2045 1200 2073 tradidit
1213 2045 1253 2072 eis
1266 2043 1406 2078 probatam
1425 2041 1573 2076 pecuniam
1588 2048 1668 2067 suam
1680 2039 1709 2066 in
1727 2038 1817 2072 eloquii

1047 2091 1141 2119 castis.
1163 2089 1299 2123 Quoniam
1317 2088 1422 2122 eloquia
1447 2086 1523 2122 ejus,
1537 2087 1645 2121 eloquia
1669 2090 1732 2112 sunt
1755 2090 1817 2112 ωειλ,

1049 2142 1187 2173 argentum
1202 2136 1326 2171 ignitum,
1338 2133 1484 2167 probabile,
1500 2137 1647 2168 purgatum
1660 2133 1753 2166 septies
1763 2132 1781 2156 ⁸.

205 2185 266 2205 sum
281 2178 308 2205 in
330 2179 415 2206 medio
436 2188 543 2214 eorum,
562 2185 590 2208 et
611 2186 723 2215 caetera;
749 2186 776 2209 et
795 2181 841 2216 qui
862 2182 888 2208 in
912 2182 990 2217 383

1083 2185 1128 2212 66.
1145 2183 1177 2210 Et
1192 2183 1238 2210 uni
1253 2182 1324 2209 dedit
1345 2181 1459 2216 quinque
1480 2179 1592 2210 talenta,
1609 2178 1660 2205 alii
1673 2183 1761 2204 autem
1773 2176 1808 2201 die

208 2223 298 2251 medio
330 2225 411 2252 etiam
441 2226 620 2254 nescientium
649 2235 679 2255 se
712 2228 856 2261 consistit,
889 2227 993 2263 Unigc-

208 2270 281 2298 nitus
298 2270 345 2298 Dei
362 2275 413 2304 est,
429 2271 500 2299 Deus
515 2272 642 2306 Verbum,
662 2278 689 2301 et
710 2273 854 2308 sapientia,
867 2277 894 2300 et
912 2273 995 2308 justi-

206 2317 260 2349 tia,
278 2323 305 2345 et
325 2319 427 2346 veritas
439 2340 446 2350 .
473 2320 519 2355 qui
543 2328 596 2348 non
612 2325 654 2349 est
670 2329 802 2356 corporeo
822 2321 926 2348 ambitu
940 2321 995 2348 cir-

206 2364 374 2393 cumclusus.
387 2365 541 2393 Secundum
555 2367 625 2394 hanc
636 2367 785 2395 divinitatis
798 2375 854 2395 sua:
868 2371 992 2394 naturam

206 2417 260 2437 non
274 2412 473 2446 peregrinatur,
493 2413 538 2440 sed
564 2413 752 2449 peregrinatur
767 2413 917 2440 secundum
935 2412 991 2440 dis-

206 2456 393 2490 pensationem
417 2459 538 2491 corporis
569 2459 642 2492 quod
674 2459 804 2493 suscepit.
834 2458 991 2486 Secundum

206 2501 279 2536 quod
294 2506 320 2529 et
334 2503 459 2530 turbatus
481 2507 532 2536 est,
554 2509 580 2531 ct
598 2504 684 2532 tristis
702 2504 790 2532 factus
803 2510 854 2536 est,
871 2505 965 2532 dicens
984 2513 990 2530 :

207 2547 286 2575 Nunc
303 2549 393 2576 anima
407 2558 464 2576 mea
481 2549 604 2576 turbatur
617 2550 651 2576 ".
667 2550 698 2577 Et
711 2551 809 2578 iterum
824 2560 830 2577 :
845 2550 941 2578 Tristia
954 2554 993 2577 est

206 2594 295 2620 anima
312 2603 369 2621 mea
381 2603 461 2628 usque
474 2595 510 2621 ad
523 2600 631 2622 mortth
643 2597 675 2623 ⁸⁸.
693 2596 755 2624 Haec
767 2601 856 2624 autem
870 2597 991 2624 dicentes

205 2646 260 2665 non
276 2639 406 2666 solvimus
428 2641 546 2675 suscepti
569 2642 690 2676 corporis
713 2642 861 2675 hominem,
878 2650 938 2670 cum
957 2643 993 2670 sit

240 2721 262 2737 "’
275 2719 355 2747 Prov.
370 2728 408 2751 vr,
425 2721 459 2753 4',
474 2719 545 2748 Psal.
559 2729 651 2754 cxxxt,
667 2721 694 2748 4.
732 2722 754 2738 ⁵⁸
774 2721 868 2749 Matth.
884 2730 947 2753 xxv,
964 2721 1007 2747 Η.

933 2757 956 2773 ³⁸
976 2755 985 2782 Ι
1002 2756 1066 2783 Cor.
1084 2764 1110 2787 ν,
1136 2756 1194 2782 5-5.

204 2757 227 2771 "
247 2755 341 2782 Matth.
359 2763 441 2782 xxvnt
454 2775 460 2787 ,
487 2757 531 2781 ‘20.
577 2756 600 2771 "‘
618 2757 697 2784 Juan.
718 2765 743 2789 ι,
759 2757 804 2789 ἳίὶ,
831 2757 876 2784 27.

204 2790 338 2826 ⁰⁷γῐν]υ;ιιι.
369 2797 405 2820 Iv,
418 2791 449 2826 5.7
483 2790 504 2806 ⁵⁸
520 2790 528 2816 Ι
543 2789 606 2819 Cor.
632 2801 670 2826 γι,
686 2793 727 2819 i6.

205 2825 216 2839 ⁸
232 2824 326 2850 Matth.
341 2832 406 2858 xw,
426 2825 458 2851 >15
475 2829 501 2852 et
519 2833 593 2860 seqq.

775 2794 797 2809 π
812 2793 906 2821 Matth.
934 2800 1030 2826 xxvm,
1050 2792 1094 2819 '20.

1045 2231 1092 2259 alii
1105 2239 1164 2258 vero
1181 2237 1272 2257 unum.
1289 2228 1434 2263 Unicuique
1445 2231 1533 2253 autem
1545 2226 1692 2252 secundum
1708 2223 1816 2257 propias:

1045 2277 1177 2304 virtutem.
1196 2274 1229 2301 Et
1252 2273 1386 2309 profectus
1409 2277 1448 2299 est
1468 2272 1572 2298 statim.
1593 2270 1668 2296 Abiit
1687 2274 1771 2295 autem
1789 2274 1815 2300 τῖε

1045 2323 1158 2358 quinque
1177 2320 1277 2347 talenta
1292 2322 1438 2353 acceperat,
1454 2322 1479 2344 et
1496 2321 1619 2352 operatus
1637 2322 1676 2342 est
1704 2315 1733 2341 in
1754 2313 1791 2341 εἰς.
1802 2316 1815 2334 (τ

1047 2369 1165 2396 lucratus
1180 2371 1219 2394 est
1234 2366 1290 2393 alia
1312 2366 1426 2401 quinque
1442 2363 1555 2390 talenta.
1571 2361 1706 2389 Similiter
1724 2360 1766 2394 qui
1781 2360 1814 2382 es!

1046 2415 1156 2449 accepit,
1170 2413 1288 2439 lucratus
1301 2416 1339 2438 est
1352 2411 1378 2438 in
1391 2411 1428 2437 eis
1443 2410 1497 2436 duo
1510 2409 1576 2436 alia.
1592 2408 1645 2440 Qui
1655 2412 1744 2433 autem
1757 2410 1814 2430 sim

1045 2461 1156 2495 accepit,
1170 2459 1261 2486 abiens
1285 2458 1353 2492 fodit
1376 2457 1402 2483 in
1430 2461 1540 2487 terram,
1557 2461 1580 2482 et
1600 2453 1740 2481 abscondit
1756 2458 1805 2485 pm-

1046 2507 1118 2533 niam
1133 2505 1232 2532 domini
1251 2503 1293 2530 sui
1313 2503 1334 2529 ’⁵.
1348 2501 1420 2536 Ergo
1442 2501 1464 2528 si
1486 2500 1596 2535 quando
1619 2499 1722 2526 videris
1742 2502 1812 2523 eum

1046 2552 1094 2587 qui
1115 2554 1278 2585 acceperunt
1297 2557 1311 2576 a
1333 2547 1445 2575 Christo
1465 2545 1696 2581 dispensationem
1714 2545 1814 2587 eiulare-

1046 2586 1106 2626 rum
1132 2597 1189 2630 Dei,
1213 2591 1282 2623 alios
1307 2595 1417 2630 quidem
1445 2593 1547 2620 habere
1572 2591 1700 2626 amplius,
1718 2595 1742 2617 et
1763 2586 1812 2615 diti-

1046 2643 1119 2675 nius,
1138 2647 1165 2670 et
1179 2640 1372 2672 abundantius,
1391 2638 1460 2666 alios
1476 2643 1567 2665 autem
1583 2637 1686 2670 minus,
1697 2641 1733 2667 et,
1752 2639 1775 2661 ot
1787 2633 1811 2658 iu

1539 2716 1566 2753 "7
1578 2715 1670 2753 Matth.
1688 2721 1765 2741 mu.
1778 2710 1806 2753 ζον

1559 2752 1582 2767 ³⁵
1593 2752 1688 2789 Matth».
1704 2758 1768 2776 nn.

1643 2788 1653 2802 ³
1667 2786 1738 2813 Psai.
1750 2792 1779 2811 ιι.
1791 2786 1804 2802 ἶ

1047 2721 1068 2737 3’
1088 2719 1174 2748 lCor.
1189 2727 1236 2747 vni
1249 2738 1256 2750 .
1273 2718 1300 2746 6.
1337 2717 1361 2732 '°
1377 2715 1443 2743 ibid.
1460 2715 1486 2742 5.

1249 2754 1271 2770 ""
1286 2754 1365 2782 Joan.
1380 2759 1429 2781 χιι.
1457 2751 1502 2778 17.

1154 2792 1161 2806 ¹
1175 2792 1183 2818 1
1196 2790 1260 2818 Cor.
1284 2799 1309 2825 v,
1328 2790 1354 2816 6.
1393 2788 1403 2802 ‘
1418 2786 1477 2814 Gul.
1493 2795 1529 2821 tv,
1545 2787 1587 2814 19.
