1839 3053
255 110 323 136 ιῖῦἷ

253 211 379 243 senueris,
405 211 525 240 extendes
551 219 657 238 omnum
680 216 751 237 tilum
773 212 805 244 ¹⁰,
826 216 853 238 et
875 216 980 238 caetera.
1000 211 1037 238 De

254 255 338 282 Paulo
353 261 442 283 autem
458 256 558 282 dictum
575 260 616 282 est
629 256 661 282 ad
676 255 860 282 Philemonem
875 263 881 280 :
898 254 976 281 Nunc
989 263 1037 281 au-

254 307 303 328 tem
325 306 352 328 ut
370 301 473 328 Paulus
495 309 572 328 senex
595 302 624 333 “,
641 309 702 329 cum
726 305 798 329 esset
820 301 1036 328 adolescentulus

253 348 362 382 quando
374 347 529 382 Stephanus
544 355 592 382 pro
609 347 709 375 Christi
725 347 880 374 testimonio
896 346 1036 381 lapidaba-

251 398 313 426 tur,
340 397 366 419 et
393 393 450 426 ipse
473 393 634 420 vestimenta
664 393 789 420 servabat
815 392 1033 420 interﬁcientium

251 446 313 466 eum
329 439 360 465 ".
376 437 434 464 Hoc
447 443 536 465 autem
553 438 671 466 diximus
683 444 823 473 propterea
835 438 907 473 quod
920 438 986 465 dicit
996 438 1033 464 "z

251 485 314 511 Post
335 484 447 511 multum
464 485 586 519 temporis
604 486 671 511 venit
692 485 812 511 dominus
829 492 960 511 servorum
972 483 1035 511 illo-

248 537 317 556 rum.
336 529 368 556 Et
383 530 496 557 observa
514 530 540 556 in
565 530 616 558 hoc
638 530 698 557 loco
717 530 845 565 quoniam
866 537 919 556 non
933 529 966 557 ad
983 529 1034 556 do-

248 576 351 602 minum
366 575 469 602 vadunt
485 580 513 602 ut
525 576 682 610 judicentnr
697 580 724 602 et
745 576 825 610 digna
848 575 953 602 actibus
976 574 1034 602 suis

248 621 392 655 recipiant,
409 621 454 648 scd
471 621 598 648 dominus
611 622 682 648 venit
698 621 730 647 ad
747 629 794 648 eos
809 628 870 648 cum
888 620 969 647 fuerit
981 620 1033 647 im-

247 667 347 701 pletum
371 667 442 701 quod
468 667 570 694 dictum
594 672 645 699 est,
669 668 798 701 quoniam
821 667 893 694 venit
915 671 1031 701 tempus.

248 711 365 738 Veniens
381 716 470 738 autem
486 715 568 746 ponet
579 711 712 738 rationem
729 719 790 738 cum
809 711 848 737 eis
861 711 894 737 do
907 710 1033 737 omnibus

247 762 417 789 quascunque
437 760 566 789 egerunt,
592 763 772 790 eompcnsans
798 756 873 782 lucra
899 756 1031 782 bonorum

247 809 359 835 operum
379 806 405 828 et
428 802 568 836 dispendia
584 806 768 836 peccatorum,
785 806 815 828 ut
833 810 937 836 ponens
949 802 1032 829 ratio—

845 109 1007 136 ORIGENIS
1028 108 1060 136 IN
1082 108 1288 137 MATTHJEUM
1739 117 1773 143 mg

244 151 315 193 νςιοιὶ
333 170 492 199 senuerunt,
514 173 547 193 ex
571 166 668 200 quibus
691 166 756 192 dicit
773 166 805 192 ad
821 165 930 193 Petrum
946 173 953 191 ε
970 166 1037 193 Cum
1055 173 1071 196 Λ
1090 165 1185 192 Omnia
1198 166 1269 192 enim
1284 165 1319 193 ibi
1331 165 1498 195 delectabilia
1511 170 1537 193 et
1547 167 1624 194 omnia
1632 168 1774 203 gaudimonio.

1088 212 1133 246 qui
1152 211 1195 238 hic
1209 211 1283 241 ﬂent.
1308 211 1344 238 ibi
1368 212 1511 244 ridebunt,
1537 217 1562 238 et
1579 214 1618 247 qui
1632 214 1774 243 laudabilium

1087 260 1160 290 gent,
1173 257 1383 284 consolationem
1401 257 1536 292 accipient
1552 258 1653 292 dignam.
1665 258 1720 292 Quod
1729 267 1775 288 suum

1087 302 1152 329 dicit
1167 302 1207 328 vel
1221 302 1248 329 in
1263 309 1295 329 eo
1310 302 1356 336 qui
1373 303 1492 337 quinque
1508 303 1602 331 talenta
1613 310 1726 338 acceperat,
1733 306 1775 332 ttltl
1791 302 1795 338 |
1812 316 1815 330 ε

1087 347 1140 374 isto
1154 348 1200 382 qui
1216 347 1269 375 duo
1279 367 1286 380 ,
1301 348 1424 374 accedens
1435 369 1442 381 ,
1461 349 1577 383 intellige
1591 349 1645 376 mihi
1666 357 1777 381 arcessens

1086 394 1230 421 transitum
1246 394 1279 421 de
1291 394 1343 421 hoc
1358 394 1458 421 mundo
1475 395 1509 421 ad
1525 394 1605 426 illum,
1615 400 1638 422 et
1648 395 1694 423 vide
1704 397 1776 430 quorum

1087 446 1139 465 non
1161 439 1241 466 aliam
1266 446 1359 466 vocem
1382 440 1509 467 dominus
1525 440 1626 474 protulit
1644 441 1671 469 ad
1681 442 1778 469 secundum.

1087 484 1138 511 nisi
1152 492 1233 518 quam
1250 485 1362 519 protulit
1378 485 1411 512 ad
1432 487 1549 519 priorem
1565 486 1664 514 dicens:
1680 485 1779 520 Eligam

1086 530 1149 556 bone
1160 535 1184 556 et
1201 530 1297 564 fidelis,
1318 539 1395 564 super
1408 532 1512 557 modica
1523 531 1604 565 ﬁdelis
1614 531 1741 565 fuisti,supor
1752 540 1780 558 u-

1084 583 1135 609 gna
1160 580 1184 601 te
1208 576 1377 603 constituant.
1409 577 1508 609 Qumro
1535 577 1650 611 quoniam
1663 577 1731 606 eadem
1743 576 1779 602 diu:

1084 625 1146 648 sunt
1161 621 1305 653 ambobus,
1324 630 1357 648 ne
1369 621 1437 649 forte
1450 627 1477 649 ct
1490 622 1538 656 qui
1557 622 1669 650 minorem
1683 621 1746 649 habuit
1753 622 1780 647 rit

1084 671 1180 698 intem,
1193 672 1219 693 et
1234 673 1317 694 totam
1336 668 1409 694 illam
1427 677 1508 702 quam
1526 667 1781 700 habuitsecutulutttlllltt1

1083 713 1226 746 oportebat
1238 714 1370 745 exercuit,
1391 715 1457 740 nihil
1482 715 1574 742 minus
1588 715 1704 742 habiturus
1714 714 1738 741 sit
1746 714 1782 746 nul

1083 757 1180 790 Deum,
1201 766 1281 793 quam
1297 759 1342 786 ille
1354 759 1400 793 qui
1418 760 1466 787 fuit
1481 761 1507 786 in
1529 760 1626 794 majore
1639 761 1783 789 vinulentia-

1084 803 1188 838 pleatur
1203 804 1230 831 in
1243 804 1283 831 eis
1296 804 1369 838 quod
1385 804 1485 833 dictum
1501 805 1589 832 est":
1602 805 1647 836 Qui
1662 804 1749 835 multm.
1759 810 1784 829 ﬁt

247 855 319 879 nem,
336 852 362 874 et
379 848 521 883 diligenter
540 848 667 875 universa
690 848 849 879 discutiens,
866 856 1031 883 unoquoque
1049 841 1068 867 Β
1082 849 1239 881 abundavit,
1267 854 1290 876 et
1306 850 1350 884 qui
1370 850 1520 881 modicum,
1551 859 1598 877 non
1619 850 1735 878 minorauit.
1753 847 1785 875 Tit

247 894 319 921 sicut
334 898 439 928 oportet
454 898 555 920 utatur.
572 893 704 920 Debemus
725 901 790 928 ergo
813 893 891 927 quasi
907 893 952 928 qui
968 901 1030 928 pec-

247 940 334 967 cando
349 939 479 966 damnum
497 939 610 965 iecimus
620 959 626 970 ,
644 939 713 966 bona
728 943 817 966 autem
831 944 975 973 operantes
988 940 1028 966 lu-

245 992 364 1017 cremnr,
381 986 420 1013 sic
433 985 507 1012 omni
523 985 646 1012 custodia
660 984 743 1012 corda
758 990 852 1012 nostra
865 992 985 1018 servare,
1003 990 1032 1012 ut

245 1038 307 1059 cum
323 1031 426 1058 venerit
449 1030 579 1058 Dominus
601 1035 693 1057 noster
707 1034 734 1057 et
754 1031 876 1064 posuerit
897 1031 1030 1058 rationem

246 1077 400 1109 nobiscum,
422 1083 475 1103 non
491 1075 661 1103 inveniamur
674 1083 724 1103 nec
739 1083 788 1110 pro
803 1075 892 1103 otioso
906 1084 1031 1103 sermone

245 1122 373 1149 damnum
391 1121 497 1149 fecisse.

280 1168 325 1195 67.
350 1167 383 1194 Et
401 1168 526 1194 accedens
553 1167 598 1202 qui
622 1167 734 1202 quinque
761 1166 859 1193 talenta
884 1171 1029 1200 acceperat,

244 1213 339 1240 obtulit
362 1214 417 1239 alia
438 1214 566 1248 quinque,
583 1213 671 1239 (licens
687 1220 695 1239 :
712 1212 834 1245 Domine,
849 1212 963 1246 quinque
987 1217 1030 1238 ta-

243 1258 316 1286 lenta
334 1259 398 1285 mihi
413 1259 521 1290 dedisti,
544 1266 601 1285 ecce
623 1257 678 1284 alia
700 1257 814 1292 quinque
834 1257 1029 1290 super-lucratus

243 1311 314 1331 sum.
329 1304 374 1330 Ait
391 1304 414 1330 ei
425 1304 547 1330 dominus
566 1303 622 1337 ejus
637 1311 645 1329 :
662 1302 743 1337 Euge,
765 1310 836 1329 serve
850 1303 914 1330 bone
927 1307 951 1330 et
965 1303 1031 1336 ﬁde-

243 1349 277 1376 lis
294 1350 377 1384 :quia
391 1357 468 1384 super
490 1357 575 1383 pauca
596 1349 672 1382 [uini
695 1348 791 1383 ﬁdelis,
806 1356 888 1382 supra
905 1348 988 1377 multa
1006 1353 1030 1377 te

244 1397 414 1426 constituant,
438 1395 510 1421 intra
529 1396 555 1421 in
572 1395 698 1429 gaudium
713 1394 814 1421 domini
832 1394 880 1421 tui.
898 1394 1029 1422 Accedens

243 1446 331 1467 autem
350 1447 374 1467 et
395 1440 439 1475 qui
464 1441 515 1466 duo
537 1440 637 1466 talenta
661 1444 810 1473 acceperat,
827 1438 864 1466 ait
881 1447 890 1464 :
908 1439 1027 1471 Domine,

244 1487 296 1512 duo
323 1486 422 1513 talenta
448 1486 512 1512 mihi
537 1485 651 1516 dedisti,
669 1493 726 1512 ecce
748 1484 802 1511 alia
831 1484 882 1511 duo
911 1485 1027 1514 lucratus

243 1539 312 1558 sunt.
331 1532 375 1557 Ait
396 1530 437 1557 illi
457 1531 578 1557 dominus
594 1530 650 1564 ejus
667 1537 675 1556 :
691 1529 776 1564 Euge,
792 1537 862 1556 serve
879 1529 942 1557 bone
957 1534 981 1557 et
996 1529 1028 1564 Ii-

244 1576 309 1602 delis
327 1584 336 1602 :
349 1577 412 1610 quia
427 1583 503 1609 super
515 1582 600 1610 pauca
615 1575 689 1608 fuisti
705 1574 801 1609 fidelis,
814 1582 894 1608 supra
909 1574 992 1601 multa
1004 1578 1028 1600 te

244 1623 414 1654 constituam,
429 1623 500 1648 intra
511 1622 538 1648 in
547 1621 673 1656 gaudium
686 1620 786 1646 domini
803 1620 916 1647 tui“"".
932 1619 969 1649 Ita
983 1627 1028 1646 ac-

244 1667 326 1694 cessit
341 1667 443 1701 primus
456 1666 534 1700 quasi
559 1665 605 1700 qui
629 1664 723 1692 habuit
747 1664 873 1691 ﬁduciam
899 1671 933 1691 eo.
954 1663 1027 1698 quod

243 1716 370 1747 operatus
383 1711 472 1738 fuerat
491 1715 518 1738 et
537 1711 667 1739 lucratus.
686 1709 752 1737 Nam
775 1709 872 1738 ﬁducia
892 1709 950 1744 ipsa
965 1709 1028 1736 fecit

242 1765 305 1784 eum
330 1757 445 1789 audere,
467 1761 496 1784 ut
516 1756 549 1784 ad
567 1757 707 1784 dominum
720 1756 825 1791 primus
836 1750 985 1787 accederet,
1001 1759 1027 1783 et

243 1804 373 1831 audacter
386 1803 487 1831 faceret
506 1811 660 1831 sermonem
676 1803 790 1830 dicens:
809 1802 934 1834 Domine,
948 1802 1026 1836 quin-

243 1858 291 1884 que
308 1849 406 1876 talenta
428 1850 492 1876 milii
514 1849 622 1882 dedisti,
643 1857 700 1876 ecce
721 1849 776 1876 alia
800 1848 911 1883 quinque
927 1847 1026 1874 talenta

242 1895 325 1931 885
340 1896 458 1922 lucratus
472 1903 530 1922 sum
540 1903 618 1929 super
636 1903 677 1922 ea.
688 1895 728 1924 Ad
745 1901 826 1929 quem
842 1893 968 1921 dominus
983 1894 1026 1920 di—

244 1942 284 1968 xit
297 1948 390 1968 vocem
407 1941 534 1968 omnibus
547 1941 627 1967 nobis
640 1940 786 1974 optabilem
797 1961 804 1972 ,
826 1947 888 1966 eum
905 1940 1027 1974 posuerit

245 1987 376 2014 rationem
394 1986 476 2013 etiam
489 1986 632 2013 nobiscum
650 1985 781 2012 Dominus
798 1989 891 2012 noster
906 1985 999 2012 dicens
1018 1994 1023 2012 :

243 2032 328 2067 Euge,
345 2040 416 2059 serre
428 2031 491 2058 bone
503 2036 525 2057 et
541 2031 645 2065 fidelis;
657 2031 819 2058 contrariam
832 2031 856 2058 ei
869 2030 929 2058 voci
943 2038 1024 2065 quam

243 2077 313 2104 dixit
330 2077 365 2103 ad
390 2077 498 2103 tertium
517 2085 523 2103 :
540 2074 616 2102 Serve
641 2075 709 2102 mule
726 2080 752 2102 et
773 2076 853 2110 piger.
886 2074 953 2108 Quis
971 2083 1024 2102 non

238 2127 318 2156 optet
330 2122 545 2148 exhortationem
560 2121 696 2155 accipiens
708 2129 741 2147 ex
757 2121 809 2148 ista
826 2120 960 2154 scriptura
970 2141 977 2153 ,
995 2125 1024 2147 ut

1082 895 1182 929 alzquid
1200 895 1352 923 ostenditur
1364 900 1391 922 et
1404 896 1475 923 circa
1493 897 1642 924 mandatum
1656 894 1784 922 dilwtionisti

1083 940 1177 972 Deum,
1194 941 1236 967 vel
1250 940 1281 967 ad
1296 940 1460 974 proximum,
1470 941 1564 968 dicens
1579 941 1612 969 ita
1625 941 1645 956 "
1660 949 1666 966 :
1682 938 1787 973 Diligat»

1082 986 1181 1013 minum
1208 985 1292 1013 Deum
1309 991 1382 1013 tuum
1399 994 1430 1013 ea:
1447 991 1502 1013 toto
1524 987 1601 1014 corde
1621 991 1674 1018 tuo,
1688 990 1707 1012 et
1722 992 1744 1013 ts
1759 989 1786 1009 1M
1800 985 1815 1018 ιη

1080 1030 1170 1057 animo
1193 1035 1256 1063 tua,
1272 1035 1296 1059 et
1309 1039 1341 1058 ea:
1361 1036 1417 1058 tota
1433 1036 1517 1060 mente
1533 1036 1589 1059 tua.
1615 1028 1672 1058 Sine
1682 1029 1742 1058 dubio
1750 1029 1789 1055 enim

1080 1085 1142 1105 eum
1156 1086 1199 1116 ex.
1208 1082 1263 1105 toto
1281 1078 1362 1109 corde
1379 1086 1428 1106 suo
1449 1079 1511 1113 quis
1529 1077 1647 1107 dilexerit
1662 1076 1738 1105 Deum,
1749 1078 1789 1100 ειτι

1081 1128 1137 1151 tota
1154 1124 1243 1151 anima
1264 1131 1331 1156 sua,
1349 1128 1376 1151 et
1388 1132 1420 1151 ex
1434 1128 1490 1151 tota
1505 1123 1605 1151 virtute
1617 1130 1670 1153 sua,
1690 1118 1792 1150 talario;-

1081 1169 1178 1197 ctionis
1195 1170 1275 1197 habet
1290 1170 1451 1202 mercedem,
1466 1170 1576 1204 qualem
1592 1169 1631 1196 ille
1645 1169 1683 1202 qui
1696 1164 1790 1198 militis“

1080 1215 1138 1242 buit
1151 1222 1208 1247 cor,
1233 1215 1275 1241 vel
1287 1215 1334 1249 qui
1347 1214 1555 1242 eminentiorem
1573 1214 1649 1242 habet
1661 1212 1760 1241 animam.
1773 1207 1793 1233 ῖτλ

1081 1260 1126 1294 qui
1154 1260 1283 1294 majorem
1300 1259 1403 1295 accepit
1425 1259 1564 1286 virtutem.
1596 1258 1649 1285 Hoc
1669 1257 1725 1287 enim
1744 1254 1791 1281 solt!

1080 1304 1210 1338 quaeritur
1219 1323 1226 1335 ,
1242 1308 1272 1331 ut
1293 1303 1424 1339 quidquid
1435 1303 1564 1332 habuerit
1575 1304 1654 1332 homo
1666 1310 1694 1330 ex
1704 1300 1752 1331 Deo,
1766 1304 1793 1326 ιω

1079 1355 1112 1376 eo
1131 1353 1220 1375 utatur
1234 1349 1266 1375 ad
1280 1348 1395 1383 gloriam
1408 1348 1466 1376 Dei.

1115 1392 1159 1420 68.
1179 1393 1310 1420 Accedens
1326 1398 1413 1420 autem
1432 1398 1456 1420 et
1471 1394 1515 1428 qui
1531 1401 1614 1421 unum
1638 1392 1741 1422 talﬂthﬂl
1756 1394 1795 1415 “ii

1079 1444 1164 1473 perat,
1181 1439 1219 1465 ait
1233 1446 1241 1464 :
1255 1438 1375 1470 Domine,
1392 1439 1447 1466 scio
1460 1439 1522 1474 quia
1534 1439 1610 1466 homo
1623 1438 1696 1464 durus
1707 1444 1735 1467 es,
1748 1439 1794 1461 ι’ίιε

1082 1484 1114 1510 tis
1133 1484 1178 1510 ubi
1191 1492 1242 1510 non
1259 1484 1405 1516 seminum,
1419 1489 1443 1510 et
1465 1492 1609 1519 congregas
1625 1483 1666 1510 ubi
1685 1489 1729 1508 non
1741 1486 1796 1513 syene

1057 1526 1135 1560 ‘sti;
1160 1533 1185 1555 et
1209 1529 1302 1556 timens
1325 1530 1396 1562 abii,
1412 1534 1437 1556 et
1459 1530 1586 1556 abscondi
1607 1529 1719 1555 talentum
1729 1530 1796 1554 tu!"

1079 1580 1160 1602 terra.
1179 1574 1245 1602 Ecce
1260 1575 1337 1606 habes
1352 1579 1436 1602 tuum.
1462 1575 1629 1609 Respondent:
1640 1577 1717 1601 autem
1727 1569 1797 1598 demitti

1078 1622 1151 1655 ejus,
1175 1621 1243 1649 dixit
1267 1621 1290 1647 ei
1313 1628 1322 1647 :
1347 1620 1417 1647 Male
1436 1629 1507 1648 serue
1528 1626 1553 1647 et
1578 1621 1663 1655 piger,
1677 1615 1815 1655 reicitur-ill1

1079 1670 1145 1693 metu
1161 1665 1205 1692 ubi
1227 1673 1278 1692 non
1294 1665 1419 1692 seminari
1428 1684 1436 1697 ,
1452 1670 1476 1692 et
1492 1674 1621 1701 congrege
1640 1664 1680 1693 ulti
1691 1671 1733 1690 non
1745 1658 1798 1695 sithi

1080 1711 1203 1745 Oportuit
1228 1719 1288 1746 ergo
1304 1715 1327 1736 te
1344 1710 1505 1738 committere
1520 1711 1658 1745 pecuniam
1676 1716 1746 1736 meum
1763 1713 1802 1730 il"

1079 1756 1214 1790 mulariis,
1237 1761 1265 1782 ut
1277 1757 1379 1783 veniens
1396 1756 1550 1790 recepissem
1564 1764 1624 1783 eam
1645 1762 1699 1783 cum
1713 1748 1800 1780 usuris"-

1078 1801 1190 1829 Vidctur
1202 1802 1269 1830 mihi
1281 1801 1332 1830 iste
1345 1802 1392 1836 qui
1406 1810 1489 1829 unum
1500 1801 1635 1829 talentum
1649 1799 1746 1833 accepit,
1759 1796 1803 1823 ius?

1078 1846 1148 1874 inter
1171 1847 1313 1874 credentes
1336 1847 1455 1882 quidem,
1482 1855 1538 1874 non
1564 1851 1656 1874 autem
1677 1850 1702 1872 et
1723 1840 1803 1871 fidch

1077 1897 1117 1919 ter
1133 1897 1242 1928 agentes
1254 1893 1282 1919 in
1297 1893 1357 1926 (ide,
1370 1893 1417 1920 sed
1431 1893 1517 1920 latere
1532 1893 1666 1923 volentes,
1680 1896 1704 1918 et
1713 1885 1804 1920 omnia”

1076 1938 1177 1971 cientes
1189 1942 1219 1965 ut
1232 1945 1285 1966 non
1299 1943 1498 1972 cegnoscantur
1511 1939 1594 1973 quasi
1609 1934 1750 1965 Christiani!
1771 1930 1803 1957 ἴα·

1076 1983 1146 2010 sitan
1157 1989 1247 2011 autem
1259 1988 1286 2011 et
1299 1983 1344 2010 alii
1358 1991 1446 2012 mores
1456 1992 1555 2018 eorum
1570 1992 1627 2011 non
1640 1982 1703 2010 satis
1714 1983 1771 2008 erant
1780 1984 1806 2002 επ

1076 2028 1188 2062 pabiles,
1201 2033 1228 2055 et
1241 2029 1313 2063 quod
1328 2033 1489 2063 acceperunt
1500 2029 1662 2057 cusxodiunt
1675 2025 1770 2062 quidem.
1779 2026 1804 2046 ml

1076 2078 1166 2100 autem
1184 2078 1210 2101 et
1226 2073 1345 2107 addunt,
1370 2081 1457 2109 neque
1473 2075 1669 2110 negotiantur,
1692 2067 1807 2105 neque“

1075 2117 1179 2144 cialiter
1202 2123 1285 2153 agunt
1302 2118 1328 2145 in
1341 2126 1374 2146 eo
1389 2128 1394 2145 :
1414 2123 1558 2154 propterea
1576 2119 1688 2146 verbum
1707 2117 1731 2143 in
1744 2114 1806 2141 δειλαί

243 2168 335 2194 audiat
350 2175 364 2194 a
387 2167 501 2194 Domino
518 2175 568 2194 suo
586 2175 593 2193 :
613 2166 735 2193 Fidelis?
758 2166 836 2199 Quod
861 2167 949 2194 simile
964 2174 1024 2195 esse
1040 2174 1062 2201 ι)
1076 2163 1192 2197 profecit
1206 2164 1239 2190 ad
1257 2164 1364 2198 majus,
1379 2171 1468 2198 neque
1489 2165 1561 2193 alios
1586 2163 1734 2200 acquisivit.
1755 2156 1809 2201 Ᾱιυξεί

238 2211 368 2238 existimo
382 2211 406 2238 ei
420 2211 491 2245 quod
505 2211 606 2237 dictum
623 2216 664 2238 est
679 2211 712 2239 de
730 2211 878 2244 Abraham,
896 2212 1023 2247 quoniam

240 2256 354 2282 credidit
373 2255 508 2283 Abraham
525 2255 578 2282 Deo
590 2276 597 2288 ,
617 2260 642 2282 et
664 2260 814 2291 reputatum
839 2261 876 2285 est
895 2257 918 2285 ei
931 2257 966 2285 ad
978 2257 1022 2291 ju-

241 2301 345 2328 stitiam
358 2301 379 2317 ”
392 2321 399 2332 ,
415 2301 486 2328 sicut
506 2306 531 2328 et
553 2302 577 2329 ei
598 2301 644 2336 qui
666 2302 769 2329 audivit
789 2310 802 2328 a
825 2302 936 2329 domino
949 2310 999 2330 suo
1017 2311 1023 2329 :

243 2347 320 2374 Serve
333 2346 429 2381 ﬁdelis.
455 2346 520 2374 Sine
535 2347 617 2375 dubio
631 2347 697 2375 tides
713 2348 773 2382 ejus
784 2348 817 2375 ad
828 2348 961 2382 justitiam
979 2355 1023 2374 re-

242 2397 335 2427 pntata
358 2397 400 2420 est
422 2393 464 2424 ei,
488 2397 518 2420 ut
538 2397 661 2427 reputata
682 2397 723 2420 est
745 2393 779 2420 ad
798 2393 931 2427 justitiam
957 2393 1024 2421 ﬁdes

243 2438 329 2472 ipsius
346 2439 392 2472 qui
408 2438 435 2466 in
452 2439 559 2466 modico
570 2438 620 2466 fuit
633 2438 729 2466 ﬁdelis.
745 2437 849 2466 Modica
861 2443 950 2466 autem
962 2442 1026 2466 sunt

241 2483 334 2511 omnia
357 2484 418 2512 vitae
434 2483 513 2511 istius
524 2503 532 2516 ,
556 2488 682 2512 ut'omne
698 2483 905 2512 resurrectionis
926 2488 1026 2520 myste-

241 2530 313 2557 rium
329 2530 354 2557 ei
369 2530 496 2558 credatur
512 2534 539 2557 et
557 2529 757 2556 administratio
781 2537 960 2564 supernorum
978 2530 1025 2557 bo-

240 2584 350 2603 norum.
379 2575 525 2603 Videamus
549 2580 638 2602 autem
653 2580 747 2610 etquo
760 2575 910 2611 ingreditur
929 2583 1024 2604 servus

241 2620 293 2648 iste
308 2621 395 2648 bonus
410 2625 437 2647 et
450 2620 535 2647 ﬁdelis
547 2639 554 2651 .
573 2620 619 2654 qui
635 2620 661 2646 in
679 2620 785 2647 modico
799 2620 861 2647 vitae
883 2621 962 2648 istius
974 2620 1024 2648 fuit

241 2666 338 2693 tidelis.
378 2665 478 2697 intra,
504 2665 611 2700 inquit,
637 2665 664 2691 in
688 2665 816 2700 gaudium
845 2665 946 2692 domini
973 2667 1021 2692 tui.

276 2773 297 2789 "
311 2774 388 2801 Joazi.
405 2785 460 2808 xxi,
478 2777 520 2804 18.
568 2777 587 2792 ¹¹
605 2777 718 2804 Philmn.
737 2777 763 2804 9.
812 2777 832 2792 “
849 2778 908 2804 Act.
923 2785 974 2808 vn,
991 2777 1034 2803 57.

241 2815 284 2839 xv,
302 2808 327 2835 6.
367 2810 388 2824 7‘
404 2811 485 2838 Exod.
504 2820 558 2844 xvi,
575 2813 616 2840 18.
655 2813 676 2828 ⁷⁷
693 2812 784 2840 Matth.
803 2820 869 2845 xxtt,
885 2813 928 2840 57.

1077 2209 1203 2237 videntur
1227 2208 1292 2235 mihi
1309 2208 1356 2243 qui
1374 2208 1532 2243 hujusmodi
1561 2215 1646 2241 sunt,
1671 2208 1771 2234 timerem
1786 2200 1815 2230 [tu

1076 2252 1176 2280 habere
1196 2257 1222 2280 et
1243 2260 1338 2287 sapere
1362 2253 1395 2280 de
1419 2261 1451 2280 eo
1475 2254 1557 2288 quasi
1583 2254 1679 2288 aliquo
1701 2248 1811 2285 austero.il

1075 2298 1153 2331 duro,
1171 2304 1197 2326 ct
1214 2299 1386 2334 implacabili.
1424 2298 1469 2326 Sic
1484 2301 1560 2326 enim
1582 2300 1666 2327 verba
1683 2299 1734 2334 ipsa
1750 2290 1810 2327 538W

1075 2350 1136 2372 cant
1159 2345 1346 2379 respondentis
1357 2365 1364 2377 ,
1379 2350 1406 2372 et
1420 2344 1537 2375 dicentis
1547 2365 1555 2377 ,
1577 2345 1695 2376 sciebant
1709 2343 1759 2378 quia
1768 2343 1813 2366 itm

1073 2397 1110 2422 es,
1128 2395 1155 2418 ct
1169 2391 1247 2425 quasi
1263 2390 1309 2424 qui
1325 2390 1426 2419 sciebat
1439 2398 1501 2418 eum
1517 2395 1628 2418 metere
1653 2390 1697 2417 ubi
1716 2394 1759 2415 non
1769 2389 1813 2411 Sil‘

1073 2436 1149 2462 navit
1167 2419 1194 2463 et
1209 2443 1374 2471 congregare
1387 2436 1432 2463 ubi
1450 2444 1504 2464 non
1520 2436 1641 2470 sparsit.
1669 2434 1767 2475 Propter
1777 2419 1815 2477 Μ

1073 2482 1240 2516 respondens
1253 2482 1277 2508 ei
1289 2482 1417 2511 dominus
1428 2482 1487 2517 ejus
1498 2502 1505 2515 ,
1528 2487 1558 2513 et
1574 2489 1697 2518 arguens
1711 2486 1762 2513 eum
1772 2478 1815 2510 tu”

1073 2528 1176 2558 malum
1194 2535 1302 2556 servum
1325 2532 1353 2555 et
1369 2529 1473 2563 pigrum
1486 2546 1494 2559 .
1512 2535 1570 2555 non
1594 2528 1706 2563 quidem
1725 2521 1815 2557 castitati

1073 2580 1115 2602 est
1127 2582 1157 2602 se
1170 2581 1230 2602 esse
1244 2573 1382 2601 hominem
1395 2574 1504 2605 durum,
1517 2573 1597 2605 sicut
1614 2574 1664 2601 ille
1675 2569 1815 2600 arbitram?

1076 2619 1180 2647 steteris
1204 2624 1293 2645 autem
1318 2617 1491 2651 sermonibus
1511 2617 1578 2652 ejus
1595 2617 1737 2652 consensit
1746 2614 1807 2642 diem

1077 2665 1111 2692 Et
1128 2665 1228 2697 sciebas
1244 2664 1307 2699 quia
1322 2669 1389 2693 meto
1402 2663 1447 2690 ubi
1462 2671 1513 2690 non
1526 2665 1683 2698 seminari,
1701 2669 1724 2691 et
1741 2662 1815 2693 εῡιξῖεὲα

1759 2763 1815 2790 "frti

1082 2776 1103 2791 ¹³
1116 2775 1210 2802 Matth.
1226 2783 1287 2807 xxv,
1304 2775 1344 2801 i9.
1393 2774 1448 2794 "-7‘
1462 2773 1527 2802 ibid.
1543 2774 1585 2802 20
1600 2779 1631 2802 et
1648 2781 1722 2809 seqq.

968 2813 990 2828 ⁷⁸
1005 2811 1099 2839 Matth.
1114 2820 1176 2843 xxv,
1189 2811 1225 2839 ‘24
1239 2815 1265 2838 et
1279 2818 1352 2845 seqq.
