1839 3053
31 111 59 138 υτ)
565 111 762 141 οοΜΜΕΝτΑι

854 113 891 141 1M
913 114 1043 142 SERlES.

1538 121 1606 146 ΠΝ)

31 169 96 194 inoo
110 169 207 203 sparsi.
228 168 371 202 Quomodo
392 175 481 198 autem
502 170 684 206 intelligamus
698 172 768 206 quod
784 176 807 204 Α
822 177 983 207 acceperunt
1007 181 1022 199 a
1051 173 1139 200 nobis.
1170 171 1264 201 Omnis
1281 174 1353 201 enim
1372 175 1484 209 pecunia
1496 197 1503 207 .
1522 177 1548 203 id
1565 185 1606 205 est

31 221 49 239 'e
73 211 208 242 Dominus
230 219 323 242 noster
349 216 424 243 metit
440 216 484 243 ubi
498 223 552 243 non
567 217 727 248 seminavit,
745 222 771 245 et

32 264 134 293 igregat
148 260 194 287 uLi
210 268 263 287 non
279 261 397 296 sparsit?
414 261 478 288 Mihi
491 262 541 289 hoc
556 262 661 290 videtur
673 262 699 289 in
711 262 771 290 loco

31 312 40 331 )
55 306 184 339 quoniam
207 306 298 340 justus
321 307 437 334 seminat
452 308 479 334 in
492 309 589 342 spiritu
602 328 609 339 ,
627 316 660 336 ex
675 316 729 343 quo
745 314 772 336 et

32 354 69 376 tet
84 350 166 377 vitam
184 356 311 378 atternam
327 353 361 379 7’.
392 351 488 379 Omnia
501 357 591 380 autem
607 362 667 388 quae
683 355 716 381 ab
731 355 771 381 al-

31 405 57 428 o,
73 397 101 424 id
115 403 154 426 est
167 406 182 425 a
194 399 269 433 justo
282 399 351 431 viro,
369 400 537 427 seminantur
549 406 576 427 ct
589 406 726 428 metuntur
737 402 770 429 ad

31 450 66 469 tm
83 447 223 475 aeternam,
239 444 313 471 metit
329 443 418 477 Deus;
432 444 478 472 Dei
494 446 566 472 enim
578 451 619 473 est
633 447 769 481 possessio

31 495 74 516 tus
87 509 94 520 ,
109 490 156 524 qui
174 490 250 517 metit
263 490 308 516 ubi
323 497 377 516 non
394 490 452 524 ipse
469 492 632 525 seminavit,
656 493 703 519 sed
726 492 771 519 ille

31 539 84 561 tus.
114 535 318 570 Coosequenter
340 540 367 563 et
391 537 455 563 illud
480 537 617 569 dicemus,
641 538 769 572 quoniam

31 584 72 606 tus
92 579 230 614 dispersit,
250 580 324 607 dedit
339 581 510 616 pauperibus.
533 581 664 610 Dominus
679 587 768 610 autem

34 632 87 651 suo
107 625 214 660 colliget
231 627 357 654 universa
378 632 589 662 quantacunque
609 628 698 663 justus
714 629 770 656 dis-

32 670 70 697 sit
83 674 112 698 et
124 671 198 698 dedit
214 672 388 706 pauperibus.
409 672 512 700 Metens
530 677 621 701 autem
634 682 695 707 quae
714 682 768 701 non

31 716 137 749 tinavit,
147 721 173 744 et
185 725 354 753 congregans
367 726 428 753 qua:
440 725 494 745 non
507 719 678 753 sparsit,sibi
694 727 768 747 com~

31 766 56 789 at
81 768 111 789 et
130 763 181 790 sibi
208 763 356 791 arbitratur
374 772 434 792 esse
456 765 572 797 collata,
599 773 768 800 quascunque

34 808 151 842 pet-ibus
159 809 282 836 ﬁdelibus
295 809 395 837 fuerint
406 810 539 837 seminata
554 811 594 838 vel
607 819 712 845 sparsa,
727 811 768 838 di-

821 225 901 245 omne
913 217 1023 245 verbum
1039 218 1111 253 quod
1128 219 1209 246 habet
1229 219 1258 246 io
1280 227 1309 247 se
1331 219 1446 248 formam
1467 221 1513 248 Dei
1530 230 1607 258 rega-

821 262 885 294 lem,
901 267 928 290 et
945 263 1089 298 imaginem
1108 262 1186 290 Verbi
1199 264 1268 298 ejus,
1287 264 1437 299 legitimum
1451 271 1502 293 est.
1523 266 1607 294 Nuuu

822 309 944 337 mulariis
957 317 1021 344 ergo
1035 310 1188 344 virisjubct
1203 311 1314 337 credere
1334 312 1447 340 verbum
1460 333 1467 343 ,
1481 313 1527 347 qui
1544 321 1606 348 pos-

821 360 885 382 sunt
908 355 968 389 ejus
991 355 1102 383 reddere
1127 363 1235 383 usuras.
1268 356 1366 383 Reddit
1388 363 1480 385 autem
1506 366 1605 386 usuras

820 399 894 426 verbi
907 400 952 433 qui
966 400 1063 426 iterum
1078 400 1186 428 festinat
1202 401 1308 428 salvare
1323 409 1385 428 cum
1399 409 1442 434 eo,
1461 403 1532 430 sicut
1547 403 1604 438 ipse

820 444 942 471 salvatus
965 449 1006 472 est
1030 453 1038 472 :
1062 446 1132 472 sicut
1156 445 1288 478 Andreas,
1319 446 1427 479 Petrus,
1450 447 1603 482 Philippus,

820 486 980 520 Nathanael,
995 487 1138 516 Mattbzus
1157 489 1328 524 publicanus.
1361 490 1393 517 Et
1411 491 1462 518 hoc
1476 498 1516 518 est
1532 494 1603 527 quod

820 532 887 559 dicit
899 533 1044 566 Apostolus
1057 533 1079 549 ⁸⁸
1096 542 1102 560 :
1122 534 1187 566 Quae
1199 535 1298 561 audisti
1311 544 1326 562 u
1340 544 1380 562 me
1394 544 1440 570 per
1454 537 1549 563 mullos
1565 543 1604 564 te-

819 581 871 603 stes
881 597 888 607 ,
912 577 967 604 haec
982 578 1135 605 commenda
1155 579 1276 612 ﬁdelibus
1289 581 1439 607 hominibus
1453 581 1499 616 qui
1515 582 1604 609 idonei

819 627 895 648 erunt
909 627 933 648 et
947 622 1014 650 alios
1029 623 1130 650 doc-ere.
1152 623 1282 652 Similiter
1298 630 1324 652 et
1342 626 1472 654 Dominus
1485 627 1581 654 dicit“
1594 635 1602 654 :

821 666 904 694 Nemo
927 669 1045 695 accendit
1067 669 1219 703 lucernam,
1245 674 1269 696 et
1298 671 1370 704 pauit
1392 679 1449 697 eam
1475 671 1522 697 sub
1548 680 1604 698 nxo~

819 711 862 738 dia
872 732 878 744 ,
896 712 941 738 sed
955 720 1032 746 super
1054 714 1242 741 candelabrum
1252 735 1259 748 ,
1277 720 1305 741 ut
1326 716 1484 742 introeunte:
1499 716 1603 743 videant

819 756 917 784 tamen.

854 802 897 830 69.
920 803 1016 831 Tollite
1031 804 1063 831 ab
1077 813 1106 832 eo
1122 807 1210 841 itaque
1225 807 1352 834 talentum
1364 828 1372 840 ,
1392 812 1416 834 et
1430 808 1507 834 detur
1520 808 1544 834 ei
1556 808 1601 843 qui

31 861 44 880 ε
62 853 100 880 ad
117 861 163 881 eos
176 855 222 889 qui
241 856 310 883 bene
327 855 458 890 proximis
473 856 531 883 suis
555 853 676 884 (eccm,
690 866 697 883 ε
722 857 767 884 γε,
782 849 802 876 Β
816 847 891 874 habet
905 849 991 875 decem
1009 849 1106 877 tulenta
1120 850 1152 878 ".
1183 851 1264 879 Vides
1277 852 1340 886 quia
1359 853 1460 879 tollitur
1472 853 1600 880 talentum

40 921 46 931 ,
75 899 206 927 benedicti
219 900 309 928 Patris
322 902 372 928 mei
385 921 392 934 ,
408 901 562 929 haereditate
575 910 681 937 regnum
697 903 766 935 quod

31 945 49 970 is
72 950 199 978 paratum
224 951 273 972 est.
304 945 411 973 Esurivi
432 947 516 980 enim,
533 952 557 974 et
577 948 688 975 dedistis
702 949 766 975 mihi

31 990 161 1023 iducare,
178 996 205 1018 et
226 996 324 1019 caetera
339 993 373 1019 ⁸ο.
393 992 426 1019 Et
442 993 505 1027 quia
522 993 579 1020 vult
600 998 701 1021 metere
719 995 765 1022 ubi

47 1035 212 1069 seminavit,
227 1041 254 1064 et
267 1045 431 1072 congregare
453 1038 497 1065 ubi
513 1046 566 1065 non
580 1039 690 1073 sparsit,
703 1046 764 1066 cuin

46 1080 202 1114 invenerit,
218 1082 290 1109 dicet
311 1083 344 1110 ad
360 1090 407 1110 eos
423 1084 469 1118 qui
486 1091 538 1110 non
555 1084 727 1118 praebuerunt
740 1085 764 1112 ei

31 1133 81 1153 ere
96 1131 122 1153 et
134 1134 297 1162 congregare
315 1137 321 1155 :
338 1128 470 1155 Discedite
483 1138 496 1155 a
512 1137 563 1162 me,
578 1129 722 1162 maledicti,
738 1130 765 1156 in

31 1179 61 1196 ‘m
81 1177 211 1198 aternum
222 1192 229 1204 ,
255 1180 329 1207 quem
342 1174 500 1207 prwparauit
517 1173 599 1200 Pater
620 1182 690 1201 meus
705 1175 764 1202 dia-

31 1225 34 1237 ι
52 1220 80 1242 et
96 1216 194 1250 angelis
208 1218 274 1251 ejus.
308 1218 413 1245 Esuriri
433 1219 518 1251 enim,
545 1224 569 1246 et
590 1228 639 1246 non
656 1220 764 1247 dedistis

31 1262 40 1287 ί
58 1262 240 1296 manducare,
258 1268 285 1290 et
301 1271 396 1291 caetera
410 1265 442 1290 ⁸³.
473 1264 540 1291 Nam
559 1270 586 1292 et
606 1272 668 1292 vere
681 1266 763 1292 durus

38 1307 194 1334 secundum
207 1309 277 1342 quod
290 1309 328 1336 ait
341 1309 520 1343 Matthaeus",
532 1314 559 1338 et
575 1315 707 1340 austeras.
718 1319 763 1338 se-

31 1353 98 1380 dum
113 1354 183 1388 quod
200 1355 239 1381 ait
253 1354 341 1382 Lucas
356 1356 389 1383 ⁸³.
420 1355 472 1383 Sed
487 1356 528 1384 his
543 1356 589 1390 qui
607 1357 763 1385 misericor-

32 1398 83 1426 Dei
100 1399 248 1428 abutuntur
272 1402 305 1428 ad
330 1401 521 1437 negligentiam
544 1410 641 1435 suam,
660 1402 763 1430 nonad

31 1444 212 1472 versationem
226 1454 317 1477 suam,
330 1447 402 1473 sicut
418 1446 455 1473 ait
471 1446 618 1481 Apostolus
633 1447 657 1463 ⁸⁵
670 1455 677 1474 :
700 1445 764 1473 Vide

34 1495 122 1516 tatem
137 1490 183 1517 Dei
198 1496 222 1518 et
236 1492 412 1524 severitatem,
429 1491 455 1518 in
469 1499 515 1519 eos
530 1492 639 1527 quidem
657 1493 703 1527 qui
719 1501 760 1520 ce-

32 1540 102 1562 runt
118 1537 299 1569 severitatem,
318 1538 344 1564 in
362 1541 387 1564 te
401 1542 489 1564 autem
504 1537 650 1565 bonitatem
665 1538 688 1566 si
700 1546 762 1573 per-

32 1581 113 1609 ,seris
138 1581 164 1608 in
192 1582 323 1609 bonitate.
359 1582 411 1615 Qui
437 1582 510 1610 enim
536 1583 636 1610 bonum
658 1584 763 1618 iudicat

32 1635 69 1660 tn,
91 1627 203 1655 credens
215 1627 409 1663 indulgentiam
424 1628 547 1662 accipere
564 1629 587 1656 si
603 1629 684 1657 fuerit
695 1637 762 1657 con-

33 1678 70 1697 us
83 1670 117 1697 ad
129 1678 202 1704 eum,
218 1671 255 1698 illi
270 1671 359 1699 bonus
373 1677 414 1699 est
430 1671 510 1699 Deus.
540 1672 590 1705 Qui
603 1679 692 1701 autem
705 1674 762 1701 exi-

32 1721 65 1743 at
83 1723 146 1743 eum
161 1717 201 1744 sic
214 1717 326 1750 bonum,
351 1722 381 1744 ut
394 1718 479 1754 886
491 1726 544 1745 non
558 1726 634 1746 curet
650 1719 683 1746 de
697 1727 761 1754 pec-

32 1770 39 1789 l
58 1765 231 1796 peccantium
242 1781 250 1795 ,
267 1763 305 1790 illi
321 1771 376 1794 non
391 1769 431 1790 est
445 1764 532 1791 bonus
545 1763 632 1796 Deus,
653 1765 699 1792 sed
712 1773 761 1792 au-

35 1816 74 1835 ls.
109 1807 207 1835 Zelans
231 1813 272 1836 est
297 1809 369 1836 enim
388 1817 470 1844 super
490 1814 599 1844 peccata
618 1810 759 1838 hominum

33 1855 209 1882 cmneotium
234 1863 272 1882 se.
303 1855 406 1882 Tamen
430 1856 508 1890 quasi
521 1856 630 1884 Christo
644 1861 760 1885 metente

52 1907 112 1926 non
137 1900 349 1932 seminavimus,
374 1905 401 1935 et
417 1906 597 1936 congregante
620 1910 681 1936 qua:
705 1910 758 1929 non

32 1946 145 1977 simus,
169 1945 335 1974 seminemus
359 1946 386 1973 in
409 1946 522 1980 spiritu,
548 1951 575 1973 ct
600 1955 760 1982 spargamus

32 1990 158 2021 ieribus,
179 1996 205 2017 et
221 1991 354 2017 talentum
379 1991 423 2018 Dei
439 1999 493 2018 non
516 1992 714 2020 abscondantus
731 1993 758 2019 in

33 2048 50 2063 ι.
87 2034 143 2062 Nec
154 2035 228 2062 extim
241 2036 328 2063 bonus
346 2036 501 2070 hujusmodi
516 2037 597 2064 timor
607 2057 615 2070 ,
631 2045 680 2065 nec
693 2038 759 2064 libe-

33 2089 92 2108 nos
117 2081 178 2108 talis
202 2081 284 2108 timor
309 2082 343 2109 ab
365 2082 546 2110 exterioribus
569 2083 687 2110 tenebris
706 2083 759 2110 illis

54 2127 195 2154 fuerimus
215 2126 336 2154 damnati
362 2128 440 2162 quasi
459 2127 520 2154 mali
536 2128 606 2155 servi
629 2132 656 2155 et
678 2129 756 2163 pigri.

817 899 833 919 a
850 893 922 920 malo
937 901 1016 921 servo
1029 899 1056 922 et
1071 896 1148 931 pigro
1158 917 1165 929 ,
1186 901 1212 924 et
1223 897 1304 924 datur
1318 898 1342 924 ei
1356 898 1402 932 qui
1416 898 1495 925 habet
1507 899 1600 926 decem

818 938 929 965 talenta.
963 938 1106 972 Quomodo
1130 945 1220 968 autent
1244 942 1347 969 tollitur
1370 943 1404 969 ab
1423 942 1514 976 aliquo
1528 943 1599 977 quod

816 983 910 1010 datum
925 984 1013 1011 fuerat
1027 985 1063 1019 ei,
1080 990 1106 1012 et
1119 987 1198 1013 alteri
1215 987 1295 1014 datur
1310 987 1378 1014 bene
1391 988 1492 1023 agenti,
1509 993 1538 1016 ut
1553 989 1601 1016 ha-

816 1029 878 1057 beat
893 1031 973 1058 etiam
991 1031 1048 1058 hmo
1061 1039 1142 1066 super
1161 1032 1205 1059 illa
1218 1040 1279 1067 quae
1294 1033 1449 1067 acquisivit,
1465 1042 1518 1060 non
1531 1035 1600 1061 satis

817 1075 894 1102 facile
907 1080 949 1103 est
961 1077 1097 1111 explicare
1114 1086 1120 1104 :
1139 1081 1227 1104 tamen
1243 1079 1372 1112 possibile
1384 1083 1434 1106 est.
1463 1078 1598 1111 Quoniam

816 1121 860 1155 qui
875 1122 1001 1150 idoneum
1026 1123 1091 1150 facit
1104 1123 1131 1149 in
1149 1123 1241 1157 aliquo
1256 1132 1367 1151 sensum
1388 1125 1414 1151 in
1428 1124 1599 1160 dogmatibus

816 1167 938 1195 veritatis
950 1188 957 1201 ,
974 1173 1063 1203 potest
1079 1177 1128 1196 sua
1141 1170 1281 1197 divinitate
1298 1169 1370 1197 Deus
1382 1170 1509 1198 auferens
1525 1171 1600 1198 sutil-

815 1214 940 1240 cientiam
955 1214 989 1240 ab
1003 1222 1035 1241 eo
1050 1215 1096 1249 qui
1113 1215 1216 1250 pigrius
1228 1223 1259 1243 ea
1271 1221 1313 1243 est
1325 1223 1409 1249 usus,
1425 1217 1489 1244 dare
1510 1217 1535 1244 ei
1543 1217 1599 1252 .qui

814 1265 874 1285 eam
889 1259 1088 1294 multiplieavit.
1124 1259 1202 1286 Omni
1217 1261 1287 1288 enim
1309 1261 1415 1288 habenti
1431 1261 1556 1294 dabitur,
1573 1267 1598 1289 et

815 1303 976 1336 abundabit;
993 1305 1025 1332 ab
1040 1313 1069 1332 eo
1084 1311 1170 1332 autem
1188 1307 1232 1340 qui
1245 1315 1294 1333 non
1308 1307 1402 1340 habet,
1425 1312 1449 1334 et
1464 1307 1532 1342 quod
1548 1307 1598 1334 ha-

815 1348 854 1376 bet
869 1350 1005 1384 auferetur
1019 1354 1051 1377 ab
1071 1359 1099 1377 eo
1111 1354 1145 1377 ⁸⁸.
1177 1350 1277 1387 Utputa
1288 1372 1296 1386 ,
1320 1353 1400 1380 ﬁdem
1416 1353 1525 1380 habenti
1538 1361 1599 1388 qua:

814 1399 855 1421 est
871 1402 903 1422 ex
916 1395 1012 1429 nobis,
1027 1397 1136 1425 dabitur
1151 1399 1238 1433 gratia
1253 1398 1312 1425 ﬁdei
1327 1405 1388 1433 quin
1402 1402 1444 1425 est
1458 1405 1506 1432 per
1518 1399 1599 1433 spiri-

815 1445 871 1468 tum
887 1441 965 1475 ﬁdei,
980 1447 1007 1469 et
1022 1443 1187 1478 abundabit;
1210 1450 1236 1471 ct
1249 1444 1381 1479 quidquid
1397 1444 1522 1471 habuerit
1536 1445 1598 1478 quis

813 1494 846 1514 ex
860 1488 977 1515 naturali
992 1489 1128 1517 creatione
1138 1508 1145 1522 ,
1167 1497 1228 1517 cum
1243 1490 1396 1518 exercuerit
1416 1497 1478 1518 eum
1495 1489 1597 1526 [illud].

813 1534 911 1568 accipit
925 1534 958 1561 ad
976 1533 1026 1570 [id]
1045 1536 1132 1569 ipsum
1147 1539 1173 1563 et
1186 1542 1218 1563 ex
1241 1536 1327 1570 gratia
1344 1535 1408 1568 Dei,
1434 1541 1463 1563 ut
1478 1536 1599 1563 abundet

812 1583 839 1607 et
852 1580 955 1607 lirmior
969 1581 1005 1608 sit
1018 1581 1045 1607 in
1060 1588 1092 1608 eo
1105 1581 1165 1616 ipso
1189 1582 1261 1616 quod
1278 1582 1368 1610 habet.
1401 1581 1461 1609 Non
1477 1583 1548 1608 enim
1564 1583 1599 1609 de

812 1626 945 1662 sapientia
970 1627 1028 1654 sola
1040 1647 1047 1660 ,
1065 1628 1111 1655 sed
1129 1628 1162 1655 de
1177 1627 1253 1655 omni
1276 1629 1375 1655 virtute
1393 1628 1598 1662 intriiigvndum

812 1677 854 1699 est
868 1673 950 1700 nobis
972 1673 1044 1707 quod
1069 1673 1107 1700 ait
1130 1673 1258 1701 Salomon
1274 1674 1296 1690 ⁸⁸
1312 1683 1319 1700 ;
1348 1673 1381 1700 Et
1397 1674 1419 1701 si
1434 1675 1515 1708 fuerit
1538 1677 1598 1711 quis

811 1718 942 1753 perfectus
957 1719 1027 1746 inter
1039 1718 1109 1752 ﬁlios
1124 1719 1270 1751 hominum,
1281 1720 1305 1746 si
1319 1720 1433 1754 abfuerit
1448 1720 1480 1746 ab
1497 1720 1543 1746 illo
1554 1730 1598 1747 sa-

810 1763 909 1798 pientia
923 1768 981 1796 tua,
995 1763 1022 1789 in
1039 1763 1150 1789 nihilum
1165 1763 1340 1798 reputabitur.
1371 1763 1417 1791 Sic
1430 1768 1457 1791 et
1474 1765 1521 1799 qui
1536 1772 1597 1799 ρει·-

810 1809 898 1836 fectus
909 1809 991 1836 fuerit
1010 1809 1036 1836 in
1053 1808 1185 1839 castitate.
1200 1813 1246 1835 aut
1262 1808 1290 1834 in
1303 1808 1409 1844 justitia
1420 1829 1427 1841 ,
1446 1814 1492 1836 aut
1509 1810 1535 1835 in
1550 1817 1596 1836 ve-

810 1855 901 1888 ritate,
929 1859 976 1882 aut
1003 1854 1112 1889 pietate,
1130 1860 1184 1880 non
1200 1853 1281 1880 fuerit
1303 1857 1393 1880 autem
1407 1854 1431 1880 ei
1448 1858 1495 1880 aut
1508 1855 1594 1881 casti-

811 1905 868 1931 tas,
887 1904 934 1927 aut
953 1899 1075 1934 justitia,
1101 1903 1147 1926 aut
1160 1899 1256 1931 virtus,
1280 1903 1327 1925 aut
1343 1898 1431 1932 pietas
1445 1907 1506 1933 quae
1521 1900 1594 1927 venit

809 1953 842 1973 ex
867 1945 952 1980 gratia
977 1944 1044 1978 Dei,
1071 1945 1100 1972 in
1124 1944 1238 1971 nihilum
1267 1949 1407 1978 reputatur
1437 1945 1593 1980 hujusmodi

810 1991 902 2018 homo.
929 1989 1074 2024 Propterea
1091 1989 1113 2016 si
1129 1989 1254 2016 volumus
1270 1993 1299 2016 ut
1316 1989 1396 2017 detur
1410 1990 1490 2017 nobis
1504 1990 1594 2019 virtus

809 2037 964 2072 perfectior,
981 2041 1008 2063 et
1022 2036 1140 2063 abundet
1154 2036 1180 2062 in
1193 2036 1282 2068 nobis,
1300 2036 1371 2070 quod
1388 2036 1536 2071 perfectum
1551 2041 1594 2065 est

810 2083 880 2110 inter
902 2082 1024 2110 homines
1049 2089 1096 2116 per
1112 2081 1277 2116 diligentiam
1294 2082 1452 2109 omnimodo
1464 2082 1592 2117 acquira—

809 2136 884 2160 mus;
900 2133 926 2154 et
947 2132 1091 2162 postquam
1105 2127 1324 2162 acquisierimus,
1339 2128 1417 2162 quasi
1440 2128 1592 2163 intelligen-

40 2173 172 2208 quidem,
197 2172 261 2206 quia
276 2180 329 2199 non
346 2180 441 2200 sumus
460 2173 501 2200 usi
525 2174 635 2208 probata
651 2175 694 2201 illa
711 2182 758 2208 pe-
773 2183 795 2210 ι)
810 2178 849 2201 tes
866 2173 993 2208 quoniam
1013 2173 1039 2199 in
1053 2173 1166 2200 nihilum
1180 2173 1238 2200 haec
1255 2178 1414 2208 reputantur
1429 2174 1488 2201 sine
1503 2174 1591 2208 gratia

33 2228 45 2246 ι
71 2218 278 2245 Dominicorum
294 2219 437 2245 verberum
460 2227 522 2246 cum
543 2219 642 2253 quibus
655 2224 759 2253 potera-

49 2265 192 2300 negotiari
204 2270 232 2293 et
247 2266 382 2293 discutere
401 2265 614 2292 Christianitatis
637 2265 755 2300 eloquia,

33 2312 167 2346 cquirere
191 2311 321 2338 bonitatis
339 2311 383 2338 Dei
404 2311 500 2338 altiora
515 2311 654 2346 mysteria.
685 2310 755 2345 Pigri

33 2366 54 2385 n
68 2378 77 2390 ,
103 2355 169 2390 quia
190 2364 243 2383 non
260 2356 361 2384 fuimus
384 2358 485 2391 operati
502 2365 563 2384 cum
579 2357 694 2391 eloquiis
708 2357 754 2384 Dei

33 2412 101 2435 cl“.
117 2405 159 2431 vel
175 2409 306 2436 nostram,
325 2404 366 2431 \‘el
378 2403 505 2436 aliorum,
522 2410 583 2430 cum
597 2402 757 2429 deberemus

33 2457 79 2476 re
96 2450 240 2483 pecuniam
268 2449 375 2476 Domini
396 2449 499 2480 nostri,
527 2447 552 2474 id
576 2452 617 2475 est
637 2447 755 2482 eloquia,

37 2495 145 2522 oribus
157 2495 347 2522 nummulariis
361 2494 407 2529 qui
422 2493 512 2520 omnia
528 2496 643 2524 tentant,
654 2497 681 2520 et
694 2500 757 2527 pro-

34 2561 43 2574 ,
78 2544 108 2566 ut
131 2539 232 2568 bonum
248 2541 356 2575 quidem
373 2539 470 2574 dogma
488 2544 515 2566 et
528 2546 621 2565 verum
637 2542 755 2571 teneant,

34 2587 118 2613 ibum
132 2590 222 2613 autem
236 2591 263 2613 et
276 2585 373 2612 falsqu
389 2584 529 2619 repellant,
554 2588 584 2611 ut
596 2591 659 2612 cum
673 2591 755 2611 vene-

34 2630 186 2662 iomious,
202 2630 309 2665 eloquia
335 2631 379 2656 illa
401 2637 462 2664 (luas
480 2629 668 2657 commisimus
693 2637 753 2660 nos,

37 2676 141 2704 usuris
156 2677 280 2711 recipiat,
291 2681 318 2703 et
331 2683 392 2703 cum
405 2675 599 2703 additamentis
611 2676 645 2703 ab
656 2675 695 2703 eis
707 2675 753 2710 qui

34 2742 132 2770 Gnlat.
147 2750 184 2774 Vl,
202 2743 229 2770 8.

40 2815 98 2839 im.
112 2820 130 2839 ιι
160 2812 185 2839 8.

276 2743 298 2758 ⁸ο
313 2741 407 2770 Matth.
428 2749 479 2768 xxv
490 2760 497 2772 ,
512 2741 556 2773 54,
572 2741 616 2767 55.
654 2741 675 2757 ⁸⁸
694 2741 758 2768 ibid.
775 2741 805 2767 41
820 2761 827 2773 ,
846 2740 890 2768 $2.

40 2779 73 2793 ⁸⁵
89 2778 109 2803 Il
129 2776 199 2804 Tim.
212 2785 242 2811 ll,
259 2777 286 2805 Ξ.
325 2777 348 2794 ⁸⁸
359 2776 425 2805 Luc.
439 2784 497 2810 vin,
513 2776 555 2804 to.
593 2776 614 2791 ⁸⁷
629 2776 721 2804 Matth.
736 2784 798 2809 xxv,
813 2775 857 2802 ‘28.

811 2217 874 2249 Dei,
904 2217 1078 2244 hulnilit-mus
1108 2218 1290 2251 nosmetipsos
1321 2219 1372 2245 sub
1400 2225 1480 2245 manu
1502 2219 1591 2246 valida

810 2261 856 2288 Dei
870 2262 892 2277 9°
903 2281 910 2294 ,
927 2266 954 2288 et
968 2269 1077 2289 oremus
1092 2261 1148 2288 sine
1170 2262 1211 2288 ira
1236 2266 1260 2288 et
1277 2262 1465 2296 disceptatione
1477 2263 1590 2290 levantes
1615 2298 1617 2301 Ι

807 2316 887 2342 puras
906 2315 999 2334 atauus
1013 2307 1034 2323 “
1048 2327 1055 2340 ,
1069 2312 1098 2334 ιιι
1111 2307 1232 2334 omnium
1251 2308 1384 2334 honorum
1401 2316 1461 2343 qua:
1483 2313 1547 2335 sunt
1562 2309 1590 2334 in

808 2353 886 2380 nobis
899 2352 1028 2388 perfectio
1040 2352 1118 2379 detur
1131 2360 1163 2379 ex
1180 2351 1244 2384 Deo,
1260 2357 1286 2380 et
1299 2352 1379 2380 faciat
1391 2361 1441 2379 nos
1455 2353 1586 2387 perfectos

808 2403 834 2426 et
850 2397 1029 2433 acccptabiles
1042 2396 1096 2424 Deo
1110 2397 1187 2432 quasi
1202 2397 1272 2424 ﬁlios
1291 2397 1347 2424 Dei.
1369 2397 1420 2424 Isle
1435 2401 1524 2424 autem
1539 2397 1585 2431 qui

808 2452 891 2472 unum
911 2448 1052 2478 acceperat
1070 2443 1200 2470 talentum
1223 2448 1250 2470 et
1263 2443 1441 2470 absconderat
1455 2443 1543 2477 ipsum
1564 2445 1591 2471 in

808 2495 889 2523 terra,
902 2498 956 2517 non
972 2490 1058 2517 solum
1071 2489 1148 2524 quasi
1163 2488 1252 2516 malus
1266 2493 1292 2516 et
1306 2489 1381 2523 piger
1393 2488 1525 2523 arguitur,
1539 2486 1587 2514 sed

807 2537 887 2572 quasi
910 2535 1013 2563 inutilis
1035 2535 1151 2562 mittitur
1168 2535 1194 2562 in
1210 2534 1335 2562 tenebras
1352 2534 1517 2566 exteliores,
1541 2532 1586 2559 ubi

808 2582 881 2609 nulla
902 2580 1063 2608 illuminatio
1078 2586 1134 2615 est,
1157 2580 1269 2608 forsitan
1283 2587 1333 2607 nec
1349 2578 1500 2613 corporalis
1512 2599 1519 2610 ,
1536 2586 1587 2604 nec

805 2632 847 2654 est
861 2626 994 2661 respeclio
1015 2625 1060 2652 Dei
1075 2625 1147 2658 illic,
1171 2625 1218 2652 sed
1242 2625 1320 2659 quasi
1345 2624 1448 2658 indigni
1463 2624 1587 2657 specula-

806 2674 880 2700 tione
900 2671 946 2699 Dei
969 2672 1014 2706 qui
1036 2671 1099 2698 talia
1115 2675 1311 2706 peccaverunt,
1328 2669 1545 2697 condemnantur
1559 2668 1586 2695 in

932 2741 954 2756 ⁸¹
968 2740 1032 2767 ibid.
1045 2741 1090 2767 Ἠ.
1135 2738 1157 2754 ⁸³
1175 2737 1240 2765 Luc.
1255 2746 1311 2771 xu,
1327 2737 1371 2764 2i.
1409 2737 1431 2752 ³⁸
1450 2736 1528 2763 Rom.
1545 2744 1585 2767 χι,

902 2775 924 2791 ⁸⁸
939 2775 1002 2803 ibid.
1022 2776 1066 2802 29.
1103 2773 1125 2790 ’θ
1140 2773 1203 2808 Sap.
1222 2781 1259 2806 ix,
1276 2773 1303 2800 6.
1341 2773 1364 2789 ὀ
1381 2771 1390 2799 l
1405 2771 1478 2800 Petr.
1500 2779 1534 2805 v,
1558 2773 1585 2800 ti.
