1839 3053
279 99 326 124 7H

262 156 303 182 his
329 164 388 191 «pne
412 157 562 184 exlex-iores
585 157 702 184 tenebrat
723 158 891 192 appellantur
909 167 915 183 :
935 157 1048 184 forsitan

263 202 351 230 donec
369 203 576 236 intellexerunt,
594 209 622 230 ιιι
645 207 836 231 coriver‘lantur
857 208 884 230 et
905 203 978 237 digni
993 202 1049 229 em-

261 247 368 274 ciantur
381 249 454 275 exire
471 249 506 275 ab
517 248 557 276 eis
572 258 578 275 :
593 247 706 276 forsitan
722 254 747 275 et
767 253 876 283 propter
888 249 968 276 aliam
984 256 1049 276 can-

261 299 320 319 sam
342 301 423 327 quam
447 301 497 321 nos
521 293 700 328 ignoramus:
722 293 851 328 quoniam
869 293 984 329 legimus
998 294 1048 321 ali-

261 347 342 372 quem
370 340 415 374 qui
441 339 491 366 fuit
516 344 577 366 ante
602 348 652 367 nos
676 345 853 374 exponentem
877 341 911 368 de
930 341 1048 368 tenebris

261 385 362 420 abyssi,
372 390 398 411 ct
411 385 544 412 dicentem
558 386 687 420 quoniam
700 387 814 421 abyssus
827 392 868 414 est
879 391 954 414 extra
969 395 1048 414 mutt-

261 430 324 456 dum
343 430 409 457 furis
423 439 450 458 et
464 431 589 458 tenebrat.
622 432 834 459 Considercmus
847 439 913 467 ergo
929 432 1049 467 sipotest

260 483 323 503 vera
341 483 401 503 esse
415 477 550 510 expositio
562 477 631 511 ejus,
642 482 672 504 ut
685 477 832 504 exteriores
849 478 974 505 tenebras
988 478 1048 505 illas

260 521 453 555 intelligamus,
478 525 509 548 ut
531 522 642 557 quidam
666 522 744 557 quasi
758 523 861 556 indigni
874 527 931 550 toto
945 523 1048 550 mundo

260 566 288 592 in
305 566 436 600 abyssum
458 567 530 594 illam
545 575 626 602 quam
642 568 687 595 ille
703 569 829 604 exposuit
843 568 917 596 foras
934 569 1046 603 eiician-

260 616 304 639 tur
315 633 322 644 ,
339 612 366 638 in
382 620 435 647 qua
449 617 514 640 sunt
530 614 648 640 tenebrat
659 635 666 646 ,
684 615 793 642 nemine
807 623 854 642 eas
868 615 1046 648 illuminante.

260 665 320 684 cum
336 658 390 684 sint
401 662 477 685 extra
495 662 580 685 totum
596 658 737 686 mundum.

296 702 341 729 70.
363 703 430 729 Cum
447 703 545 729 uenerit
565 702 653 729 Filius
665 704 778 730 homini:
801 703 827 730 in
847 703 932 738 gloria
946 712 1005 736 sua,
1022 709 1046 731 et

259 756 346 775 omnes
359 749 446 783 angeli
470 757 529 775 eum
549 757 588 781 eo,
612 753 673 776 tunc
688 749 786 776 sedebit
798 757 876 784 super
891 749 977 776 sedem
991 749 1047 784 glo—

259 794 306 822 riae
319 803 386 828 sum,
402 799 426 821 et
441 795 671 830 congregabantur
688 800 748 822 ante
766 803 825 823 eum
839 804 927 823 omnes
948 800 1046 831 gentes,

257 845 285 866 et
301 844 397 867 caetera
412 841 444 866 υ.
458 840 630 868 lndiscussus
640 841 750 876 quidem
763 849 854 869 sermo
866 842 972 869 videtur
986 849 1046 870 esse

259 883 430 916 manifestus,
445 884 522 918 quasi
538 885 685 912 exhortans
699 885 825 913 homines
837 886 871 913 ad
885 886 1004 914 dandum
1020 891 1046 914 ct

258 929 427 963 largiendum
438 950 445 960 ,
472 934 498 957 ct
513 935 639 957 avertens
663 931 698 958 ab
712 931 785 957 omni
807 931 1005 959 inhumanitate
1020 937 1047 959 et

261 975 399 1008 parcitate.
421 974 567 1002 Videamus
580 979 668 1002 tamen
684 975 748 1010 quid
765 983 886 1010 quaerere
895 980 1000 1010 oportet
1018 977 1044 1003 in

258 1027 291 1046 eo
305 1025 414 1055 propter
428 1028 476 1047 eos
493 1021 539 1056 qui
555 1021 620 1048 nihil
635 1021 800 1048 arbitrantur
814 1022 886 1048 aliud
905 1022 931 1049 in
947 1029 979 1049 eo
993 1022 1046 1049 nisi

257 1066 472 1093 exhortationem
491 1066 678 1094 humanitatis.
698 1066 777 1095 Certe
791 1068 940 1095 secundum
953 1073 979 1095 et
993 1068 1047 1102 glo-

258 1110 361 1138 riosum
384 1111 485 1139 Christi
503 1113 647 1139 adventum
672 1112 730 1141 fore
750 1113 834 1140 credit
851 1113 940 1140 omnis
955 1113 1046 1140 Eccle-

259 1156 316 1187 sia,
341 1157 451 1191 quando
472 1161 500 1184 et
522 1157 607 1185 Filius
634 1158 678 1185 Dei
704 1158 751 1193 qui
777 1163 934 1193 assumptus
957 1163 999 1186 est
1019 1160 1044 1185 in

258 1201 356 1236 gloria,
365 1203 404 1229 sic
417 1210 478 1229 cum
492 1203 577 1237 gloria
592 1203 645 1230 huc
658 1209 808 1231 revertetur
822 1205 849 1231 in
860 1203 949 1239 specie
961 1212 1008 1232 sua
1020 1210 1046 1231 ct

258 1247 460 1283 pulchritudine
477 1256 536 1280 sua,
552 1253 581 1275 ut
593 1256 692 1284 corpus
706 1249 765 1284 ejus
778 1250 813 1276 sit
825 1250 905 1284 quale
918 1249 969 1276 fuit
983 1257 1044 1277 cum

258 1295 469 1323 transformatus
488 1294 584 1322 fuisset
603 1295 629 1321 in
645 1299 736 1322 monte
754 1303 846 1322 coram
861 1295 948 1322 tribus
963 1295 1046 1322 disci-

256 1341 328 1377 pulis
341 1342 584 1369 coascendentibus
593 1341 633 1369 ei:
648 1345 676 1369 nt
685 1341 740 1376 jam
753 1349 805 1369 non
819 1336 916 1374 tribus,
926 1348 975 1368 nec
985 1339 1046 1367 aliis

259 1388 363 1422 paucis,
377 1388 422 1414 sed
440 1387 574 1415 universis
586 1389 710 1423 gentibus
722 1388 892 1422 congregatis
906 1391 968 1414 ante
982 1394 1044 1414 eum

259 1439 404 1468 appareat,
432 1439 458 1461 et
479 1434 571 1461 sedeat
593 1442 674 1469 super
701 1434 791 1461 sedem
817 1434 910 1468 gloriae
927 1440 1001 1464 sum,
1019 1437 1046 1460 et

259 1485 323 1507 tunc
357 1480 507 1514 segregabit
541 1479 628 1506 malos
660 1487 675 1506 a
704 1479 791 1506 Louis.
833 1478 928 1506 Utrum
954 1483 1044 1506 autem

256 1532 353 1553 omnes
372 1527 406 1552 ab
421 1526 548 1553 erunibus
565 1527 611 1560 qui
629 1527 656 1553 in
676 1525 803 1552 omnibus
826 1525 1045 1560 generationibus

257 1571 340 1606 887
357 1571 475 1604 fuerint,
493 1576 540 1598 aut
553 1571 604 1598 illae
625 1575 731 1598 tantum
753 1578 813 1605 quae
829 1571 855 1597 in
870 1578 1045 1599 consumma-

258 1617 330 1644 tione
346 1617 449 1644 fuerint
464 1617 599 1644 derelicta
610 1636 617 1648 ,
634 1621 681 1644 aut
696 1617 748 1644 illa).
763 1622 867 1645 tantum
882 1625 943 1653 quae
958 1618 1045 1645 Credi-

258 1663 356 1689 derunt
369 1663 394 1688 in
407 1661 490 1689 Deum
502 1671 550 1697 per
562 1663 711 1695 Christum,
721 1668 748 1690 et
760 1664 825 1698 ipsa:
835 1669 925 1690 utrum
937 1671 1044 1695 omnes.

258 1715 292 1734 an
311 1715 365 1734 non
383 1715 495 1740 omnes,
519 1716 572 1735 non
590 1709 657 1736 satis
677 1713 719 1736 cst
738 1708 924 1736 manifestum.
941 1709 1043 1736 Tamen

259 1752 423 1787 quibusdam
441 1753 545 1780 videtur
561 1754 594 1780 de
607 1753 758 1780 differentia
774 1761 867 1781 earunt
883 1762 943 1789 quae
956 1753 1044 1781 credi-

257 1798 369 1830 derunt,
383 1798 439 1824 haec
453 1806 513 1825 esse
526 1799 606 1825 dicta.
619 1798 756 1831 Quantum
769 1806 833 1834 ergo
846 1799 878 1825 ad
893 1799 1042 1834 simplicem

255 1847 375 1875 textum,
390 1851 439 1870 nec
452 1844 498 1878 qui
513 1851 528 1870 a
544 1844 646 1872 dextris
658 1845 810 1872 consistunt
823 1844 874 1871 alia
887 1852 970 1871 causa
985 1844 1043 1870 Ian—

257 1888 375 1921 dantur,
392 1893 419 1916 et
441 1889 467 1915 in
485 1895 663 1924 praeparatum
683 1897 795 1924 regnum
813 1894 944 1916 vocantur
956 1910 963 1922 ,
989 1889 1041 1916 nisi

258 1940 369 1969 propter
385 1935 471 1962 solam
493 1935 708 1968 humanitatem;
727 1942 776 1962 nec
787 1935 834 1969 qui
852 1938 915 1962 sunt
938 1943 953 1961 a
976 1934 1043 1961 sini-

258 1979 324 2006 stris
349 1979 401 2006 alia
426 1987 508 2007 causa
537 1979 742 2007 confunduntur
767 1985 794 2007 et
822 1979 987 2014 deputantur
1015 1979 1040 2005 in

260 2025 348 2058 ignem
361 2045 368 2056 ,
389 2025 440 2051 nisi
458 2031 567 2059 propter
580 2026 813 2052 inhumanitatem.
828 2025 897 2058 Quid
910 2025 996 2060 ergo?
1013 2024 1040 2052 Si

260 2070 302 2096 isti
318 2069 363 2103 qui
381 2071 491 2096 humani
511 2070 622 2097 fuerunt
648 2071 719 2098 circa
735 2071 849 2098 virtutes
863 2074 975 2097 caeteras
992 2078 1041 2097 ue-

258 2113 390 2147 giigentes
403 2113 523 2147 fuerunt,
534 2120 735 2149 consequentur
746 2116 808 2142 lalia
821 2115 876 2142 hac
890 2115 1041 2149 promissa?

862 98 1023 126 ORIGENIS
1044 98 1046 123 ι

1097 97 1304 124 ΜΑΤὙΙΙᾹΞΠΜ
1769 102 1792 127 ili

1066 159 1086 186 Α
1101 156 1298 183 rationabiliter
1314 156 1477 191 intelligere,
1501 158 1608 185 multam
1624 159 1746 193 sapientiam
1756 160 1792 185 iure.

1102 202 1157 228 niet
1172 206 1198 228 et
1211 202 1238 228 in
1255 202 1324 229 istis.
1334 201 1366 227 Et
1381 202 1562 236 periculosum
1576 205 1671 239 quidem
1678 205 1791 239 estdeliuin

1101 247 1175 274 modi
1193 247 1275 274 rebus
1295 254 1448 281 exponere,
1475 249 1521 275 sed
1546 256 1578 275 ne
1598 254 1690 284 propter
1706 250 1792 277 intelltur

1100 293 1283 320 difficultatem
1298 293 1403 328 plenius
1415 299 1535 321 tacentes
1546 295 1792 329 derelinquamnsasqa

1100 343 1245 366 moventur
1258 339 1285 365 in
1302 339 1361 366 istis
1373 338 1406 365 ad
1422 338 1615 372 ﬂuctuandum,
1628 347 1697 374 pauca
1706 340 1729 367 de
1738 341 1793 369 multis,

1100 384 1249 411 secundum
1263 384 1335 418 quod
1351 384 1481 418 possibile
1491 389 1542 416 est,
1554 392 1707 419 exponamus
1720 384 1793 412 Existimat

1098 438 1163 464 ergo
1180 430 1309 464 quoniam
1324 431 1376 456 erit
1387 434 1494 464 tempus
1505 431 1631 458 adventus
1640 430 1793 464 Christi,quam‘n

1100 479 1174 502 tanta
1192 475 1377 502 manifestatio
1398 475 1491 503 futura
1508 481 1549 503 est
1562 475 1653 502 Christi
1673 481 1694 502 et
1708 476 1793 503 divinitatis

1098 521 1168 556 ejus,
1186 525 1215 548 ut
1229 528 1283 548 non
1297 521 1385 548 solum
1398 522 1490 548 nullus
1503 522 1691 555 justorum,sed
1700 529 1735 548 nec
1742 522 1794 555 aliqua

1098 573 1274 602 peccatorum
1292 568 1396 602 ignoret
1411 567 1551 595 Christum
1565 568 1695 595 secundum
1708 568 1755 602 quod
1764 574 1793 595 cst.

1098 612 1207 647 quando
1222 616 1249 639 et
1272 616 1431 646 peccatores
1443 618 1608 647 cognOscent
1625 613 1648 639 in
1661 618 1793 647 conspectum

1098 665 1147 685 sua
1171 657 1286 690 delicta,
1316 661 1344 685 ει
1367 657 1433 691 justi
1463 657 1605 686 manifeste
1625 658 1727 685 videbunt
1740 658 1794 684 εειιιιιι

1095 703 1207 738 justitize
1220 711 1293 736 sum,
1310 703 1342 730 ad
1356 703 1464 737 qualem
1478 711 1528 731 eos
1541 703 1696 738 perduxerint
1711 703 1769 729 linetn.
1779 701 1794 727 [ι

1098 749 1150 776 hoc
1160 753 1201 776 est
1215 749 1287 783 quod
1300 749 1368 776 dixit
1381 758 1387 776 :
1402 749 1633 784 Congregabuntttr
1644 754 1693 775 ante
1701 756 1793 774 tunam

1098 800 1194 830 gentes.
1207 795 1236 822 Si
1247 795 1319 822 enim
1332 796 1412 823 modo
1423 795 1535 830 quando
1549 803 1598 822 nec
1606 801 1689 821 omnes
1696 798 1794 828 cognosset

1063 826 1083 853 η
1096 826 1236 868 Christum
1250 842 1400 869 secundum
1416 826 1490 877 quod
1501 845 1554 873 est,
1572 847 1619 867 nec
1632 839 1674 873 ipsi
1685 826 1794 874 quiiriilentu

1097 892 1273 921 cognoscere,
1285 886 1374 920 palam
1389 894 1451 914 eum
1465 889 1638 921 cognoscunt,
1652 884 1690 912 sed
1699 884 1718 910 in
1727 883 1759 910 livle
1767 887 1794 908 ιιι-

1097 936 1153 959 tum
1176 932 1279 959 intrant
1299 932 1423 960 homines
1445 932 1471 959 in
1489 937 1658 966 conspectum
1676 930 1795 964 rjus,qnants

1098 977 1263 1011 agnitionem
1279 977 1339 1012 ejus
1353 977 1492 1012 accipiunt
1503 985 1552 1011 per
1564 977 1646 1007 ﬁdem,
1659 975 1714 1002 sicut
1723 978 1795 1007 ςςιφωι

1097 1027 1138 1050 est
1148 1032 1154 1049 :
1165 1022 1268 1050 Intrate
1276 1023 1304 1049 in
1312 1028 1449 1057 conspectu
1459 1023 1517 1056 ejus
1527 1024 1555 1049 in
1566 1019 1797 1053 exsultationc”,qinm

1097 1069 1185 1103 magis
1208 1073 1280 1095 recte
1295 1069 1424 1096 dicuntur
1440 1075 1538 1095 omnes
1555 1071 1641 1102 gentes
1658 1070 1707 1092 ante
1716 1072 1756 1091 eum
1766 1070 1797 1089 ωε·

1097 1114 1240 1149 gregandaa
1253 1118 1280 1141 et
1294 1113 1504 1146 constituendae,
1518 1114 1626 1147 quando
1636 1112 1709 1147 palam
1720 1109 1795 1136 omnibus

1097 1168 1151 1190 tam
1168 1163 1247 1190 bonis
1260 1170 1341 1197 quam
1360 1161 1451 1194 malis,
1466 1167 1523 1189 tam
1537 1161 1654 1188 fidelibus
1667 1155 1796 1194 quaminfitiri-

1097 1208 1148 1235 bus
1171 1207 1252 1236 fuerit
1274 1207 1361 1235 factus
1384 1207 1564 1240 manifestus,
1581 1212 1639 1234 ante
1661 1205 1733 1232 ot-uios
1748 1202 1798 1229 ments

1096 1260 1191 1279 eorum
1204 1252 1259 1287 jam
1276 1259 1330 1279 non
1350 1251 1411 1278 ﬁdei
1427 1256 1474 1278 aut
1493 1252 1637 1286 diligentia:
1652 1250 1741 1283 alicujus
1751 1248 1798 1277 intui'

1097 1298 1196 1325 sitione
1218 1302 1342 1332 repertus
1354 1318 1361 1329 ,
1379 1298 1424 1324 sed
1444 1297 1534 1332 ipsius
1558 1296 1693 1324 divinitatis
1705 1302 1744 1322 sua:
1753 1299 1798 1319 itaa-

1096 1343 1240 1371 festatione
1255 1343 1377 1378 prolatus
1387 1343 1400 1369 ’Β
1412 1341 1470 1370 Non
1486 1343 1512 1369 in
1534 1343 1624 1377 aliquo
1636 1341 1723 1376 quidem
1733 1340 1798 1369 lactat

1096 1388 1200 1422 parebit
1213 1387 1299 1415 Filius
1316 1387 1361 1415 Dei
1374 1395 1436 1415 cum
1455 1388 1565 1415 venerit
1577 1388 1602 1414 in
1619 1386 1693 1422 gloria
1705 1383 1798 1415 sumini

1097 1439 1154 1461 tero
1168 1439 1259 1461 autem
1276 1441 1329 1460 non
1348 1433 1499 1468 apparebit,
1511 1433 1562 1460 sed
1577 1433 1643 1460 sicut
1654 1432 1702 1465 ipse
1713 1427 1797 1456 secundi?tz

1059 1491 1080 1519 α
1096 1479 1326 1513 comparationem
1345 1478 1460 1514 fulguris
1481 1479 1609 1506 exeuntis
1630 1477 1745 1504 adventum
1760 1478 1798 1499 sua

1095 1525 1182 1552 voluit
1207 1525 1410 1556 demonstrare,
1427 1524 1524 1551 dicens
1536 1524 1559 1540 “
1577 1533 1583 1550 :
1603 1523 1631 1550 Si
1649 1523 1739 1548 dixerint
1754 1518 1798 1543 retis:

1096 1570 1164 1598 Ecce
1178 1570 1206 1598 in
1222 1570 1323 1597 deserto
1334 1589 1342 1601 ,
1365 1569 1446 1596 nolite
1460 1570 1534 1597 exire
1546 1578 1556 1601 ;
1575 1577 1629 1596 erce
1643 1569 1668 1595 in
1680 1567 1752 1596 dom.
1761 1568 1798 1588 teli

1095 1617 1199 1644 credere
1215 1624 1224 1644 :
1241 1617 1310 1644 sicut
1322 1617 1390 1643 enim
1407 1616 1499 1651 fulgur
1520 1616 1652 1650 egreditur
1666 1614 1693 1640 ab
1706 1610 1798 1654 annuit

1094 1667 1204 1698 apparet
1220 1670 1300 1697 usque
1314 1662 1349 1688 ad
1362 1662 1522 1688 occidentem
1532 1682 1539 1694 ,
1560 1661 1599 1687 sit:
1613 1660 1659 1687 erit
1670 1658 1762 1685 adtentus
1772 1651 1798 1679 Πλ

1093 1708 1217 1734 hominis.
1235 1706 1312 1734 Sicut
1325 1707 1397 1735 enim
1409 1706 1500 1742 fulgur
1516 1706 1657 1741 egrediens
1668 1704 1697 1730 ab
1708 1701 1798 1729 arietum

1093 1756 1234 1788 propterea
1248 1751 1321 1787 quod
1336 1751 1429 1779 omnia
1441 1751 1548 1786 implet,
1561 1755 1667 1785 apparet
1679 1754 1745 1782 usque
1753 1743 1798 1770 ador

1096 1799 1241 1830 cidcntem,
1261 1798 1302 1825 sic
1316 1806 1378 1825 cum
1393 1798 1500 1825 venerit
1519 1797 1647 1824 Christus
1662 1795 1685 1821 in
1697 1792 1758 1828 gloria
1769 1795 1798 1816 εωι

1093 1849 1289 1880 proptereaque
1310 1844 1410 1878 ubique
1432 1842 1545 1869 futurus
1567 1847 1624 1873 est,
1640 1846 1664 1868 et
1676 1840 1722 1874 ipse
1740 1837 1757 1863 in
1770 1841 1798 1860 ων·

1093 1894 1185 1925 spectu
1202 1889 1324 1916 omnium
1338 1889 1389 1916 erit
1406 1887 1519 1922 ubique,
1534 1892 1564 1914 et
1576 1893 1666 1914 omnes
1679 1885 1755 1917 ubique
1762 1881 1798 1906 et“

1093 1935 1119 1962 in
1133 1939 1279 1969 conspectu
1293 1934 1389 1968 ipsius,
1401 1939 1428 1960 et
1439 1934 1479 1960 sic
1491 1933 1687 1960 constituentur
1699 1933 1745 1956 ante
1755 1924 1798 1951 θετέα

1092 1981 1184 2015 gloriae
1197 1980 1273 2014 ejus,
1289 1980 1341 2006 hoc
1366 1982 1408 2006 est
1428 1982 1491 2005 ante
1510 1985 1626 2012 regnum
1642 1976 1695 2010 ejus
1709 1972 1798 2005 αρῡιεει·

1093 2031 1145 2053 tem
1160 2024 1355 2052 dominationis
1367 2023 1464 2059 ipsius.
1477 2022 1566 2050 Sedes
1578 2026 1663 2049 autem
1673 2019 1721 2053 ejus
1729 2017 1798 2063 autqﬂt

1092 2073 1204 2108 quidam
1218 2070 1394 2106 perfectiores
1407 2074 1567 2097 sanctorum
1586 2068 1711 2097 dicuntur,
1722 2063 1745 2110 dt

1092 2118 1223 2152 scriptum
1237 2122 1279 2144 est
1291 2117 1314 2133 ’⁵
1331 2125 1338 2143 :
1357 2116 1488 2148 Quoniam
1507 2115 1566 2142 illic
1577 2114 1692 2140 sederunt
1701 2109 1752 2136 κάει
1761 2110 1798 2152 ll?

258 2162 305 2184 aut
317 2158 354 2184 illi
367 2159 412 2192 qui
428 2167 479 2186 non
493 2159 603 2187 fuerunt
614 2161 737 2193 humani,
749 2161 770 2188 si
786 2161 853 2187 alias
864 2161 1041 2195 impleverunt
1059 2162 1078 2188 D
1093 2150 1163 2191 dicio
1177 2171 1185 2195 ;
1199 2167 1247 2190 aut
1259 2162 1383 2197 quaedam
1397 2161 1512 2188 \‘irtules
1523 2160 1661 2195 angelicae,
1674 2158 1703 2184 de
1713 2150 1798 2190 quiblhd“

252 2203 384 2236 Virtutes,
400 2205 535 2232 maledicti
550 2211 630 2232 erunt
646 2207 767 2238 omnino,
783 2212 810 2234 et
823 2207 849 2233 in
865 2207 953 2240 ignem
978 2213 1041 2234 sunt

259 2248 467 2282 condemnant”,
482 2255 509 2277 et
523 2251 574 2278 hoc
588 2259 650 2279 cum
663 2261 722 2287 Ipso
734 2253 841 2280 diabolo
856 2252 867 2279 ?
882 2251 963 2279 Vides
976 2261 1040 2288 ergo

253 2294 319 2328 quia
350 2296 532 2323 necessariam
559 2297 638 2324 habet
663 2299 822 2332 sapientiam
848 2307 947 2327 sermo.
975 2299 1039 2326 Item

256 2341 428 2367 tractandum
443 2346 484 2368 est
496 2346 586 2369 utrum
602 2343 628 2369 in
641 2344 700 2371 loco
714 2344 821 2372 futurus
837 2350 878 2372 est
892 2345 1040 2372 Salvatoris

256 2385 390 2412 adventus
406 2386 431 2412 in
453 2387 567 2421 gloriam
582 2409 589 2421 ,
607 2396 641 2415 an
656 2390 768 2416 alteram
784 2391 979 2425 expositionem
995 2391 1040 2418 de-

258 2432 353 2458 bemus
370 2434 523 2467 exquirere.
543 2434 610 2466 Quis
631 2435 703 2462 enim
720 2436 771 2463 erit
788 2436 863 2464 locus
877 2436 931 2469 ille,
948 2441 978 2463 ut
993 2443 1039 2463 ca-

256 2477 314 2511 piat
325 2477 352 2503 in
366 2485 421 2504 uno
436 2484 547 2512 aspectu
559 2484 587 2506 et
598 2487 693 2508 omnes
706 2481 815 2515 angelos
827 2482 966 2508 venientes
978 2489 1039 2509 cum

256 2523 367 2552 Christo
389 2529 416 2551 et
438 2532 534 2554 omnes
556 2531 648 2561 gentes
665 2527 719 2555 illic
734 2528 932 2563 congregatas?
947 2527 980 2554 Et
1007 2527 1041 2555 de

256 2570 320 2597 sede
329 2570 421 2605 glorim
429 2572 488 2606 ejus
499 2572 563 2606 quid
576 2577 618 2600 est
630 2573 773 2601 dicendum
783 2574 795 2601 ‘t
806 2574 888 2602 Putas
900 2574 1040 2609 corporale

258 2615 368 2650 aliquod
385 2617 545 2645 subsellium
564 2619 616 2646 crit
629 2619 640 2640 ν
654 2619 694 2646 An
712 2620 793 2647 etiam
809 2620 861 2647 hoc
878 2627 947 2654 opus
963 2619 1043 2646 habet

259 2660 482 2696 interpretatione
496 2665 656 2693 subtiliore?
667 2664 810 2700 Propterea
822 2665 867 2700 qui
880 2665 937 2692 vult
951 2665 1041 2692 omnia

1093 2210 1164 2237 citur
1179 2209 1202 2224 "
1219 2217 1225 2235 :
1244 2207 1304 2235 Sive
1322 2207 1412 2238 sedes,
1436 2207 1489 2233 sive
1509 2205 1705 2233 dominationes.
1724 2199 1768 2232 Ergo
1779 2199 1798 2219 Μ

1093 2255 1254 2283 saaculorum
1275 2253 1347 2280 Deus
1369 2252 1505 2284 Verbum,
1524 2251 1572 2286 qui
1587 2251 1614 2278 in
1632 2250 1709 2276 forma
1721 2242 1798 2294 factus?

1094 2301 1223 2333 hominis,
1232 2299 1335 2326 sedebit
1347 2306 1427 2332 super
1438 2296 1597 2331 hujusmodi
1606 2296 1689 2323 sedem
1700 2291 1798 2327 gloriziﬂi

1093 2352 1119 2373 et
1134 2331 1370 2380 congregabantur
1382 2331 1420 2369 ad
1439 2349 1501 2369 eum
1521 2348 1620 2368 omnes
1637 2343 1717 2374 gentes
1728 2335 1765 2370 iam
1778 2331 1798 2380 δέ

1091 2375 1221 2425 dispersa:
1235 2375 1269 2416 in
1286 2387 1457 2424 dogmatibus
1479 2386 1556 2414 falsis
1574 2390 1602 2413 et
1623 2384 1706 2412 multis
1721 2375 1798 2425 def“?

1092 2421 1234 2464 sic-erunt
1259 2421 1425 2464 anteveum,
1455 2436 1485 2459 ut
1510 2439 1564 2458 non
1592 2429 1706 2456 localiter
1723 2421 1798 2450 audiar“!

1092 2487 1187 2508 omnes
1202 2483 1295 2514 gentes
1309 2477 1365 2504 ﬁeri
1380 2480 1443 2503 ante
1453 2483 1527 2509 eum,
1542 2477 1615 2503 sicut
1630 2482 1676 2501 nec
1691 2468 1798 2514 Ιοεθξὶιεξξῖ

1091 2525 1182 2554 (limus
1193 2511 1282 2560 justas
1295 2531 1326 2550 ea
1341 2523 1463 2549 dicturos
1473 2529 1534 2556 qua:
1548 2526 1616 2549 sunt
1630 2511 1798 2547 dicturi-053W

1093 2579 1157 2606 ergo
1174 2558 1280 2598 confusi
1296 2574 1361 2596 sunt
1377 2568 1475 2602 iniqui,
1494 2575 1544 2594 nec
1558 2575 1590 2594 se
1606 2558 1798 2606 cognoscentrslti

1093 2604 1243 2648 Christum,
1260 2614 1307 2642 sed
1325 2614 1353 2640 in
1368 2613 1508 2640 erroribus
1524 2606 1707 2639 intcnebricati
1717 2604 1790 2633 tamen”I

1093 2668 1120 2690 et
1135 2661 1202 2697 justi
1225 2658 1346 2696 quamdiu
1368 2665 1416 2693 per
1431 2657 1572 2692 speculum
1596 2661 1624 2684 et
1639 2656 1665 2682 in
1679 2649 1798 2684 ςιιὲιιῖιῖιῖνίίτΗ

291 2769 314 2785 ⁹²
329 2769 424 2796 Matth.
443 2777 505 2802 xxv,
521 2770 564 2803 51,
581 2772 625 2800 δαὶ.
663 2773 685 2789 ’³
701 2772 772 2800 Psal.
789 2780 861 2806 xctx,
875 2773 902 2799 2.
952 2771 975 2789 9”
988 2771 1046 2798 Matt

1100 2776 1174 2802 xxiv,
1191 2767 1226 2794 26
1259 2769 1286 2793 et
1299 2769 1375 2797 seqq.
1413 2762 1436 2777 ⁵⁸
1450 2760 1522 2788 Psai.
1538 2767 1613 2792 cui,
1627 2759 1653 2786 5.
1689 2757 1707 2772 ἐ
1720 2750 1798 2780 Colit»ll

259 2805 301 2830 16.
