1839 3053
17 146 73 174 1715

17 208 70 235 dent
80 205 110 238 "’,
126 209 152 232 et
165 212 197 232 ex
212 210 287 240 parte
302 206 406 240 seipsos
422 211 599 240 cognoscunt,
615 215 667 234 non
682 214 775 234 secun-
793 205 816 234 Δ

17 254 69 280 itum
89 250 158 286 quod
179 258 241 278 vere
260 255 344 284 sunt;
371 251 463 278 tanditt
488 260 540 279 non
562 256 625 279 sunt
648 252 781 287 segregati

17 297 70 324 boni
85 304 99 323 a
113 295 189 322 malis
202 304 210 329 ;
229 303 290 322 cum
308 300 397 322 autetn
413 301 522 331 propter
536 297 779 324 manifestalionem

17 344 54 370 lilii
67 341 110 369 Dei
123 348 216 368 ontnes
236 341 269 367 ad
286 341 451 368 intellectum
472 342 596 368 venerint
610 349 700 372 suum,
717 347 781 368 tttnc

17 389 125 415 Salvator
138 387 289 422 srgrcgabit
300 387 386 415 bonos
400 395 414 414 a
428 387 516 415 malis.
534 387 603 415 Oves
614 392 703 415 autem
716 387 779 415 dicti

17 439 67 461 sunt
88 433 131 468 qui
156 434 294 460 salvantur
320 438 428 467 propter
447 434 681 461 mansuetudinem
699 442 779 468 quam

17 479 154 506 iidicerunt
168 478 202 505 ab
212 485 244 504 eo
256 479 301 512 qui
316 478 381 505 dicit
393 477 432 503 ’δι
449 478 546 505 Discite
557 487 572 505 a
586 486 624 505 me
634 479 696 512 quia
709 478 780 505 mitis

17 532 62 550 tum
73 528 96 550 et
110 523 216 550 humilis
233 523 320 554 corde,
333 527 359 550 et
372 528 480 558 propter
493 523 565 557 quod
581 531 667 557 usque
682 523 714 550 ad
730 531 779 551 oc-

17 568 128 595 :isionem
143 567 230 601 parati
248 567 357 594 fuerunt
372 568 464 594 venire
480 567 616 595 imitantes
629 567 778 600 Christum,

17 614 49 648 pii
71 614 139 641 sicut
152 614 210 641 ovis
233 614 266 641 ad
287 614 450 650 occisionem
473 614 570 641 ductus
585 619 643 646 est,
661 620 687 642 et
710 615 780 642 sicut

17 668 85 694 igntts
98 667 191 687 coram
210 660 336 687 tondente
354 668 382 688 se
398 660 456 688 sitte
469 668 550 694 voce;
565 665 591 688 et
607 669 660 688 non
676 661 779 695 simpli-

17 706 67 732 'iter
83 705 140 732 sine
160 713 240 738 vare,
255 706 302 733 sed
319 713 409 733 coratn
427 706 553 734 tondente
569 714 598 734 se
614 706 673 733 sine
695 714 777 739 voce,

17 752 73 778 dest
89 759 181 778 coram
193 751 332 778 auferente
344 760 405 786 qua:
416 757 479 779 sunt
490 752 575 787 ipsius
586 757 613 779 et
625 752 777 786 diripiente.

18 797 71 824 laedi
82 802 172 824 autem
183 797 312 824 dieuntttr
324 797 398 828 mali,
409 798 471 832 quia
484 805 580 832 aspera
591 801 619 824 et
629 798 698 825 dura
711 805 778 824 saxa

17 843 68 869 nale
84 842 245 874 ascendunt,
260 847 288 869 et
303 851 350 877 per
366 843 512 877 praecipitia
526 851 621 870 eorum
639 843 776 871 incedunt.
796 862 817 889 Β

17 889 44 915 ic
58 889 175 924 intelligo
191 889 256 915 mihi
273 893 301 916 et
317 894 426 916 sanctos
446 898 461 916 a
482 889 603 922 dextris,
622 889 667 924 qui
683 889 776 916 dextra

19 940 76 967 pera
91 934 197 968 operati
211 939 290 965 sunt,
307 938 334 961 et
352 935 458 968 plenius
474 940 538 962 sunt
551 935 674 962 conversi
689 936 721 962 ad
734 935 778 969 ju-

17 978 112 1011 titiam,
136 986 198 1012 qua:
218 986 325 1012 semper
339 987 354 1006 a
373 979 475 1007 dextris
495 984 537 1007 est
551 979 609 1006 Dei.
633 979 776 1014 Propterea

17 1024 146 1049 t‘ctllitilllll
166 1024 322 1058 dignitatem
337 1028 446 1051 actuum
462 1032 573 1052 suorum
588 1025 744 1052 dextrorum
762 1035 777 1053 a

17 1068 96 1094 extris
110 1069 276 1102 consistunt,
291 1073 318 1096 et
331 1074 493 1104 acceperunt
507 1071 655 1097 tnercedetn
669 1077 776 1098 suorum

17 1119 165 1147 utrorum,
180 1115 302 1141 dextram
320 1115 402 1150 regis,
418 1116 443 1142 in
459 1123 511 1150 qua
529 1116 637 1150 requies
653 1121 680 1143 ct
693 1117 776 1152 gloria

17 1163 45 1184 sl.
64 1158 114 1190 Qui
129 1163 220 1185 autem
237 1159 269 1185 ad
287 1159 490 1194 perversitatem
505 1160 565 1187 vita:
582 1161 687 1195 seipsos
700 1170 779 1196 sepa-

17 1208 124 1230 averunt
137 1212 153 1230 a
167 1203 270 1231 dextris
283 1209 392 1238 propter
407 1212 487 1239 opera
508 1213 555 1232 sua
571 1207 686 1240 pessima
702 1213 728 1234 et
741 1208 778 1235 si-

17 1249 89 1281 istra,
105 1249 266 1277 ceciderunt
281 1250 307 1276 in
326 1250 479 1283 sinistram,
497 1251 522 1278 id
537 1255 578 1278 est
597 1252 624 1279 in
639 1253 776 1280 tristitiam

17 1299 193 1322 n'ntentorum
205 1296 337 1329 damnati,
351 1301 460 1332 propter
470 1298 541 1332 quod
553 1306 568 1325 a
582 1299 700 1328 sinistris
713 1308 778 1327 con-

19 1344 102 1367 stunt.
120 1339 200 1368 Tunc
216 1340 286 1368 dicet
304 1341 336 1367 ad
349 1348 397 1368 eos
409 1341 456 1376 qui
468 1347 532 1370 suttt
543 1351 557 1370 a
567 1343 652 1379 888
664 1345 776 1378 dextris,

18 1385 114 1412 ivitans
130 1393 180 1413 eos
198 1385 230 1413 ad
245 1393 274 1412 se
290 1394 296 1412 :
316 1385 416 1418 Venite,
433 1392 461 1413 ut
474 1388 605 1422 quidquid
620 1389 710 1417 minus
720 1390 776 1418 fue-

17 1434 34 1456 ιι
47 1431 86 1458 eis
97 1451 104 1460 .
130 1438 194 1458 cum
214 1430 359 1465 perfectius
374 1432 442 1460 uniti
457 1432 558 1461 fuerint
571 1433 690 1467 Christo,
710 1443 778 1462 cou-

17 1482 143 1510 :quantur
157 1478 298 1505 audientes
312 1487 318 1505 :
342 1477 442 1513 Venite,
457 1483 484 1507 et
499 1479 638 1508 facientes.
657 1481 721 1509 Tale
737 1488 779 1509 est

17 1522 61 1548 tod
79 1523 148 1550 dicit
167 1523 239 1558 apud
254 1523 355 1551 Lucam
366 1525 387 1541 ”
401 1534 408 1553 :
426 1525 534 1560 Auferte
546 1527 672 1554 talentum
688 1528 720 1554 ab
736 1537 776 1561 eo,

26 1568 85 1595 date
98 1569 122 1596 ei
137 1570 184 1605 qui
206 1569 281 1596 habet
302 1570 399 1597 decem.
420 1571 512 1598 Omnis
530 1573 599 1599 enim
619 1574 664 1608 qui
682 1573 776 1607 habet,

17 1614 100 1641 {detur
113 1616 138 1642 ei
152 1622 162 1641 :
183 1616 228 1650 qui
250 1620 338 1642 autem
353 1624 404 1642 non
428 1617 516 1650 habet,
537 1623 562 1644 et
583 1619 653 1653 quod
677 1619 778 1646 videtur

17 1659 92 1693 there,
110 1661 250 1695 auferetur
269 1661 300 1691 ob
322 1670 361 1689 eo.
386 1661 470 1690 Vocat
485 1668 574 1691 autent
590 1665 650 1692 illos
666 1665 776 1693 benedi-

17 1713 45 1732 os
61 1705 165 1740 Patris,
182 1706 274 1734 addito
289 1707 418 1734 benedicti
436 1708 526 1736 Patris
542 1711 602 1742 mei,
615 1715 645 1737 ut
657 1711 778 1739 eminen-

17 1758 24 1776 ι
40 1752 243 1780 benedictionis
256 1761 350 1782 eorum
366 1756 566 1789 manifestetur,
581 1757 627 1791 qui
645 1757 778 1784 benedicti

21 1800 49 1822 nt
72 1805 86 1822 ιι
115 1797 237 1825 Dontino
265 1799 312 1833 qui
340 1799 402 1827 fecit
427 1801 525 1827 caelum
556 1805 583 1828 et
608 1805 725 1834 terram;
751 1807 778 1829 et

17 1842 101 1869 rsitan
127 1844 195 1878 quia
217 1849 281 1871 sunt
305 1845 388 1880 aliqui
410 1846 552 1874 inferiores
576 1847 622 1881 qui
645 1847 777 1876 benedicti

17 1888 95 1916 tidem
112 1895 192 1921 sunt,
208 1899 262 1918 non
280 1897 369 1919 autem
384 1891 482 1919 Patris.

20 1934 63 1961 7i.
83 1935 210 1970 Accipite
228 1944 333 1971 regnum
351 1938 420 1968 quod
435 1938 506 1965 vobis
522 1943 700 1973 praeparatum
712 1945 749 1967 est
762 1949 778 1967 α

17 1982 180 2008 nstitulione
188 1983 279 2008 ntumli
295 1983 314 2009 ¹.
327 1982 403 2015 Quod
422 1983 448 2010 in
466 1984 562 2012 Latino
578 1985 668 2016 habet,
683 1994 700 2013 a
714 1994 777 2012 con-

19 2028 124 2054 tun'one
144 2028 251 2060 mundi,
267 2028 293 2055 in
309 2028 402 2055 Gratco
419 2031 459 2057 sic
474 2030 554 2057 habet
567 2039 573 2057 :
587 2039 603 2057 α
618 2031 778 2064 depositione

17 2073 94 2106 indi,
120 2080 150 2101 et
163 2074 314 2101 secundum
338 2074 462 2102 Graecum
489 2083 640 2103 sermonem
668 2077 779 2111 exponit

18 2126 40 2145 te
55 2119 219 2146 secundum
232 2119 358 2147 Latinum
373 2128 427 2147 non
442 2121 619 2149 conveniebat
631 2129 776 2157 exponere.

17 2172 71 2192 lare
95 2170 196 2192 autent
220 2166 330 2193 nomine
353 2167 532 2202 depositionis
553 2167 586 2194 de
609 2168 710 2195 mundo
725 2167 778 2195 fre-

17 2216 97 2238 enter
125 2215 246 2237 tttuntur
268 2210 414 2246 Scriptura:
427 2233 434 2245 ,
458 2213 529 2240 sicut
549 2217 576 2239 et
598 2213 642 2240 hic
659 2213 775 2240 dicens:
795 2214 816 2241 D

17 2256 186 2291 teporitt'one
198 2255 300 2288 mundi,
314 2261 420 2291 quaerat
431 2257 477 2292 qui
492 2262 588 2292 potest,
604 2257 693 2285 sciens
712 2258 775 2292 quia

17 2311 30 2328 ιι
43 2310 133 2329 omne
148 2302 226 2336 quod
240 2309 360 2329 creatum
374 2307 426 2336 est,
440 2303 590 2337 depositum
603 2303 712 2336 dicitur,
727 2312 776 2331 ttec

17 2348 114 2383 'iptutn
135 2351 184 2375 est
196 2347 306 2379 alicubi,
323 2356 338 2374 a
352 2348 519 2382 depositione
536 2348 653 2380 sedium,
668 2353 715 2376 aut
728 2350 776 2376 do-

17 2394 168 2420 natiouutn
182 2413 191 2425 ,
208 2398 254 2419 aut
267 2393 477 2428 principatuttm.
497 2393 670 2428 Congregans
685 2398 774 2421 autem

20 2439 164 2466 omnibus
190 2445 288 2464 nomen
304 2437 491 2472 depositionis,
509 2438 532 2465 si
554 2437 623 2466 forte
645 2439 671 2465 iu
692 2439 776 2467 altero

17 2494 67 2520 tuo
90 2485 207 2512 dictuttt
223 2488 275 2515 est,
290 2487 318 2511 et
338 2491 500 2518 comparans
518 2492 549 2511 ea
573 2492 636 2512 cum
660 2485 701 2513 his
716 2493 776 2520 quae

18 2537 110 2558 untur
128 2530 167 2558 de
186 2529 279 2557 mundi
294 2529 473 2564 depositione,
489 2531 639 2558 ascendens
655 2539 701 2565 per
716 2539 776 2557 Ver-

17 2587 36 2604 n
54 2578 90 2604 ad
105 2580 216 2604 cetera
234 2580 322 2603 creata
336 2576 457 2611 quidem,
470 2582 523 2602 non
536 2580 626 2603 autetn
644 2577 776 2611 deposita,

18 2630 54 2649 eo
72 2622 154 2656 quod
173 2628 229 2648 non
245 2625 286 2648 est
300 2629 395 2648 eorum
414 2621 484 2648 facta
501 2621 649 2656 depositio,
675 2622 777 2650 videbis

17 2676 86 2695 lSIInI
102 2665 261 2694 nominatae
272 2667 460 2701 depositionis,
471 2668 543 2702 quod
555 2675 653 2694 nomen
672 2673 776 2695 talltum

21 2714 137 2741 mundo
155 2712 318 2746 suscipitur.
337 2713 453 2741 Credere
469 2719 558 2741 autem
575 2714 631 2740 haec
651 2715 713 2741 talia
732 2715 775 2740 lit-

22 2817 45 2830 ⁵⁷
62 2816 69 2842 Ι
87 2815 162 2842 Cor.
185 2820 251 2843 xm,
268 2811 308 2838 12.

18 2856 94 2879 attlt.
117 2858 173 2882 vn,
196 2848 222 2874 6.

365 2813 386 2828 ’³⁸
404 2812 495 2839 Matth.
513 2821 549 2845 xt,
565 2813 609 2839 ρει.

569 143 894 173 C(HIMENTARIORUM
917 144 1048 172 SERIES.

665 2814 687 2828 "
705 2811 770 2839 Luc.
789 2821 844 2842 xtx,
860 2812 904 2843 “li,
922 2811 971 2843 26;

262 2847 272 2862 ³
287 2847 380 2874 Matth.
399 2856 467 2880 xxv,
484 2848 527 2874 35.
563 2848 690 2874 ‘Colozs.
712 2855 758 2879 ιιι,
780 2847 820 2874 12.

1549 150 1615 178 ΠΗ

829 204 894 232 teris
907 213 968 239 qua:
984 210 1097 239 possetut
1113 210 1138 233 ct
1155 206 1181 233 in
1201 214 1298 234 manus
1314 207 1454 235 hominum
1470 210 1539 237 male
1555 219 1615 238 mo—

832 257 952 278 ratorum
966 252 1068 283 venire,
1078 256 1104 279 et
1118 253 1355 286 calutnniatorum,
1364 259 1391 281 et
1406 255 1531 283 novitatis
1542 264 1616 284 ama-

833 300 931 329 torum,
950 304 1002 324 non
1022 302 1063 325 est
1079 298 1243 332 religiosum,
1267 303 1296 325 ut
1317 307 1351 326 ne
1372 301 1523 335 margaritae
1534 302 1615 329 nitnis

831 345 982 375 exoperataz
991 345 1054 368 ante
1069 349 1164 376 porcos
1179 343 1330 375 mittantur,
1340 351 1427 377 neque
1437 349 1531 372 sancta
1544 346 1616 372 cani—

831 388 883 414 bus
896 388 993 414 dentur
1004 388 1025 414 '.

867 433 911 459 7‘2.
925 433 1046 465 Esurivi,
1064 438 1089 459 et
1103 434 1213 460 dedistis
1234 435 1297 461 mihi
1321 435 1496 467 manducare,
1515 440 1542 463 et
1562 444 1615 463 cat-

831 483 888 505 tera
902 478 923 506 ⁸.
942 477 1053 504 Videtur
1070 478 1135 505 mihi
1152 486 1198 512 per
1212 479 1268 505 lucc
1279 499 1286 511 ,
1298 478 1361 513 quia
1373 487 1426 505 non
1442 480 1522 507 unius
1537 480 1614 514 justi-

832 523 875 550 tim
890 523 994 557 species
1019 529 1223 553 remuneratur.
1250 523 1320 550 sicut
1344 524 1501 551 existimant
1523 525 1612 552 multi.

831 569 986 596 Absurdum
1011 568 1136 595 cstcnim
1162 569 1229 595 nihil
1247 569 1318 596 aliud
1336 568 1484 604 intelligere
1507 570 1612 598 virtutis

832 615 858 641 in
872 622 903 642 eo
917 615 961 649 qui
979 614 1013 641 ita
1032 615 1288 647 retnuueratur,nisi
1308 619 1410 641 tantum
1430 616 1612 642 communica-

832 660 931 687 tionem
945 660 1131 686 humanitatis.
1144 658 1202 686 Non
1213 660 1284 686 enim
1299 660 1350 686 hoc
1361 660 1476 687 dicimus
1489 666 1517 688 ιιι
1529 662 1612 696 negli-

831 705 938 740 gentius
952 705 1110 733 Studeamus
1128 705 1334 737 humanitatem,
1354 713 1414 732 cum
1430 707 1464 733 sit
1486 707 1612 734 omnibus

830 750 954 777 fidelibus
967 751 1102 786 praecipue
1116 750 1296 785 observanda,
1312 751 1358 778 sed
1374 757 1402 778 ut
1417 753 1507 779 omnia
1521 761 1612 787 aequa-

830 796 892 824 liter
905 801 952 823 aut
968 801 996 823 ut
1009 804 1077 831 pene
1091 797 1230 831 aequaliter
1245 796 1412 831 studeamus,
1428 803 1457 824 ut
1471 802 1611 833 propterea

830 849 863 868 ex
887 842 1016 869 omnibus
1032 850 1138 869 onmem
1158 843 1371 870 benedictionem
1388 843 1568 878 percipiantus
1586 844 1610 870 in

830 886 987 914 cmlestibus
1005 888 1031 914 itt
1054 887 1163 915 Christo
1177 887 1252 915 Jesu.
1275 888 1395 916 Primum
1411 895 1500 916 autem
1523 890 1612 916 scicn-

830 932 894 958 dutn
910 936 951 959 est
968 933 1108 967 quoniam,
1124 933 1204 966 sicut,
1222 938 1352 968 quantum
1369 935 1401 961 ad
1420 940 1540 967 textum,
1558 943 1611 961 ttott

830 977 927 1004 suﬂicit
936 978 968 1004 ad
977 981 1193 1013 consequendam
1205 979 1278 1014 regni
1289 980 1406 1007 caelestis
1418 980 1611 1011 ltazreditatetn.

829 1023 895 1049 dare
907 1023 1092 1050 esurientibus
1110 1024 1284 1057 manducare,
1302 1024 1353 1052 nisi
1368 1029 1394 1051 et
1410 1031 1505 1052 caetera
1518 1025 1612 1052 feceri-

831 1075 892 1094 mus
904 1075 964 1101 qua:
975 1068 1188 1102 subsequuntur,
1201 1069 1240 1097 sic
1255 1077 1309 1095 tton
1324 1070 1451 1104 possibile
1463 1070 1554 1097 omnia
1567 1071 1610 1097 illa

830 1113 980 1140 secundum
996 1118 1098 1141 textum
1113 1114 1239 1149 implere,
1255 1115 1324 1142 sicut
1339 1116 1496 1145 existimant
1516 1117 1590 1144 multi
1603 1137 1610 1150 ,

831 1157 881 1184 nisi
897 1165 930 1184 ex
946 1161 1021 1192 parte
1043 1158 1178 1193 egerimus
1198 1164 1292 1187 contra
1307 1159 1354 1187 Dei
1373 1161 1541 1189 mandatum.
1559 1161 1611 1189 Ne—

829 1210 905 1230 cesse
920 1208 961 1230 est
981 1210 1043 1230 eum
1059 1207 1084 1230 et
1102 1209 1285 1238 quaestuosum
1301 1213 1376 1239 esse,
1399 1211 1429 1233 ut
1448 1206 1493 1234 det
1509 1207 1610 1238 cibum.

830 1254 857 1276 ct
873 1253 965 1283 potuttt
976 1269 984 1282 ,
999 1253 1025 1276 et
1038 1250 1228 1277 vostimentum
1243 1250 1352 1278 Christo
1369 1252 1510 1285 esurienti,
1527 1258 1554 1280 et
1573 1254 1611 1280 si-

831 1296 920 1329 tienti,
938 1300 965 1324 et
979 1296 1078 1331 algenti
1095 1296 1121 1324 in
1138 1298 1257 1329 sanctis,
1274 1303 1305 1325 ut
1325 1298 1376 1326 hoc
1393 1299 1474 1326 modo
1490 1305 1516 1327 et
1533 1308 1611 1335 pcre-

829 1341 934 1376 grinunt
949 1349 1011 1369 eum
1031 1342 1150 1377 colligat,
1165 1347 1192 1371 et
1206 1343 1342 1371 inlirntum
1360 1345 1459 1377 visitet,
1477 1350 1503 1372 et
1517 1351 1559 1373 eat
1578 1347 1611 1373 ad

830 1395 893 1415 eum
911 1387 938 1414 in
952 1395 1100 1416 carcerem.
1118 1387 1185 1415 Vere
1201 1393 1291 1416 autem
1309 1389 1366 1417 sive
1383 1391 1530 1417 secundum
1544 1391 1612 1417 sim~

830 1432 942 1467 pliciora
961 1437 989 1460 et
1005 1433 1157 1467 corporalia
1172 1433 1241 1460 bene
1258 1432 1328 1461 facta
1345 1434 1539 1469 intelligamus,
1556 1436 1612 1463 sive

830 1478 980 1505 secttndum
997 1479 1129 1513 spiritalia
1142 1499 1150 1511 ,
1163 1483 1265 1506 certum
1280 1484 1320 1506 est
1335 1482 1463 1514 quoniam
1480 1482 1536 1508 sive
1551 1482 1611 1515 hoc,

830 1523 887 1551 sive
909 1524 955 1550 illo
978 1526 1058 1551 modo
1081 1524 1144 1559 quis
1166 1524 1248 1552 faciat
1261 1532 1331 1559 opus
1346 1525 1447 1552 bonum
1463 1531 1490 1553 et
1512 1528 1614 1554 nutriat

829 1570 934 1598 attimas
942 1570 1109 1606 spiritalibus
1119 1571 1196 1603 cibis,
1205 1572 1262 1599 sive
1271 1572 1485 1608 qualemcunque
1497 1574 1612 1607 speciem

829 1616 893 1648 horti
916 1617 1006 1651 o'peris
1028 1617 1090 1651 quis
1114 1617 1194 1644 ftterit
1219 1623 1346 1653 operatus
1371 1624 1480 1653 propter
1507 1619 1589 1646 Deum
1604 1641 1611 1652 ,

828 1660 938 1688 Christo
960 1660 1090 1688 esurienti
1115 1666 1141 1688 et
1155 1662 1257 1689 sitienti
1280 1663 1326 1689 dat
1352 1663 1441 1689 cibum
1464 1668 1490 1689 ct
1508 1667 1611 1697 petituri.

829 1706 892 1733 Sive
907 1713 968 1741 quae
984 1706 1099 1734 facimus
1114 1707 1215 1734 sanctis
1232 1708 1279 1743 qui
1295 1713 1359 1735 sunt
1380 1709 1476 1735 divites
1492 1709 1611 1742 meritis,

829 1759 960 1786 pauperes
974 1752 1065 1784 rebus,
1078 1752 1135 1779 sive
1147 1753 1172 1780 in
1188 1753 1354 1788 quibuslibet
1369 1754 1414 1788 qui
1429 1754 1533 1781 meritis
1545 1761 1612 1788 pau-

829 1805 907 1831 peres
925 1801 1006 1830 sunt,
1021 1797 1073 1824 etsi
1089 1797 1189 1825 fuerint
1203 1798 1300 1825 divites
1316 1799 1407 1831 rebus,
1425 1799 1481 1826 sive
1502 1800 1526 1825 itt
1544 1807 1612 1833 qua-

831 1841 1011 1875 libuscunque
1025 1840 1116 1868 causis
1132 1841 1289 1868 mandatum
1309 1842 1408 1868 Christi
1426 1842 1487 1876 quis
1501 1843 1609 1873 fecerit,

827 1886 964 1913 Christum
977 1886 1046 1913 cibat
1059 1891 1085 1913 et
1101 1891 1183 1921 potat,
1197 1887 1241 1921 qui
1255 1886 1374 1913 ﬁdelium
1384 1887 1516 1921 justitiam
1528 1892 1554 1914 et
1565 1895 1610 1914 vc-

828 1932 935 1958 ritatem
951 1931 1097 1959 tttanducat
1111 1936 1137 1958 et
1154 1932 1232 1959 bibit.
1247 1931 1312 1959 item
1326 1932 1463 1959 Christum
1477 1933 1609 1966 algentem

828 1978 945 2005 teximus
960 1979 1130 2011 vestimento,
1147 1978 1310 2013 accipientes
1324 1979 1462 2013 sapientia:
1479 1983 1609 2006 tecturam

828 2032 842 2050 a
864 2023 928 2057 Deo,
943 2029 971 2051 ut
987 2032 1033 2059 per
1052 2024 1205 2051 doctrinam
1228 2024 1335 2059 aliquos
1350 2025 1513 2058 doceamus,
1527 2029 1554 2052 et
1571 2025 1610 2052 in-

828 2071 943 2098 duamus
958 2078 1005 2098 eos
1019 2070 1122 2098 viscera
1137 2071 1341 2103 misericordiae,
1356 2071 1519 2102 castitatem,
1534 2079 1612 2099 mau-

829 2114 1012 2148 suetudinem,
1025 2115 1216 2150 humilitatem,
1227 2122 1393 2151 exterasque
1405 2117 1516 2145 virtutes
1529 2126 1535 2144 :
1551 2125 1612 2152 quae

829 2167 924 2187 omnes
938 2161 1051 2189 virtutes
1063 2161 1194 2196 spiritalia
1210 2166 1273 2189 sunt
1285 2163 1446 2190 vestimenta
1457 2171 1550 2190 eorum
1565 2164 1611 2198 qui

830 2206 944 2232 audiunt
956 2206 1106 2234 doctrinam
1121 2208 1276 2235 docentium
1296 2216 1360 2242 cas,
1383 2209 1532 2237 secundum
1549 2218 1611 2237 eum

829 2255 876 2289 qui
892 2254 957 2282 dicit
971 2254 1101 2282 :-Induite
1112 2264 1155 2282 vos
1168 2256 1267 2282 viscera
1282 2257 1481 2289 misericordia,
1496 2257 1613 2293 benigni-

831 2306 929 2332 tatem,
957 2299 1132 2327 humilitatem
1146 2320 1153 2332 ,
1170 2302 1414 2334 mansuetudinem,
1438 2307 1465 2329 et
1482 2307 1578 2329 uetera
1590 2303 1610 2329 δ.

830 2346 917 2380 Magis
931 2350 1021 2372 autent
1037 2350 1064 2372 et
1076 2346 1166 2380 ipsutn
1182 2346 1322 2374 Christum
1338 2347 1385 2382 qui
1404 2347 1462 2374 haec
1473 2347 1565 2374 omnia
1578 2348 1611 2373 ti-

829 2393 936 2420 delibus
950 2397 1002 2424 est,
1017 2393 1165 2420 secundum
1177 2400 1238 2420 etnn
1250 2393 1296 2428 qui
1311 2393 1380 2420 dixit
1390 2394 1400 2409 '
1416 2402 1422 2419 :
1437 2392 1543 2419 Induite
1559 2392 1612 2419 Do-

830 2439 930 2465 minum
946 2438 1048 2466 Iesum.
1064 2439 1132 2466 Cutn
1148 2447 1212 2474 ergo
1234 2438 1367 2473 ejusmodi
1381 2438 1550 2465 vestimentis
1567 2446 1612 2465 ve-

830 2484 969 2512 stierimus
986 2492 1070 2512 unum
1085 2485 1119 2512 de
1132 2484 1252 2511 minimis
1263 2484 1289 2510 in
1304 2483 1413 2511 Christo
1428 2483 1610 2516 credentibus,

829 2530 917 2564 ipsum
937 2529 1080 2557 Dominum
1097 2529 1219 2556 videmur
1234 2529 1400 2561 vestiisse,ut
1417 2537 1461 2560 ne,
1479 2533 1611 2564 quantum

830 2576 863 2602 ad
884 2583 943 2608 nos,
962 2576 1065 2602 nudum
1085 2575 1121 2602 sit
1144 2575 1254 2602 verbum
1272 2573 1319 2600 Dei
1343 2573 1369 2600 itt
1386 2573 1496 2600 mundo.
1516 2574 1568 2602 Sed
1586 2579 1613 2601 et

830 2620 1002 2655 peregrinum
1021 2620 1067 2647 Dei
1084 2619 1182 2646 Filium
1199 2619 1391 2649 constitutum,
1410 2622 1437 2645 ct
1450 2618 1613 2645 domesticos

829 2667 952 2701 corporis
963 2667 1023 2701 ejus
1037 2667 1193 2700 peregrinos
1205 2665 1231 2692 itt
1247 2665 1348 2693 tnundo
1361 2665 1395 2692 ab
1407 2664 1532 2692 omnibus
1547 2664 1612 2690 acti-

830 2713 881 2740 bus
896 2712 1092 2746 corporalibus,
1109 2712 1180 2739 sicut
1191 2712 1248 2746 ipse
1260 2716 1286 2739 et
1299 2711 1332 2739 de
1348 2718 1377 2739 se
1387 2715 1413 2738 et
1428 2710 1460 2738 de
1474 2709 1612 2743 discipulis

1006 2811 1099 2838 Matth.
1114 2819 1177 2844 xxv,
1193 2811 1237 2844 28,
1253 2811 1298 2838 '29.
1354 2811 1362 2826 ‘
1379 2809 1474 2837 Matth.
1492 2818 1552 2843 ur,
1567 2809 1607 2837 ,Ἠ⁴

855 2848 864 2862 ⁵
880 2847 958 2874 Rom.
976 2854 1023 2874 »ιιι
1035 2867 1041 2879 ,
1062 2846 1102 2873 ιι.
