1839 3053
165 2826 171 2847 ἱ
209 2829 228 2843 ¹¹
243 2830 360 2859 Ηιίιι.5ι.

231 141 302 169 Πιὸ

830 139 991 167 ORIGENIS
1007 139 1039 167 IN
1059 138 1264 167 MATTIIA‘LUM
1780 136 1816 163 litt

229 203 288 231 suis
304 202 371 230 dicit
385 202 412 230 ἰ
427 201 460 229 Ει
477 202 522 229 isti
540 209 590 229 non
604 206 664 228 sunt
678 201 709 228 de
723 201 770 227 hoc
783 201 891 233 mundo,
907 202 975 227 sicut
988 206 1011 227 et
1027 204 1050 231 Α
1064 201 1175 228 istorum
1198 201 1313 235 fratrum
1330 209 1458 234 meorum,
1483 200 1557 226 mihi
1582 199 1698 234 fecistis.
1720 197 1817 225 Videam

228 257 275 283 rgo
289 257 341 275 non
358 256 416 276 sum
427 249 459 275 de
476 249 524 275 hoc
541 248 647 274 mundo.
663 247 695 274 Et
707 247 803 282 qumrit
813 246 937 274 Christus
954 253 1015 273 cum

230 295 289 322 suis
304 295 423 322 animam
449 294 494 321 ubi
512 295 649 321 succedat.
667 293 780 325 Quando
794 300 858 328 ergo
880 300 1015 326 prxpara-

228 346 290 366 mus
306 347 353 366 cor
371 343 494 365 nostrum
510 338 624 365 diversis
637 338 783 364 virtutibus
797 338 829 364 ad
852 342 1014 371 receptacu-

232 383 289 410 lum
305 385 365 418 ejus
380 383 420 410 vel
434 384 540 410 illorum
559 384 605 418 qui
628 387 692 410 sunt
709 383 809 417 ipsius,
826 383 914 417 ipsum
936 390 1014 416 pere-

226 429 377 463 grinantem
396 429 561 462 suscipimus
591 429 618 455 in
634 429 746 455 domum
773 428 889 463 pectoris
916 429 1012 462 nostri,

226 474 356 501 facientes
378 473 549 501 cmuaculum
564 481 704 509 magnum,
720 475 878 501 mundatum
893 478 919 501 et
932 481 1013 501 orna-

226 525 282 547 tum
292 520 324 546 ad
334 520 533 554 susceptionem
542 519 641 547 Christi
651 520 848 555 peregrinantis
857 520 882 546 in
897 520 1010 553 mundo,

226 569 442 599 ceterorumque
465 565 660 599 discipulorum
678 566 773 600 ipsius.
797 565 918 598 Quorum
939 566 1010 593 enim

224 607 338 634 verbum
354 607 530 642 suscipimus,
547 613 573 635 et
590 609 664 644 ipsos
677 610 830 644 suscepisse
846 610 967 637 videmur
983 611 1011 637 in

223 653 313 686 nobis,
323 658 350 680 et
360 661 407 688 per
420 654 494 688 ipsos
503 654 655 688 Christum,
663 655 741 690 cujus
751 656 874 690 bajulant
885 656 1008 684 verbum.

222 695 290 726 Item
307 699 334 725 in
350 699 495 727 inﬁrmatis
508 700 678 733 hominibus,
696 702 754 728 sive
772 709 786 728 a
805 702 873 734 ﬁde,
891 702 949 729 sive
975 703 1009 729 ab

222 743 312 778 aliquo
325 751 408 779 opere
419 745 502 775 bono,
519 751 565 772 aut
574 747 731 773 scandalum
742 748 917 782 patientibus,
930 749 1008 776 Chri-

221 794 280 816 stus
295 789 448 816 inﬁrmatur
460 795 485 817 et
494 791 651 818 scandalum
669 793 778 826 patitur,
789 793 859 820 sicut
873 795 930 828 ipse
942 795 1008 822 dicit

220 834 254 860 ad
270 833 379 861 Petrum
397 843 458 870 qua:
471 836 562 864 carnis
578 841 641 863 sunt
657 838 804 872 sapientem
818 848 824 866 :
845 838 1006 866 Scandalum

221 878 286 905 mihi
304 887 331 905 es
342 880 363 913 ',
379 880 429 907 hoc
445 885 496 912 est,
512 881 656 910 inﬁrmitas
677 883 741 909 mihi
753 891 792 910 es.
810 883 860 910 Sed
873 888 899 910 et
910 891 1005 911 omnes

220 923 346 959 discipuli
363 925 422 959 ejus
440 926 531 954 dilecti
547 927 628 954 simul
645 936 707 955 cum
721 929 819 956 talibus
831 929 1006 957 inﬁrmantur

219 974 247 996 et
261 971 419 998 scandalum
440 972 580 1010 patiuntur
591 973 729 1001 dicentes:
749 974 817 1007 Quis
835 975 1003 1008 inﬁrmatur,

217 1019 245 1042 et
273 1023 326 1042 non
352 1017 546 1044 inlirmamur?
566 1019 628 1052 quis
655 1020 870 1053 scandalizatur,
898 1025 925 1048 et
949 1028 1003 1047 non

218 1061 325 1087 urimur
354 1062 457 1090 nos”?
486 1062 518 1090 Et
548 1063 570 1090 si
600 1064 726 1098 discipuli
754 1065 813 1099 ejus
838 1066 1004 1092 conﬁrman-

218 1110 263 1132 tur
281 1106 407 1139 inﬁrmis,
427 1113 530 1143 quanto
557 1109 643 1144 magis
669 1109 726 1144 ipse
745 1109 869 1138 Salvator
897 1116 1004 1138 creator

215 1150 301 1186 889
330 1152 470 1187 ipsorum?
497 1153 564 1180 Nam
591 1162 672 1188 quem
701 1155 788 1190 major
816 1156 1002 1183 misericordia

217 1199 289 1222 tenet
307 1196 447 1224 hominum
463 1198 646 1229 inﬁrmorum,
665 1199 772 1234 gravior
787 1200 949 1235 constringit
961 1201 1003 1228 in-

216 1239 331 1268 tirmitas
349 1242 421 1269 talis.
434 1242 501 1269 Cum
518 1251 582 1278 ergo
598 1252 681 1270 litium
699 1243 814 1271 fratrum
832 1246 1001 1274 inﬁrmorum

215 1286 427 1320 visitaverimus,
442 1292 490 1315 aut
512 1297 559 1324 per
578 1290 741 1322 doctrinam,
755 1295 802 1318 aut
818 1299 864 1326 per
875 1292 1000 1327 increpa-

215 1331 328 1366 tionem,
345 1338 393 1360 aut
413 1341 462 1368 per
486 1336 712 1368 consolationem,
730 1341 777 1364 aut
797 1338 934 1372 precibus,
953 1343 1001 1367 aut

215 1378 437 1412 terrorcjudicii,
453 1384 500 1406 aut
523 1380 614 1414 aliqua
636 1381 706 1408 bona
728 1389 808 1416 opera
826 1381 956 1411 facientes
972 1384 999 1411 in

213 1431 286 1455 cum,
308 1423 453 1451 fecerimus
469 1425 612 1453 meliorare
632 1426 659 1453 in
675 1426 794 1459 Christo,
814 1427 902 1462 ipsum
918 1429 999 1457 Chri-

214 1474 285 1496 stum
298 1469 480 1502 visitarimus,
496 1476 524 1498 et
546 1471 761 1500 confortavimus
777 1474 955 1508 inﬁrmatam,
971 1481 999 1502 et

213 1517 327 1540 cmteros
343 1513 491 1548 discipulos
506 1514 609 1542 Christi
630 1515 730 1543 talibus
741 1518 916 1551 passionibus
930 1527 997 1546 cou-
1011 1529 1031 1558 ε

214 1557 353 1585 firmantes
371 1559 574 1593 re'frigcramus,
594 1561 666 1588 sicut
687 1562 787 1590 Paulus
803 1564 835 1590 ad
858 1563 997 1592 Philemo-

211 1610 273 1629 nem
290 1603 356 1630 dicit
375 1605 405 1630 9:
429 1604 564 1631 Gaudium
575 1607 644 1633 enim
661 1615 784 1642 magnum
807 1609 956 1642 habuimus,
972 1615 997 1637 et

211 1648 415 1676 consolatione»:
426 1649 454 1676 in
461 1651 589 1678 charitate
603 1657 658 1685 tua,
667 1654 729 1687 quia
741 1654 837 1681 viscera
846 1661 996 1682 sanctarum

211 1694 390 1728 requieverunt
414 1703 460 1729 per
479 1700 514 1728 te,
536 1696 628 1730 frum.
648 1697 680 1724 Et
698 1707 731 1725 ne
745 1703 823 1733 putes
837 1708 899 1727 esse
921 1701 995 1728 blas-

211 1741 350 1774 phemum,
365 1741 502 1769 inﬁrmum
525 1743 614 1771 dicere
636 1744 786 1776 Christum.
804 1746 862 1781 Ipse
877 1748 949 1775 enim
961 1756 995 1776 ex

210 1787 367 1815 infirmitate
381 1794 423 1816 est
437 1789 585 1818 cruciﬁxus
597 1796 706 1825 propter
727 1793 953 1824 misericordiam.
969 1798 995 1822 et

210 1833 268 1868 ipse
280 1834 452 1863 inﬁrmitates
463 1841 570 1865 nostras
582 1842 681 1872 portat,
690 1843 717 1865 et
725 1846 818 1866 omnes
832 1841 887 1866 noti
897 1840 991 1874 ipsius.

210 1878 312 1907 Deinde
326 1887 407 1908 omne
420 1881 493 1916 quod
523 1882 566 1909 hic
582 1887 635 1913 est,
655 1891 748 1911 carcer
775 1889 817 1911 est
840 1885 941 1912 Christi
966 1890 993 1913 et

208 1932 303 1951 eorum
317 1926 363 1960 qui
377 1931 441 1954 sunt
454 1927 550 1961 ipsius.
564 1927 709 1963 Propterea
728 1937 822 1957 eamus
833 1930 865 1957 ad
880 1938 927 1958 eos
945 1931 993 1966 qui

209 1971 236 1998 in
260 1971 341 1998 domo
362 1973 532 2000 vinculorum
564 1975 679 2002 istorum
709 1975 842 2003 habentur
864 1978 941 2011 quasi
965 1978 992 2005 in

209 2023 328 2049 carcere,
347 2022 373 2043 et
387 2023 450 2045 sunt
465 2019 492 2045 in
507 2018 558 2046 hoc
575 2019 677 2046 mundo
688 2020 827 2054 degentes.
841 2022 919 2056 quasi
931 2030 992 2050 car-

208 2068 270 2088 cere
294 2067 397 2089 naturae
418 2063 578 2090 necessitate
600 2065 750 2092 constricti.
767 2066 835 2093 Cum
852 2075 916 2102 ergo
934 2069 991 2095 abi-

208 2106 312 2133 erimus
324 2107 356 2133 ad
370 2108 447 2140 tales,
462 2112 489 2135 et
502 2116 582 2136 omne
598 2117 666 2144 opus
686 2111 787 2138 bouum
806 2111 949 2141 fecerimus
963 2114 989 2141 in

211 2153 258 2183 eis,
274 2152 444 2180 visitavimus
464 2161 511 2181 eos
527 2154 552 2181 in
567 2162 684 2187 carcere,
700 2162 725 2183 et
738 2157 876 2185 Christum
900 2159 925 2185 in
939 2160 988 2187 eis.

1067 253 1140 272 nunc
1161 246 1233 280 quod
1259 246 1324 273 dicit
1342 246 1449 281 justis:
1481 245 1594 278 Venite,
1625 244 1746 271 benedicti
1763 244 1817 270 l’um

1066 291 1116 316 mei
1140 291 1175 324 ";
1197 290 1306 325 injustis
1325 296 1414 318 autem
1440 301 1446 318 :
1472 290 1620 317 Discedite
1644 298 1661 315 a
1683 297 1719 315 me
1738 289 1766 319 ¹³;
1783 297 1818 315 cun

1065 336 1180 364 fuissent
1194 337 1288 372 utique
1301 337 1403 369 ﬁdeles,
1421 341 1449 364 et
1464 336 1660 371 intelligimus
1682 335 1818 369 impletum

1065 381 1105 408 eis
1117 381 1188 414 quod
1203 381 1332 416 scriptum
1347 385 1389 408 est
1401 381 1422 397 ‘5
1440 390 1447 408 :
1469 382 1554 408 Omni
1572 381 1688 407 habenti
1702 380 1795 409 dabitur,
1806 389 1818 405 ιι

1064 424 1227 457 abundabit;
1241 426 1273 452 ab
1288 434 1318 452 eo
1333 432 1421 452 autent
1441 426 1486 460 qui
1506 433 1561 451 non
1583 424 1677 455 habet,
1693 425 1762 451 etiam
1777 426 1818 458 qui:

1062 471 1165 498 videtur
1184 471 1277 497 habere
1293 472 1427 505 auferetur
1439 471 1471 497 ab
1486 478 1527 498 eo.
1541 469 1616 497 Nam
1641 470 1771 505 propinqui
1781 475 1819 495 sunt

1064 516 1162 549 Verbo,
1182 517 1228 551 qui
1242 521 1351 544 servant
1366 517 1411 543 Dei
1434 517 1616 549 mandatum,
1639 522 1667 543 et
1682 521 1791 543 vocantur
1803 523 1819 541 Ut

1062 562 1149 589 adhuc
1170 562 1257 597 magis
1271 563 1482 597 propinquiores
1501 562 1667 589 efﬁciantur
1689 562 1818 588 audientes:

1068 605 1165 638 Venite,
1187 606 1313 633 benedicti
1337 607 1427 633 Patris
1449 607 1520 644 mei.
1537 606 1638 640 Longe
1661 611 1745 632 autem
1762 606 1787 631 ab
1800 614 1818 631 ευ

1060 656 1135 684 sunt,
1158 652 1209 679 etsi
1237 652 1377 680 videantur
1397 652 1527 679 assistere
1551 652 1592 684 ei,
1609 651 1660 686 qui
1684 658 1735 678 non
1749 650 1818 678 faciunt

1060 698 1186 724 mandata
1205 697 1300 732 ipsius.
1312 697 1424 732 Propter
1442 698 1493 724 hoc
1505 698 1623 724 tolletur
1637 698 1675 724 ab
1690 698 1728 724 eis
1739 702 1761 724 et
1773 698 1818 729 ᾳυμιι

1059 743 1109 770 sibi
1124 743 1285 770 videbantur
1303 743 1432 770 assistere
1446 743 1481 775 ei,
1495 743 1647 770 audientes
1665 752 1673 769 :
1693 742 1818 769 Disteiiitu

1058 797 1097 815 me
1109 797 1118 821 ,'
1134 793 1163 815 ut
1177 789 1222 823 qui
1235 789 1315 816 modo
1326 789 1368 816 vel
1379 789 1505 816 videntur
1515 796 1580 816 esse
1593 793 1661 816 ante
1674 795 1744 819 eum,
1755 793 1818 822 postea

1058 841 1107 860 nec
1127 834 1280 861 videantur.
1307 835 1418 869 Propter
1437 834 1509 868 quod
1531 839 1557 861 et
1581 842 1636 861 nos
1653 834 1774 862 debemus
1788 841 1817 859 um

1057 883 1227 908 conservare,
1243 885 1275 904 ne
1286 877 1429 904 audiamus
1439 881 1465 904 et
1478 877 1541 912 ipsi,
1554 882 1584 904 et
1596 878 1682 912 quasi
1695 878 1817 912 elongantcs

1055 929 1105 949 nos
1124 922 1197 956 ipsos
1215 931 1229 950 a
1242 923 1356 951 Domino
1370 933 1377 950 :
1396 923 1529 950 Discedite
1543 932 1559 950 a
1576 933 1620 950 me
1633 932 1644 956 ;
1659 929 1688 951 et
1701 926 1780 955 omnia
1793 926 1819 951 h-

1055 967 1170 1000 ciatnus,
1187 973 1217 995 ut
1233 969 1305 996 dicat
1321 969 1355 996 ad
1378 977 1428 996 nos
1445 978 1452 996 :
1482 968 1586 1000 Venite,
1603 970 1736 996 benedicti
1756 970 1819 996 Pati-.2

1055 1015 1115 1041 mei.
1139 1015 1374 1042 Considerandum
1396 1020 1437 1042 est
1457 1020 1548 1042 autem
1575 1017 1713 1049 quoniam
1737 1016 1761 1045 in
1777 1024 1819 1043 san-

1055 1060 1106 1086 ctis
1123 1068 1175 1086 non
1197 1060 1284 1087 solum
1308 1060 1410 1088 dictum
1426 1065 1477 1093 est,
1491 1060 1640 1092 benedicti,
1660 1062 1708 1088 sed
1724 1069 1777 1087 cum
1788 1069 1820 1086 ac-

1053 1105 1212 1139 ditamento,
1228 1113 1283 1132 non
1306 1106 1525 1140 qualemcunque
1546 1106 1686 1133 honorem
1713 1107 1818 1134 habeats.

1053 1150 1080 1178 id
1099 1156 1140 1178 est
1155 1151 1287 1178 benedicti
1304 1159 1358 1178 non
1385 1151 1502 1186 alicujus
1518 1152 1650 1185 alterius,
1666 1153 1719 1180 nisi
1734 1152 1775 1179 Dei
1786 1152 1819 1178 Ρι-

1053 1196 1112 1224 tiis.
1127 1196 1243 1224 Econtra
1260 1200 1350 1224 autem
1375 1197 1476 1231 quibus
1495 1197 1609 1230 dicitur,
1626 1198 1769 1229 maledicti.
1783 1204 1818 1223 his

1052 1242 1151 1269 dicitur
1177 1242 1312 1269 maledicti
1336 1241 1425 1269 Patris
1454 1242 1518 1269 mai.
1548 1241 1621 1270 Nam
1649 1244 1819 1271 benedictioss

1051 1287 1160 1321 quidem
1176 1287 1345 1314 ministratur
1357 1291 1399 1314 est
1414 1287 1507 1320 Pater,
1530 1288 1738 1316 maledictionis
1752 1295 1818 1316 autem

1051 1332 1241 1368 unusquisque
1253 1333 1307 1360 sibi
1318 1338 1359 1360 est
1375 1337 1480 1366 auctor,
1496 1333 1542 1368 qui
1555 1334 1751 1362 maledictione
1761 1335 1819 1369 dign

1050 1382 1091 1405 est
1110 1383 1247 1412 operatus.
1272 1378 1324 1411 Qui
1349 1382 1439 1406 autem
1465 1380 1601 1406 recedunt
1625 1381 1662 1407 ab
1679 1380 1753 1413 Iesu,
1768 1382 1818 1407 der.—

1049 1423 1117 1450 dunt
1128 1423 1155 1450 in
1171 1424 1258 1459 ignem
1282 1429 1423 1457 aeternum,
1437 1425 1484 1459 qui
1497 1425 1611 1453 alterius
1632 1427 1740 1461 generis
1752 1435 1787 1453 est
1798 1436 1818 1452 2.:

1050 1469 1101 1496 hoc
1122 1470 1182 1504 igne
1199 1478 1278 1505 quem
1298 1471 1430 1498 habemus
1446 1471 1475 1497 in
1491 1479 1553 1499 usu.
1570 1472 1671 1500 Nullus
1685 1473 1757 1500 enim
1769 1474 1818 1506 ignis

1050 1515 1119 1543 inter
1132 1516 1255 1544 homines
1269 1522 1310 1544 est
1322 1522 1451 1550 aeternus,
1469 1517 1516 1544 sed
1535 1525 1586 1545 nec
1603 1519 1685 1545 multi
1703 1520 1818 1553 temporis

1049 1561 1230 1595 exstinguitur
1251 1562 1323 1589 enim
1346 1563 1410 1590 cito.
1436 1562 1570 1591 Eternus
1594 1570 1689 1591 autem
1712 1565 1777 1600 ignis

1048 1606 1103 1638 ille,
1119 1607 1152 1634 de
1167 1615 1222 1642 quo
1239 1613 1266 1635 et
1282 1607 1367 1635 Isaias
1389 1608 1455 1635 dicit
1471 1609 1498 1635 in
1522 1609 1576 1636 ﬁne
1592 1611 1745 1644 prophetiae
1758 1618 1819 1636 sua.

1053 1651 1151 1680 Vermis
1174 1661 1263 1680 eorum
1285 1662 1335 1680 non
1363 1655 1512 1686 morietur,
1531 1660 1555 1682 et
1580 1656 1650 1690 ignis
1675 1665 1763 1683 eorum
1784 1666 1818 1681 ρει

1045 1700 1224 1734 επδιίηριιριιιν
1238 1700 1269 1726 ⁸⁸.
1283 1700 1408 1728 Forsitan
1418 1702 1480 1729 talis
1493 1703 1659 1731 substantia:
1670 1710 1723 1736 est,
1735 1709 1762 1730 ut
1773 1704 1814 1729 itu:

1045 1746 1134 1772 sibilia
1151 1746 1293 1774 comburat
1314 1747 1372 1781 ipse
1386 1748 1534 1775 invisibilis
1549 1750 1730 1782 constitutus,
1744 1758 1819 1776 me

1044 1791 1108 1817 dum
1125 1792 1197 1826 quod
1211 1791 1249 1818 ait
1264 1792 1408 1826 Apostolus
1427 1793 1459 1825 1‘,
1476 1795 1607 1828 quoniam
1629 1803 1690 1829 qut:
1706 1797 1817 1821 vidium.

1045 1837 1199 1871 temporalia
1219 1842 1296 1870 sunt;
1316 1847 1375 1873 qua:
1395 1843 1484 1866 autem
1503 1848 1555 1866 non
1571 1841 1708 1873 videntur,
1729 1848 1815 1868 etme

1045 1882 1072 1909 Si
1086 1891 1151 1918 ergo
1174 1891 1233 1918 qua:
1251 1883 1377 1911 videntur
1396 1886 1560 1920 temporalia
1576 1891 1654 1916 sunt,
1669 1894 1734 1921 qua:
1748 1893 1816 1912 aute-2:

1043 1935 1097 1955 non
1115 1929 1239 1956 videntur
1254 1934 1353 1957 mterna
1375 1934 1449 1962 sunt,
1473 1938 1587 1958 necesse
1607 1937 1651 1959 est
1674 1932 1699 1959 si
1725 1932 1816 1959 ήδη-,ἑκ

1042 1978 1083 2001 cst
1103 1973 1146 2001 ille
1168 1974 1248 2009 ignis,
1277 1979 1303 2002 et
1327 1976 1484 2009 temporalis
1504 1977 1550 2003 sit.
1580 1977 1608 2004 Si
1640 1983 1736 2005 autem
1758 1984 1817 2004 ευτ-

1042 2027 1094 2046 nus
1120 2024 1181 2052 est,
1211 2024 1238 2046 et
1264 2020 1408 2048 inviSil-ilis
1436 2027 1497 2053 cst,
1522 2030 1578 2056 quo
1603 2024 1758 2057 puniuntur
1784 2030 1815 2055 ita

1042 2065 1172 2092 recedunt
1185 2073 1201 2093 a
1222 2066 1371 2093 Salvatore.
1393 2065 1459 2093 Tale
1471 2071 1514 2094 est
1525 2069 1598 2102 quod
1610 2070 1677 2096 dicit
1691 2075 1720 2096 et
1733 2069 1799 2096 Job"
1811 2077 1815 2092 ε

1042 2111 1164 2138 Caniedet
1185 2120 1245 2139 eum
1264 2113 1333 2147 ignis
1355 2113 1400 2147 qui
1421 2121 1472 2140 non
1489 2116 1654 2143 accenditur.
1681 2115 1723 2143 Ne
1745 2122 1814 2142 atr-

1042 2159 1150 2186 mireris
1170 2160 1284 2186 audiens
1304 2168 1364 2187 esse
1383 2160 1550 2188 im'isibilem
1566 2162 1656 2197 ignem
1675 2169 1706 2190 et
1723 2164 1815 2197 punitur

211 2196 356 2225 Videamus
377 2203 466 2225 autem
482 2199 534 2227 nisi
548 2201 708 2234 generaliter
729 2203 785 2230 lucc
803 2204 947 2236 intellecta,
964 2211 991 2233 ct
1007 2200 1030 2230 D
1044 2209 1107 2237 tem,
1121 2213 1182 2232 cum
1196 2205 1288 2232 videas
1304 2206 1373 2233 inter
1389 2206 1515 2235 hornines
1527 2208 1649 2235 calorem
1669 2209 1814 2243 cor-parites

206 2243 240 2269 ad
263 2243 412 2278 simplicem
436 2245 632 2274 humanitatem
646 2255 696 2274 nos
716 2249 904 2282 exhortantur,
917 2256 943 2278 et
956 2252 989 2278 ad

207 2289 298 2316 omnia
323 2289 468 2317 laudabilia
494 2291 585 2324 facta,
608 2297 638 2320 ut
662 2294 875 2323 benedictionem
902 2297 990 2332 dignis

206 2335 339 2362 dicentem
364 2343 370 2362 :
398 2335 497 2367 Venite,
522 2338 649 2365 benedicti
670 2339 759 2366 Patris
784 2342 845 2374 mei,
860 2343 990 2376 consequi

205 2380 268 2415 quis
279 2381 367 2408 valeat
380 2382 470 2417 digne.
483 2382 541 2409 Non
554 2389 644 2411 autem
655 2385 721 2419 justi
737 2386 813 2413 obliti
824 2395 917 2415 corum
929 2397 990 2423 qua:

204 2432 310 2462 gerunt,
336 2433 399 2454 tunc
421 2430 622 2463 respondebunt
642 2431 665 2458 ei
685 2431 805 2459 dicentes
831 2442 837 2459 :
865 2433 986 2467 Domine,

204 2473 309 2506 quando
334 2478 357 2499 te
371 2473 484 2501 vidimus
507 2476 683 2502 esurientem?
705 2481 731 2503 et
754 2482 849 2505 caatcra
867 2479 888 2494 ¹⁰
907 2488 913 2506 :
940 2480 986 2507 sed

206 2517 368 2546 humilitatis
383 2527 464 2546 causa
481 2520 559 2547 laude
571 2521 773 2548 benefactorum
785 2530 896 2550 suorum
915 2525 987 2551 indi-

205 2571 273 2597 gnos
286 2572 315 2591 se
335 2565 542 2598 proclamantes.
557 2565 617 2599 Ipse
632 2570 721 2593 autem
738 2568 831 2595 volens
843 2569 883 2596 eis
895 2574 987 2597 osten-

204 2609 269 2635 dere
284 2617 361 2636 suam
377 2611 592 2644 compassionem
610 2611 636 2637 in
651 2612 720 2643 suis,
736 2612 816 2640 etiam
828 2622 858 2641 se
869 2623 987 2648 pronun-

204 2655 252 2681 tiat
267 2662 327 2681 esse
344 2655 370 2681 in
386 2655 487 2689 quibus
503 2655 604 2683 fuerint
627 2656 723 2685 fratres
737 2657 808 2692 ejus,
822 2659 915 2687 dicens
936 2661 957 2676 “
977 2670 983 2687 :

205 2702 285 2727 Anien
297 2701 355 2726 dico
370 2701 453 2732 vobis,
469 2709 502 2728 ea:
512 2709 540 2728 eo
555 2702 623 2736 quod
635 2702 736 2737 fecistis
753 2705 798 2730 uni
816 2705 984 2732 minimarum

239 2797 348 2837 flio-ann
364 2809 436 2837 xvii.
459 2802 502 2828 Μ.
545 2803 662 2831 7Malth.
691 2813 753 2837 xvt,
778 2807 822 2834 95.

399 2835 421 2851 ι·
439 2836 502 2863 ibid.
521 2837 565 2864 tt.
605 2839 625 2854 η
640 2840 703 2867 ibid.
719 2835 763 2868 a9.

857 2809 867 2823 ⁸
882 2808 900 2835 II
910 2808 972 2837 Cor.
997 2818 1034 2839 χι.
1049 2810 1093 2837 29.

804 2843 825 2858 ¹⁸
841 2843 890 2870 Iaa.
904 2851 977 2877 Lxrt,
1005 2845 1048 2871 24.

1042 2252 1217 2283 accidentem,
1229 2257 1256 2279 et
1266 2261 1319 2279 non
1334 2253 1508 2281 mediocriter
1516 2255 1706 2286 cruciantem.
1719 2255 1815 2282 maria:

1041 2304 1088 2324 eos
1101 2297 1147 2331 qui
1161 2298 1195 2332 ab
1205 2305 1239 2325 eo
1253 2299 1419 2326 validissime
1433 2300 1626 2327 ntolestantur.
1641 2300 1675 2328 Et
1690 2301 1815 2328 consist-tr:

1041 2345 1167 2377 quoniam
1200 2352 1310 2379 regnum
1337 2346 1446 2379 quidem
1477 2354 1531 2373 non
1558 2347 1622 2374 aliis
1649 2353 1814 2381 pra-pannum

1040 2388 1106 2415 dicit
1125 2396 1139 2415 a
1155 2389 1348 2417 constitutione
1363 2391 1456 2417 mundi
1474 2392 1524 2418 nisi
1538 2391 1633 2425 justis,
1646 2399 1676 2419 et
1699 2393 1759 2419 idea
1774 2401 1815 2416 τιε-

1040 2433 1086 2460 dct
1113 2434 1152 2460 eis
1173 2434 1260 2468 ipsum
1282 2442 1327 2461 rex
1349 2442 1444 2462 eorum
1464 2434 1601 2463 Christus.
1627 2436 1723 2471 Ignem
1746 2442 1814 2463 l'JItlt

1040 2484 1169 2506 mternum
1187 2488 1240 2507 non
1261 2481 1313 2507 illis
1329 2481 1429 2515 quibus
1448 2482 1547 2509 dicitur
1564 2492 1571 2509 :
1589 2483 1731 2510 Discedite
1746 2492 1760 2508 α
1781 2491 1808 2506 πελ*

1041 2525 1186 2558 mult-dicti,
1207 2531 1330 2560 paratum
1355 2527 1484 2558 ostendit,
1502 2528 1574 2555 sicut
1599 2536 1720 2564 regnum
1742 2530 1813 2562 juqs.

1040 2572 1086 2598 sed
1109 2572 1217 2598 diabolo
1232 2578 1259 2599 et
1280 2573 1383 2607 angelis
1404 2574 1475 2607 ejus,
1495 2575 1571 2608 quia,
1586 2581 1727 2609 quantum
1743 2576 1772 2601 ad
1787 2584 1813 2599 sa

1040 2618 1163 2645 homines
1180 2626 1233 2645 non
1250 2619 1282 2646 ad
1299 2620 1477 2653 perditionem
1493 2621 1608 2653 crearit,
1626 2623 1675 2648 sed
1692 2624 1729 2649 ad
1749 2627 1812 2648 mssa

1038 2670 1066 2690 et
1077 2664 1216 2698 gaudium.
1227 2664 1374 2693 Pcecantes
1384 2670 1474 2692 autem
1483 2666 1656 2701 coniungunt
1669 2675 1703 2694 se
1714 2667 1811 2694 disturb.

1037 2713 1065 2736 et
1079 2709 1149 2736 sicut
1166 2710 1212 2743 qui
1237 2710 1375 2737 salvantur
1393 2711 1496 2738 sanctis
1518 2713 1624 2747 angelis
1637 2717 1803 2747 causam?

1131 2811 1142 2826 θ
1159 2810 1271 2838 Philem.
1283 2811 1308 2837 7.
1347 2813 1369 2828 ‘°
1386 2811 1480 2839 Matth.
1502 2821 1567 2842 xxv.
1581 2814 1626 2842 57.
1666 2816 1688 2830 ¹¹
1706 2814 1765 2842 ibid.
1778 2812 1806 2836 ὅῖι

1091 2845 1142 2871 “Il
1156 2846 1218 2872 Cor.
1239 2854 1274 2879 Iv,
1296 2846 1337 2874 18.

1347 2813 1369 2828 ¹⁰
1386 2811 1480 2839 Matth.
1502 2821 1567 2848 xxv,
1581 2814 1626 2842 57.

1377 2847 1398 2863 ¹⁷
1415 2855 1461 2879 xx,
1477 2848 1522 2875 26.
