  <div class='ocr_page' id='page_1' title='image "/cluster/home/n/w/nwhite01/storage/ocr_20150623/13/njp.32101077772430/1048.png"; bbox 0 0 1839 3053; ppageno 0'>
   <div class='ocr_carea' id='block_1_1' title="bbox 9 142 90 170">
    <p class='ocr_par' dir='ltr' id='par_1_1' title="bbox 9 142 90 170">
     <span class='ocr_line' id='line_1_1' title="bbox 9 142 90 170; baseline -0.012 0"><span class='ocrx_word' id='word_1_1' title='bbox 9 142 90 170; x_wconf 71' lang='grc'><strong>[717</strong></span> 
     </span>
    </p>
   </div>
   <div class='ocr_carea' id='block_1_2' title="bbox 603 129 1081 174">
    <p class='ocr_par' dir='ltr' id='par_1_2' title="bbox 603 129 1081 174">
     <span class='ocr_line' id='line_1_2' title="bbox 603 129 1081 174; baseline 0.002 -1"><span class='ocrx_word' id='word_1_2' title='bbox 603 145 899 174; x_wconf 62' lang='lat' dir='ltr'><strong>COMMENTARIORU</strong></span> <span class='ocrx_word' id='word_1_3' title='bbox 906 147 928 173; x_wconf 83' lang='grc' dir='ltr'><strong>Μ</strong></span> <span class='ocrx_word' id='word_1_4' title='bbox 951 129 1081 174; x_wconf 67' lang='lat' dir='ltr'><strong>SiiitlES.</strong></span> 
     </span>
    </p>
   </div>
   <div class='ocr_carea' id='block_1_3' title="bbox 1583 152 1650 179">
    <p class='ocr_par' dir='ltr' id='par_1_3' title="bbox 1583 152 1650 179">
     <span class='ocr_line' id='line_1_3' title="bbox 1583 152 1650 179; baseline -0.045 -1"><span class='ocrx_word' id='word_1_5' title='bbox 1583 152 1650 179; x_wconf 61' lang='lat' dir='ltr'><strong>Hii!</strong></span> 
     </span>
    </p>
   </div>
   <div class='ocr_carea' id='block_1_4' title="bbox 9 202 1650 240">
    <p class='ocr_par' dir='ltr' id='par_1_4' title="bbox 9 202 1650 240">
     <span class='ocr_line' id='line_1_4' title="bbox 9 202 1650 240; baseline 0.002 -10"><span class='ocrx_word' id='word_1_6' title='bbox 9 206 31 228; x_wconf 58' lang='grc' dir='ltr'><strong>ξι</strong></span> <span class='ocrx_word' id='word_1_7' title='bbox 47 202 188 231; x_wconf 85' lang='lat' dir='ltr'><strong>tluntlilii</strong></span> <span class='ocrx_word' id='word_1_8' title='bbox 204 204 423 235; x_wconf 72' lang='lat' dir='ltr'><strong>resurrectionis,</strong></span> <span class='ocrx_word' id='word_1_9' title='bbox 442 209 468 231; x_wconf 86' lang='lat' dir='ltr'><strong>et</strong></span> <span class='ocrx_word' id='word_1_10' title='bbox 482 205 529 231; x_wconf 87' lang='lat' dir='ltr'><strong>ﬁlii</strong></span> <span class='ocrx_word' id='word_1_11' title='bbox 549 204 607 237; x_wconf 86' lang='lat' dir='ltr'><strong>Dei,</strong></span> <span class='ocrx_word' id='word_1_12' title='bbox 620 210 647 232; x_wconf 90' lang='lat' dir='ltr'><strong>et</strong></span> <span class='ocrx_word' id='word_1_13' title='bbox 658 205 757 239; x_wconf 78' lang='lat' dir='ltr'><strong>angeli,</strong></span> <span class='ocrx_word' id='word_1_14' title='bbox 775 205 814 232; x_wconf 87' lang='lat' dir='ltr'><strong>sic</strong></span> <span class='ocrx_word' id='word_1_15' title='bbox 830 207 849 233; x_wconf 75' lang='grc' dir='ltr'>Α</span> <span class='ocrx_word' id='word_1_16' title='bbox 866 203 979 236; x_wconf 76' lang='lat' dir='ltr'><strong>fecistis,</strong></span> <span class='ocrx_word' id='word_1_17' title='bbox 998 203 1035 230; x_wconf 85' lang='lat' dir='ltr'><strong>illi</strong></span> <span class='ocrx_word' id='word_1_18' title='bbox 1064 209 1221 231; x_wconf 82' lang='lat' dir='ltr'><strong>recusantes</strong></span> <span class='ocrx_word' id='word_1_19' title='bbox 1241 204 1344 238; x_wconf 86' lang='lat' dir='ltr'><strong>dicant,</strong></span> <span class='ocrx_word' id='word_1_20' title='bbox 1367 213 1417 234; x_wconf 87' lang='lat' dir='ltr'><strong>nec</strong></span> <span class='ocrx_word' id='word_1_21' title='bbox 1434 206 1496 239; x_wconf 91' lang='lat' dir='ltr'><strong>hoc,</strong></span> <span class='ocrx_word' id='word_1_22' title='bbox 1519 214 1568 234; x_wconf 88' lang='lat' dir='ltr'><strong>nec</strong></span> <span class='ocrx_word' id='word_1_23' title='bbox 1589 208 1650 240; x_wconf 78' lang='lat' dir='ltr'><strong>hnc.</strong></span> 
     </span>
    </p>
   </div>
   <div class='ocr_carea' id='block_1_5' title="bbox 9 249 812 286">
    <p class='ocr_par' dir='ltr' id='par_1_5' title="bbox 9 249 812 286">
     <span class='ocr_line' id='line_1_5' title="bbox 9 249 812 286; baseline 0.004 -11"><span class='ocrx_word' id='word_1_24' title='bbox 9 249 56 283; x_wconf 65' lang='lat' dir='ltr'><strong>iui</strong></span> <span class='ocrx_word' id='word_1_25' title='bbox 93 254 225 284; x_wconf 87' lang='lat' dir='ltr'><strong>pereunt,</strong></span> <span class='ocrx_word' id='word_1_26' title='bbox 249 251 349 278; x_wconf 87' lang='lat' dir='ltr'><strong>diaboli</strong></span> <span class='ocrx_word' id='word_1_27' title='bbox 373 251 476 285; x_wconf 79' lang='lat' dir='ltr'><strong>angelis</strong></span> <span class='ocrx_word' id='word_1_28' title='bbox 496 255 672 286; x_wconf 68' lang='lat' dir='ltr'><strong>cowquantur</strong></span> <span class='ocrx_word' id='word_1_29' title='bbox 692 256 719 279; x_wconf 91' lang='lat' dir='ltr'><strong>et</strong></span> <span class='ocrx_word' id='word_1_30' title='bbox 743 252 812 279; x_wconf 91' lang='lat' dir='ltr'><strong>ﬁunt</strong></span> 
     </span>
    </p>
   </div>
   <div class='ocr_carea' id='block_1_6' title="bbox 9 293 158 330">
    <p class='ocr_par' dir='ltr' id='par_1_6' title="bbox 9 293 158 330">
     <span class='ocr_line' id='line_1_6' title="bbox 9 293 158 330; baseline 0.013 -9"><span class='ocrx_word' id='word_1_31' title='bbox 9 293 58 321; x_wconf 83' lang='lat' dir='ltr'><strong>ilii</strong></span> <span class='ocrx_word' id='word_1_32' title='bbox 81 295 158 330; x_wconf 73' lang='lat' dir='ltr'><strong>ejus.</strong></span> 
     </span>
    </p>
   </div>
   <div class='ocr_carea' id='block_1_7' title="bbox 43 340 810 374">
    <p class='ocr_par' dir='ltr' id='par_1_7' title="bbox 43 340 810 374">
     <span class='ocr_line' id='line_1_7' title="bbox 43 340 810 374; baseline 0.001 -7"><span class='ocrx_word' id='word_1_33' title='bbox 43 340 102 368; x_wconf 80' lang='grc'><strong>73.</strong></span> <span class='ocrx_word' id='word_1_34' title='bbox 121 340 228 368; x_wconf 65' lang='lat' dir='ltr'><strong>Eam-ivi</strong></span> <span class='ocrx_word' id='word_1_35' title='bbox 247 341 327 372; x_wconf 85' lang='lat' dir='ltr'><strong>enim,</strong></span> <span class='ocrx_word' id='word_1_36' title='bbox 339 346 363 368; x_wconf 84' lang='lat' dir='ltr'><strong>et</strong></span> <span class='ocrx_word' id='word_1_37' title='bbox 377 349 428 368; x_wconf 85' lang='lat' dir='ltr'><strong>non</strong></span> <span class='ocrx_word' id='word_1_38' title='bbox 441 342 550 368; x_wconf 80' lang='lat' dir='ltr'><strong>dedistis</strong></span> <span class='ocrx_word' id='word_1_39' title='bbox 564 343 628 370; x_wconf 81' lang='lat' dir='ltr'><strong>milii</strong></span> <span class='ocrx_word' id='word_1_40' title='bbox 641 343 810 374; x_wconf 68' lang='lat' dir='ltr'><strong>manducare,</strong></span> 
     </span>
    </p>
   </div>
   <div class='ocr_carea' id='block_1_8' title="bbox 9 386 811 421">
    <p class='ocr_par' dir='ltr' id='par_1_8' title="bbox 9 386 811 421">
     <span class='ocr_line' id='line_1_8' title="bbox 9 386 811 421; baseline 0.004 -9"><span class='ocrx_word' id='word_1_41' title='bbox 9 389 31 412; x_wconf 72' lang='lat' dir='ltr'><strong>tt</strong></span> <span class='ocrx_word' id='word_1_42' title='bbox 48 390 159 413; x_wconf 65' lang='lat' dir='ltr'><strong>caetera</strong></span> <span class='ocrx_word' id='word_1_43' title='bbox 177 387 209 413; x_wconf 63' lang='grc' dir='ltr'><strong>ι’.</strong></span> <span class='ocrx_word' id='word_1_44' title='bbox 230 386 368 421; x_wconf 90' lang='lat' dir='ltr'><strong>Scriptunt</strong></span> <span class='ocrx_word' id='word_1_45' title='bbox 393 391 435 414; x_wconf 90' lang='lat' dir='ltr'><strong>est</strong></span> <span class='ocrx_word' id='word_1_46' title='bbox 457 387 490 414; x_wconf 88' lang='lat' dir='ltr'><strong>ad</strong></span> <span class='ocrx_word' id='word_1_47' title='bbox 506 387 598 415; x_wconf 93' lang='lat' dir='ltr'><strong>ﬁdeles</strong></span> <span class='ocrx_word' id='word_1_48' title='bbox 614 389 635 405; x_wconf 80' lang='lat'>”</span> <span class='ocrx_word' id='word_1_49' title='bbox 653 397 659 415; x_wconf 91' lang='lat'><strong>:</strong></span> <span class='ocrx_word' id='word_1_50' title='bbox 683 388 732 416; x_wconf 77' lang='lat' dir='ltr'><strong>Vos</strong></span> <span class='ocrx_word' id='word_1_51' title='bbox 748 390 811 415; x_wconf 85' lang='lat' dir='ltr'><strong>estis</strong></span> 
     </span>
    </p>
   </div>
   <div class='ocr_carea' id='block_1_9' title="bbox 9 430 810 468">
    <p class='ocr_par' dir='ltr' id='par_1_9' title="bbox 9 430 810 468">
     <span class='ocr_line' id='line_1_9' title="bbox 9 430 810 468; baseline 0.005 -12"><span class='ocrx_word' id='word_1_52' title='bbox 9 439 115 465; x_wconf 79' lang='lat' dir='ltr'><strong>:orpus</strong></span> <span class='ocrx_word' id='word_1_53' title='bbox 129 430 239 463; x_wconf 77' lang='lat' dir='ltr'><strong>Christi,</strong></span> <span class='ocrx_word' id='word_1_54' title='bbox 251 436 275 458; x_wconf 85' lang='lat' dir='ltr'><strong>et</strong></span> <span class='ocrx_word' id='word_1_55' title='bbox 288 431 403 458; x_wconf 88' lang='lat' dir='ltr'><strong>membra</strong></span> <span class='ocrx_word' id='word_1_56' title='bbox 414 439 446 458; x_wconf 77' lang='lat' dir='ltr'><strong>ea:</strong></span> <span class='ocrx_word' id='word_1_57' title='bbox 457 436 541 466; x_wconf 82' lang='lat' dir='ltr'><strong>parte.</strong></span> <span class='ocrx_word' id='word_1_58' title='bbox 555 432 631 460; x_wconf 80' lang='lat' dir='ltr'><strong>Sicut</strong></span> <span class='ocrx_word' id='word_1_59' title='bbox 643 440 707 468; x_wconf 79' lang='lat' dir='ltr'><strong>ergo</strong></span> <span class='ocrx_word' id='word_1_60' title='bbox 721 434 810 460; x_wconf 90' lang='lat' dir='ltr'><strong>aninta</strong></span> 
     </span>
    </p>
   </div>
   <div class='ocr_carea' id='block_1_10' title="bbox 12 476 810 513">
    <p class='ocr_par' dir='ltr' id='par_1_10' title="bbox 12 476 810 513">
     <span class='ocr_line' id='line_1_10' title="bbox 12 476 810 513; baseline 0.005 -11"><span class='ocrx_word' id='word_1_61' title='bbox 12 477 150 503; x_wconf 80' lang='lat' dir='ltr'><strong>tabitans</strong></span> <span class='ocrx_word' id='word_1_62' title='bbox 175 476 201 503; x_wconf 92' lang='lat' dir='ltr'><strong>in</strong></span> <span class='ocrx_word' id='word_1_63' title='bbox 220 484 334 511; x_wconf 84' lang='lat' dir='ltr'><strong>corpore</strong></span> <span class='ocrx_word' id='word_1_64' title='bbox 354 485 417 505; x_wconf 91' lang='lat' dir='ltr'><strong>cum</strong></span> <span class='ocrx_word' id='word_1_65' title='bbox 433 485 487 504; x_wconf 92' lang='lat' dir='ltr'><strong>non</strong></span> <span class='ocrx_word' id='word_1_66' title='bbox 502 478 606 506; x_wconf 76' lang='lat' dir='ltr'><strong>esuriat</strong></span> <span class='ocrx_word' id='word_1_67' title='bbox 620 484 752 513; x_wconf 88' lang='lat' dir='ltr'><strong>quantum</strong></span> <span class='ocrx_word' id='word_1_68' title='bbox 777 479 810 506; x_wconf 90' lang='lat' dir='ltr'><strong>ad</strong></span> 
     </span>
    </p>
   </div>
   <div class='ocr_carea' id='block_1_11' title="bbox 9 519 811 556">
    <p class='ocr_par' dir='ltr' id='par_1_11' title="bbox 9 519 811 556">
     <span class='ocr_line' id='line_1_11' title="bbox 9 519 811 556; baseline 0.006 -11"><span class='ocrx_word' id='word_1_69' title='bbox 9 528 97 547; x_wconf 69' lang='lat' dir='ltr'><strong>tuam</strong></span> <span class='ocrx_word' id='word_1_70' title='bbox 120 519 301 548; x_wconf 85' lang='lat' dir='ltr'><strong>substantiam</strong></span> <span class='ocrx_word' id='word_1_71' title='bbox 318 522 479 556; x_wconf 70' lang='lat' dir='ltr'><strong>spiritalem,</strong></span> <span class='ocrx_word' id='word_1_72' title='bbox 495 523 580 550; x_wconf 86' lang='lat' dir='ltr'><strong>esurit</strong></span> <span class='ocrx_word' id='word_1_73' title='bbox 603 528 694 550; x_wconf 83' lang='lat' dir='ltr'><strong>tamen</strong></span> <span class='ocrx_word' id='word_1_74' title='bbox 713 532 811 550; x_wconf 87' lang='lat' dir='ltr'><strong>ununt-</strong></span> 
     </span>
    </p>
   </div>
   <div class='ocr_carea' id='block_1_12' title="bbox 9 568 810 603">
    <p class='ocr_par' dir='ltr' id='par_1_12' title="bbox 9 568 810 603">
     <span class='ocr_line' id='line_1_12' title="bbox 9 568 810 603; baseline 0.006 -12"><span class='ocrx_word' id='word_1_75' title='bbox 9 573 159 601; x_wconf 66' lang='lat' dir='ltr'><strong>luemque</strong></span> <span class='ocrx_word' id='word_1_76' title='bbox 174 568 298 601; x_wconf 87' lang='lat' dir='ltr'><strong>corporis</strong></span> <span class='ocrx_word' id='word_1_77' title='bbox 312 568 413 600; x_wconf 82' lang='lat' dir='ltr'><strong>cibum,</strong></span> <span class='ocrx_word' id='word_1_78' title='bbox 428 569 491 603; x_wconf 88' lang='lat' dir='ltr'><strong>quia</strong></span> <span class='ocrx_word' id='word_1_79' title='bbox 511 569 635 603; x_wconf 86' lang='lat' dir='ltr'><strong>copulata</strong></span> <span class='ocrx_word' id='word_1_80' title='bbox 649 574 690 596; x_wconf 90' lang='lat' dir='ltr'><strong>est</strong></span> <span class='ocrx_word' id='word_1_81' title='bbox 704 570 810 603; x_wconf 80' lang='lat' dir='ltr'><strong>corpori</strong></span> 
     </span>
    </p>
   </div>
   <div class='ocr_carea' id='block_1_13' title="bbox 9 612 811 650">
    <p class='ocr_par' dir='ltr' id='par_1_13' title="bbox 9 612 811 650">
     <span class='ocr_line' id='line_1_13' title="bbox 9 612 811 650; baseline 0.005 -12"><span class='ocrx_word' id='word_1_82' title='bbox 9 620 63 638; x_wconf 68' lang='lat' dir='ltr'><strong>tuo</strong></span> <span class='ocrx_word' id='word_1_83' title='bbox 95 621 102 639; x_wconf 94' lang='lat'>:</span> <span class='ocrx_word' id='word_1_84' title='bbox 127 613 167 639; x_wconf 89' lang='lat' dir='ltr'><strong>sic</strong></span> <span class='ocrx_word' id='word_1_85' title='bbox 188 618 214 640; x_wconf 90' lang='lat' dir='ltr'><strong>et</strong></span> <span class='ocrx_word' id='word_1_86' title='bbox 237 612 363 641; x_wconf 81' lang='lat' dir='ltr'><strong>Salvator</strong></span> <span class='ocrx_word' id='word_1_87' title='bbox 388 614 488 648; x_wconf 87' lang='lat' dir='ltr'><strong>patitur</strong></span> <span class='ocrx_word' id='word_1_88' title='bbox 508 622 569 649; x_wconf 64' lang='lat' dir='ltr'><strong>quae</strong></span> <span class='ocrx_word' id='word_1_89' title='bbox 592 615 692 649; x_wconf 85' lang='lat' dir='ltr'><strong>patitur</strong></span> <span class='ocrx_word' id='word_1_90' title='bbox 712 623 811 650; x_wconf 86' lang='lat' dir='ltr'><strong>corpus</strong></span> 
     </span>
    </p>
   </div>
   <div class='ocr_carea' id='block_1_14' title="bbox 9 656 811 694">
    <p class='ocr_par' dir='ltr' id='par_1_14' title="bbox 9 656 811 694">
     <span class='ocr_line' id='line_1_14' title="bbox 9 656 811 694; baseline 0.006 -11"><span class='ocrx_word' id='word_1_91' title='bbox 9 656 72 690; x_wconf 73' lang='lat' dir='ltr'><strong>tjus</strong></span> <span class='ocrx_word' id='word_1_92' title='bbox 89 656 224 688; x_wconf 81' lang='lat' dir='ltr'><strong>Ecclesia.</strong></span> <span class='ocrx_word' id='word_1_93' title='bbox 238 666 300 685; x_wconf 91' lang='lat' dir='ltr'><strong>cum</strong></span> <span class='ocrx_word' id='word_1_94' title='bbox 316 659 352 685; x_wconf 87' lang='lat' dir='ltr'><strong>sil.</strong></span> <span class='ocrx_word' id='word_1_95' title='bbox 366 659 425 693; x_wconf 85' lang='lat' dir='ltr'><strong>ipse</strong></span> <span class='ocrx_word' id='word_1_96' title='bbox 438 659 616 694; x_wconf 91' lang='lat' dir='ltr'><strong>impassibilis</strong></span> <span class='ocrx_word' id='word_1_97' title='bbox 631 665 764 694; x_wconf 85' lang='lat' dir='ltr'><strong>quantum</strong></span> <span class='ocrx_word' id='word_1_98' title='bbox 777 661 811 688; x_wconf 86' lang='lat' dir='ltr'><strong>ad</strong></span> 
     </span>
    </p>
   </div>
   <div class='ocr_carea' id='block_1_15' title="bbox 9 703 810 739">
    <p class='ocr_par' dir='ltr' id='par_1_15' title="bbox 9 703 810 739">
     <span class='ocr_line' id='line_1_15' title="bbox 9 703 810 739; baseline 0.002 -11"><span class='ocrx_word' id='word_1_99' title='bbox 9 710 96 729; x_wconf 77' lang='lat' dir='ltr'><strong>tuam</strong></span> <span class='ocrx_word' id='word_1_100' title='bbox 114 703 297 730; x_wconf 71' lang='lat' dir='ltr'><strong>divinitatem.</strong></span> <span class='ocrx_word' id='word_1_101' title='bbox 317 703 426 731; x_wconf 83' lang='lat' dir='ltr'><strong>Sanctis</strong></span> <span class='ocrx_word' id='word_1_102' title='bbox 449 705 522 732; x_wconf 88' lang='lat' dir='ltr'><strong>enim</strong></span> <span class='ocrx_word' id='word_1_103' title='bbox 541 705 723 739; x_wconf 73' lang='lat' dir='ltr'><strong>indigentibus</strong></span> <span class='ocrx_word' id='word_1_104' title='bbox 739 706 810 737; x_wconf 87' lang='lat' dir='ltr'><strong>cibo,</strong></span> 
     </span>
    </p>
   </div>
   <div class='ocr_carea' id='block_1_16' title="bbox 9 748 811 782">
    <p class='ocr_par' dir='ltr' id='par_1_16' title="bbox 9 748 811 782">
     <span class='ocr_line' id='line_1_16' title="bbox 9 748 811 782; baseline 0.005 -8"><span class='ocrx_word' id='word_1_105' title='bbox 9 752 27 773; x_wconf 64' lang='grc' dir='ltr'>ξι</span> <span class='ocrx_word' id='word_1_106' title='bbox 40 748 109 782; x_wconf 86' lang='lat' dir='ltr'><strong>ipse</strong></span> <span class='ocrx_word' id='word_1_107' title='bbox 127 749 222 775; x_wconf 80' lang='lat' dir='ltr'><strong>esurit.</strong></span> <span class='ocrx_word' id='word_1_108' title='bbox 240 748 306 776; x_wconf 84' lang='lat' dir='ltr'><strong>Aliis</strong></span> <span class='ocrx_word' id='word_1_109' title='bbox 317 755 406 777; x_wconf 86' lang='lat' dir='ltr'><strong>autent</strong></span> <span class='ocrx_word' id='word_1_110' title='bbox 419 751 549 778; x_wconf 79' lang='lat' dir='ltr'><strong>membris</strong></span> <span class='ocrx_word' id='word_1_111' title='bbox 561 751 618 778; x_wconf 90' lang='lat' dir='ltr'><strong>suis</strong></span> <span class='ocrx_word' id='word_1_112' title='bbox 629 751 811 779; x_wconf 89' lang='lat' dir='ltr'><strong>necessariam</strong></span> 
     </span>
    </p>
   </div>
   <div class='ocr_carea' id='block_1_17' title="bbox 11 794 812 830">
    <p class='ocr_par' dir='ltr' id='par_1_17' title="bbox 11 794 812 830">
     <span class='ocr_line' id='line_1_17' title="bbox 11 794 812 830; baseline 0.005 -11"><span class='ocrx_word' id='word_1_113' title='bbox 11 794 183 821; x_wconf 84' lang='lat' dir='ltr'><strong>tabentibus</strong></span> <span class='ocrx_word' id='word_1_114' title='bbox 205 794 377 827; x_wconf 78' lang='lat' dir='ltr'><strong>medicinam,</strong></span> <span class='ocrx_word' id='word_1_115' title='bbox 401 799 428 821; x_wconf 87' lang='lat' dir='ltr'><strong>et</strong></span> <span class='ocrx_word' id='word_1_116' title='bbox 450 796 507 830; x_wconf 88' lang='lat' dir='ltr'><strong>ipse</strong></span> <span class='ocrx_word' id='word_1_117' title='bbox 525 796 603 830; x_wconf 86' lang='lat' dir='ltr'><strong>quasi</strong></span> <span class='ocrx_word' id='word_1_118' title='bbox 626 795 749 823; x_wconf 89' lang='lat' dir='ltr'><strong>inﬁrmus</strong></span> <span class='ocrx_word' id='word_1_119' title='bbox 765 804 812 824; x_wconf 87' lang='lat' dir='ltr'><strong>ne-</strong></span> 
     </span>
    </p>
   </div>
   <div class='ocr_carea' id='block_1_18' title="bbox 9 839 808 876">
    <p class='ocr_par' dir='ltr' id='par_1_18' title="bbox 9 839 808 876">
     <span class='ocr_line' id='line_1_18' title="bbox 9 839 808 876; baseline 0.006 -12"><span class='ocrx_word' id='word_1_120' title='bbox 9 839 166 865; x_wconf 81' lang='lat' dir='ltr'><strong>:cssariam</strong></span> <span class='ocrx_word' id='word_1_121' title='bbox 186 839 278 866; x_wconf 88' lang='lat' dir='ltr'><strong>habet.</strong></span> <span class='ocrx_word' id='word_1_122' title='bbox 290 839 352 866; x_wconf 88' lang='lat' dir='ltr'><strong>ltetn</strong></span> <span class='ocrx_word' id='word_1_123' title='bbox 374 840 434 868; x_wconf 88' lang='lat' dir='ltr'><strong>aliis</strong></span> <span class='ocrx_word' id='word_1_124' title='bbox 443 841 616 876; x_wconf 78' lang='lat' dir='ltr'><strong>susceptione</strong></span> <span class='ocrx_word' id='word_1_125' title='bbox 629 849 696 876; x_wconf 81' lang='lat' dir='ltr'><strong>opus</strong></span> <span class='ocrx_word' id='word_1_126' title='bbox 708 842 808 869; x_wconf 89' lang='lat' dir='ltr'><strong>haben-</strong></span> 
     </span>
    </p>
   </div>
   <div class='ocr_carea' id='block_1_19' title="bbox 13 878 846 922">
    <p class='ocr_par' dir='ltr' id='par_1_19' title="bbox 13 878 846 922">
     <span class='ocr_line' id='line_1_19' title="bbox 13 878 846 922; baseline 0.005 -11"><span class='ocrx_word' id='word_1_127' title='bbox 13 885 98 918; x_wconf 73' lang='lat' dir='ltr'><strong>iltus,</strong></span> <span class='ocrx_word' id='word_1_128' title='bbox 118 885 177 920; x_wconf 88' lang='lat' dir='ltr'><strong>ipse</strong></span> <span class='ocrx_word' id='word_1_129' title='bbox 191 886 268 920; x_wconf 86' lang='lat' dir='ltr'><strong>quasi</strong></span> <span class='ocrx_word' id='word_1_130' title='bbox 284 887 443 921; x_wconf 75' lang='lat' dir='ltr'><strong>peregrinus</strong></span> <span class='ocrx_word' id='word_1_131' title='bbox 460 888 486 914; x_wconf 92' lang='lat' dir='ltr'><strong>itt</strong></span> <span class='ocrx_word' id='word_1_132' title='bbox 502 887 541 915; x_wconf 90' lang='lat' dir='ltr'><strong>eis</strong></span> <span class='ocrx_word' id='word_1_133' title='bbox 556 890 652 922; x_wconf 75' lang='lat' dir='ltr'><strong>quierit</strong></span> <span class='ocrx_word' id='word_1_134' title='bbox 666 888 712 915; x_wconf 89' lang='lat' dir='ltr'><strong>ubi</strong></span> <span class='ocrx_word' id='word_1_135' title='bbox 727 893 809 922; x_wconf 85' lang='lat' dir='ltr'><strong>caput</strong></span> <span class='ocrx_word' id='word_1_136' title='bbox 826 878 846 905; x_wconf 72' lang='grc' dir='ltr'><strong>Β</strong></span> 
     </span>
    </p>
   </div>
   <div class='ocr_carea' id='block_1_20' title="bbox 9 932 807 968">
    <p class='ocr_par' dir='ltr' id='par_1_20' title="bbox 9 932 807 968">
     <span class='ocr_line' id='line_1_20' title="bbox 9 932 807 968; baseline 0.004 -11"><span class='ocrx_word' id='word_1_137' title='bbox 9 938 95 958; x_wconf 79' lang='lat' dir='ltr'><strong>munt</strong></span> <span class='ocrx_word' id='word_1_138' title='bbox 125 932 247 959; x_wconf 88' lang='lat' dir='ltr'><strong>reclinet.</strong></span> <span class='ocrx_word' id='word_1_139' title='bbox 268 932 314 959; x_wconf 89' lang='lat' dir='ltr'><strong>Sic</strong></span> <span class='ocrx_word' id='word_1_140' title='bbox 328 937 356 959; x_wconf 92' lang='lat' dir='ltr'><strong>et</strong></span> <span class='ocrx_word' id='word_1_141' title='bbox 372 933 398 959; x_wconf 87' lang='lat' dir='ltr'><strong>itt</strong></span> <span class='ocrx_word' id='word_1_142' title='bbox 418 934 498 961; x_wconf 86' lang='lat' dir='ltr'><strong>nudis</strong></span> <span class='ocrx_word' id='word_1_143' title='bbox 515 934 596 968; x_wconf 73' lang='lat' dir='ltr'><strong>alget,</strong></span> <span class='ocrx_word' id='word_1_144' title='bbox 611 938 638 960; x_wconf 90' lang='lat' dir='ltr'><strong>et</strong></span> <span class='ocrx_word' id='word_1_145' title='bbox 660 934 687 960; x_wconf 93' lang='lat' dir='ltr'><strong>in</strong></span> <span class='ocrx_word' id='word_1_146' title='bbox 703 933 807 961; x_wconf 84' lang='lat' dir='ltr'><strong>vestitis</strong></span> 
     </span>
    </p>
   </div>
   <div class='ocr_carea' id='block_1_21' title="bbox 9 976 806 1010">
    <p class='ocr_par' dir='ltr' id='par_1_21' title="bbox 9 976 806 1010">
     <span class='ocr_line' id='line_1_21' title="bbox 9 976 806 1010; baseline 0.003 -8"><span class='ocrx_word' id='word_1_147' title='bbox 9 977 145 1004; x_wconf 77' lang='lat' dir='ltr'><strong>restitur.</strong></span> <span class='ocrx_word' id='word_1_148' title='bbox 169 976 200 1003; x_wconf 87' lang='lat' dir='ltr'><strong>Et</strong></span> <span class='ocrx_word' id='word_1_149' title='bbox 216 977 238 1004; x_wconf 90' lang='lat' dir='ltr'><strong>si</strong></span> <span class='ocrx_word' id='word_1_150' title='bbox 256 985 288 1004; x_wconf 79' lang='lat' dir='ltr'><strong>ex</strong></span> <span class='ocrx_word' id='word_1_151' title='bbox 310 977 456 1005; x_wconf 86' lang='lat' dir='ltr'><strong>dilectione</strong></span> <span class='ocrx_word' id='word_1_152' title='bbox 472 977 572 1005; x_wconf 86' lang='lat' dir='ltr'><strong>Paulus</strong></span> <span class='ocrx_word' id='word_1_153' title='bbox 588 978 654 1006; x_wconf 83' lang='lat' dir='ltr'><strong>dicit</strong></span> <span class='ocrx_word' id='word_1_154' title='bbox 670 979 692 994; x_wconf 85' lang='grc'><strong>¹⁰</strong></span> <span class='ocrx_word' id='word_1_155' title='bbox 715 988 722 1006; x_wconf 89' lang='lat'><strong>:</strong></span> <span class='ocrx_word' id='word_1_156' title='bbox 741 978 806 1010; x_wconf 79' lang='lat' dir='ltr'><strong>Quis</strong></span> 
     </span>
    </p>
   </div>
   <div class='ocr_carea' id='block_1_22' title="bbox 9 1021 805 1059">
    <p class='ocr_par' dir='ltr' id='par_1_22' title="bbox 9 1021 805 1059">
     <span class='ocr_line' id='line_1_22' title="bbox 9 1021 805 1059; baseline 0.005 -12"><span class='ocrx_word' id='word_1_157' title='bbox 9 1021 98 1056; x_wconf 69' lang='lat' dir='ltr'><strong>39o</strong></span> <span class='ocrx_word' id='word_1_158' title='bbox 115 1022 278 1056; x_wconf 77' lang='lat' dir='ltr'><strong>inﬁrmatur,</strong></span> <span class='ocrx_word' id='word_1_159' title='bbox 292 1028 316 1050; x_wconf 86' lang='lat' dir='ltr'><strong>et</strong></span> <span class='ocrx_word' id='word_1_160' title='bbox 341 1032 393 1050; x_wconf 80' lang='lat' dir='ltr'><strong>non</strong></span> <span class='ocrx_word' id='word_1_161' title='bbox 408 1024 549 1058; x_wconf 80' lang='lat' dir='ltr'><strong>inﬁrmor?</strong></span> <span class='ocrx_word' id='word_1_162' title='bbox 564 1028 590 1051; x_wconf 88' lang='lat' dir='ltr'><strong>et</strong></span> <span class='ocrx_word' id='word_1_163' title='bbox 605 1024 656 1051; x_wconf 92' lang='lat' dir='ltr'><strong>hoc</strong></span> <span class='ocrx_word' id='word_1_164' title='bbox 669 1024 755 1059; x_wconf 76' lang='lat' dir='ltr'><strong>magis</strong></span> <span class='ocrx_word' id='word_1_165' title='bbox 772 1025 805 1051; x_wconf 90' lang='lat' dir='ltr'><strong>ad</strong></span> 
     </span>
    </p>
   </div>
   <div class='ocr_carea' id='block_1_23' title="bbox 12 1068 804 1105">
    <p class='ocr_par' dir='ltr' id='par_1_23' title="bbox 12 1068 804 1105">
     <span class='ocr_line' id='line_1_23' title="bbox 12 1068 804 1105; baseline 0.003 -11"><span class='ocrx_word' id='word_1_166' title='bbox 12 1068 125 1094; x_wconf 89' lang='lat' dir='ltr'><strong>audent</strong></span> <span class='ocrx_word' id='word_1_167' title='bbox 144 1068 254 1103; x_wconf 89' lang='lat' dir='ltr'><strong>respicit</strong></span> <span class='ocrx_word' id='word_1_168' title='bbox 270 1070 393 1104; x_wconf 82' lang='lat' dir='ltr'><strong>Apostoli</strong></span> <span class='ocrx_word' id='word_1_169' title='bbox 411 1070 578 1096; x_wconf 83' lang='lat' dir='ltr'><strong>ostendentis</strong></span> <span class='ocrx_word' id='word_1_170' title='bbox 592 1070 804 1105; x_wconf 76' lang='lat' dir='ltr'><strong>magnitudinem</strong></span> 
     </span>
    </p>
   </div>
   <div class='ocr_carea' id='block_1_24' title="bbox 9 1113 806 1150">
    <p class='ocr_par' dir='ltr' id='par_1_24' title="bbox 9 1113 806 1150">
     <span class='ocr_line' id='line_1_24' title="bbox 9 1113 806 1150; baseline 0.004 -11"><span class='ocrx_word' id='word_1_171' title='bbox 9 1113 159 1141; x_wconf 85' lang='lat' dir='ltr'><strong>:ltaritatis</strong></span> <span class='ocrx_word' id='word_1_172' title='bbox 180 1122 236 1141; x_wconf 65' lang='lat' dir='ltr'><strong>suae</strong></span> <span class='ocrx_word' id='word_1_173' title='bbox 257 1114 328 1142; x_wconf 89' lang='lat' dir='ltr'><strong>circa</strong></span> <span class='ocrx_word' id='word_1_174' title='bbox 353 1115 445 1142; x_wconf 90' lang='lat' dir='ltr'><strong>ﬁdeles</strong></span> <span class='ocrx_word' id='word_1_175' title='bbox 463 1124 470 1142; x_wconf 88' lang='lat'><strong>:</strong></span> <span class='ocrx_word' id='word_1_176' title='bbox 494 1116 631 1150; x_wconf 89' lang='lat' dir='ltr'><strong>quomodo</strong></span> <span class='ocrx_word' id='word_1_177' title='bbox 649 1123 703 1142; x_wconf 86' lang='lat' dir='ltr'><strong>non</strong></span> <span class='ocrx_word' id='word_1_178' title='bbox 718 1117 806 1150; x_wconf 75' lang='lat' dir='ltr'><strong>magis</strong></span> 
     </span>
    </p>
   </div>
   <div class='ocr_carea' id='block_1_25' title="bbox 9 1158 805 1192">
    <p class='ocr_par' dir='ltr' id='par_1_25' title="bbox 9 1158 805 1192">
     <span class='ocr_line' id='line_1_25' title="bbox 9 1158 805 1192; baseline 0.005 -8"><span class='ocrx_word' id='word_1_179' title='bbox 9 1167 95 1192; x_wconf 67' lang='lat' dir='ltr'><strong>riam</strong></span> <span class='ocrx_word' id='word_1_180' title='bbox 124 1158 225 1186; x_wconf 87' lang='lat' dir='ltr'><strong>Paulus</strong></span> <span class='ocrx_word' id='word_1_181' title='bbox 251 1164 279 1187; x_wconf 90' lang='lat' dir='ltr'><strong>et</strong></span> <span class='ocrx_word' id='word_1_182' title='bbox 305 1161 395 1188; x_wconf 92' lang='lat' dir='ltr'><strong>omnis</strong></span> <span class='ocrx_word' id='word_1_183' title='bbox 420 1161 502 1187; x_wconf 85' lang='lat' dir='ltr'><strong>homo</strong></span> <span class='ocrx_word' id='word_1_184' title='bbox 528 1161 671 1188; x_wconf 83' lang='lat' dir='ltr'><strong>dilectione</strong></span> <span class='ocrx_word' id='word_1_185' title='bbox 692 1166 805 1189; x_wconf 83' lang='lat' dir='ltr'><strong>ornatus</strong></span> 
     </span>
    </p>
   </div>
   <div class='ocr_carea' id='block_1_26' title="bbox 9 1203 805 1240">
    <p class='ocr_par' dir='ltr' id='par_1_26' title="bbox 9 1203 805 1240">
     <span class='ocr_line' id='line_1_26' title="bbox 9 1203 805 1240; baseline 0.005 -11"><span class='ocrx_word' id='word_1_186' title='bbox 9 1203 100 1230; x_wconf 64' lang='lat' dir='ltr'><strong>i‘ilius</strong></span> <span class='ocrx_word' id='word_1_187' title='bbox 119 1203 260 1231; x_wconf 89' lang='lat' dir='ltr'><strong>charitatis</strong></span> <span class='ocrx_word' id='word_1_188' title='bbox 276 1204 323 1232; x_wconf 89' lang='lat' dir='ltr'><strong>Dei</strong></span> <span class='ocrx_word' id='word_1_189' title='bbox 348 1204 474 1232; x_wconf 80' lang='lat' dir='ltr'><strong>Salvator</strong></span> <span class='ocrx_word' id='word_1_190' title='bbox 491 1205 580 1232; x_wconf 89' lang='lat' dir='ltr'><strong>dicere</strong></span> <span class='ocrx_word' id='word_1_191' title='bbox 599 1210 687 1240; x_wconf 87' lang='lat' dir='ltr'><strong>potest</strong></span> <span class='ocrx_word' id='word_1_192' title='bbox 706 1214 805 1233; x_wconf 86' lang='lat' dir='ltr'><strong>conve-</strong></span> 
     </span>
    </p>
   </div>
   <div class='ocr_carea' id='block_1_27' title="bbox 10 1249 804 1286">
    <p class='ocr_par' dir='ltr' id='par_1_27' title="bbox 10 1249 804 1286">
     <span class='ocr_line' id='line_1_27' title="bbox 10 1249 804 1286; baseline 0.005 -12"><span class='ocrx_word' id='word_1_193' title='bbox 10 1249 139 1276; x_wconf 79' lang='lat' dir='ltr'><strong>ticnter:</strong></span> <span class='ocrx_word' id='word_1_194' title='bbox 155 1249 220 1282; x_wconf 76' lang='lat' dir='ltr'><strong>Quis</strong></span> <span class='ocrx_word' id='word_1_195' title='bbox 231 1250 383 1284; x_wconf 84' lang='lat' dir='ltr'><strong>inﬁrmatur</strong></span> <span class='ocrx_word' id='word_1_196' title='bbox 396 1255 420 1277; x_wconf 83' lang='lat' dir='ltr'><strong>et</strong></span> <span class='ocrx_word' id='word_1_197' title='bbox 434 1258 486 1277; x_wconf 83' lang='lat' dir='ltr'><strong>non</strong></span> <span class='ocrx_word' id='word_1_198' title='bbox 499 1251 638 1285; x_wconf 68' lang='lat' dir='ltr'><strong>infirmari</strong></span> <span class='ocrx_word' id='word_1_199' title='bbox 649 1251 707 1286; x_wconf 72' lang='lat' dir='ltr'><strong>quis</strong></span> <span class='ocrx_word' id='word_1_200' title='bbox 727 1260 804 1278; x_wconf 81' lang='lat' dir='ltr'><strong>scatt-</strong></span> 
     </span>
    </p>
   </div>
   <div class='ocr_carea' id='block_1_28' title="bbox 9 1293 804 1330">
    <p class='ocr_par' dir='ltr' id='par_1_28' title="bbox 9 1293 804 1330">
     <span class='ocr_line' id='line_1_28' title="bbox 9 1293 804 1330; baseline 0.005 -11"><span class='ocrx_word' id='word_1_201' title='bbox 9 1293 163 1325; x_wconf 66' lang='lat' dir='ltr'><strong>lulizatur,</strong></span> <span class='ocrx_word' id='word_1_202' title='bbox 176 1300 200 1321; x_wconf 86' lang='lat' dir='ltr'><strong>et</strong></span> <span class='ocrx_word' id='word_1_203' title='bbox 212 1303 262 1321; x_wconf 83' lang='lat' dir='ltr'><strong>non</strong></span> <span class='ocrx_word' id='word_1_204' title='bbox 275 1303 321 1330; x_wconf 82' lang='lat' dir='ltr'><strong>ego</strong></span> <span class='ocrx_word' id='word_1_205' title='bbox 333 1304 396 1322; x_wconf 89' lang='lat' dir='ltr'><strong>uror</strong></span> <span class='ocrx_word' id='word_1_206' title='bbox 406 1297 419 1322; x_wconf 74' lang='lat' dir='ltr'><em>f’</em></span> <span class='ocrx_word' id='word_1_207' title='bbox 431 1295 545 1330; x_wconf 83' lang='lat' dir='ltr'><strong>Propter</strong></span> <span class='ocrx_word' id='word_1_208' title='bbox 561 1297 634 1330; x_wconf 90' lang='lat' dir='ltr'><strong>quod</strong></span> <span class='ocrx_word' id='word_1_209' title='bbox 653 1296 719 1324; x_wconf 84' lang='lat' dir='ltr'><strong>dicit</strong></span> <span class='ocrx_word' id='word_1_210' title='bbox 734 1306 740 1323; x_wconf 83' lang='lat'><strong>:</strong></span> <span class='ocrx_word' id='word_1_211' title='bbox 757 1296 804 1323; x_wconf 85' lang='lat' dir='ltr'><strong>In-</strong></span> 
     </span>
    </p>
   </div>
   <div class='ocr_carea' id='block_1_29' title="bbox 9 1339 802 1375">
    <p class='ocr_par' dir='ltr' id='par_1_29' title="bbox 9 1339 802 1375">
     <span class='ocr_line' id='line_1_29' title="bbox 9 1339 802 1375; baseline 0.005 -10"><span class='ocrx_word' id='word_1_212' title='bbox 9 1340 108 1366; x_wconf 65' lang='lat' dir='ltr'><strong>ﬁrmus</strong></span> <span class='ocrx_word' id='word_1_213' title='bbox 121 1339 171 1373; x_wconf 82' lang='lat' dir='ltr'><strong>fui,</strong></span> <span class='ocrx_word' id='word_1_214' title='bbox 183 1340 222 1366; x_wconf 83' lang='lat' dir='ltr'><strong>sic</strong></span> <span class='ocrx_word' id='word_1_215' title='bbox 231 1345 255 1366; x_wconf 86' lang='lat' dir='ltr'><strong>et</strong></span> <span class='ocrx_word' id='word_1_216' title='bbox 268 1341 295 1367; x_wconf 85' lang='lat' dir='ltr'><strong>in</strong></span> <span class='ocrx_word' id='word_1_217' title='bbox 307 1348 409 1368; x_wconf 84' lang='lat' dir='ltr'><strong>carcere</strong></span> <span class='ocrx_word' id='word_1_218' title='bbox 419 1341 469 1375; x_wconf 88' lang='lat' dir='ltr'><strong>fui,</strong></span> <span class='ocrx_word' id='word_1_219' title='bbox 481 1347 504 1368; x_wconf 85' lang='lat' dir='ltr'><strong>et</strong></span> <span class='ocrx_word' id='word_1_220' title='bbox 518 1349 567 1367; x_wconf 87' lang='lat' dir='ltr'><strong>non</strong></span> <span class='ocrx_word' id='word_1_221' title='bbox 579 1343 708 1369; x_wconf 80' lang='lat' dir='ltr'><strong>aisitastis</strong></span> <span class='ocrx_word' id='word_1_222' title='bbox 720 1351 759 1369; x_wconf 87' lang='lat' dir='ltr'><strong>me</strong></span> <span class='ocrx_word' id='word_1_223' title='bbox 769 1343 802 1369; x_wconf 85' lang='grc'><strong>¹¹.</strong></span> 
     </span>
    </p>
   </div>
   <div class='ocr_carea' id='block_1_30' title="bbox 9 1385 804 1423">
    <p class='ocr_par' dir='ltr' id='par_1_30' title="bbox 9 1385 804 1423">
     <span class='ocr_line' id='line_1_30' title="bbox 9 1385 804 1423; baseline 0.008 -13"><span class='ocrx_word' id='word_1_224' title='bbox 9 1391 34 1411; x_wconf 67' lang='lat' dir='ltr'><strong>tu</strong></span> <span class='ocrx_word' id='word_1_225' title='bbox 66 1393 182 1412; x_wconf 80' lang='lat' dir='ltr'><strong>carcere</strong></span> <span class='ocrx_word' id='word_1_226' title='bbox 203 1385 276 1412; x_wconf 88' lang='lat' dir='ltr'><strong>enim</strong></span> <span class='ocrx_word' id='word_1_227' title='bbox 302 1386 424 1414; x_wconf 80' lang='lat' dir='ltr'><strong>membro</strong></span> <span class='ocrx_word' id='word_1_228' title='bbox 450 1386 551 1414; x_wconf 84' lang='lat' dir='ltr'><strong>Christi</strong></span> <span class='ocrx_word' id='word_1_229' title='bbox 573 1388 730 1421; x_wconf 82' lang='lat' dir='ltr'><strong>constituto,</strong></span> <span class='ocrx_word' id='word_1_230' title='bbox 747 1389 804 1423; x_wconf 86' lang='lat' dir='ltr'><strong>ipse</strong></span> 
     </span>
    </p>
   </div>
   <div class='ocr_carea' id='block_1_31' title="bbox 9 1432 801 1467">
    <p class='ocr_par' dir='ltr' id='par_1_31' title="bbox 9 1432 801 1467">
     <span class='ocr_line' id='line_1_31' title="bbox 9 1432 801 1467; baseline 0.006 -11"><span class='ocrx_word' id='word_1_231' title='bbox 9 1438 64 1457; x_wconf 83' lang='lat' dir='ltr'><strong>non</strong></span> <span class='ocrx_word' id='word_1_232' title='bbox 95 1436 139 1457; x_wconf 84' lang='lat' dir='ltr'><strong>est</strong></span> <span class='ocrx_word' id='word_1_233' title='bbox 165 1432 272 1458; x_wconf 86' lang='lat' dir='ltr'><strong>solutus</strong></span> <span class='ocrx_word' id='word_1_234' title='bbox 296 1439 310 1458; x_wconf 80' lang='lat' dir='ltr'><strong>tt</strong></span> <span class='ocrx_word' id='word_1_235' title='bbox 336 1440 444 1460; x_wconf 84' lang='lat' dir='ltr'><strong>carcere</strong></span> <span class='ocrx_word' id='word_1_236' title='bbox 467 1433 513 1466; x_wconf 87' lang='lat' dir='ltr'><strong>qtti</strong></span> <span class='ocrx_word' id='word_1_237' title='bbox 535 1432 601 1459; x_wconf 86' lang='lat' dir='ltr'><strong>dicit</strong></span> <span class='ocrx_word' id='word_1_238' title='bbox 618 1433 651 1460; x_wconf 83' lang='lat' dir='ltr'><strong>de</strong></span> <span class='ocrx_word' id='word_1_239' title='bbox 665 1433 739 1467; x_wconf 85' lang='lat' dir='ltr'><strong>justo</strong></span> <span class='ocrx_word' id='word_1_240' title='bbox 754 1434 775 1449; x_wconf 83' lang='lat'><strong><em>“</em></strong></span> <span class='ocrx_word' id='word_1_241' title='bbox 795 1443 801 1461; x_wconf 93' lang='lat'><strong>:</strong></span> 
     </span>
    </p>
   </div>
   <div class='ocr_carea' id='block_1_32' title="bbox 9 1475 804 1510">
    <p class='ocr_par' dir='ltr' id='par_1_32' title="bbox 9 1475 804 1510">
     <span class='ocr_line' id='line_1_32' title="bbox 9 1475 804 1510; baseline 0.006 -9"><span class='ocrx_word' id='word_1_242' title='bbox 9 1475 76 1502; x_wconf 76' lang='lat' dir='ltr'><strong>Cum</strong></span> <span class='ocrx_word' id='word_1_243' title='bbox 95 1476 153 1510; x_wconf 73' lang='lat' dir='ltr'><strong>ipso</strong></span> <span class='ocrx_word' id='word_1_244' title='bbox 171 1485 228 1502; x_wconf 80' lang='lat' dir='ltr'><strong>sum</strong></span> <span class='ocrx_word' id='word_1_245' title='bbox 244 1477 271 1502; x_wconf 87' lang='lat' dir='ltr'><strong>in</strong></span> <span class='ocrx_word' id='word_1_246' title='bbox 295 1477 474 1510; x_wconf 73' lang='lat' dir='ltr'><strong>tribulatione,</strong></span> <span class='ocrx_word' id='word_1_247' title='bbox 504 1478 554 1505; x_wconf 90' lang='lat' dir='ltr'><strong>hoc</strong></span> <span class='ocrx_word' id='word_1_248' title='bbox 576 1483 618 1505; x_wconf 83' lang='lat' dir='ltr'><strong>cst</strong></span> <span class='ocrx_word' id='word_1_249' title='bbox 634 1479 804 1506; x_wconf 87' lang='lat' dir='ltr'><strong>contribulor</strong></span> 
     </span>
    </p>
   </div>
   <div class='ocr_carea' id='block_1_33' title="bbox 9 1518 801 1556">
    <p class='ocr_par' dir='ltr' id='par_1_33' title="bbox 9 1518 801 1556">
     <span class='ocr_line' id='line_1_33' title="bbox 9 1518 801 1556; baseline 0.008 -10"><span class='ocrx_word' id='word_1_250' title='bbox 9 1521 41 1547; x_wconf 68' lang='lat' dir='ltr'><strong>si.</strong></span> <span class='ocrx_word' id='word_1_251' title='bbox 58 1518 140 1548; x_wconf 84' lang='lat' dir='ltr'><strong>Sicut</strong></span> <span class='ocrx_word' id='word_1_252' title='bbox 155 1522 226 1548; x_wconf 87' lang='lat' dir='ltr'><strong>enittt</strong></span> <span class='ocrx_word' id='word_1_253' title='bbox 242 1522 287 1556; x_wconf 88' lang='lat' dir='ltr'><strong>qui</strong></span> <span class='ocrx_word' id='word_1_254' title='bbox 301 1530 377 1549; x_wconf 89' lang='lat' dir='ltr'><strong>meus</strong></span> <span class='ocrx_word' id='word_1_255' title='bbox 397 1527 447 1556; x_wconf 81' lang='lat' dir='ltr'><strong>est,</strong></span> <span class='ocrx_word' id='word_1_256' title='bbox 461 1523 487 1550; x_wconf 88' lang='lat' dir='ltr'><strong>itt</strong></span> <span class='ocrx_word' id='word_1_257' title='bbox 504 1523 680 1551; x_wconf 79' lang='lat' dir='ltr'><strong>tribulatione</strong></span> <span class='ocrx_word' id='word_1_258' title='bbox 696 1533 801 1552; x_wconf 74' lang='lat' dir='ltr'><strong>mecum</strong></span> 
     </span>
    </p>
   </div>
   <div class='ocr_carea' id='block_1_34' title="bbox 9 1567 802 1602">
    <p class='ocr_par' dir='ltr' id='par_1_34' title="bbox 9 1567 802 1602">
     <span class='ocr_line' id='line_1_34' title="bbox 9 1567 802 1602; baseline 0.006 -9"><span class='ocrx_word' id='word_1_259' title='bbox 9 1571 60 1599; x_wconf 72' lang='lat' dir='ltr'><strong>est,</strong></span> <span class='ocrx_word' id='word_1_260' title='bbox 77 1567 121 1594; x_wconf 88' lang='lat' dir='ltr'><strong>sic</strong></span> <span class='ocrx_word' id='word_1_261' title='bbox 135 1571 162 1593; x_wconf 89' lang='lat' dir='ltr'><strong>et</strong></span> <span class='ocrx_word' id='word_1_262' title='bbox 181 1575 230 1602; x_wconf 77' lang='lat' dir='ltr'><strong>ego</strong></span> <span class='ocrx_word' id='word_1_263' title='bbox 249 1568 274 1594; x_wconf 86' lang='lat' dir='ltr'><strong>iit</strong></span> <span class='ocrx_word' id='word_1_264' title='bbox 292 1568 466 1595; x_wconf 85' lang='lat' dir='ltr'><strong>tribulatione</strong></span> <span class='ocrx_word' id='word_1_265' title='bbox 481 1577 543 1596; x_wconf 92' lang='lat' dir='ltr'><strong>cum</strong></span> <span class='ocrx_word' id='word_1_266' title='bbox 560 1577 593 1596; x_wconf 90' lang='lat' dir='ltr'><strong>eo</strong></span> <span class='ocrx_word' id='word_1_267' title='bbox 613 1578 685 1597; x_wconf 89' lang='lat' dir='ltr'><strong>sum.</strong></span> <span class='ocrx_word' id='word_1_268' title='bbox 703 1570 734 1597; x_wconf 82' lang='lat' dir='ltr'><strong>Et</strong></span> <span class='ocrx_word' id='word_1_269' title='bbox 751 1571 802 1598; x_wconf 89' lang='lat' dir='ltr'><strong>hoc</strong></span> 
     </span>
    </p>
   </div>
   <div class='ocr_carea' id='block_1_35' title="bbox 9 1608 802 1648">
    <p class='ocr_par' dir='ltr' id='par_1_35' title="bbox 9 1608 802 1648">
     <span class='ocr_line' id='line_1_35' title="bbox 9 1608 802 1648; baseline 0.005 -10"><span class='ocrx_word' id='word_1_270' title='bbox 9 1608 73 1638; x_wconf 66' lang='lat' dir='ltr'><strong>dico</strong></span> <span class='ocrx_word' id='word_1_271' title='bbox 99 1619 152 1638; x_wconf 90' lang='lat' dir='ltr'><strong>tton</strong></span> <span class='ocrx_word' id='word_1_272' title='bbox 169 1612 297 1646; x_wconf 82' lang='lat' dir='ltr'><strong>ignorans</strong></span> <span class='ocrx_word' id='word_1_273' title='bbox 320 1613 500 1648; x_wconf 74' lang='lat' dir='ltr'><strong>vulgariorem</strong></span> <span class='ocrx_word' id='word_1_274' title='bbox 524 1614 596 1641; x_wconf 89' lang='lat' dir='ltr'><strong>illam</strong></span> <span class='ocrx_word' id='word_1_275' title='bbox 618 1615 802 1642; x_wconf 85' lang='lat' dir='ltr'><strong>traditionem.</strong></span> 
     </span>
    </p>
   </div>
   <div class='ocr_carea' id='block_1_36' title="bbox 9 1657 804 1696">
    <p class='ocr_par' dir='ltr' id='par_1_36' title="bbox 9 1657 804 1696">
     <span class='ocr_line' id='line_1_36' title="bbox 9 1657 804 1696; baseline 0.005 -12"><span class='ocrx_word' id='word_1_276' title='bbox 9 1657 41 1684; x_wconf 82' lang='lat' dir='ltr'><strong>Et</strong></span> <span class='ocrx_word' id='word_1_277' title='bbox 61 1658 118 1684; x_wconf 83' lang='lat' dir='ltr'><strong>hoc</strong></span> <span class='ocrx_word' id='word_1_278' title='bbox 140 1658 294 1689; x_wconf 77' lang='lat' dir='ltr'><strong>considera,</strong></span> <span class='ocrx_word' id='word_1_279' title='bbox 316 1660 379 1693; x_wconf 91' lang='lat' dir='ltr'><strong>quia</strong></span> <span class='ocrx_word' id='word_1_280' title='bbox 405 1659 565 1687; x_wconf 85' lang='lat' dir='ltr'><strong>immoratur</strong></span> <span class='ocrx_word' id='word_1_281' title='bbox 587 1660 614 1687; x_wconf 96' lang='lat' dir='ltr'><strong>in</strong></span> <span class='ocrx_word' id='word_1_282' title='bbox 640 1669 804 1696; x_wconf 85' lang='lat' dir='ltr'><strong>unoquoque</strong></span> 
     </span>
    </p>
   </div>
   <div class='ocr_carea' id='block_1_37' title="bbox 9 1703 804 1741">
    <p class='ocr_par' dir='ltr' id='par_1_37' title="bbox 9 1703 804 1741">
     <span class='ocr_line' id='line_1_37' title="bbox 9 1703 804 1741; baseline 0.005 -12"><span class='ocrx_word' id='word_1_283' title='bbox 9 1704 97 1730; x_wconf 80' lang='lat' dir='ltr'><strong>verbo</strong></span> <span class='ocrx_word' id='word_1_284' title='bbox 115 1703 229 1738; x_wconf 87' lang='lat' dir='ltr'><strong>loquens</strong></span> <span class='ocrx_word' id='word_1_285' title='bbox 241 1704 275 1731; x_wconf 91' lang='lat' dir='ltr'><strong>ad</strong></span> <span class='ocrx_word' id='word_1_286' title='bbox 287 1704 388 1739; x_wconf 83' lang='lat' dir='ltr'><strong>justus,</strong></span> <span class='ocrx_word' id='word_1_287' title='bbox 402 1708 429 1731; x_wconf 88' lang='lat' dir='ltr'><strong>et</strong></span> <span class='ocrx_word' id='word_1_288' title='bbox 444 1705 559 1732; x_wconf 84' lang='lat' dir='ltr'><strong>laudans</strong></span> <span class='ocrx_word' id='word_1_289' title='bbox 572 1713 629 1738; x_wconf 88' lang='lat' dir='ltr'><strong>eos,</strong></span> <span class='ocrx_word' id='word_1_290' title='bbox 646 1711 672 1732; x_wconf 88' lang='lat' dir='ltr'><strong>et</strong></span> <span class='ocrx_word' id='word_1_291' title='bbox 688 1715 734 1741; x_wconf 87' lang='lat' dir='ltr'><strong>per</strong></span> <span class='ocrx_word' id='word_1_292' title='bbox 748 1707 804 1734; x_wconf 84' lang='lat' dir='ltr'><strong>sitt—</strong></span> 
     </span>
    </p>
   </div>
   <div class='ocr_carea' id='block_1_38' title="bbox 9 1749 803 1786">
    <p class='ocr_par' dir='ltr' id='par_1_38' title="bbox 9 1749 803 1786">
     <span class='ocr_line' id='line_1_38' title="bbox 9 1749 803 1786; baseline 0.006 -11"><span class='ocrx_word' id='word_1_293' title='bbox 9 1750 89 1783; x_wconf 75' lang='lat' dir='ltr'><strong>gulas</strong></span> <span class='ocrx_word' id='word_1_294' title='bbox 107 1749 210 1783; x_wconf 85' lang='lat' dir='ltr'><strong>species</strong></span> <span class='ocrx_word' id='word_1_295' title='bbox 231 1757 325 1776; x_wconf 90' lang='lat' dir='ltr'><strong>eorunt</strong></span> <span class='ocrx_word' id='word_1_296' title='bbox 342 1749 483 1777; x_wconf 81' lang='lat' dir='ltr'><strong>benefacta</strong></span> <span class='ocrx_word' id='word_1_297' title='bbox 499 1750 661 1778; x_wconf 85' lang='lat' dir='ltr'><strong>dinumerat.</strong></span> <span class='ocrx_word' id='word_1_298' title='bbox 677 1749 803 1786; x_wconf 79' lang='lat' dir='ltr'><strong>Loquens</strong></span> 
     </span>
    </p>
   </div>
   <div class='ocr_carea' id='block_1_39' title="bbox 9 1794 802 1831">
    <p class='ocr_par' dir='ltr' id='par_1_39' title="bbox 9 1794 802 1831">
     <span class='ocr_line' id='line_1_39' title="bbox 9 1794 802 1831; baseline 0.004 -10"><span class='ocrx_word' id='word_1_299' title='bbox 9 1799 105 1821; x_wconf 78' lang='lat' dir='ltr'><strong>autem</strong></span> <span class='ocrx_word' id='word_1_300' title='bbox 127 1794 160 1821; x_wconf 87' lang='lat' dir='ltr'><strong>ad</strong></span> <span class='ocrx_word' id='word_1_301' title='bbox 181 1795 297 1829; x_wconf 83' lang='lat' dir='ltr'><strong>injustos</strong></span> <span class='ocrx_word' id='word_1_302' title='bbox 318 1795 439 1829; x_wconf 71' lang='lat' dir='ltr'><strong>prrecidlt</strong></span> <span class='ocrx_word' id='word_1_303' title='bbox 462 1796 668 1831; x_wconf 86' lang='lat' dir='ltr'><strong>contpendians,</strong></span> <span class='ocrx_word' id='word_1_304' title='bbox 691 1802 717 1824; x_wconf 88' lang='lat' dir='ltr'><strong>et.</strong></span> <span class='ocrx_word' id='word_1_305' title='bbox 736 1806 802 1824; x_wconf 87' lang='lat' dir='ltr'><strong>con-</strong></span> 
     </span>
    </p>
   </div>
   <div class='ocr_carea' id='block_1_40' title="bbox 9 1842 804 1878">
    <p class='ocr_par' dir='ltr' id='par_1_40' title="bbox 9 1842 804 1878">
     <span class='ocr_line' id='line_1_40' title="bbox 9 1842 804 1878; baseline 0.001 -8"><span class='ocrx_word' id='word_1_306' title='bbox 9 1843 146 1877; x_wconf 71' lang='lat' dir='ltr'><strong>colligens</strong></span> <span class='ocrx_word' id='word_1_307' title='bbox 166 1842 308 1870; x_wconf 81' lang='lat' dir='ltr'><strong>malei‘acta</strong></span> <span class='ocrx_word' id='word_1_308' title='bbox 327 1850 420 1869; x_wconf 91' lang='lat' dir='ltr'><strong>eorum</strong></span> <span class='ocrx_word' id='word_1_309' title='bbox 439 1843 465 1869; x_wconf 93' lang='lat' dir='ltr'><strong>in</strong></span> <span class='ocrx_word' id='word_1_310' title='bbox 484 1843 564 1870; x_wconf 84' lang='lat' dir='ltr'><strong>breve</strong></span> <span class='ocrx_word' id='word_1_311' title='bbox 588 1853 593 1870; x_wconf 89' lang='lat'>:</span> <span class='ocrx_word' id='word_1_312' title='bbox 613 1844 638 1870; x_wconf 91' lang='lat' dir='ltr'><strong>id</strong></span> <span class='ocrx_word' id='word_1_313' title='bbox 657 1849 698 1871; x_wconf 89' lang='lat' dir='ltr'><strong>est</strong></span> <span class='ocrx_word' id='word_1_314' title='bbox 722 1844 804 1878; x_wconf 86' lang='lat' dir='ltr'><strong>jnstis</strong></span> 
     </span>
    </p>
   </div>
   <div class='ocr_carea' id='block_1_41' title="bbox 9 1887 801 1924">
    <p class='ocr_par' dir='ltr' id='par_1_41' title="bbox 9 1887 801 1924">
     <span class='ocr_line' id='line_1_41' title="bbox 9 1887 801 1924; baseline 0.003 -10"><span class='ocrx_word' id='word_1_315' title='bbox 9 1889 122 1924; x_wconf 74' lang='lat' dir='ltr'><strong>quidem</strong></span> <span class='ocrx_word' id='word_1_316' title='bbox 136 1889 170 1915; x_wconf 88' lang='lat' dir='ltr'><strong>de</strong></span> <span class='ocrx_word' id='word_1_317' title='bbox 187 1888 342 1915; x_wconf 84' lang='lat' dir='ltr'><strong>inﬁrmitate</strong></span> <span class='ocrx_word' id='word_1_318' title='bbox 357 1888 421 1915; x_wconf 89' lang='lat' dir='ltr'><strong>dicit</strong></span> <span class='ocrx_word' id='word_1_319' title='bbox 436 1897 442 1915; x_wconf 86' lang='lat'><strong>:</strong></span> <span class='ocrx_word' id='word_1_320' title='bbox 459 1887 586 1922; x_wconf 82' lang='lat' dir='ltr'><strong>Inﬁrmus</strong></span> <span class='ocrx_word' id='word_1_321' title='bbox 599 1889 648 1923; x_wconf 85' lang='lat' dir='ltr'><strong>fui,</strong></span> <span class='ocrx_word' id='word_1_322' title='bbox 666 1894 689 1915; x_wconf 82' lang='lat' dir='ltr'><strong>et</strong></span> <span class='ocrx_word' id='word_1_323' title='bbox 709 1890 801 1916; x_wconf 67' lang='lat' dir='ltr'><strong>visita-</strong></span> 
     </span>
    </p>
   </div>
   <div class='ocr_carea' id='block_1_42' title="bbox 9 1934 803 1969">
    <p class='ocr_par' dir='ltr' id='par_1_42' title="bbox 9 1934 803 1969">
     <span class='ocr_line' id='line_1_42' title="bbox 9 1934 803 1969; baseline 0 -7"><span class='ocrx_word' id='word_1_324' title='bbox 9 1936 56 1962; x_wconf 77' lang='lat' dir='ltr'><strong>ttis</strong></span> <span class='ocrx_word' id='word_1_325' title='bbox 82 1942 140 1966; x_wconf 86' lang='lat' dir='ltr'><strong>me;</strong></span> <span class='ocrx_word' id='word_1_326' title='bbox 163 1934 306 1969; x_wconf 84' lang='lat' dir='ltr'><strong>separatim</strong></span> <span class='ocrx_word' id='word_1_327' title='bbox 328 1938 418 1961; x_wconf 79' lang='lat' dir='ltr'><strong>autent</strong></span> <span class='ocrx_word' id='word_1_328' title='bbox 441 1935 473 1962; x_wconf 87' lang='lat' dir='ltr'><strong>dc</strong></span> <span class='ocrx_word' id='word_1_329' title='bbox 495 1943 623 1962; x_wconf 87' lang='lat' dir='ltr'><strong>carcere:</strong></span> <span class='ocrx_word' id='word_1_330' title='bbox 651 1934 683 1962; x_wconf 88' lang='lat' dir='ltr'><strong>Iu</strong></span> <span class='ocrx_word' id='word_1_331' title='bbox 700 1944 803 1962; x_wconf 78' lang='lat' dir='ltr'><strong>currere</strong></span> 
     </span>
    </p>
   </div>
   <div class='ocr_carea' id='block_1_43' title="bbox 9 1979 802 2014">
    <p class='ocr_par' dir='ltr' id='par_1_43' title="bbox 9 1979 802 2014">
     <span class='ocr_line' id='line_1_43' title="bbox 9 1979 802 2014; baseline 0 -7"><span class='ocrx_word' id='word_1_332' title='bbox 9 1981 64 2013; x_wconf 83' lang='lat' dir='ltr'><strong>fui,</strong></span> <span class='ocrx_word' id='word_1_333' title='bbox 87 1985 113 2006; x_wconf 85' lang='lat' dir='ltr'><strong>et</strong></span> <span class='ocrx_word' id='word_1_334' title='bbox 131 1981 238 2006; x_wconf 79' lang='lat' dir='ltr'><strong>venistis</strong></span> <span class='ocrx_word' id='word_1_335' title='bbox 255 1979 288 2006; x_wconf 84' lang='lat' dir='ltr'><strong>ad</strong></span> <span class='ocrx_word' id='word_1_336' title='bbox 306 1987 354 2006; x_wconf 89' lang='lat' dir='ltr'><strong>me.</strong></span> <span class='ocrx_word' id='word_1_337' title='bbox 375 1980 413 2006; x_wconf 83' lang='lat' dir='ltr'><strong>Ad</strong></span> <span class='ocrx_word' id='word_1_338' title='bbox 435 1980 551 2014; x_wconf 71' lang='lat' dir='ltr'><strong>iniustos</strong></span> <span class='ocrx_word' id='word_1_339' title='bbox 571 1985 659 2007; x_wconf 83' lang='lat' dir='ltr'><strong>autent</strong></span> <span class='ocrx_word' id='word_1_340' title='bbox 678 1989 739 2007; x_wconf 85' lang='lat' dir='ltr'><strong>cuni</strong></span> <span class='ocrx_word' id='word_1_341' title='bbox 753 1989 802 2014; x_wconf 52' lang='lat' dir='ltr'><strong>po-</strong></span> 
     </span>
    </p>
   </div>
   <div class='ocr_carea' id='block_1_44' title="bbox 9 2026 800 2059">
    <p class='ocr_par' dir='ltr' id='par_1_44' title="bbox 9 2026 800 2059">
     <span class='ocr_line' id='line_1_44' title="bbox 9 2026 800 2059; baseline -0.001 -5"><span class='ocrx_word' id='word_1_342' title='bbox 9 2027 113 2054; x_wconf 76' lang='lat' dir='ltr'><strong>luisset</strong></span> <span class='ocrx_word' id='word_1_343' title='bbox 128 2027 255 2053; x_wconf 88' lang='lat' dir='ltr'><strong>similiter</strong></span> <span class='ocrx_word' id='word_1_344' title='bbox 274 2026 362 2053; x_wconf 86' lang='lat' dir='ltr'><strong>facere</strong></span> <span class='ocrx_word' id='word_1_345' title='bbox 376 2035 381 2053; x_wconf 89' lang='lat'><strong>:</strong></span> <span class='ocrx_word' id='word_1_346' title='bbox 396 2026 522 2053; x_wconf 87' lang='lat' dir='ltr'><strong>Inﬁrmus</strong></span> <span class='ocrx_word' id='word_1_347' title='bbox 537 2026 586 2059; x_wconf 89' lang='lat' dir='ltr'><strong>fui,</strong></span> <span class='ocrx_word' id='word_1_348' title='bbox 601 2031 627 2053; x_wconf 85' lang='lat' dir='ltr'><strong>et</strong></span> <span class='ocrx_word' id='word_1_349' title='bbox 640 2034 693 2053; x_wconf 92' lang='lat' dir='ltr'><strong>non</strong></span> <span class='ocrx_word' id='word_1_350' title='bbox 707 2027 800 2054; x_wconf 88' lang='lat' dir='ltr'><strong>visita-</strong></span> 
     </span>
    </p>
   </div>
   <div class='ocr_carea' id='block_1_45' title="bbox 9 2071 798 2106">
    <p class='ocr_par' dir='ltr' id='par_1_45' title="bbox 9 2071 798 2106">
     <span class='ocr_line' id='line_1_45' title="bbox 9 2071 798 2106; baseline -0.001 -6"><span class='ocrx_word' id='word_1_351' title='bbox 9 2073 59 2100; x_wconf 81' lang='lat' dir='ltr'><strong>stis</strong></span> <span class='ocrx_word' id='word_1_352' title='bbox 77 2079 138 2104; x_wconf 86' lang='lat' dir='ltr'><strong>me;</strong></span> <span class='ocrx_word' id='word_1_353' title='bbox 153 2071 179 2098; x_wconf 91' lang='lat' dir='ltr'><strong>in</strong></span> <span class='ocrx_word' id='word_1_354' title='bbox 192 2079 301 2099; x_wconf 86' lang='lat' dir='ltr'><strong>carcere</strong></span> <span class='ocrx_word' id='word_1_355' title='bbox 315 2071 364 2101; x_wconf 88' lang='lat' dir='ltr'><strong>fui.</strong></span> <span class='ocrx_word' id='word_1_356' title='bbox 378 2076 404 2099; x_wconf 85' lang='lat' dir='ltr'><strong>et</strong></span> <span class='ocrx_word' id='word_1_357' title='bbox 417 2079 470 2098; x_wconf 92' lang='lat' dir='ltr'><strong>non</strong></span> <span class='ocrx_word' id='word_1_358' title='bbox 487 2071 601 2099; x_wconf 85' lang='lat' dir='ltr'><strong>venistis</strong></span> <span class='ocrx_word' id='word_1_359' title='bbox 615 2072 648 2099; x_wconf 90' lang='lat' dir='ltr'><strong>ad</strong></span> <span class='ocrx_word' id='word_1_360' title='bbox 663 2080 717 2104; x_wconf 80' lang='lat' dir='ltr'><strong>me,</strong></span> <span class='ocrx_word' id='word_1_361' title='bbox 732 2080 798 2106; x_wconf 69' lang='lat' dir='ltr'><strong>prat-</strong></span> 
     </span>
    </p>
   </div>
   <div class='ocr_carea' id='block_1_46' title="bbox 9 2116 802 2151">
    <p class='ocr_par' dir='ltr' id='par_1_46' title="bbox 9 2116 802 2151">
     <span class='ocr_line' id='line_1_46' title="bbox 9 2116 802 2151; baseline 0 -7"><span class='ocrx_word' id='word_1_362' title='bbox 9 2117 106 2144; x_wconf 80' lang='lat' dir='ltr'><strong>cidens</strong></span> <span class='ocrx_word' id='word_1_363' title='bbox 119 2117 313 2149; x_wconf 85' lang='lat' dir='ltr'><strong>narrationem,</strong></span> <span class='ocrx_word' id='word_1_364' title='bbox 321 2116 466 2143; x_wconf 88' lang='lat' dir='ltr'><strong>subunavit</strong></span> <span class='ocrx_word' id='word_1_365' title='bbox 474 2121 629 2151; x_wconf 89' lang='lat' dir='ltr'><strong>tttrumque,</strong></span> <span class='ocrx_word' id='word_1_366' title='bbox 639 2117 744 2144; x_wconf 89' lang='lat' dir='ltr'><strong>dicens:</strong></span> <span class='ocrx_word' id='word_1_367' title='bbox 756 2117 802 2144; x_wconf 88' lang='lat' dir='ltr'><strong>In-</strong></span> 
     </span>
    </p>
   </div>
   <div class='ocr_carea' id='block_1_47' title="bbox 9 2162 800 2196">
    <p class='ocr_par' dir='ltr' id='par_1_47' title="bbox 9 2162 800 2196">
     <span class='ocr_line' id='line_1_47' title="bbox 9 2162 800 2196; baseline 0.003 -8"><span class='ocrx_word' id='word_1_368' title='bbox 9 2164 105 2189; x_wconf 76' lang='lat' dir='ltr'><strong>ﬁrmus</strong></span> <span class='ocrx_word' id='word_1_369' title='bbox 117 2162 156 2196; x_wconf 85' lang='lat' dir='ltr'><strong>fui</strong></span> <span class='ocrx_word' id='word_1_370' title='bbox 169 2168 192 2189; x_wconf 83' lang='lat' dir='ltr'><strong>et</strong></span> <span class='ocrx_word' id='word_1_371' title='bbox 206 2163 231 2189; x_wconf 85' lang='lat' dir='ltr'><strong>in</strong></span> <span class='ocrx_word' id='word_1_372' title='bbox 243 2170 354 2195; x_wconf 76' lang='lat' dir='ltr'><strong>carcere,</strong></span> <span class='ocrx_word' id='word_1_373' title='bbox 367 2168 390 2189; x_wconf 83' lang='lat' dir='ltr'><strong>et</strong></span> <span class='ocrx_word' id='word_1_374' title='bbox 404 2171 455 2189; x_wconf 85' lang='lat' dir='ltr'><strong>non</strong></span> <span class='ocrx_word' id='word_1_375' title='bbox 467 2163 594 2189; x_wconf 74' lang='lat' dir='ltr'><strong>visitastis</strong></span> <span class='ocrx_word' id='word_1_376' title='bbox 609 2171 656 2189; x_wconf 83' lang='lat' dir='ltr'><strong>me.</strong></span> <span class='ocrx_word' id='word_1_377' title='bbox 667 2163 800 2196; x_wconf 83' lang='lat' dir='ltr'><strong>Quoniam</strong></span> 
     </span>
    </p>
   </div>
   <div class='ocr_carea' id='block_1_48' title="bbox 863 248 1651 287">
    <p class='ocr_par' dir='ltr' id='par_1_48' title="bbox 863 248 1651 287">
     <span class='ocr_line' id='line_1_48' title="bbox 863 248 1651 287; baseline 0.003 -11"><span class='ocrx_word' id='word_1_378' title='bbox 863 257 913 276; x_wconf 92' lang='lat' dir='ltr'><strong>nec</strong></span> <span class='ocrx_word' id='word_1_379' title='bbox 934 249 985 276; x_wconf 88' lang='lat' dir='ltr'><strong>hoc</strong></span> <span class='ocrx_word' id='word_1_380' title='bbox 1005 248 1119 276; x_wconf 87' lang='lat' dir='ltr'><strong>fecimus</strong></span> <span class='ocrx_word' id='word_1_381' title='bbox 1140 248 1198 276; x_wconf 91' lang='lat' dir='ltr'><strong>tibi.</strong></span> <span class='ocrx_word' id='word_1_382' title='bbox 1217 249 1311 284; x_wconf 81' lang='lat' dir='ltr'><strong>lnjusti</strong></span> <span class='ocrx_word' id='word_1_383' title='bbox 1332 258 1385 277; x_wconf 92' lang='lat' dir='ltr'><strong>non</strong></span> <span class='ocrx_word' id='word_1_384' title='bbox 1410 251 1446 278; x_wconf 86' lang='lat' dir='ltr'><strong>ita</strong></span> <span class='ocrx_word' id='word_1_385' title='bbox 1470 259 1517 286; x_wconf 87' lang='lat' dir='ltr'><strong>per</strong></span> <span class='ocrx_word' id='word_1_386' title='bbox 1534 251 1651 287; x_wconf 78' lang='lat' dir='ltr'><strong>singula,</strong></span> 
     </span>
    </p>
   </div>
   <div class='ocr_carea' id='block_1_49' title="bbox 863 294 1652 326">
    <p class='ocr_par' dir='ltr' id='par_1_49' title="bbox 863 294 1652 326">
     <span class='ocr_line' id='line_1_49' title="bbox 863 294 1652 326; baseline 0.004 -5"><span class='ocrx_word' id='word_1_387' title='bbox 863 295 909 322; x_wconf 85' lang='lat' dir='ltr'><strong>sed</strong></span> <span class='ocrx_word' id='word_1_388' title='bbox 924 294 1026 322; x_wconf 89' lang='lat' dir='ltr'><strong>cursim</strong></span> <span class='ocrx_word' id='word_1_389' title='bbox 1041 295 1135 322; x_wconf 91' lang='lat' dir='ltr'><strong>dicunt</strong></span> <span class='ocrx_word' id='word_1_390' title='bbox 1152 294 1174 309; x_wconf 59' lang='grc' dir='ltr'><strong>’τ</strong></span> <span class='ocrx_word' id='word_1_391' title='bbox 1195 303 1202 321; x_wconf 88' lang='lat'><strong>:</strong></span> <span class='ocrx_word' id='word_1_392' title='bbox 1222 294 1333 326; x_wconf 80' lang='lat' dir='ltr'><strong>Quando</strong></span> <span class='ocrx_word' id='word_1_393' title='bbox 1355 300 1379 322; x_wconf 80' lang='lat' dir='ltr'><strong>te</strong></span> <span class='ocrx_word' id='word_1_394' title='bbox 1399 297 1512 323; x_wconf 79' lang='lat' dir='ltr'><strong>uidimus</strong></span> <span class='ocrx_word' id='word_1_395' title='bbox 1535 298 1652 324; x_wconf 73' lang='lat' dir='ltr'><strong>esurien-</strong></span> 
     </span>
    </p>
   </div>
   <div class='ocr_carea' id='block_1_50' title="bbox 863 341 1651 376">
    <p class='ocr_par' dir='ltr' id='par_1_50' title="bbox 863 341 1651 376">
     <span class='ocr_line' id='line_1_50' title="bbox 863 341 1651 376; baseline 0.003 -10"><span class='ocrx_word' id='word_1_396' title='bbox 863 345 924 373; x_wconf 86' lang='lat' dir='ltr'><strong>tem,</strong></span> <span class='ocrx_word' id='word_1_397' title='bbox 941 345 987 367; x_wconf 86' lang='lat' dir='ltr'><strong>aut</strong></span> <span class='ocrx_word' id='word_1_398' title='bbox 1002 341 1144 373; x_wconf 76' lang='lat' dir='ltr'><strong>sitientem,</strong></span> <span class='ocrx_word' id='word_1_399' title='bbox 1162 345 1207 367; x_wconf 87' lang='lat' dir='ltr'><strong>aut</strong></span> <span class='ocrx_word' id='word_1_400' title='bbox 1221 342 1397 376; x_wconf 80' lang='lat' dir='ltr'><strong>peregrinum,</strong></span> <span class='ocrx_word' id='word_1_401' title='bbox 1412 348 1457 370; x_wconf 88' lang='lat' dir='ltr'><strong>aut</strong></span> <span class='ocrx_word' id='word_1_402' title='bbox 1480 342 1591 374; x_wconf 81' lang='lat' dir='ltr'><strong>nudum,</strong></span> <span class='ocrx_word' id='word_1_403' title='bbox 1606 347 1651 370; x_wconf 84' lang='lat' dir='ltr'><strong>aut</strong></span> 
     </span>
    </p>
   </div>
   <div class='ocr_carea' id='block_1_51' title="bbox 862 383 1651 417">
    <p class='ocr_par' dir='ltr' id='par_1_51' title="bbox 862 383 1651 417">
     <span class='ocr_line' id='line_1_51' title="bbox 862 383 1651 417; baseline 0.008 -9"><span class='ocrx_word' id='word_1_404' title='bbox 862 383 1007 417; x_wconf 82' lang='lat' dir='ltr'><strong>inﬁrmant,</strong></span> <span class='ocrx_word' id='word_1_405' title='bbox 1025 389 1071 410; x_wconf 89' lang='lat' dir='ltr'><strong>aut</strong></span> <span class='ocrx_word' id='word_1_406' title='bbox 1085 384 1111 410; x_wconf 89' lang='lat' dir='ltr'><strong>iu</strong></span> <span class='ocrx_word' id='word_1_407' title='bbox 1127 392 1240 417; x_wconf 72' lang='lat' dir='ltr'><strong>carcere,</strong></span> <span class='ocrx_word' id='word_1_408' title='bbox 1256 391 1279 412; x_wconf 83' lang='lat' dir='ltr'><strong>et</strong></span> <span class='ocrx_word' id='word_1_409' title='bbox 1295 393 1346 412; x_wconf 83' lang='lat' dir='ltr'><strong>non</strong></span> <span class='ocrx_word' id='word_1_410' title='bbox 1363 387 1571 414; x_wconf 77' lang='lat' dir='ltr'><strong>miuistravintus</strong></span> <span class='ocrx_word' id='word_1_411' title='bbox 1586 387 1651 414; x_wconf 80' lang='lat' dir='ltr'><strong>tibi.&quot;</strong></span> 
     </span>
    </p>
   </div>
   <div class='ocr_carea' id='block_1_52' title="bbox 862 429 1649 465">
    <p class='ocr_par' dir='ltr' id='par_1_52' title="bbox 862 429 1649 465">
     <span class='ocr_line' id='line_1_52' title="bbox 862 429 1649 465; baseline 0.008 -11"><span class='ocrx_word' id='word_1_412' title='bbox 862 429 971 456; x_wconf 83' lang='lat' dir='ltr'><strong>verbum</strong></span> <span class='ocrx_word' id='word_1_413' title='bbox 992 429 1201 457; x_wconf 81' lang='lat' dir='ltr'><strong>ministravimus</strong></span> <span class='ocrx_word' id='word_1_414' title='bbox 1219 431 1266 458; x_wconf 84' lang='lat' dir='ltr'><strong>tibi</strong></span> <span class='ocrx_word' id='word_1_415' title='bbox 1289 432 1321 458; x_wconf 89' lang='lat' dir='ltr'><strong>ad</strong></span> <span class='ocrx_word' id='word_1_416' title='bbox 1337 432 1429 460; x_wconf 83' lang='lat' dir='ltr'><strong>omnia</strong></span> <span class='ocrx_word' id='word_1_417' title='bbox 1451 432 1609 465; x_wconf 85' lang='lat' dir='ltr'><strong>referentes,</strong></span> <span class='ocrx_word' id='word_1_418' title='bbox 1626 439 1649 460; x_wconf 90' lang='lat' dir='ltr'><strong>et</strong></span> 
     </span>
    </p>
   </div>
   <div class='ocr_carea' id='block_1_53' title="bbox 861 475 1650 514">
    <p class='ocr_par' dir='ltr' id='par_1_53' title="bbox 861 475 1650 514">
     <span class='ocr_line' id='line_1_53' title="bbox 861 475 1650 514; baseline 0.008 -14"><span class='ocrx_word' id='word_1_419' title='bbox 861 475 939 509; x_wconf 90' lang='lat' dir='ltr'><strong>quasi</strong></span> <span class='ocrx_word' id='word_1_420' title='bbox 955 475 1131 509; x_wconf 69' lang='lat' dir='ltr'><strong>praecidentes</strong></span> <span class='ocrx_word' id='word_1_421' title='bbox 1146 481 1172 502; x_wconf 87' lang='lat' dir='ltr'><strong>et.</strong></span> <span class='ocrx_word' id='word_1_422' title='bbox 1192 481 1387 510; x_wconf 75' lang='lat' dir='ltr'><strong>praztereuntes</strong></span> <span class='ocrx_word' id='word_1_423' title='bbox 1400 477 1515 505; x_wconf 88' lang='lat' dir='ltr'><strong>crintina</strong></span> <span class='ocrx_word' id='word_1_424' title='bbox 1532 479 1650 514; x_wconf 77' lang='lat' dir='ltr'><strong>singula,</strong></span> 
     </span>
    </p>
   </div>
   <div class='ocr_carea' id='block_1_54' title="bbox 862 522 1651 559">
    <p class='ocr_par' dir='ltr' id='par_1_54' title="bbox 862 522 1651 559">
     <span class='ocr_line' id='line_1_54' title="bbox 862 522 1651 559; baseline 0.006 -12"><span class='ocrx_word' id='word_1_425' title='bbox 862 527 891 548; x_wconf 90' lang='lat' dir='ltr'><strong>ut</strong></span> <span class='ocrx_word' id='word_1_426' title='bbox 907 528 960 547; x_wconf 92' lang='lat' dir='ltr'><strong>non</strong></span> <span class='ocrx_word' id='word_1_427' title='bbox 985 522 1110 556; x_wconf 78' lang='lat' dir='ltr'><strong>graviora</strong></span> <span class='ocrx_word' id='word_1_428' title='bbox 1129 522 1269 550; x_wconf 84' lang='lat' dir='ltr'><strong>videantur</strong></span> <span class='ocrx_word' id='word_1_429' title='bbox 1288 523 1430 558; x_wconf 75' lang='lat' dir='ltr'><strong>diligenter</strong></span> <span class='ocrx_word' id='word_1_430' title='bbox 1445 528 1472 551; x_wconf 90' lang='lat' dir='ltr'><strong>et</strong></span> <span class='ocrx_word' id='word_1_431' title='bbox 1495 524 1651 559; x_wconf 78' lang='lat' dir='ltr'><strong>singulatim</strong></span> 
     </span>
    </p>
   </div>
   <div class='ocr_carea' id='block_1_55' title="bbox 861 567 1651 603">
    <p class='ocr_par' dir='ltr' id='par_1_55' title="bbox 861 567 1651 603">
     <span class='ocr_line' id='line_1_55' title="bbox 861 567 1651 603; baseline 0.005 -10"><span class='ocrx_word' id='word_1_432' title='bbox 861 573 1020 594; x_wconf 84' lang='lat' dir='ltr'><strong>enumerata</strong></span> <span class='ocrx_word' id='word_1_433' title='bbox 1037 576 1044 594; x_wconf 85' lang='lat'><strong>:</strong></span> <span class='ocrx_word' id='word_1_434' title='bbox 1063 567 1126 602; x_wconf 86' lang='lat' dir='ltr'><strong>quia</strong></span> <span class='ocrx_word' id='word_1_435' title='bbox 1143 569 1282 603; x_wconf 87' lang='lat' dir='ltr'><strong>proprium</strong></span> <span class='ocrx_word' id='word_1_436' title='bbox 1300 569 1433 596; x_wconf 87' lang='lat' dir='ltr'><strong>malorum</strong></span> <span class='ocrx_word' id='word_1_437' title='bbox 1450 569 1591 597; x_wconf 91' lang='lat' dir='ltr'><strong>hominum</strong></span> <span class='ocrx_word' id='word_1_438' title='bbox 1609 575 1651 598; x_wconf 86' lang='lat' dir='ltr'><strong>est</strong></span> 
     </span>
    </p>
   </div>
   <div class='ocr_carea' id='block_1_56' title="bbox 862 612 1651 647">
    <p class='ocr_par' dir='ltr' id='par_1_56' title="bbox 862 612 1651 647">
     <span class='ocr_line' id='line_1_56' title="bbox 862 612 1651 647; baseline 0.009 -9"><span class='ocrx_word' id='word_1_439' title='bbox 862 612 956 646; x_wconf 86' lang='lat' dir='ltr'><strong>culpas</strong></span> <span class='ocrx_word' id='word_1_440' title='bbox 978 619 1054 645; x_wconf 85' lang='lat' dir='ltr'><strong>suas,</strong></span> <span class='ocrx_word' id='word_1_441' title='bbox 1077 614 1262 641; x_wconf 80' lang='lat' dir='ltr'><strong>excusationis</strong></span> <span class='ocrx_word' id='word_1_442' title='bbox 1284 622 1378 647; x_wconf 86' lang='lat' dir='ltr'><strong>causa,</strong></span> <span class='ocrx_word' id='word_1_443' title='bbox 1399 619 1445 642; x_wconf 89' lang='lat' dir='ltr'><strong>aut</strong></span> <span class='ocrx_word' id='word_1_444' title='bbox 1469 616 1558 644; x_wconf 89' lang='lat' dir='ltr'><strong>nullas</strong></span> <span class='ocrx_word' id='word_1_445' title='bbox 1583 617 1651 645; x_wconf 80' lang='lat' dir='ltr'><strong>velle</strong></span> 
     </span>
    </p>
   </div>
   <div class='ocr_carea' id='block_1_57' title="bbox 861 658 1651 697">
    <p class='ocr_par' dir='ltr' id='par_1_57' title="bbox 861 658 1651 697">
     <span class='ocr_line' id='line_1_57' title="bbox 861 658 1651 697; baseline 0.008 -13"><span class='ocrx_word' id='word_1_446' title='bbox 861 658 1014 691; x_wconf 88' lang='lat' dir='ltr'><strong>ostendere,</strong></span> <span class='ocrx_word' id='word_1_447' title='bbox 1031 664 1078 686; x_wconf 86' lang='lat' dir='ltr'><strong>aut</strong></span> <span class='ocrx_word' id='word_1_448' title='bbox 1102 659 1174 687; x_wconf 85' lang='lat' dir='ltr'><strong>leves</strong></span> <span class='ocrx_word' id='word_1_449' title='bbox 1198 665 1224 687; x_wconf 90' lang='lat' dir='ltr'><strong>et</strong></span> <span class='ocrx_word' id='word_1_450' title='bbox 1248 668 1359 695; x_wconf 87' lang='lat' dir='ltr'><strong>paucas.</strong></span> <span class='ocrx_word' id='word_1_451' title='bbox 1384 661 1436 689; x_wconf 84' lang='lat' dir='ltr'><strong>Sed</strong></span> <span class='ocrx_word' id='word_1_452' title='bbox 1460 665 1488 689; x_wconf 90' lang='lat' dir='ltr'><strong>et</strong></span> <span class='ocrx_word' id='word_1_453' title='bbox 1509 663 1651 697; x_wconf 75' lang='lat' dir='ltr'><strong>responsio</strong></span> 
     </span>
    </p>
   </div>
   <div class='ocr_carea' id='block_1_58' title="bbox 861 703 1650 742">
    <p class='ocr_par' dir='ltr' id='par_1_58' title="bbox 861 703 1650 742">
     <span class='ocr_line' id='line_1_58' title="bbox 861 703 1650 742; baseline 0.006 -12"><span class='ocrx_word' id='word_1_454' title='bbox 861 703 962 730; x_wconf 85' lang='lat' dir='ltr'><strong>Christi</strong></span> <span class='ocrx_word' id='word_1_455' title='bbox 974 709 1029 731; x_wconf 89' lang='lat' dir='ltr'><strong>tam</strong></span> <span class='ocrx_word' id='word_1_456' title='bbox 1046 705 1080 731; x_wconf 87' lang='lat' dir='ltr'><strong>ad</strong></span> <span class='ocrx_word' id='word_1_457' title='bbox 1092 704 1182 740; x_wconf 88' lang='lat' dir='ltr'><strong>justos</strong></span> <span class='ocrx_word' id='word_1_458' title='bbox 1200 705 1282 738; x_wconf 81' lang='lat' dir='ltr'><strong>facta,</strong></span> <span class='ocrx_word' id='word_1_459' title='bbox 1294 714 1375 740; x_wconf 84' lang='lat' dir='ltr'><strong>quam</strong></span> <span class='ocrx_word' id='word_1_460' title='bbox 1392 707 1425 734; x_wconf 90' lang='lat' dir='ltr'><strong>ad</strong></span> <span class='ocrx_word' id='word_1_461' title='bbox 1437 706 1564 742; x_wconf 84' lang='lat' dir='ltr'><strong>injtlstos,</strong></span> <span class='ocrx_word' id='word_1_462' title='bbox 1577 708 1650 737; x_wconf 85' lang='lat' dir='ltr'><strong>hunc</strong></span> 
     </span>
    </p>
   </div>
   <div class='ocr_carea' id='block_1_59' title="bbox 862 749 1647 788">
    <p class='ocr_par' dir='ltr' id='par_1_59' title="bbox 862 749 1647 788">
     <span class='ocr_line' id='line_1_59' title="bbox 862 749 1647 788; baseline 0.008 -13"><span class='ocrx_word' id='word_1_463' title='bbox 862 749 950 783; x_wconf 88' lang='lat' dir='ltr'><strong>ipsum</strong></span> <span class='ocrx_word' id='word_1_464' title='bbox 967 750 1102 784; x_wconf 64' lang='lat' dir='ltr'><strong>signiﬁcat</strong></span> <span class='ocrx_word' id='word_1_465' title='bbox 1116 750 1293 778; x_wconf 88' lang='lat' dir='ltr'><strong>intellectunt.</strong></span> <span class='ocrx_word' id='word_1_466' title='bbox 1312 750 1410 779; x_wconf 82' lang='lat' dir='ltr'><strong>Volens</strong></span> <span class='ocrx_word' id='word_1_467' title='bbox 1424 753 1495 780; x_wconf 90' lang='lat' dir='ltr'><strong>cnint</strong></span> <span class='ocrx_word' id='word_1_468' title='bbox 1510 753 1647 788; x_wconf 87' lang='lat' dir='ltr'><strong>justorunt</strong></span> 
     </span>
    </p>
   </div>
   <div class='ocr_carea' id='block_1_60' title="bbox 863 794 1647 832">
    <p class='ocr_par' dir='ltr' id='par_1_60' title="bbox 863 794 1647 832">
     <span class='ocr_line' id='line_1_60' title="bbox 863 794 1647 832; baseline 0.005 -11"><span class='ocrx_word' id='word_1_469' title='bbox 863 794 1001 822; x_wconf 77' lang='lat' dir='ltr'><strong>benefacta</strong></span> <span class='ocrx_word' id='word_1_470' title='bbox 1025 796 1168 823; x_wconf 84' lang='lat' dir='ltr'><strong>ostendere</strong></span> <span class='ocrx_word' id='word_1_471' title='bbox 1197 797 1324 831; x_wconf 77' lang='lat' dir='ltr'><strong>grandia,</strong></span> <span class='ocrx_word' id='word_1_472' title='bbox 1355 803 1527 832; x_wconf 81' lang='lat' dir='ltr'><strong>peccatorum</strong></span> <span class='ocrx_word' id='word_1_473' title='bbox 1558 803 1647 826; x_wconf 84' lang='lat' dir='ltr'><strong>autent</strong></span> 
     </span>
    </p>
   </div>
   <div class='ocr_carea' id='block_1_61' title="bbox 860 838 1645 875">
    <p class='ocr_par' dir='ltr' id='par_1_61' title="bbox 860 838 1645 875">
     <span class='ocr_line' id='line_1_61' title="bbox 860 838 1645 875; baseline 0.005 -10"><span class='ocrx_word' id='word_1_474' title='bbox 860 838 951 873; x_wconf 84' lang='lat' dir='ltr'><strong>culpas</strong></span> <span class='ocrx_word' id='word_1_475' title='bbox 962 847 1016 866; x_wconf 93' lang='lat' dir='ltr'><strong>non</strong></span> <span class='ocrx_word' id='word_1_476' title='bbox 1030 840 1153 875; x_wconf 83' lang='lat' dir='ltr'><strong>grandes,</strong></span> <span class='ocrx_word' id='word_1_477' title='bbox 1166 840 1197 867; x_wconf 90' lang='lat' dir='ltr'><strong>ad</strong></span> <span class='ocrx_word' id='word_1_478' title='bbox 1210 840 1295 874; x_wconf 82' lang='lat' dir='ltr'><strong>jnstos</strong></span> <span class='ocrx_word' id='word_1_479' title='bbox 1310 841 1417 875; x_wconf 86' lang='lat' dir='ltr'><strong>quidem</strong></span> <span class='ocrx_word' id='word_1_480' title='bbox 1431 841 1496 868; x_wconf 90' lang='lat' dir='ltr'><strong>dicit</strong></span> <span class='ocrx_word' id='word_1_481' title='bbox 1508 841 1530 857; x_wconf 81' lang='lat'>&quot;</span> <span class='ocrx_word' id='word_1_482' title='bbox 1546 850 1552 868; x_wconf 88' lang='lat'><strong>:</strong></span> <span class='ocrx_word' id='word_1_483' title='bbox 1565 840 1606 868; x_wconf 65' lang='lat' dir='ltr'><strong>Ex</strong></span> <span class='ocrx_word' id='word_1_484' title='bbox 1615 850 1645 869; x_wconf 83' lang='lat' dir='ltr'><strong>eo</strong></span> 
     </span>
    </p>
   </div>
   <div class='ocr_carea' id='block_1_62' title="bbox 860 883 1645 921">
    <p class='ocr_par' dir='ltr' id='par_1_62' title="bbox 860 883 1645 921">
     <span class='ocr_line' id='line_1_62' title="bbox 860 883 1645 921; baseline 0.005 -11"><span class='ocrx_word' id='word_1_485' title='bbox 860 885 927 918; x_wconf 80' lang='lat' dir='ltr'><strong>qttod</strong></span> <span class='ocrx_word' id='word_1_486' title='bbox 935 883 1030 920; x_wconf 75' lang='lat' dir='ltr'><strong>fecistis</strong></span> <span class='ocrx_word' id='word_1_487' title='bbox 1046 885 1091 911; x_wconf 84' lang='lat' dir='ltr'><strong>uni</strong></span> <span class='ocrx_word' id='word_1_488' title='bbox 1106 893 1137 912; x_wconf 75' lang='lat' dir='ltr'><strong>ea:</strong></span> <span class='ocrx_word' id='word_1_489' title='bbox 1153 886 1267 913; x_wconf 80' lang='lat' dir='ltr'><strong>minimis</strong></span> <span class='ocrx_word' id='word_1_490' title='bbox 1282 886 1337 912; x_wconf 64' lang='lat' dir='ltr'><strong>istis</strong></span> <span class='ocrx_word' id='word_1_491' title='bbox 1353 887 1477 921; x_wconf 77' lang='lat' dir='ltr'><strong>fratribus</strong></span> <span class='ocrx_word' id='word_1_492' title='bbox 1494 887 1568 920; x_wconf 78' lang='lat' dir='ltr'><strong>meis,</strong></span> <span class='ocrx_word' id='word_1_493' title='bbox 1582 887 1645 914; x_wconf 79' lang='lat' dir='ltr'><strong>milii</strong></span> 
     </span>
    </p>
   </div>
   <div class='ocr_carea' id='block_1_63' title="bbox 860 928 1645 967">
    <p class='ocr_par' dir='ltr' id='par_1_63' title="bbox 860 928 1645 967">
     <span class='ocr_line' id='line_1_63' title="bbox 860 928 1645 967; baseline 0.004 -11"><span class='ocrx_word' id='word_1_494' title='bbox 860 930 966 965; x_wconf 75' lang='lat' dir='ltr'><strong>fecistis.</strong></span> <span class='ocrx_word' id='word_1_495' title='bbox 982 928 1022 958; x_wconf 81' lang='lat' dir='ltr'><strong>Ad</strong></span> <span class='ocrx_word' id='word_1_496' title='bbox 1044 930 1157 966; x_wconf 83' lang='lat' dir='ltr'><strong>injustos</strong></span> <span class='ocrx_word' id='word_1_497' title='bbox 1179 936 1268 959; x_wconf 88' lang='lat' dir='ltr'><strong>autem</strong></span> <span class='ocrx_word' id='word_1_498' title='bbox 1286 932 1324 959; x_wconf 89' lang='lat' dir='ltr'><strong>sic</strong></span> <span class='ocrx_word' id='word_1_499' title='bbox 1345 932 1367 948; x_wconf 82' lang='lat'><strong>&#39;°</strong></span> <span class='ocrx_word' id='word_1_500' title='bbox 1384 941 1389 958; x_wconf 93' lang='lat'>:</span> <span class='ocrx_word' id='word_1_501' title='bbox 1406 932 1446 958; x_wconf 67' lang='lat' dir='ltr'><strong>Ex</strong></span> <span class='ocrx_word' id='word_1_502' title='bbox 1463 940 1491 959; x_wconf 73' lang='lat' dir='ltr'><strong>eo</strong></span> <span class='ocrx_word' id='word_1_503' title='bbox 1511 933 1579 967; x_wconf 82' lang='lat' dir='ltr'><strong>quod</strong></span> <span class='ocrx_word' id='word_1_504' title='bbox 1594 941 1645 959; x_wconf 82' lang='lat' dir='ltr'><strong>non</strong></span> 
     </span>
    </p>
   </div>
   <div class='ocr_carea' id='block_1_64' title="bbox 860 976 1643 1013">
    <p class='ocr_par' dir='ltr' id='par_1_64' title="bbox 860 976 1643 1013">
     <span class='ocr_line' id='line_1_64' title="bbox 860 976 1643 1013; baseline 0.004 -11"><span class='ocrx_word' id='word_1_505' title='bbox 860 976 956 1011; x_wconf 72' lang='lat' dir='ltr'><strong>fecistis</strong></span> <span class='ocrx_word' id='word_1_506' title='bbox 978 977 1024 1003; x_wconf 86' lang='lat' dir='ltr'><strong>uni</strong></span> <span class='ocrx_word' id='word_1_507' title='bbox 1042 984 1073 1003; x_wconf 71' lang='lat' dir='ltr'><strong>ea:</strong></span> <span class='ocrx_word' id='word_1_508' title='bbox 1094 977 1209 1004; x_wconf 75' lang='lat' dir='ltr'><strong>minimis</strong></span> <span class='ocrx_word' id='word_1_509' title='bbox 1229 978 1295 1009; x_wconf 80' lang='lat' dir='ltr'><strong>istis,</strong></span> <span class='ocrx_word' id='word_1_510' title='bbox 1317 987 1362 1005; x_wconf 85' lang='lat' dir='ltr'><strong>uec</strong></span> <span class='ocrx_word' id='word_1_511' title='bbox 1384 976 1447 1004; x_wconf 81' lang='lat' dir='ltr'><strong>milii</strong></span> <span class='ocrx_word' id='word_1_512' title='bbox 1468 979 1574 1013; x_wconf 74' lang='lat' dir='ltr'><strong>fecistis,</strong></span> <span class='ocrx_word' id='word_1_513' title='bbox 1591 986 1643 1006; x_wconf 91' lang='lat' dir='ltr'><strong>non</strong></span> 
     </span>
    </p>
   </div>
   <div class='ocr_carea' id='block_1_65' title="bbox 860 1021 1646 1059">
    <p class='ocr_par' dir='ltr' id='par_1_65' title="bbox 860 1021 1646 1059">
     <span class='ocr_line' id='line_1_65' title="bbox 860 1021 1646 1059; baseline 0.004 -11"><span class='ocrx_word' id='word_1_514' title='bbox 860 1022 989 1056; x_wconf 84' lang='lat' dir='ltr'><strong>adjiciens</strong></span> <span class='ocrx_word' id='word_1_515' title='bbox 1005 1021 1128 1058; x_wconf 75' lang='lat' dir='ltr'><strong>fratribus</strong></span> <span class='ocrx_word' id='word_1_516' title='bbox 1143 1024 1216 1055; x_wconf 84' lang='lat' dir='ltr'><strong>meis,</strong></span> <span class='ocrx_word' id='word_1_517' title='bbox 1233 1024 1459 1058; x_wconf 86' lang='lat' dir='ltr'><strong>quemadmodum</strong></span> <span class='ocrx_word' id='word_1_518' title='bbox 1475 1032 1535 1051; x_wconf 92' lang='lat' dir='ltr'><strong>cum</strong></span> <span class='ocrx_word' id='word_1_519' title='bbox 1551 1025 1646 1059; x_wconf 79' lang='lat' dir='ltr'><strong>loque-</strong></span> 
     </span>
    </p>
   </div>
   <div class='ocr_carea' id='block_1_66' title="bbox 861 1067 1644 1106">
    <p class='ocr_par' dir='ltr' id='par_1_66' title="bbox 861 1067 1644 1106">
     <span class='ocr_line' id='line_1_66' title="bbox 861 1067 1644 1106; baseline 0.004 -12"><span class='ocrx_word' id='word_1_520' title='bbox 861 1072 935 1094; x_wconf 88' lang='lat' dir='ltr'><strong>retur</strong></span> <span class='ocrx_word' id='word_1_521' title='bbox 944 1067 975 1095; x_wconf 90' lang='lat' dir='ltr'><strong>ad</strong></span> <span class='ocrx_word' id='word_1_522' title='bbox 986 1068 1085 1103; x_wconf 87' lang='lat' dir='ltr'><strong>jttstos.</strong></span> <span class='ocrx_word' id='word_1_523' title='bbox 1099 1067 1165 1095; x_wconf 84' lang='lat' dir='ltr'><strong>Nam</strong></span> <span class='ocrx_word' id='word_1_524' title='bbox 1177 1069 1287 1096; x_wconf 79' lang='lat' dir='ltr'><strong>abusive</strong></span> <span class='ocrx_word' id='word_1_525' title='bbox 1297 1069 1405 1104; x_wconf 84' lang='lat' dir='ltr'><strong>quidem</strong></span> <span class='ocrx_word' id='word_1_526' title='bbox 1417 1077 1516 1096; x_wconf 87' lang='lat' dir='ltr'><strong>nomen</strong></span> <span class='ocrx_word' id='word_1_527' title='bbox 1529 1069 1644 1106; x_wconf 69' lang='lat' dir='ltr'><strong>[omnes]</strong></span> 
     </span>
    </p>
   </div>
   <div class='ocr_carea' id='block_1_67' title="bbox 857 1110 1646 1140">
    <p class='ocr_par' dir='ltr' id='par_1_67' title="bbox 857 1110 1646 1140">
     <span class='ocr_line' id='line_1_67' title="bbox 857 1110 1646 1140; baseline 0.004 -3"><span class='ocrx_word' id='word_1_528' title='bbox 857 1110 998 1138; x_wconf 86' lang='lat' dir='ltr'><strong>credentes</strong></span> <span class='ocrx_word' id='word_1_529' title='bbox 1022 1111 1047 1137; x_wconf 92' lang='lat' dir='ltr'><strong>in</strong></span> <span class='ocrx_word' id='word_1_530' title='bbox 1065 1110 1175 1138; x_wconf 86' lang='lat' dir='ltr'><strong>Christo</strong></span> <span class='ocrx_word' id='word_1_531' title='bbox 1198 1111 1295 1138; x_wconf 88' lang='lat' dir='ltr'><strong>fratres</strong></span> <span class='ocrx_word' id='word_1_532' title='bbox 1318 1116 1381 1138; x_wconf 86' lang='lat' dir='ltr'><strong>sunt</strong></span> <span class='ocrx_word' id='word_1_533' title='bbox 1407 1111 1518 1140; x_wconf 89' lang='lat' dir='ltr'><strong>Christi.</strong></span> <span class='ocrx_word' id='word_1_534' title='bbox 1543 1112 1646 1140; x_wconf 82' lang='lat' dir='ltr'><strong>Revera</strong></span> 
     </span>
    </p>
   </div>
   <div class='ocr_carea' id='block_1_68' title="bbox 856 1155 1644 1191">
    <p class='ocr_par' dir='ltr' id='par_1_68' title="bbox 856 1155 1644 1191">
     <span class='ocr_line' id='line_1_68' title="bbox 856 1155 1644 1191; baseline 0.004 -9"><span class='ocrx_word' id='word_1_535' title='bbox 856 1159 946 1183; x_wconf 87' lang='lat' dir='ltr'><strong>autent</strong></span> <span class='ocrx_word' id='word_1_536' title='bbox 965 1155 1063 1183; x_wconf 87' lang='lat' dir='ltr'><strong>fratres</strong></span> <span class='ocrx_word' id='word_1_537' title='bbox 1075 1156 1134 1191; x_wconf 78' lang='lat' dir='ltr'><strong>ejus</strong></span> <span class='ocrx_word' id='word_1_538' title='bbox 1148 1162 1221 1189; x_wconf 88' lang='lat' dir='ltr'><strong>sunt,</strong></span> <span class='ocrx_word' id='word_1_539' title='bbox 1237 1156 1282 1191; x_wconf 86' lang='lat' dir='ltr'><strong>qui</strong></span> <span class='ocrx_word' id='word_1_540' title='bbox 1299 1156 1410 1191; x_wconf 80' lang='lat' dir='ltr'><strong>perfecti</strong></span> <span class='ocrx_word' id='word_1_541' title='bbox 1425 1162 1499 1189; x_wconf 91' lang='lat' dir='ltr'><strong>sunt,</strong></span> <span class='ocrx_word' id='word_1_542' title='bbox 1512 1162 1538 1185; x_wconf 89' lang='lat' dir='ltr'><strong>et</strong></span> <span class='ocrx_word' id='word_1_543' title='bbox 1553 1158 1644 1185; x_wconf 89' lang='lat' dir='ltr'><strong>imita-</strong></span> 
     </span>
    </p>
   </div>
   <div class='ocr_carea' id='block_1_69' title="bbox 856 1202 1645 1237">
    <p class='ocr_par' dir='ltr' id='par_1_69' title="bbox 856 1202 1645 1237">
     <span class='ocr_line' id='line_1_69' title="bbox 856 1202 1645 1237; baseline 0.004 -9"><span class='ocrx_word' id='word_1_544' title='bbox 856 1206 929 1229; x_wconf 87' lang='lat' dir='ltr'><strong>tores</strong></span> <span class='ocrx_word' id='word_1_545' title='bbox 945 1207 1008 1229; x_wconf 88' lang='lat' dir='ltr'><strong>stutt</strong></span> <span class='ocrx_word' id='word_1_546' title='bbox 1021 1202 1090 1237; x_wconf 82' lang='lat' dir='ltr'><strong>rjus,</strong></span> <span class='ocrx_word' id='word_1_547' title='bbox 1108 1203 1178 1230; x_wconf 90' lang='lat' dir='ltr'><strong>sicut</strong></span> <span class='ocrx_word' id='word_1_548' title='bbox 1195 1202 1240 1230; x_wconf 89' lang='lat' dir='ltr'><strong>ille</strong></span> <span class='ocrx_word' id='word_1_549' title='bbox 1255 1202 1301 1237; x_wconf 89' lang='lat' dir='ltr'><strong>qtti</strong></span> <span class='ocrx_word' id='word_1_550' title='bbox 1315 1203 1383 1230; x_wconf 80' lang='lat' dir='ltr'><strong>dixit</strong></span> <span class='ocrx_word' id='word_1_551' title='bbox 1400 1212 1406 1230; x_wconf 91' lang='lat'>:</span> <span class='ocrx_word' id='word_1_552' title='bbox 1424 1202 1577 1231; x_wconf 83' lang='lat' dir='ltr'><strong>Imitatores</strong></span> <span class='ocrx_word' id='word_1_553' title='bbox 1594 1204 1645 1231; x_wconf 77' lang='lat' dir='ltr'><strong>mei</strong></span> 
     </span>
    </p>
   </div>
   <div class='ocr_carea' id='block_1_70' title="bbox 854 1247 1643 1284">
    <p class='ocr_par' dir='ltr' id='par_1_70' title="bbox 854 1247 1643 1284">
     <span class='ocr_line' id='line_1_70' title="bbox 854 1247 1643 1284; baseline 0.004 -10"><span class='ocrx_word' id='word_1_554' title='bbox 854 1252 945 1279; x_wconf 78' lang='lat' dir='ltr'><strong>estote,</strong></span> <span class='ocrx_word' id='word_1_555' title='bbox 959 1248 1027 1274; x_wconf 78' lang='lat' dir='ltr'><strong>sicut</strong></span> <span class='ocrx_word' id='word_1_556' title='bbox 1048 1253 1072 1274; x_wconf 86' lang='lat' dir='ltr'><strong>et</strong></span> <span class='ocrx_word' id='word_1_557' title='bbox 1089 1255 1135 1282; x_wconf 83' lang='lat' dir='ltr'><strong>ego</strong></span> <span class='ocrx_word' id='word_1_558' title='bbox 1157 1247 1256 1275; x_wconf 83' lang='lat' dir='ltr'><strong>Christi</strong></span> <span class='ocrx_word' id='word_1_559' title='bbox 1275 1248 1312 1282; x_wconf 78' lang='lat'><strong>&#39;7;</strong></span> <span class='ocrx_word' id='word_1_560' title='bbox 1331 1249 1376 1284; x_wconf 86' lang='lat' dir='ltr'><strong>qui</strong></span> <span class='ocrx_word' id='word_1_561' title='bbox 1394 1254 1509 1284; x_wconf 89' lang='lat' dir='ltr'><strong>possunt</strong></span> <span class='ocrx_word' id='word_1_562' title='bbox 1523 1249 1613 1277; x_wconf 88' lang='lat' dir='ltr'><strong>dicere</strong></span> <span class='ocrx_word' id='word_1_563' title='bbox 1638 1260 1643 1277; x_wconf 90' lang='lat'>:</span> 
     </span>
    </p>
   </div>
   <div class='ocr_carea' id='block_1_71' title="bbox 855 1290 1645 1328">
    <p class='ocr_par' dir='ltr' id='par_1_71' title="bbox 855 1290 1645 1328">
     <span class='ocr_line' id='line_1_71' title="bbox 855 1290 1645 1328; baseline 0.005 -9"><span class='ocrx_word' id='word_1_564' title='bbox 855 1290 937 1320; x_wconf 79' lang='lat' dir='ltr'><strong>Pater</strong></span> <span class='ocrx_word' id='word_1_565' title='bbox 960 1298 1047 1320; x_wconf 76' lang='lat' dir='ltr'><strong>noster</strong></span> <span class='ocrx_word' id='word_1_566' title='bbox 1066 1294 1111 1328; x_wconf 86' lang='lat' dir='ltr'><strong>qui</strong></span> <span class='ocrx_word' id='word_1_567' title='bbox 1129 1302 1155 1320; x_wconf 81' lang='lat' dir='ltr'><strong>es</strong></span> <span class='ocrx_word' id='word_1_568' title='bbox 1172 1294 1200 1320; x_wconf 86' lang='lat' dir='ltr'><strong>in</strong></span> <span class='ocrx_word' id='word_1_569' title='bbox 1214 1293 1286 1322; x_wconf 74' lang='lat' dir='ltr'><strong>mlis</strong></span> <span class='ocrx_word' id='word_1_570' title='bbox 1303 1295 1335 1321; x_wconf 77' lang='grc'><strong>³⁸.</strong></span> <span class='ocrx_word' id='word_1_571' title='bbox 1360 1294 1470 1323; x_wconf 87' lang='lat' dir='ltr'><strong>Gratius</strong></span> <span class='ocrx_word' id='word_1_572' title='bbox 1490 1300 1531 1323; x_wconf 84' lang='lat' dir='ltr'><strong>est</strong></span> <span class='ocrx_word' id='word_1_573' title='bbox 1555 1301 1645 1323; x_wconf 85' lang='lat' dir='ltr'><strong>autent</strong></span> 
     </span>
    </p>
   </div>
   <div class='ocr_carea' id='block_1_72' title="bbox 855 1337 1645 1374">
    <p class='ocr_par' dir='ltr' id='par_1_72' title="bbox 855 1337 1645 1374">
     <span class='ocr_line' id='line_1_72' title="bbox 855 1337 1645 1374; baseline 0.003 -9"><span class='ocrx_word' id='word_1_574' title='bbox 855 1337 926 1372; x_wconf 81' lang='lat' dir='ltr'><strong>apud</strong></span> <span class='ocrx_word' id='word_1_575' title='bbox 949 1337 1033 1364; x_wconf 88' lang='lat' dir='ltr'><strong>Deum</strong></span> <span class='ocrx_word' id='word_1_576' title='bbox 1060 1345 1130 1372; x_wconf 89' lang='lat' dir='ltr'><strong>opus</strong></span> <span class='ocrx_word' id='word_1_577' title='bbox 1146 1337 1248 1366; x_wconf 86' lang='lat' dir='ltr'><strong>bonum</strong></span> <span class='ocrx_word' id='word_1_578' title='bbox 1274 1338 1346 1374; x_wconf 89' lang='lat' dir='ltr'><strong>quod</strong></span> <span class='ocrx_word' id='word_1_579' title='bbox 1364 1339 1394 1366; x_wconf 91' lang='lat' dir='ltr'><strong>ﬁt</strong></span> <span class='ocrx_word' id='word_1_580' title='bbox 1417 1339 1443 1366; x_wconf 93' lang='lat' dir='ltr'><strong>in</strong></span> <span class='ocrx_word' id='word_1_581' title='bbox 1463 1340 1645 1367; x_wconf 71' lang='lat' dir='ltr'><strong>sanetioribus</strong></span> 
     </span>
    </p>
   </div>
   <div class='ocr_carea' id='block_1_73' title="bbox 855 1384 1646 1420">
    <p class='ocr_par' dir='ltr' id='par_1_73' title="bbox 855 1384 1646 1420">
     <span class='ocr_line' id='line_1_73' title="bbox 855 1384 1646 1420; baseline 0.003 -10"><span class='ocrx_word' id='word_1_582' title='bbox 855 1392 939 1419; x_wconf 83' lang='lat' dir='ltr'><strong>quant</strong></span> <span class='ocrx_word' id='word_1_583' title='bbox 954 1384 980 1411; x_wconf 92' lang='lat' dir='ltr'><strong>in</strong></span> <span class='ocrx_word' id='word_1_584' title='bbox 997 1384 1119 1411; x_wconf 90' lang='lat' dir='ltr'><strong>minimis</strong></span> <span class='ocrx_word' id='word_1_585' title='bbox 1137 1384 1250 1418; x_wconf 84' lang='lat' dir='ltr'><strong>sanctis,</strong></span> <span class='ocrx_word' id='word_1_586' title='bbox 1263 1389 1289 1411; x_wconf 87' lang='lat' dir='ltr'><strong>et</strong></span> <span class='ocrx_word' id='word_1_587' title='bbox 1302 1384 1389 1411; x_wconf 88' lang='lat' dir='ltr'><strong>levior</strong></span> <span class='ocrx_word' id='word_1_588' title='bbox 1402 1384 1479 1419; x_wconf 93' lang='lat' dir='ltr'><strong>culpa</strong></span> <span class='ocrx_word' id='word_1_589' title='bbox 1497 1390 1538 1412; x_wconf 84' lang='lat' dir='ltr'><strong>est</strong></span> <span class='ocrx_word' id='word_1_590' title='bbox 1561 1386 1646 1420; x_wconf 74' lang='lat' dir='ltr'><strong>negli-</strong></span> 
     </span>
    </p>
   </div>
   <div class='ocr_carea' id='block_1_74' title="bbox 854 1430 1643 1465">
    <p class='ocr_par' dir='ltr' id='par_1_74' title="bbox 854 1430 1643 1465">
     <span class='ocr_line' id='line_1_74' title="bbox 854 1430 1643 1465; baseline 0 -8"><span class='ocrx_word' id='word_1_591' title='bbox 854 1439 917 1465; x_wconf 77' lang='lat' dir='ltr'><strong>gere</strong></span> <span class='ocrx_word' id='word_1_592' title='bbox 926 1430 1017 1458; x_wconf 91' lang='lat' dir='ltr'><strong>minus</strong></span> <span class='ocrx_word' id='word_1_593' title='bbox 1030 1435 1138 1458; x_wconf 82' lang='lat' dir='ltr'><strong>sanctos</strong></span> <span class='ocrx_word' id='word_1_594' title='bbox 1147 1437 1228 1464; x_wconf 90' lang='lat' dir='ltr'><strong>quam</strong></span> <span class='ocrx_word' id='word_1_595' title='bbox 1241 1431 1401 1458; x_wconf 85' lang='lat' dir='ltr'><strong>sanctiores.</strong></span> <span class='ocrx_word' id='word_1_596' title='bbox 1415 1430 1541 1459; x_wconf 83' lang='lat' dir='ltr'><strong>Minituos</strong></span> <span class='ocrx_word' id='word_1_597' title='bbox 1555 1436 1643 1458; x_wconf 89' lang='lat' dir='ltr'><strong>autem</strong></span> 
     </span>
    </p>
   </div>
   <div class='ocr_carea' id='block_1_75' title="bbox 854 1475 1644 1510">
    <p class='ocr_par' dir='ltr' id='par_1_75' title="bbox 854 1475 1644 1510">
     <span class='ocr_line' id='line_1_75' title="bbox 854 1475 1644 1510; baseline 0.003 -8"><span class='ocrx_word' id='word_1_598' title='bbox 854 1476 899 1503; x_wconf 89' lang='lat' dir='ltr'><strong>ltic</strong></span> <span class='ocrx_word' id='word_1_599' title='bbox 912 1475 989 1509; x_wconf 89' lang='lat' dir='ltr'><strong>dicit,</strong></span> <span class='ocrx_word' id='word_1_600' title='bbox 1005 1480 1053 1502; x_wconf 86' lang='lat' dir='ltr'><strong>aut</strong></span> <span class='ocrx_word' id='word_1_601' title='bbox 1064 1475 1142 1510; x_wconf 86' lang='lat' dir='ltr'><strong>quasi</strong></span> <span class='ocrx_word' id='word_1_602' title='bbox 1160 1476 1186 1501; x_wconf 92' lang='lat' dir='ltr'><strong>in</strong></span> <span class='ocrx_word' id='word_1_603' title='bbox 1200 1475 1302 1502; x_wconf 87' lang='lat' dir='ltr'><strong>tnundo</strong></span> <span class='ocrx_word' id='word_1_604' title='bbox 1320 1475 1448 1502; x_wconf 81' lang='lat' dir='ltr'><strong>minimos</strong></span> <span class='ocrx_word' id='word_1_605' title='bbox 1464 1476 1644 1510; x_wconf 77' lang='lat' dir='ltr'><strong>existimatos,</strong></span> 
     </span>
    </p>
   </div>
   <div class='ocr_carea' id='block_1_76' title="bbox 853 1520 1644 1556">
    <p class='ocr_par' dir='ltr' id='par_1_76' title="bbox 853 1520 1644 1556">
     <span class='ocr_line' id='line_1_76' title="bbox 853 1520 1644 1556; baseline 0 -8"><span class='ocrx_word' id='word_1_606' title='bbox 853 1526 901 1548; x_wconf 87' lang='lat' dir='ltr'><strong>aut</strong></span> <span class='ocrx_word' id='word_1_607' title='bbox 913 1522 976 1556; x_wconf 89' lang='lat' dir='ltr'><strong>quia</strong></span> <span class='ocrx_word' id='word_1_608' title='bbox 990 1521 1061 1556; x_wconf 88' lang='lat' dir='ltr'><strong>apud</strong></span> <span class='ocrx_word' id='word_1_609' title='bbox 1081 1521 1184 1555; x_wconf 83' lang='lat' dir='ltr'><strong>seipsos</strong></span> <span class='ocrx_word' id='word_1_610' title='bbox 1201 1520 1306 1547; x_wconf 90' lang='lat' dir='ltr'><strong>minimi</strong></span> <span class='ocrx_word' id='word_1_611' title='bbox 1322 1525 1409 1548; x_wconf 89' lang='lat' dir='ltr'><strong>erant.</strong></span> <span class='ocrx_word' id='word_1_612' title='bbox 1431 1520 1560 1549; x_wconf 76' lang='lat' dir='ltr'><strong>Volentes</strong></span> <span class='ocrx_word' id='word_1_613' title='bbox 1572 1521 1644 1548; x_wconf 86' lang='lat' dir='ltr'><strong>enim</strong></span> 
     </span>
    </p>
   </div>
   <div class='ocr_carea' id='block_1_77' title="bbox 856 1567 1644 1602">
    <p class='ocr_par' dir='ltr' id='par_1_77' title="bbox 856 1567 1644 1602">
     <span class='ocr_line' id='line_1_77' title="bbox 856 1567 1644 1602; baseline 0.001 -9"><span class='ocrx_word' id='word_1_614' title='bbox 856 1567 926 1602; x_wconf 90' lang='lat' dir='ltr'><strong>apud</strong></span> <span class='ocrx_word' id='word_1_615' title='bbox 939 1567 1024 1594; x_wconf 86' lang='lat' dir='ltr'><strong>Deum</strong></span> <span class='ocrx_word' id='word_1_616' title='bbox 1046 1567 1102 1594; x_wconf 88' lang='lat' dir='ltr'><strong>ﬁeri</strong></span> <span class='ocrx_word' id='word_1_617' title='bbox 1120 1567 1221 1602; x_wconf 74' lang='lat' dir='ltr'><strong>magni,</strong></span> <span class='ocrx_word' id='word_1_618' title='bbox 1236 1567 1341 1602; x_wconf 89' lang='lat' dir='ltr'><strong>seipsos</strong></span> <span class='ocrx_word' id='word_1_619' title='bbox 1355 1567 1484 1594; x_wconf 92' lang='lat' dir='ltr'><strong>minimos</strong></span> <span class='ocrx_word' id='word_1_620' title='bbox 1500 1567 1644 1594; x_wconf 74' lang='lat' dir='ltr'><strong>faciebant.</strong></span> 
     </span>
    </p>
   </div>
   <div class='ocr_carea' id='block_1_78' title="bbox 855 1612 1644 1648">
    <p class='ocr_par' dir='ltr' id='par_1_78' title="bbox 855 1612 1644 1648">
     <span class='ocr_line' id='line_1_78' title="bbox 855 1612 1644 1648; baseline -0.001 -8"><span class='ocrx_word' id='word_1_621' title='bbox 855 1613 933 1648; x_wconf 87' lang='lat' dir='ltr'><strong>quasi</strong></span> <span class='ocrx_word' id='word_1_622' title='bbox 944 1613 1099 1641; x_wconf 83' lang='lat' dir='ltr'><strong>charissimi</strong></span> <span class='ocrx_word' id='word_1_623' title='bbox 1113 1612 1238 1647; x_wconf 86' lang='lat' dir='ltr'><strong>discipuli</strong></span> <span class='ocrx_word' id='word_1_624' title='bbox 1253 1613 1313 1648; x_wconf 83' lang='lat' dir='ltr'><strong>ejus</strong></span> <span class='ocrx_word' id='word_1_625' title='bbox 1328 1613 1375 1647; x_wconf 90' lang='lat' dir='ltr'><strong>qui</strong></span> <span class='ocrx_word' id='word_1_626' title='bbox 1390 1612 1458 1640; x_wconf 84' lang='lat' dir='ltr'><strong>dixit</strong></span> <span class='ocrx_word' id='word_1_627' title='bbox 1473 1614 1494 1628; x_wconf 73' lang='grc'><strong>⁸⁵</strong></span> <span class='ocrx_word' id='word_1_628' title='bbox 1513 1623 1519 1639; x_wconf 88' lang='lat'><strong>:</strong></span> <span class='ocrx_word' id='word_1_629' title='bbox 1543 1613 1644 1640; x_wconf 78' lang='lat' dir='ltr'><strong>hiscite</strong></span> 
     </span>
    </p>
   </div>
   <div class='ocr_carea' id='block_1_79' title="bbox 855 1655 1646 1694">
    <p class='ocr_par' dir='ltr' id='par_1_79' title="bbox 855 1655 1646 1694">
     <span class='ocr_line' id='line_1_79' title="bbox 855 1655 1646 1694; baseline 0.005 -12"><span class='ocrx_word' id='word_1_630' title='bbox 855 1668 871 1685; x_wconf 82' lang='grc' dir='ltr'><em>ιι</em></span> <span class='ocrx_word' id='word_1_631' title='bbox 898 1667 948 1691; x_wconf 74' lang='lat' dir='ltr'><strong>me,</strong></span> <span class='ocrx_word' id='word_1_632' title='bbox 969 1659 1033 1694; x_wconf 79' lang='lat' dir='ltr'><strong>quia</strong></span> <span class='ocrx_word' id='word_1_633' title='bbox 1062 1657 1136 1684; x_wconf 77' lang='lat' dir='ltr'><strong>mitis</strong></span> <span class='ocrx_word' id='word_1_634' title='bbox 1156 1664 1214 1683; x_wconf 75' lang='lat' dir='ltr'><strong>sum</strong></span> <span class='ocrx_word' id='word_1_635' title='bbox 1233 1662 1257 1684; x_wconf 78' lang='lat' dir='ltr'><strong>et</strong></span> <span class='ocrx_word' id='word_1_636' title='bbox 1278 1655 1386 1683; x_wconf 77' lang='lat' dir='ltr'><strong>humilis</strong></span> <span class='ocrx_word' id='word_1_637' title='bbox 1422 1659 1510 1686; x_wconf 87' lang='lat' dir='ltr'><strong>corde.</strong></span> <span class='ocrx_word' id='word_1_638' title='bbox 1533 1658 1566 1686; x_wconf 87' lang='grc' dir='ltr'><strong>Ει</strong></span> <span class='ocrx_word' id='word_1_639' title='bbox 1593 1659 1646 1686; x_wconf 89' lang='lat' dir='ltr'><strong>hoc</strong></span> 
     </span>
    </p>
   </div>
   <div class='ocr_carea' id='block_1_80' title="bbox 854 1703 1645 1740">
    <p class='ocr_par' dir='ltr' id='par_1_80' title="bbox 854 1703 1645 1740">
     <span class='ocr_line' id='line_1_80' title="bbox 854 1703 1645 1740; baseline -0.001 -7"><span class='ocrx_word' id='word_1_640' title='bbox 854 1705 963 1733; x_wconf 84' lang='lat' dir='ltr'><strong>attende</strong></span> <span class='ocrx_word' id='word_1_641' title='bbox 975 1704 1104 1740; x_wconf 88' lang='lat' dir='ltr'><strong>quoniam</strong></span> <span class='ocrx_word' id='word_1_642' title='bbox 1123 1713 1183 1731; x_wconf 90' lang='lat' dir='ltr'><strong>cum</strong></span> <span class='ocrx_word' id='word_1_643' title='bbox 1200 1705 1276 1739; x_wconf 89' lang='lat' dir='ltr'><strong>prius</strong></span> <span class='ocrx_word' id='word_1_644' title='bbox 1290 1704 1405 1732; x_wconf 68' lang='lat' dir='ltr'><strong>dixisset</strong></span> <span class='ocrx_word' id='word_1_645' title='bbox 1421 1713 1427 1731; x_wconf 73' lang='grc' dir='ltr'><strong>ε</strong></span> <span class='ocrx_word' id='word_1_646' title='bbox 1451 1703 1549 1738; x_wconf 81' lang='lat' dir='ltr'><strong>Vertite,</strong></span> <span class='ocrx_word' id='word_1_647' title='bbox 1571 1705 1645 1732; x_wconf 83' lang='lat' dir='ltr'><strong>bene—</strong></span> 
     </span>
    </p>
   </div>
   <div class='ocr_carea' id='block_1_81' title="bbox 854 1750 1642 1785">
    <p class='ocr_par' dir='ltr' id='par_1_81' title="bbox 854 1750 1642 1785">
     <span class='ocr_line' id='line_1_81' title="bbox 854 1750 1642 1785; baseline -0.003 -7"><span class='ocrx_word' id='word_1_648' title='bbox 854 1751 929 1784; x_wconf 84' lang='lat' dir='ltr'><strong>dicti,</strong></span> <span class='ocrx_word' id='word_1_649' title='bbox 949 1751 1046 1778; x_wconf 86' lang='lat' dir='ltr'><strong>deinde</strong></span> <span class='ocrx_word' id='word_1_650' title='bbox 1062 1761 1068 1778; x_wconf 88' lang='lat'>:</span> <span class='ocrx_word' id='word_1_651' title='bbox 1086 1750 1228 1781; x_wconf 76' lang='lat' dir='ltr'><strong>Discedite,</strong></span> <span class='ocrx_word' id='word_1_652' title='bbox 1248 1750 1401 1782; x_wconf 81' lang='lat' dir='ltr'><strong>maledicti;</strong></span> <span class='ocrx_word' id='word_1_653' title='bbox 1424 1750 1553 1785; x_wconf 87' lang='lat' dir='ltr'><strong>quoniant</strong></span> <span class='ocrx_word' id='word_1_654' title='bbox 1579 1757 1642 1784; x_wconf 89' lang='lat' dir='ltr'><strong>pro-</strong></span> 
     </span>
    </p>
   </div>
   <div class='ocr_carea' id='block_1_82' title="bbox 854 1795 1643 1831">
    <p class='ocr_par' dir='ltr' id='par_1_82' title="bbox 854 1795 1643 1831">
     <span class='ocr_line' id='line_1_82' title="bbox 854 1795 1643 1831; baseline -0.003 -8"><span class='ocrx_word' id='word_1_655' title='bbox 854 1798 942 1831; x_wconf 89' lang='lat' dir='ltr'><strong>prium</strong></span> <span class='ocrx_word' id='word_1_656' title='bbox 960 1795 1024 1824; x_wconf 90' lang='lat' dir='ltr'><strong>boni</strong></span> <span class='ocrx_word' id='word_1_657' title='bbox 1040 1796 1086 1823; x_wconf 90' lang='lat' dir='ltr'><strong>Dei</strong></span> <span class='ocrx_word' id='word_1_658' title='bbox 1100 1801 1141 1823; x_wconf 89' lang='lat' dir='ltr'><strong>est</strong></span> <span class='ocrx_word' id='word_1_659' title='bbox 1155 1796 1230 1830; x_wconf 86' lang='lat' dir='ltr'><strong>prius</strong></span> <span class='ocrx_word' id='word_1_660' title='bbox 1249 1795 1386 1822; x_wconf 85' lang='lat' dir='ltr'><strong>recordari</strong></span> <span class='ocrx_word' id='word_1_661' title='bbox 1399 1795 1541 1822; x_wconf 89' lang='lat' dir='ltr'><strong>benefacta</strong></span> <span class='ocrx_word' id='word_1_662' title='bbox 1559 1795 1643 1822; x_wconf 88' lang='lat' dir='ltr'><strong>bono-</strong></span> 
     </span>
    </p>
   </div>
   <div class='ocr_carea' id='block_1_83' title="bbox 855 1840 1641 1877">
    <p class='ocr_par' dir='ltr' id='par_1_83' title="bbox 855 1840 1641 1877">
     <span class='ocr_line' id='line_1_83' title="bbox 855 1840 1641 1877; baseline -0.004 -8"><span class='ocrx_word' id='word_1_663' title='bbox 855 1851 913 1869; x_wconf 89' lang='lat' dir='ltr'><strong>runt</strong></span> <span class='ocrx_word' id='word_1_664' title='bbox 938 1850 1020 1877; x_wconf 87' lang='lat' dir='ltr'><strong>quam</strong></span> <span class='ocrx_word' id='word_1_665' title='bbox 1041 1840 1186 1868; x_wconf 79' lang='lat' dir='ltr'><strong>malefacta</strong></span> <span class='ocrx_word' id='word_1_666' title='bbox 1211 1840 1344 1867; x_wconf 88' lang='lat' dir='ltr'><strong>malorum</strong></span> <span class='ocrx_word' id='word_1_667' title='bbox 1371 1849 1377 1867; x_wconf 77' lang='grc' dir='ltr'>ε</span> <span class='ocrx_word' id='word_1_668' title='bbox 1405 1844 1498 1874; x_wconf 84' lang='lat' dir='ltr'><strong>postea</strong></span> <span class='ocrx_word' id='word_1_669' title='bbox 1523 1840 1548 1866; x_wconf 94' lang='lat' dir='ltr'><strong>in</strong></span> <span class='ocrx_word' id='word_1_670' title='bbox 1567 1840 1641 1866; x_wconf 78' lang='lat' dir='ltr'><strong>exitu</strong></span> 
     </span>
    </p>
   </div>
   <div class='ocr_carea' id='block_1_84' title="bbox 854 1884 1642 1922">
    <p class='ocr_par' dir='ltr' id='par_1_84' title="bbox 854 1884 1642 1922">
     <span class='ocr_line' id='line_1_84' title="bbox 854 1884 1642 1922; baseline -0.006 -7"><span class='ocrx_word' id='word_1_671' title='bbox 854 1893 1031 1922; x_wconf 68' lang='lat' dir='ltr'><strong>utrorumque</strong></span> <span class='ocrx_word' id='word_1_672' title='bbox 1043 1888 1118 1922; x_wconf 90' lang='lat' dir='ltr'><strong>pritts</strong></span> <span class='ocrx_word' id='word_1_673' title='bbox 1131 1886 1254 1913; x_wconf 86' lang='lat' dir='ltr'><strong>nominat</strong></span> <span class='ocrx_word' id='word_1_674' title='bbox 1268 1893 1373 1919; x_wconf 64' lang='lat' dir='ltr'><strong>pinnam</strong></span> <span class='ocrx_word' id='word_1_675' title='bbox 1387 1884 1532 1916; x_wconf 87' lang='lat' dir='ltr'><strong>malorum,</strong></span> <span class='ocrx_word' id='word_1_676' title='bbox 1545 1884 1642 1911; x_wconf 91' lang='lat' dir='ltr'><strong>deinde</strong></span> 
     </span>
    </p>
   </div>
   <div class='ocr_carea' id='block_1_85' title="bbox 854 1929 1641 1964">
    <p class='ocr_par' dir='ltr' id='par_1_85' title="bbox 854 1929 1641 1964">
     <span class='ocr_line' id='line_1_85' title="bbox 854 1929 1641 1964; baseline -0.008 -3"><span class='ocrx_word' id='word_1_677' title='bbox 854 1935 937 1960; x_wconf 84' lang='lat' dir='ltr'><strong>vitam</strong></span> <span class='ocrx_word' id='word_1_678' title='bbox 953 1934 1085 1961; x_wconf 88' lang='lat' dir='ltr'><strong>bonorunt</strong></span> <span class='ocrx_word' id='word_1_679' title='bbox 1103 1932 1197 1960; x_wconf 88' lang='lat' dir='ltr'><strong>dicens</strong></span> <span class='ocrx_word' id='word_1_680' title='bbox 1209 1931 1230 1946; x_wconf 74' lang='lat'>&quot;</span> <span class='ocrx_word' id='word_1_681' title='bbox 1247 1940 1253 1957; x_wconf 88' lang='lat'><em>:</em></span> <span class='ocrx_word' id='word_1_682' title='bbox 1271 1930 1304 1956; x_wconf 80' lang='lat' dir='ltr'><strong>Et</strong></span> <span class='ocrx_word' id='word_1_683' title='bbox 1324 1931 1430 1956; x_wconf 86' lang='lat' dir='ltr'><strong>abibunt</strong></span> <span class='ocrx_word' id='word_1_684' title='bbox 1443 1929 1485 1956; x_wconf 84' lang='lat' dir='ltr'><strong>illi</strong></span> <span class='ocrx_word' id='word_1_685' title='bbox 1497 1929 1525 1956; x_wconf 84' lang='lat' dir='ltr'><strong>in</strong></span> <span class='ocrx_word' id='word_1_686' title='bbox 1539 1937 1641 1964; x_wconf 71' lang='lat' dir='ltr'><strong>poenam</strong></span> 
     </span>
    </p>
   </div>
   <div class='ocr_carea' id='block_1_86' title="bbox 853 1976 1640 2012">
    <p class='ocr_par' dir='ltr' id='par_1_86' title="bbox 853 1976 1640 2012">
     <span class='ocr_line' id='line_1_86' title="bbox 853 1976 1640 2012; baseline -0.006 -5"><span class='ocrx_word' id='word_1_687' title='bbox 853 1986 988 2012; x_wconf 64' lang='lat' dir='ltr'><strong>aeternam,</strong></span> <span class='ocrx_word' id='word_1_688' title='bbox 1007 1979 1033 2005; x_wconf 81' lang='lat' dir='ltr'><strong>lii</strong></span> <span class='ocrx_word' id='word_1_689' title='bbox 1054 1984 1141 2006; x_wconf 84' lang='lat' dir='ltr'><strong>autem</strong></span> <span class='ocrx_word' id='word_1_690' title='bbox 1163 1977 1190 2004; x_wconf 85' lang='lat' dir='ltr'><strong>in</strong></span> <span class='ocrx_word' id='word_1_691' title='bbox 1208 1977 1288 2003; x_wconf 85' lang='lat' dir='ltr'><strong>vitam</strong></span> <span class='ocrx_word' id='word_1_692' title='bbox 1311 1981 1456 2008; x_wconf 66' lang='lat' dir='ltr'><strong>(etet-nam;</strong></span> <span class='ocrx_word' id='word_1_693' title='bbox 1472 1979 1500 2003; x_wconf 84' lang='lat' dir='ltr'><strong>ut</strong></span> <span class='ocrx_word' id='word_1_694' title='bbox 1521 1976 1640 2010; x_wconf 84' lang='lat' dir='ltr'><strong>primunt</strong></span> 
     </span>
    </p>
   </div>
   <div class='ocr_carea' id='block_1_87' title="bbox 853 2023 1641 2061">
    <p class='ocr_par' dir='ltr' id='par_1_87' title="bbox 853 2023 1641 2061">
     <span class='ocr_line' id='line_1_87' title="bbox 853 2023 1641 2061; baseline -0.004 -8"><span class='ocrx_word' id='word_1_695' title='bbox 853 2034 913 2061; x_wconf 78' lang='lat' dir='ltr'><strong>quae</strong></span> <span class='ocrx_word' id='word_1_696' title='bbox 928 2026 1035 2053; x_wconf 88' lang='lat' dir='ltr'><strong>timoris</strong></span> <span class='ocrx_word' id='word_1_697' title='bbox 1049 2030 1113 2053; x_wconf 90' lang='lat' dir='ltr'><strong>sunt</strong></span> <span class='ocrx_word' id='word_1_698' title='bbox 1125 2024 1257 2051; x_wconf 80' lang='lat' dir='ltr'><strong>evitemus</strong></span> <span class='ocrx_word' id='word_1_699' title='bbox 1272 2023 1352 2056; x_wconf 85' lang='lat' dir='ltr'><strong>mala,</strong></span> <span class='ocrx_word' id='word_1_700' title='bbox 1368 2027 1460 2057; x_wconf 90' lang='lat' dir='ltr'><strong>postea</strong></span> <span class='ocrx_word' id='word_1_701' title='bbox 1474 2030 1534 2057; x_wconf 67' lang='lat' dir='ltr'><strong>quae</strong></span> <span class='ocrx_word' id='word_1_702' title='bbox 1556 2023 1641 2050; x_wconf 86' lang='lat' dir='ltr'><strong>hono-</strong></span> 
     </span>
    </p>
   </div>
   <div class='ocr_carea' id='block_1_88' title="bbox 854 2069 1255 2105">
    <p class='ocr_par' dir='ltr' id='par_1_88' title="bbox 854 2069 1255 2105">
     <span class='ocr_line' id='line_1_88' title="bbox 854 2069 1255 2105; baseline -0.01 -7"><span class='ocrx_word' id='word_1_703' title='bbox 854 2072 891 2098; x_wconf 89' lang='lat' dir='ltr'><strong>ris</strong></span> <span class='ocrx_word' id='word_1_704' title='bbox 907 2075 980 2101; x_wconf 88' lang='lat' dir='ltr'><strong>sunt,</strong></span> <span class='ocrx_word' id='word_1_705' title='bbox 998 2075 1158 2105; x_wconf 86' lang='lat' dir='ltr'><strong>appetamns</strong></span> <span class='ocrx_word' id='word_1_706' title='bbox 1174 2069 1255 2095; x_wconf 88' lang='lat' dir='ltr'><strong>bona.</strong></span> 
     </span>
    </p>
   </div>
   <div class='ocr_carea' id='block_1_89' title="bbox 889 2111 1640 2149">
    <p class='ocr_par' dir='ltr' id='par_1_89' title="bbox 889 2111 1640 2149">
     <span class='ocr_line' id='line_1_89' title="bbox 889 2111 1640 2149; baseline -0.004 -8"><span class='ocrx_word' id='word_1_707' title='bbox 889 2116 932 2143; x_wconf 63' lang='lat' dir='ltr'><strong>7i.</strong></span> <span class='ocrx_word' id='word_1_708' title='bbox 950 2115 983 2141; x_wconf 84' lang='lat' dir='ltr'><strong>Et</strong></span> <span class='ocrx_word' id='word_1_709' title='bbox 1009 2115 1108 2149; x_wconf 86' lang='lat' dir='ltr'><strong>factum</strong></span> <span class='ocrx_word' id='word_1_710' title='bbox 1133 2118 1170 2140; x_wconf 85' lang='lat' dir='ltr'><strong>est</strong></span> <span class='ocrx_word' id='word_1_711' title='bbox 1189 2117 1326 2147; x_wconf 75' lang='lat' dir='ltr'><strong>postquam</strong></span> <span class='ocrx_word' id='word_1_712' title='bbox 1350 2111 1540 2138; x_wconf 78' lang='lat' dir='ltr'><strong>consummavit</strong></span> <span class='ocrx_word' id='word_1_713' title='bbox 1562 2112 1640 2139; x_wconf 74' lang='lat' dir='ltr'><strong>Iesus</strong></span> 
     </span>
    </p>
   </div>
   <div class='ocr_carea' id='block_1_90' title="bbox 854 2157 1640 2192">
    <p class='ocr_par' dir='ltr' id='par_1_90' title="bbox 854 2157 1640 2192">
     <span class='ocr_line' id='line_1_90' title="bbox 854 2157 1640 2192; baseline -0.004 -4"><span class='ocrx_word' id='word_1_714' title='bbox 854 2170 941 2189; x_wconf 73' lang='lat' dir='ltr'><strong>omnes</strong></span> <span class='ocrx_word' id='word_1_715' title='bbox 957 2168 1088 2187; x_wconf 84' lang='lat' dir='ltr'><strong>sermones</strong></span> <span class='ocrx_word' id='word_1_716' title='bbox 1103 2160 1160 2192; x_wconf 78' lang='lat' dir='ltr'><strong>Iros,</strong></span> <span class='ocrx_word' id='word_1_717' title='bbox 1176 2159 1244 2185; x_wconf 70' lang='lat' dir='ltr'><strong>dixit</strong></span> <span class='ocrx_word' id='word_1_718' title='bbox 1264 2158 1400 2192; x_wconf 83' lang='lat' dir='ltr'><strong>discipulis</strong></span> <span class='ocrx_word' id='word_1_719' title='bbox 1423 2158 1477 2185; x_wconf 80' lang='lat' dir='ltr'><strong>suis</strong></span> <span class='ocrx_word' id='word_1_720' title='bbox 1492 2158 1523 2184; x_wconf 83' lang='grc'><strong>³¹.</strong></span> <span class='ocrx_word' id='word_1_721' title='bbox 1542 2157 1640 2186; x_wconf 87' lang='lat' dir='ltr'><strong>Volens</strong></span> 
     </span>
    </p>
   </div>
   <div class='ocr_carea' id='block_1_91' title="bbox 9 2204 1642 2243">
    <p class='ocr_par' dir='ltr' id='par_1_91' title="bbox 9 2204 1642 2243">
     <span class='ocr_line' id='line_1_91' title="bbox 9 2204 1642 2243; baseline -0.004 -6"><span class='ocrx_word' id='word_1_722' title='bbox 9 2209 312 2243; x_wconf 80' lang='lat' dir='ltr'><strong>misericordisjudicis</strong></span> <span class='ocrx_word' id='word_1_723' title='bbox 322 2207 530 2235; x_wconf 88' lang='lat' dir='ltr'><strong>eratbenefacta</strong></span> <span class='ocrx_word' id='word_1_724' title='bbox 541 2208 648 2242; x_wconf 80' lang='lat' dir='ltr'><strong>quidem</strong></span> <span class='ocrx_word' id='word_1_725' title='bbox 660 2209 799 2236; x_wconf 88' lang='lat' dir='ltr'><strong>hominum</strong></span> <span class='ocrx_word' id='word_1_726' title='bbox 818 2213 838 2239; x_wconf 87' lang='grc' dir='ltr'><strong>Ι)</strong></span> <span class='ocrx_word' id='word_1_727' title='bbox 853 2207 995 2235; x_wconf 89' lang='lat' dir='ltr'><strong>ostendere</strong></span> <span class='ocrx_word' id='word_1_728' title='bbox 1018 2205 1090 2240; x_wconf 90' lang='lat' dir='ltr'><strong>quod</strong></span> <span class='ocrx_word' id='word_1_729' title='bbox 1108 2205 1199 2232; x_wconf 86' lang='lat' dir='ltr'><strong>omnia</strong></span> <span class='ocrx_word' id='word_1_730' title='bbox 1223 2204 1248 2230; x_wconf 95' lang='lat' dir='ltr'><strong>in</strong></span> <span class='ocrx_word' id='word_1_731' title='bbox 1274 2204 1403 2238; x_wconf 78' lang='lat' dir='ltr'><strong>pondere,</strong></span> <span class='ocrx_word' id='word_1_732' title='bbox 1421 2209 1446 2231; x_wconf 87' lang='lat' dir='ltr'><strong>et</strong></span> <span class='ocrx_word' id='word_1_733' title='bbox 1465 2212 1588 2237; x_wconf 84' lang='lat' dir='ltr'><strong>numero,</strong></span> <span class='ocrx_word' id='word_1_734' title='bbox 1614 2209 1642 2232; x_wconf 89' lang='lat' dir='ltr'><strong>et</strong></span> 
     </span>
    </p>
   </div>
   <div class='ocr_carea' id='block_1_92' title="bbox 9 2253 798 2290">
    <p class='ocr_par' dir='ltr' id='par_1_92' title="bbox 9 2253 798 2290">
     <span class='ocr_line' id='line_1_92' title="bbox 9 2253 798 2290; baseline -0.004 -7"><span class='ocrx_word' id='word_1_735' title='bbox 9 2255 117 2290; x_wconf 82' lang='lat' dir='ltr'><strong>largius</strong></span> <span class='ocrx_word' id='word_1_736' title='bbox 141 2255 290 2289; x_wconf 69' lang='lat' dir='ltr'><strong>praedicare</strong></span> <span class='ocrx_word' id='word_1_737' title='bbox 316 2259 343 2280; x_wconf 86' lang='lat' dir='ltr'><strong>et</strong></span> <span class='ocrx_word' id='word_1_738' title='bbox 365 2253 512 2288; x_wconf 87' lang='lat' dir='ltr'><strong>ampliare,</strong></span> <span class='ocrx_word' id='word_1_739' title='bbox 542 2253 684 2280; x_wconf 86' lang='lat' dir='ltr'><strong>malefacta</strong></span> <span class='ocrx_word' id='word_1_740' title='bbox 709 2259 798 2280; x_wconf 85' lang='lat' dir='ltr'><strong>autent</strong></span> 
     </span>
    </p>
   </div>
   <div class='ocr_carea' id='block_1_93' title="bbox 9 2299 799 2329">
    <p class='ocr_par' dir='ltr' id='par_1_93' title="bbox 9 2299 799 2329">
     <span class='ocr_line' id='line_1_93' title="bbox 9 2299 799 2329; baseline -0.001 0"><span class='ocrx_word' id='word_1_741' title='bbox 9 2309 108 2329; x_wconf 77' lang='lat' dir='ltr'><strong>eorum</strong></span> <span class='ocrx_word' id='word_1_742' title='bbox 133 2301 290 2328; x_wconf 85' lang='lat' dir='ltr'><strong>transitorie</strong></span> <span class='ocrx_word' id='word_1_743' title='bbox 313 2309 464 2329; x_wconf 85' lang='lat' dir='ltr'><strong>memorare</strong></span> <span class='ocrx_word' id='word_1_744' title='bbox 491 2307 524 2326; x_wconf 78' lang='lat' dir='ltr'><strong>ac</strong></span> <span class='ocrx_word' id='word_1_745' title='bbox 546 2299 677 2327; x_wconf 81' lang='lat' dir='ltr'><strong>breviare.</strong></span> <span class='ocrx_word' id='word_1_746' title='bbox 699 2300 750 2327; x_wconf 88' lang='lat' dir='ltr'><strong>Sed</strong></span> <span class='ocrx_word' id='word_1_747' title='bbox 773 2305 799 2327; x_wconf 89' lang='lat' dir='ltr'><strong>et</strong></span> 
     </span>
    </p>
   </div>
   <div class='ocr_carea' id='block_1_94' title="bbox 9 2346 797 2382">
    <p class='ocr_par' dir='ltr' id='par_1_94' title="bbox 9 2346 797 2382">
     <span class='ocr_line' id='line_1_94' title="bbox 9 2346 797 2382; baseline -0.001 -8"><span class='ocrx_word' id='word_1_748' title='bbox 9 2346 76 2381; x_wconf 88' lang='lat' dir='ltr'><strong>iusti</strong></span> <span class='ocrx_word' id='word_1_749' title='bbox 92 2346 274 2373; x_wconf 87' lang='lat' dir='ltr'><strong>immorantur</strong></span> <span class='ocrx_word' id='word_1_750' title='bbox 289 2347 315 2374; x_wconf 91' lang='lat' dir='ltr'><strong>in</strong></span> <span class='ocrx_word' id='word_1_751' title='bbox 332 2355 494 2382; x_wconf 89' lang='lat' dir='ltr'><strong>unoquoque</strong></span> <span class='ocrx_word' id='word_1_752' title='bbox 511 2347 602 2378; x_wconf 84' lang='lat' dir='ltr'><strong>verbo,</strong></span> <span class='ocrx_word' id='word_1_753' title='bbox 624 2347 745 2373; x_wconf 60' lang='lat' dir='ltr'><strong>dicentes</strong></span> <span class='ocrx_word' id='word_1_754' title='bbox 757 2347 797 2372; x_wconf 76' lang='lat' dir='ltr'><strong>“z</strong></span> 
     </span>
    </p>
   </div>
   <div class='ocr_carea' id='block_1_95' title="bbox 9 2393 797 2427">
    <p class='ocr_par' dir='ltr' id='par_1_95' title="bbox 9 2393 797 2427">
     <span class='ocr_line' id='line_1_95' title="bbox 9 2393 797 2427; baseline 0 -7"><span class='ocrx_word' id='word_1_755' title='bbox 9 2394 128 2427; x_wconf 81' lang='lat' dir='ltr'><strong>Quando</strong></span> <span class='ocrx_word' id='word_1_756' title='bbox 145 2398 168 2420; x_wconf 82' lang='lat' dir='ltr'><strong>to</strong></span> <span class='ocrx_word' id='word_1_757' title='bbox 185 2394 296 2420; x_wconf 73' lang='lat' dir='ltr'><strong>vidimus</strong></span> <span class='ocrx_word' id='word_1_758' title='bbox 317 2394 473 2420; x_wconf 73' lang='lat' dir='ltr'><strong>esurientem</strong></span> <span class='ocrx_word' id='word_1_759' title='bbox 486 2399 509 2420; x_wconf 82' lang='lat' dir='ltr'><strong>et</strong></span> <span class='ocrx_word' id='word_1_760' title='bbox 528 2394 681 2423; x_wconf 77' lang='lat' dir='ltr'><strong>ribavimus,</strong></span> <span class='ocrx_word' id='word_1_761' title='bbox 696 2398 741 2419; x_wconf 89' lang='lat' dir='ltr'><strong>aut</strong></span> <span class='ocrx_word' id='word_1_762' title='bbox 760 2393 797 2420; x_wconf 78' lang='lat' dir='ltr'><strong>si-</strong></span> 
     </span>
    </p>
   </div>
   <div class='ocr_carea' id='block_1_96' title="bbox 9 2439 799 2474">
    <p class='ocr_par' dir='ltr' id='par_1_96' title="bbox 9 2439 799 2474">
     <span class='ocr_line' id='line_1_96' title="bbox 9 2439 799 2474; baseline -0.003 -8"><span class='ocrx_word' id='word_1_763' title='bbox 9 2442 121 2467; x_wconf 80' lang='lat' dir='ltr'><strong>tientem</strong></span> <span class='ocrx_word' id='word_1_764' title='bbox 141 2443 165 2466; x_wconf 85' lang='lat' dir='ltr'><strong>et</strong></span> <span class='ocrx_word' id='word_1_765' title='bbox 179 2440 337 2474; x_wconf 77' lang='lat' dir='ltr'><strong>potavimus,</strong></span> <span class='ocrx_word' id='word_1_766' title='bbox 357 2444 403 2465; x_wconf 87' lang='lat' dir='ltr'><strong>aut</strong></span> <span class='ocrx_word' id='word_1_767' title='bbox 421 2441 518 2466; x_wconf 83' lang='lat' dir='ltr'><strong>nudum</strong></span> <span class='ocrx_word' id='word_1_768' title='bbox 535 2444 559 2466; x_wconf 87' lang='lat' dir='ltr'><strong>et</strong></span> <span class='ocrx_word' id='word_1_769' title='bbox 575 2439 733 2471; x_wconf 79' lang='lat' dir='ltr'><strong>restivimus,</strong></span> <span class='ocrx_word' id='word_1_770' title='bbox 753 2443 799 2465; x_wconf 89' lang='lat' dir='ltr'><strong>aut</strong></span> 
     </span>
    </p>
   </div>
   <div class='ocr_carea' id='block_1_97' title="bbox 9 2483 799 2520">
    <p class='ocr_par' dir='ltr' id='par_1_97' title="bbox 9 2483 799 2520">
     <span class='ocr_line' id='line_1_97' title="bbox 9 2483 799 2520; baseline -0.001 -9"><span class='ocrx_word' id='word_1_771' title='bbox 9 2485 178 2520; x_wconf 77' lang='lat' dir='ltr'><strong>peregrinum</strong></span> <span class='ocrx_word' id='word_1_772' title='bbox 199 2489 223 2511; x_wconf 84' lang='lat' dir='ltr'><strong>et</strong></span> <span class='ocrx_word' id='word_1_773' title='bbox 236 2484 408 2518; x_wconf 76' lang='lat' dir='ltr'><strong>collegimus?</strong></span> <span class='ocrx_word' id='word_1_774' title='bbox 433 2484 485 2510; x_wconf 84' lang='lat' dir='ltr'><strong>Aut</strong></span> <span class='ocrx_word' id='word_1_775' title='bbox 509 2483 614 2518; x_wconf 83' lang='lat' dir='ltr'><strong>quando</strong></span> <span class='ocrx_word' id='word_1_776' title='bbox 641 2487 664 2510; x_wconf 81' lang='lat' dir='ltr'><strong>te</strong></span> <span class='ocrx_word' id='word_1_777' title='bbox 688 2483 799 2510; x_wconf 86' lang='lat' dir='ltr'><strong>vidimus</strong></span> 
     </span>
    </p>
   </div>
   <div class='ocr_carea' id='block_1_98' title="bbox 9 2528 800 2564">
    <p class='ocr_par' dir='ltr' id='par_1_98' title="bbox 9 2528 800 2564">
     <span class='ocr_line' id='line_1_98' title="bbox 9 2528 800 2564; baseline -0.003 -8"><span class='ocrx_word' id='word_1_778' title='bbox 9 2531 161 2564; x_wconf 78' lang='lat' dir='ltr'><strong>infirmum,</strong></span> <span class='ocrx_word' id='word_1_779' title='bbox 186 2535 232 2556; x_wconf 87' lang='lat' dir='ltr'><strong>aut</strong></span> <span class='ocrx_word' id='word_1_780' title='bbox 253 2529 279 2556; x_wconf 86' lang='lat' dir='ltr'><strong>in</strong></span> <span class='ocrx_word' id='word_1_781' title='bbox 302 2529 426 2555; x_wconf 81' lang='lat' dir='ltr'><strong>carcere?</strong></span> <span class='ocrx_word' id='word_1_782' title='bbox 444 2528 578 2561; x_wconf 85' lang='lat' dir='ltr'><strong>Quoniam</strong></span> <span class='ocrx_word' id='word_1_783' title='bbox 605 2529 741 2562; x_wconf 87' lang='lat' dir='ltr'><strong>proprium</strong></span> <span class='ocrx_word' id='word_1_784' title='bbox 759 2533 800 2554; x_wconf 85' lang='lat' dir='ltr'><strong>est</strong></span> 
     </span>
    </p>
   </div>
   <div class='ocr_carea' id='block_1_99' title="bbox 9 2573 799 2615">
    <p class='ocr_par' dir='ltr' id='par_1_99' title="bbox 9 2573 799 2615">
     <span class='ocr_line' id='line_1_99' title="bbox 9 2573 799 2615; baseline -0.004 -13"><span class='ocrx_word' id='word_1_785' title='bbox 9 2576 147 2609; x_wconf 77' lang='lat' dir='ltr'><strong>iustorum</strong></span> <span class='ocrx_word' id='word_1_786' title='bbox 164 2575 294 2602; x_wconf 82' lang='lat' dir='ltr'><strong>beneﬁcia</strong></span> <span class='ocrx_word' id='word_1_787' title='bbox 317 2583 366 2602; x_wconf 85' lang='lat' dir='ltr'><strong>sua</strong></span> <span class='ocrx_word' id='word_1_788' title='bbox 385 2575 467 2601; x_wconf 88' lang='lat' dir='ltr'><strong>relata</strong></span> <span class='ocrx_word' id='word_1_789' title='bbox 486 2575 538 2601; x_wconf 90' lang='lat' dir='ltr'><strong>sibi</strong></span> <span class='ocrx_word' id='word_1_790' title='bbox 551 2575 577 2600; x_wconf 94' lang='lat' dir='ltr'><strong>in</strong></span> <span class='ocrx_word' id='word_1_791' title='bbox 595 2573 799 2615; x_wconf 39' lang='lat' dir='ltr'><strong>facie,&#39;tliligen-</strong></span> 
     </span>
    </p>
   </div>
   <div class='ocr_carea' id='block_1_100' title="bbox 10 2620 798 2655">
    <p class='ocr_par' dir='ltr' id='par_1_100' title="bbox 10 2620 798 2655">
     <span class='ocr_line' id='line_1_100' title="bbox 10 2620 798 2655; baseline -0.003 -8"><span class='ocrx_word' id='word_1_792' title='bbox 10 2627 53 2648; x_wconf 69' lang='lat' dir='ltr'><strong>ter</strong></span> <span class='ocrx_word' id='word_1_793' title='bbox 64 2625 92 2648; x_wconf 86' lang='lat' dir='ltr'><strong>et</strong></span> <span class='ocrx_word' id='word_1_794' title='bbox 102 2628 149 2655; x_wconf 86' lang='lat' dir='ltr'><strong>per</strong></span> <span class='ocrx_word' id='word_1_795' title='bbox 157 2621 261 2655; x_wconf 77' lang='lat' dir='ltr'><strong>singula</strong></span> <span class='ocrx_word' id='word_1_796' title='bbox 272 2620 389 2648; x_wconf 85' lang='lat' dir='ltr'><strong>refutare</strong></span> <span class='ocrx_word' id='word_1_797' title='bbox 397 2628 479 2648; x_wconf 88' lang='lat' dir='ltr'><strong>causa</strong></span> <span class='ocrx_word' id='word_1_798' title='bbox 488 2620 660 2647; x_wconf 83' lang='lat' dir='ltr'><strong>humilitatis:</strong></span> <span class='ocrx_word' id='word_1_799' title='bbox 671 2625 798 2652; x_wconf 87' lang='lat' dir='ltr'><strong>tanquam</strong></span> 
     </span>
    </p>
   </div>
   <div class='ocr_carea' id='block_1_101' title="bbox 10 2666 799 2700">
    <p class='ocr_par' dir='ltr' id='par_1_101' title="bbox 10 2666 799 2700">
     <span class='ocr_line' id='line_1_101' title="bbox 10 2666 799 2700; baseline -0.004 -6"><span class='ocrx_word' id='word_1_800' title='bbox 10 2668 34 2694; x_wconf 88' lang='lat' dir='ltr'><strong>si</strong></span> <span class='ocrx_word' id='word_1_801' title='bbox 49 2667 157 2694; x_wconf 81' lang='lat' dir='ltr'><strong>dicente</strong></span> <span class='ocrx_word' id='word_1_802' title='bbox 169 2666 296 2700; x_wconf 85' lang='lat' dir='ltr'><strong>Domino,</strong></span> <span class='ocrx_word' id='word_1_803' title='bbox 315 2667 377 2699; x_wconf 91' lang='lat' dir='ltr'><strong>hoc,</strong></span> <span class='ocrx_word' id='word_1_804' title='bbox 393 2671 420 2694; x_wconf 85' lang='lat' dir='ltr'><strong>et</strong></span> <span class='ocrx_word' id='word_1_805' title='bbox 432 2667 525 2698; x_wconf 78' lang='lat' dir='ltr'><strong>ltoc,et</strong></span> <span class='ocrx_word' id='word_1_806' title='bbox 540 2666 590 2694; x_wconf 92' lang='lat' dir='ltr'><strong>hoc</strong></span> <span class='ocrx_word' id='word_1_807' title='bbox 604 2667 705 2693; x_wconf 90' lang='lat' dir='ltr'><strong>bonum</strong></span> <span class='ocrx_word' id='word_1_808' title='bbox 715 2666 740 2692; x_wconf 94' lang='lat' dir='ltr'><strong>in</strong></span> <span class='ocrx_word' id='word_1_809' title='bbox 756 2672 799 2692; x_wconf 87' lang='lat' dir='ltr'><strong>me</strong></span> 
     </span>
    </p>
   </div>
   <div class='ocr_carea' id='block_1_102' title="bbox 50 2776 617 2809">
    <p class='ocr_par' dir='ltr' id='par_1_102' title="bbox 50 2776 617 2809">
     <span class='ocr_line' id='line_1_102' title="bbox 50 2776 617 2809; baseline 0.002 -7"><span class='ocrx_word' id='word_1_810' title='bbox 50 2777 70 2792; x_wconf 59' lang='grc' dir='ltr'>ἠ</span> <span class='ocrx_word' id='word_1_811' title='bbox 87 2776 180 2803; x_wconf 77' lang='lat' dir='ltr'><strong>Matth.</strong></span> <span class='ocrx_word' id='word_1_812' title='bbox 196 2784 259 2807; x_wconf 79' lang='lat' dir='ltr'><strong>xxv,</strong></span> <span class='ocrx_word' id='word_1_813' title='bbox 275 2777 319 2803; x_wconf 65' lang='lat'><strong>4‘2.</strong></span> <span class='ocrx_word' id='word_1_814' title='bbox 374 2777 394 2792; x_wconf 83' lang='lat'>&quot;</span> <span class='ocrx_word' id='word_1_815' title='bbox 411 2777 418 2803; x_wconf 95' lang='lat' dir='ltr'><strong>l</strong></span> <span class='ocrx_word' id='word_1_816' title='bbox 434 2776 496 2803; x_wconf 83' lang='lat' dir='ltr'><strong>Cor.</strong></span> <span class='ocrx_word' id='word_1_817' title='bbox 511 2784 558 2809; x_wconf 78' lang='lat' dir='ltr'><strong>xu,</strong></span> <span class='ocrx_word' id='word_1_818' title='bbox 571 2776 617 2803; x_wconf 76' lang='grc'><strong>27.</strong></span> 
     </span>
    </p>
   </div>
   <div class='ocr_carea' id='block_1_103' title="bbox 11 2811 587 2846">
    <p class='ocr_par' dir='ltr' id='par_1_103' title="bbox 11 2811 587 2846">
     <span class='ocr_line' id='line_1_103' title="bbox 11 2811 587 2846; baseline 0 -9"><span class='ocrx_word' id='word_1_819' title='bbox 11 2813 46 2837; x_wconf 64' lang='lat'><strong>7.7</strong></span> <span class='ocrx_word' id='word_1_820' title='bbox 61 2817 87 2838; x_wconf 71' lang='grc' dir='ltr'><strong>ιιι</strong></span> <span class='ocrx_word' id='word_1_821' title='bbox 103 2819 179 2846; x_wconf 78' lang='lat' dir='ltr'><strong>seqq.</strong></span> <span class='ocrx_word' id='word_1_822' title='bbox 218 2811 319 2846; x_wconf 71' lang='lat' dir='ltr'><strong>“ibid.</strong></span> <span class='ocrx_word' id='word_1_823' title='bbox 344 2811 388 2846; x_wconf 74' lang='lat' dir='ltr'><strong>t-t.</strong></span> <span class='ocrx_word' id='word_1_824' title='bbox 427 2812 448 2827; x_wconf 74' lang='grc' dir='ltr'>π</span> <span class='ocrx_word' id='word_1_825' title='bbox 464 2811 528 2838; x_wconf 86' lang='lat' dir='ltr'><strong>ibid.</strong></span> <span class='ocrx_word' id='word_1_826' title='bbox 544 2812 587 2839; x_wconf 78' lang='lat' dir='ltr'><strong>to.</strong></span> 
     </span>
    </p>
   </div>
   <div class='ocr_carea' id='block_1_104' title="bbox 11 2845 570 2879">
    <p class='ocr_par' dir='ltr' id='par_1_104' title="bbox 11 2845 570 2879">
     <span class='ocr_line' id='line_1_104' title="bbox 11 2845 570 2879; baseline -0.004 -5"><span class='ocrx_word' id='word_1_827' title='bbox 11 2848 33 2863; x_wconf 80' lang='grc' dir='ltr'><strong>³ο</strong></span> <span class='ocrx_word' id='word_1_828' title='bbox 54 2845 148 2874; x_wconf 62' lang='lat' dir='ltr'><strong>Matth}</strong></span> <span class='ocrx_word' id='word_1_829' title='bbox 166 2854 228 2878; x_wconf 77' lang='lat' dir='ltr'><strong>xxv,</strong></span> <span class='ocrx_word' id='word_1_830' title='bbox 241 2845 274 2873; x_wconf 73' lang='grc'><strong>46</strong></span> <span class='ocrx_word' id='word_1_831' title='bbox 312 2845 332 2862; x_wconf 78' lang='grc'><strong>³¹</strong></span> <span class='ocrx_word' id='word_1_832' title='bbox 349 2845 441 2874; x_wconf 80' lang='lat' dir='ltr'><strong>Matth.</strong></span> <span class='ocrx_word' id='word_1_833' title='bbox 455 2853 529 2879; x_wconf 77' lang='lat' dir='ltr'><strong>xm,</strong></span> <span class='ocrx_word' id='word_1_834' title='bbox 547 2848 570 2874; x_wconf 88' lang='lat' dir='ltr'><strong>t.</strong></span> 
     </span>
    </p>
   </div>
   <div class='ocr_carea' id='block_1_105' title="bbox 626 2810 799 2836">
    <p class='ocr_par' dir='ltr' id='par_1_105' title="bbox 626 2810 799 2836">
     <span class='ocr_line' id='line_1_105' title="bbox 626 2810 799 2836; baseline -0.006 0"><span class='ocrx_word' id='word_1_835' title='bbox 626 2811 648 2826; x_wconf 56' lang='grc' dir='ltr'><strong>’δ</strong></span> <span class='ocrx_word' id='word_1_836' title='bbox 666 2811 729 2836; x_wconf 90' lang='lat' dir='ltr'><strong>ibid.</strong></span> <span class='ocrx_word' id='word_1_837' title='bbox 755 2810 799 2836; x_wconf 60' lang='lat' dir='ltr'><strong>iii.</strong></span> 
     </span>
    </p>
   </div>
   <div class='ocr_carea' id='block_1_106' title="bbox 671 2774 917 2803">
    <p class='ocr_par' dir='ltr' id='par_1_106' title="bbox 671 2774 917 2803">
     <span class='ocr_line' id='line_1_106' title="bbox 671 2774 917 2803; baseline -0.004 -2"><span class='ocrx_word' id='word_1_838' title='bbox 671 2777 693 2792; x_wconf 85' lang='grc'><strong>¹⁰</strong></span> <span class='ocrx_word' id='word_1_839' title='bbox 708 2775 727 2801; x_wconf 97' lang='lat' dir='ltr'><strong>ll</strong></span> <span class='ocrx_word' id='word_1_840' title='bbox 744 2775 806 2801; x_wconf 85' lang='lat' dir='ltr'><strong>Cor.</strong></span> <span class='ocrx_word' id='word_1_841' title='bbox 821 2783 857 2803; x_wconf 74' lang='grc' dir='ltr'><strong>χι,</strong></span> <span class='ocrx_word' id='word_1_842' title='bbox 872 2774 917 2800; x_wconf 68' lang='lat'><strong>29.</strong></span> 
     </span>
    </p>
   </div>
   <div class='ocr_carea' id='block_1_107' title="bbox 610 2844 816 2876">
    <p class='ocr_par' dir='ltr' id='par_1_107' title="bbox 610 2844 816 2876">
     <span class='ocr_line' id='line_1_107' title="bbox 610 2844 816 2876; baseline 0 -5"><span class='ocrx_word' id='word_1_843' title='bbox 610 2846 630 2861; x_wconf 76' lang='grc'><strong>³³</strong></span> <span class='ocrx_word' id='word_1_844' title='bbox 645 2844 721 2872; x_wconf 84' lang='lat' dir='ltr'><strong>.loan.</strong></span> <span class='ocrx_word' id='word_1_845' title='bbox 744 2853 773 2876; x_wconf 81' lang='lat' dir='ltr'><strong>tt,</strong></span> <span class='ocrx_word' id='word_1_846' title='bbox 791 2847 816 2871; x_wconf 66' lang='grc'><strong>4.</strong></span> 
     </span>
    </p>
   </div>
   <div class='ocr_carea' id='block_1_108' title="bbox 855 2249 1639 2284">
    <p class='ocr_par' dir='ltr' id='par_1_108' title="bbox 855 2249 1639 2284">
     <span class='ocr_line' id='line_1_108' title="bbox 855 2249 1639 2284; baseline -0.004 -5"><span class='ocrx_word' id='word_1_847' title='bbox 855 2259 981 2279; x_wconf 88' lang='lat' dir='ltr'><strong>mensura</strong></span> <span class='ocrx_word' id='word_1_848' title='bbox 999 2251 1140 2278; x_wconf 87' lang='lat' dir='ltr'><strong>constituit</strong></span> <span class='ocrx_word' id='word_1_849' title='bbox 1161 2249 1243 2281; x_wconf 79' lang='lat' dir='ltr'><strong>Dens,</strong></span> <span class='ocrx_word' id='word_1_850' title='bbox 1262 2249 1328 2276; x_wconf 88' lang='lat' dir='ltr'><strong>dicit</strong></span> <span class='ocrx_word' id='word_1_851' title='bbox 1343 2249 1369 2275; x_wconf 92' lang='lat' dir='ltr'><strong>in</strong></span> <span class='ocrx_word' id='word_1_852' title='bbox 1388 2249 1479 2284; x_wconf 85' lang='lat' dir='ltr'><strong>aliquo</strong></span> <span class='ocrx_word' id='word_1_853' title='bbox 1498 2250 1557 2276; x_wconf 83' lang='lat' dir='ltr'><strong>loco</strong></span> <span class='ocrx_word' id='word_1_854' title='bbox 1572 2251 1593 2267; x_wconf 83' lang='lat'><strong>&quot;</strong></span> <span class='ocrx_word' id='word_1_855' title='bbox 1606 2250 1639 2276; x_wconf 78' lang='lat' dir='ltr'><strong>ad</strong></span> 
     </span>
    </p>
   </div>
   <div class='ocr_carea' id='block_1_109' title="bbox 853 2294 1637 2326">
    <p class='ocr_par' dir='ltr' id='par_1_109' title="bbox 853 2294 1637 2326">
     <span class='ocr_line' id='line_1_109' title="bbox 853 2294 1637 2326; baseline -0.005 0"><span class='ocrx_word' id='word_1_856' title='bbox 853 2304 965 2326; x_wconf 88' lang='lat' dir='ltr'><strong>ntatrcm</strong></span> <span class='ocrx_word' id='word_1_857' title='bbox 987 2304 1063 2325; x_wconf 83' lang='lat' dir='ltr'><strong>suam</strong></span> <span class='ocrx_word' id='word_1_858' title='bbox 1086 2306 1092 2323; x_wconf 88' lang='lat'><strong>:</strong></span> <span class='ocrx_word' id='word_1_859' title='bbox 1116 2294 1241 2322; x_wconf 77' lang='lat' dir='ltr'><strong>Nuntiant</strong></span> <span class='ocrx_word' id='word_1_860' title='bbox 1258 2295 1325 2322; x_wconf 77' lang='lat' dir='ltr'><strong>venit</strong></span> <span class='ocrx_word' id='word_1_861' title='bbox 1344 2295 1408 2322; x_wconf 81' lang='lat' dir='ltr'><strong>liora</strong></span> <span class='ocrx_word' id='word_1_862' title='bbox 1427 2303 1493 2323; x_wconf 85' lang='lat' dir='ltr'><strong>mea.</strong></span> <span class='ocrx_word' id='word_1_863' title='bbox 1510 2295 1575 2322; x_wconf 84' lang='lat' dir='ltr'><strong>item</strong></span> <span class='ocrx_word' id='word_1_864' title='bbox 1591 2295 1613 2311; x_wconf 81' lang='grc'>³⁸</span> <span class='ocrx_word' id='word_1_865' title='bbox 1631 2305 1637 2322; x_wconf 87' lang='grc'>;</span> 
     </span>
    </p>
   </div>
   <div class='ocr_carea' id='block_1_110' title="bbox 854 2342 1638 2376">
    <p class='ocr_par' dir='ltr' id='par_1_110' title="bbox 854 2342 1638 2376">
     <span class='ocr_line' id='line_1_110' title="bbox 854 2342 1638 2376; baseline -0.004 -5"><span class='ocrx_word' id='word_1_866' title='bbox 854 2343 931 2371; x_wconf 87' lang='lat' dir='ltr'><strong>Nunc</strong></span> <span class='ocrx_word' id='word_1_867' title='bbox 949 2344 1038 2370; x_wconf 86' lang='lat' dir='ltr'><strong>anima</strong></span> <span class='ocrx_word' id='word_1_868' title='bbox 1056 2350 1114 2369; x_wconf 86' lang='lat' dir='ltr'><strong>mea</strong></span> <span class='ocrx_word' id='word_1_869' title='bbox 1129 2342 1260 2373; x_wconf 85' lang='lat' dir='ltr'><strong>turbatur,</strong></span> <span class='ocrx_word' id='word_1_870' title='bbox 1283 2346 1307 2367; x_wconf 86' lang='lat' dir='ltr'><strong>et</strong></span> <span class='ocrx_word' id='word_1_871' title='bbox 1330 2342 1393 2376; x_wconf 84' lang='lat' dir='ltr'><strong>quid</strong></span> <span class='ocrx_word' id='word_1_872' title='bbox 1415 2342 1522 2368; x_wconf 82' lang='lat' dir='ltr'><strong>dicant?</strong></span> <span class='ocrx_word' id='word_1_873' title='bbox 1546 2342 1638 2375; x_wconf 85' lang='lat' dir='ltr'><strong>Pater,</strong></span> 
     </span>
    </p>
   </div>
   <div class='ocr_carea' id='block_1_111' title="bbox 852 2387 1638 2421">
    <p class='ocr_par' dir='ltr' id='par_1_111' title="bbox 852 2387 1638 2421">
     <span class='ocr_line' id='line_1_111' title="bbox 852 2387 1638 2421; baseline -0.003 -5"><span class='ocrx_word' id='word_1_874' title='bbox 852 2390 925 2416; x_wconf 83' lang='lat' dir='ltr'><strong>salva</strong></span> <span class='ocrx_word' id='word_1_875' title='bbox 940 2397 978 2416; x_wconf 82' lang='lat' dir='ltr'><strong>me</strong></span> <span class='ocrx_word' id='word_1_876' title='bbox 994 2397 1026 2416; x_wconf 75' lang='lat' dir='ltr'><strong>ea;</strong></span> <span class='ocrx_word' id='word_1_877' title='bbox 1042 2389 1091 2415; x_wconf 87' lang='lat' dir='ltr'><strong>hac</strong></span> <span class='ocrx_word' id='word_1_878' title='bbox 1107 2388 1182 2414; x_wconf 84' lang='lat' dir='ltr'><strong>hora.</strong></span> <span class='ocrx_word' id='word_1_879' title='bbox 1200 2387 1251 2415; x_wconf 83' lang='lat' dir='ltr'><strong>Sed</strong></span> <span class='ocrx_word' id='word_1_880' title='bbox 1269 2393 1374 2421; x_wconf 72' lang='lat' dir='ltr'><strong>propter</strong></span> <span class='ocrx_word' id='word_1_881' title='bbox 1389 2388 1436 2413; x_wconf 85' lang='lat' dir='ltr'><strong>hoc</strong></span> <span class='ocrx_word' id='word_1_882' title='bbox 1452 2388 1507 2414; x_wconf 84' lang='lat' dir='ltr'><strong>veni</strong></span> <span class='ocrx_word' id='word_1_883' title='bbox 1529 2388 1556 2413; x_wconf 85' lang='lat' dir='ltr'><strong>in</strong></span> <span class='ocrx_word' id='word_1_884' title='bbox 1571 2388 1638 2414; x_wconf 79' lang='lat' dir='ltr'><strong>lianc</strong></span> 
     </span>
    </p>
   </div>
   <div class='ocr_carea' id='block_1_112' title="bbox 853 2432 1638 2466">
    <p class='ocr_par' dir='ltr' id='par_1_112' title="bbox 853 2432 1638 2466">
     <span class='ocr_line' id='line_1_112' title="bbox 853 2432 1638 2466; baseline -0.005 -4"><span class='ocrx_word' id='word_1_885' title='bbox 853 2436 954 2462; x_wconf 84' lang='lat' dir='ltr'><strong>harant.</strong></span> <span class='ocrx_word' id='word_1_886' title='bbox 971 2434 1035 2461; x_wconf 87' lang='lat' dir='ltr'><strong>item</strong></span> <span class='ocrx_word' id='word_1_887' title='bbox 1051 2433 1074 2449; x_wconf 65' lang='grc'><strong>⁸⁵</strong></span> <span class='ocrx_word' id='word_1_888' title='bbox 1088 2443 1094 2460; x_wconf 90' lang='grc'>;</span> <span class='ocrx_word' id='word_1_889' title='bbox 1110 2433 1203 2464; x_wconf 87' lang='lat' dir='ltr'><strong>Pater,</strong></span> <span class='ocrx_word' id='word_1_890' title='bbox 1222 2432 1289 2459; x_wconf 73' lang='lat' dir='ltr'><strong>venit</strong></span> <span class='ocrx_word' id='word_1_891' title='bbox 1308 2433 1384 2464; x_wconf 77' lang='lat' dir='ltr'><strong>liora,</strong></span> <span class='ocrx_word' id='word_1_892' title='bbox 1398 2432 1517 2466; x_wconf 82' lang='lat' dir='ltr'><strong>clari/ica</strong></span> <span class='ocrx_word' id='word_1_893' title='bbox 1538 2432 1638 2459; x_wconf 83' lang='lat' dir='ltr'><strong>Filium</strong></span> 
     </span>
    </p>
   </div>
   <div class='ocr_carea' id='block_1_113' title="bbox 853 2477 1636 2513">
    <p class='ocr_par' dir='ltr' id='par_1_113' title="bbox 853 2477 1636 2513">
     <span class='ocr_line' id='line_1_113' title="bbox 853 2477 1636 2513; baseline -0.005 -6"><span class='ocrx_word' id='word_1_894' title='bbox 853 2486 937 2513; x_wconf 85' lang='lat' dir='ltr'><strong>tuum,</strong></span> <span class='ocrx_word' id='word_1_895' title='bbox 954 2485 981 2506; x_wconf 87' lang='lat' dir='ltr'><strong>ut</strong></span> <span class='ocrx_word' id='word_1_896' title='bbox 994 2485 1017 2506; x_wconf 82' lang='lat' dir='ltr'><strong>et</strong></span> <span class='ocrx_word' id='word_1_897' title='bbox 1035 2478 1124 2505; x_wconf 81' lang='lat' dir='ltr'><strong>Filius</strong></span> <span class='ocrx_word' id='word_1_898' title='bbox 1140 2484 1200 2505; x_wconf 87' lang='lat' dir='ltr'><strong>tuus</strong></span> <span class='ocrx_word' id='word_1_899' title='bbox 1216 2478 1345 2512; x_wconf 79' lang='lat' dir='ltr'><strong>clarificet</strong></span> <span class='ocrx_word' id='word_1_900' title='bbox 1362 2483 1395 2503; x_wconf 76' lang='lat' dir='ltr'><strong>te.</strong></span> <span class='ocrx_word' id='word_1_901' title='bbox 1420 2477 1466 2504; x_wconf 89' lang='lat' dir='ltr'><strong>Sic</strong></span> <span class='ocrx_word' id='word_1_902' title='bbox 1490 2482 1516 2504; x_wconf 90' lang='lat' dir='ltr'><strong>et</strong></span> <span class='ocrx_word' id='word_1_903' title='bbox 1540 2478 1636 2504; x_wconf 89' lang='lat' dir='ltr'><strong>ltoram</strong></span> 
     </span>
    </p>
   </div>
   <div class='ocr_carea' id='block_1_114' title="bbox 853 2523 1637 2559">
    <p class='ocr_par' dir='ltr' id='par_1_114' title="bbox 853 2523 1637 2559">
     <span class='ocr_line' id='line_1_114' title="bbox 853 2523 1637 2559; baseline -0.004 -6"><span class='ocrx_word' id='word_1_904' title='bbox 853 2526 996 2554; x_wconf 89' lang='lat' dir='ltr'><strong>constituit</strong></span> <span class='ocrx_word' id='word_1_905' title='bbox 1020 2525 1155 2559; x_wconf 88' lang='lat' dir='ltr'><strong>passionis</strong></span> <span class='ocrx_word' id='word_1_906' title='bbox 1171 2524 1231 2551; x_wconf 88' lang='lat' dir='ltr'><strong>Filii</strong></span> <span class='ocrx_word' id='word_1_907' title='bbox 1254 2524 1306 2551; x_wconf 89' lang='lat' dir='ltr'><strong>sui.</strong></span> <span class='ocrx_word' id='word_1_908' title='bbox 1323 2523 1386 2550; x_wconf 88' lang='lat' dir='ltr'><strong>[deo</strong></span> <span class='ocrx_word' id='word_1_909' title='bbox 1409 2524 1459 2551; x_wconf 87' lang='lat' dir='ltr'><strong>etsi</strong></span> <span class='ocrx_word' id='word_1_910' title='bbox 1481 2523 1637 2558; x_wconf 85' lang='lat' dir='ltr'><strong>frequenter</strong></span> 
     </span>
    </p>
   </div>
   <div class='ocr_carea' id='block_1_115' title="bbox 850 2568 1637 2605">
    <p class='ocr_par' dir='ltr' id='par_1_115' title="bbox 850 2568 1637 2605">
     <span class='ocr_line' id='line_1_115' title="bbox 850 2568 1637 2605; baseline -0.003 -7"><span class='ocrx_word' id='word_1_911' title='bbox 850 2571 962 2599; x_wconf 88' lang='lat' dir='ltr'><strong>insidias</strong></span> <span class='ocrx_word' id='word_1_912' title='bbox 975 2578 1072 2605; x_wconf 89' lang='lat' dir='ltr'><strong>passus</strong></span> <span class='ocrx_word' id='word_1_913' title='bbox 1086 2575 1127 2597; x_wconf 87' lang='lat' dir='ltr'><strong>est</strong></span> <span class='ocrx_word' id='word_1_914' title='bbox 1140 2578 1154 2596; x_wconf 86' lang='lat' dir='ltr'><strong>a</strong></span> <span class='ocrx_word' id='word_1_915' title='bbox 1169 2569 1281 2601; x_wconf 64' lang='lat' dir='ltr'><strong>Judteis,</strong></span> <span class='ocrx_word' id='word_1_916' title='bbox 1300 2568 1367 2595; x_wconf 92' lang='lat' dir='ltr'><strong>nihil</strong></span> <span class='ocrx_word' id='word_1_917' title='bbox 1379 2569 1466 2602; x_wconf 89' lang='lat' dir='ltr'><strong>potuit</strong></span> <span class='ocrx_word' id='word_1_918' title='bbox 1482 2570 1535 2603; x_wconf 91' lang='lat' dir='ltr'><strong>pati</strong></span> <span class='ocrx_word' id='word_1_919' title='bbox 1549 2570 1637 2596; x_wconf 83' lang='lat' dir='ltr'><strong>disce-</strong></span> 
     </span>
    </p>
   </div>
   <div class='ocr_carea' id='block_1_116' title="bbox 850 2615 1634 2650">
    <p class='ocr_par' dir='ltr' id='par_1_116' title="bbox 850 2615 1634 2650">
     <span class='ocr_line' id='line_1_116' title="bbox 850 2615 1634 2650; baseline -0.005 -4"><span class='ocrx_word' id='word_1_920' title='bbox 850 2619 930 2646; x_wconf 91' lang='lat' dir='ltr'><strong>dente</strong></span> <span class='ocrx_word' id='word_1_921' title='bbox 941 2618 974 2644; x_wconf 87' lang='lat' dir='ltr'><strong>ab</strong></span> <span class='ocrx_word' id='word_1_922' title='bbox 988 2624 1020 2643; x_wconf 87' lang='lat' dir='ltr'><strong>eo</strong></span> <span class='ocrx_word' id='word_1_923' title='bbox 1036 2616 1147 2644; x_wconf 89' lang='lat' dir='ltr'><strong>diabolo</strong></span> <span class='ocrx_word' id='word_1_924' title='bbox 1164 2623 1250 2650; x_wconf 88' lang='lat' dir='ltr'><strong>ttsqtte</strong></span> <span class='ocrx_word' id='word_1_925' title='bbox 1266 2616 1299 2642; x_wconf 89' lang='lat' dir='ltr'><strong>ad</strong></span> <span class='ocrx_word' id='word_1_926' title='bbox 1316 2619 1421 2649; x_wconf 87' lang='lat' dir='ltr'><strong>tempus</strong></span> <span class='ocrx_word' id='word_1_927' title='bbox 1439 2625 1444 2642; x_wconf 93' lang='lat'>:</span> <span class='ocrx_word' id='word_1_928' title='bbox 1459 2620 1486 2642; x_wconf 80' lang='lat' dir='ltr'><strong>et</strong></span> <span class='ocrx_word' id='word_1_929' title='bbox 1499 2615 1565 2642; x_wconf 92' lang='lat' dir='ltr'><strong>nihil</strong></span> <span class='ocrx_word' id='word_1_930' title='bbox 1580 2616 1634 2650; x_wconf 87' lang='lat' dir='ltr'><strong>pati</strong></span> 
     </span>
    </p>
   </div>
   <div class='ocr_carea' id='block_1_117' title="bbox 850 2663 1636 2699">
    <p class='ocr_par' dir='ltr' id='par_1_117' title="bbox 850 2663 1636 2699">
     <span class='ocr_line' id='line_1_117' title="bbox 850 2663 1636 2699; baseline -0.003 -8"><span class='ocrx_word' id='word_1_931' title='bbox 850 2667 965 2699; x_wconf 82' lang='lat' dir='ltr'><strong>poterat,</strong></span> <span class='ocrx_word' id='word_1_932' title='bbox 981 2663 1067 2690; x_wconf 84' lang='lat' dir='ltr'><strong>donec</strong></span> <span class='ocrx_word' id='word_1_933' title='bbox 1080 2667 1283 2690; x_wconf 83' lang='lat' dir='ltr'><strong>consummaret</strong></span> <span class='ocrx_word' id='word_1_934' title='bbox 1297 2670 1391 2690; x_wconf 86' lang='lat' dir='ltr'><strong>omnes</strong></span> <span class='ocrx_word' id='word_1_935' title='bbox 1408 2669 1546 2689; x_wconf 75' lang='lat' dir='ltr'><strong>sermones</strong></span> <span class='ocrx_word' id='word_1_936' title='bbox 1559 2670 1636 2694; x_wconf 77' lang='lat' dir='ltr'><strong>SUOS,</strong></span> 
     </span>
    </p>
   </div>
   <div class='ocr_carea' id='block_1_118' title="bbox 971 2773 1634 2805">
    <p class='ocr_par' dir='ltr' id='par_1_118' title="bbox 971 2773 1634 2805">
     <span class='ocr_line' id='line_1_118' title="bbox 971 2773 1634 2805; baseline 0.003 -5"><span class='ocrx_word' id='word_1_937' title='bbox 971 2774 991 2789; x_wconf 83' lang='lat'>“</span> <span class='ocrx_word' id='word_1_938' title='bbox 1012 2774 1108 2800; x_wconf 81' lang='lat' dir='ltr'><strong>Matth.</strong></span> <span class='ocrx_word' id='word_1_939' title='bbox 1126 2781 1188 2801; x_wconf 79' lang='lat' dir='ltr'><strong>xxv.</strong></span> <span class='ocrx_word' id='word_1_940' title='bbox 1206 2773 1249 2799; x_wconf 69' lang='grc'><strong>45.</strong></span> <span class='ocrx_word' id='word_1_941' title='bbox 1266 2774 1287 2789; x_wconf 81' lang='grc'>¹²</span> <span class='ocrx_word' id='word_1_942' title='bbox 1306 2773 1377 2800; x_wconf 83' lang='lat' dir='ltr'><strong>Psal.</strong></span> <span class='ocrx_word' id='word_1_943' title='bbox 1395 2781 1436 2805; x_wconf 60' lang='grc' dir='ltr'><strong>νινε,</strong></span> <span class='ocrx_word' id='word_1_944' title='bbox 1450 2773 1492 2800; x_wconf 79' lang='lat' dir='ltr'><strong>i5.</strong></span> <span class='ocrx_word' id='word_1_945' title='bbox 1531 2773 1553 2788; x_wconf 82' lang='grc'><strong>’³</strong></span> <span class='ocrx_word' id='word_1_946' title='bbox 1568 2774 1634 2802; x_wconf 85' lang='lat' dir='ltr'><strong>ibid.</strong></span> 
     </span>
    </p>
   </div>
   <div class='ocr_carea' id='block_1_119' title="bbox 858 2807 1631 2840">
    <p class='ocr_par' dir='ltr' id='par_1_119' title="bbox 858 2807 1631 2840">
     <span class='ocr_line' id='line_1_119' title="bbox 858 2807 1631 2840; baseline 0 -6"><span class='ocrx_word' id='word_1_947' title='bbox 858 2810 879 2824; x_wconf 78' lang='grc'><strong>’⁷</strong></span> <span class='ocrx_word' id='word_1_948' title='bbox 896 2808 903 2834; x_wconf 99' lang='lat' dir='ltr'><strong>l</strong></span> <span class='ocrx_word' id='word_1_949' title='bbox 920 2808 984 2835; x_wconf 82' lang='lat' dir='ltr'><strong>Cor.</strong></span> <span class='ocrx_word' id='word_1_950' title='bbox 1003 2816 1040 2839; x_wconf 72' lang='grc' dir='ltr'><strong>χι,</strong></span> <span class='ocrx_word' id='word_1_951' title='bbox 1063 2808 1086 2834; x_wconf 83' lang='lat' dir='ltr'><strong>i.</strong></span> <span class='ocrx_word' id='word_1_952' title='bbox 1143 2808 1165 2823; x_wconf 64' lang='grc' dir='ltr'><strong>’θ’</strong></span> <span class='ocrx_word' id='word_1_953' title='bbox 1178 2807 1271 2834; x_wconf 82' lang='lat' dir='ltr'><strong>Matth.</strong></span> <span class='ocrx_word' id='word_1_954' title='bbox 1289 2816 1325 2837; x_wconf 72' lang='grc' dir='ltr'><strong>γι,</strong></span> <span class='ocrx_word' id='word_1_955' title='bbox 1340 2808 1366 2835; x_wconf 87' lang='lat'><strong>9.</strong></span> <span class='ocrx_word' id='word_1_956' title='bbox 1381 2809 1403 2824; x_wconf 80' lang='lat'>&quot;</span> <span class='ocrx_word' id='word_1_957' title='bbox 1419 2808 1514 2836; x_wconf 81' lang='lat' dir='ltr'><strong>Matth.</strong></span> <span class='ocrx_word' id='word_1_958' title='bbox 1532 2817 1569 2840; x_wconf 79' lang='lat' dir='ltr'><strong>tit,</strong></span> <span class='ocrx_word' id='word_1_959' title='bbox 1587 2809 1631 2836; x_wconf 60' lang='grc' dir='ltr'><strong>Ἡ).</strong></span> 
     </span>
    </p>
   </div>
   <div class='ocr_carea' id='block_1_120' title="bbox 857 2841 1424 2875">
    <p class='ocr_par' dir='ltr' id='par_1_120' title="bbox 857 2841 1424 2875">
     <span class='ocr_line' id='line_1_120' title="bbox 857 2841 1424 2875; baseline -0.002 -4"><span class='ocrx_word' id='word_1_960' title='bbox 857 2842 964 2871; x_wconf 78' lang='lat' dir='ltr'><strong>&quot;Joan.</strong></span> <span class='ocrx_word' id='word_1_961' title='bbox 983 2850 1030 2874; x_wconf 77' lang='lat' dir='ltr'><strong>xtl,</strong></span> <span class='ocrx_word' id='word_1_962' title='bbox 1049 2841 1093 2874; x_wconf 64' lang='lat'><strong>27,</strong></span> <span class='ocrx_word' id='word_1_963' title='bbox 1107 2842 1149 2869; x_wconf 77' lang='lat'><strong>28.</strong></span> <span class='ocrx_word' id='word_1_964' title='bbox 1189 2843 1209 2857; x_wconf 68' lang='lat'>“</span> <span class='ocrx_word' id='word_1_965' title='bbox 1224 2842 1302 2870; x_wconf 79' lang='lat' dir='ltr'><strong>Joan.</strong></span> <span class='ocrx_word' id='word_1_966' title='bbox 1321 2851 1384 2875; x_wconf 76' lang='lat' dir='ltr'><strong>wn,</strong></span> <span class='ocrx_word' id='word_1_967' title='bbox 1401 2843 1424 2870; x_wconf 86' lang='lat' dir='ltr'><strong>l.</strong></span> 
     </span>
    </p>
   </div>
  </div>
