1839 3053
203 143 269 171 1719

789 145 951 173 ORIGENIS
969 145 1003 172 IN
1024 146 1229 176 MATTIUEUM

1765 147 1815 175 i720

199 210 270 238 quos
290 207 469 238 proposuerat
483 203 574 231 dicere
593 203 733 239 discipulis
749 205 816 233 suis.
837 205 983 241 Propterea
999 209 1020 237 Λ
1035 206 1144 239 ludam,
1162 208 1272 235 tradidit
1288 215 1362 235 eum.
1379 207 1434 235 Sed
1452 212 1480 235 et
1497 207 1647 242 principes
1667 206 1816 234 sacerdotum

199 253 339 283 postquam
357 249 547 275 consummavit
567 257 655 276 omnes
673 258 805 278 sermones
831 251 888 282 has,
920 258 984 280 tunc

199 294 267 320 dixit
280 294 418 328 discipulis
432 295 498 321 suis.
521 293 553 321 Et
574 295 634 322 vide
649 295 712 330 quia
727 303 781 322 non
797 296 864 324 dixit
880 297 985 332 simpli-

199 339 276 371 citer,
300 345 437 375 postquam
453 341 644 367 consummauit
659 349 746 368 omnes
771 350 918 377 sermones,
936 343 984 371 sed

199 385 302 413 addidit
314 386 361 412 hos
385 394 484 417 omnes,
502 386 528 412 id
546 391 588 414 est
603 394 672 421 quos
683 387 739 421 jam
757 388 864 415 locutus
885 388 982 422 fuerat,

199 439 253 458 non
266 439 335 466 quos
348 431 438 459 adhuc
451 431 538 459 fuerat
548 432 699 460 locuturus.
713 432 810 461 Adhuc
821 434 891 460 enim
904 442 983 469 opor-

198 478 272 505 tebat
295 485 357 504 eum
382 478 464 504 etiam
486 478 555 505 alios
580 478 654 512 loqui
671 487 823 512 sermones,
840 485 982 515 postquam

197 524 358 557 traderetur,
375 529 401 551 et
423 525 450 552 in
478 526 608 553 Bethania
635 526 661 553 in
686 527 766 554 domo
791 526 910 554 Simonis
933 526 983 554 Le-

196 570 269 605 prosi
284 570 318 598 de
334 571 447 598 muliere
463 572 607 599 accedente
629 573 661 600 ad
680 580 709 599 se
726 581 732 599 :
751 573 815 599 item
830 577 857 599 et
878 572 982 600 Pascha

196 615 284 643 facere
295 623 356 644 cum
369 616 511 651 discipulis
523 618 590 649 suis,
605 621 631 645 et
642 618 803 645 c0nriucere
816 619 980 652 proditorem

193 662 332 694 latentem,
348 668 374 691 et
395 664 496 698 gratias
510 671 599 699 agere,
616 668 643 691 et
660 664 797 699 porrigere
819 665 859 692 eis
885 672 980 698 panem

192 711 220 735 ct
240 708 364 735 calicem.
383 707 532 744 Oportebat
550 718 612 737 eum
631 714 658 737 et
681 710 826 744 praedicere
840 710 981 745 discipulis

192 753 250 780 auls
267 754 340 789 quod
354 759 447 782 essent
464 755 684 789 scandalizamli;
702 760 729 782 et
743 755 833 789 Petro,
852 756 981 791 quoniam

192 803 255 825 ante
269 799 331 832 galli
355 805 464 827 cautum
482 805 523 828 ter
543 801 632 829 fuerat
646 806 804 837 negaturus.
819 802 915 830 Adhuc
932 810 981 830 au-

192 849 245 874 tem
275 846 417 880 oportebat
443 855 506 874 eum
536 847 603 874 hora
633 848 869 884 appropinquante
893 849 980 884 magis

191 898 281 924 orare,
307 899 361 918 non
388 892 482 924 semel,
506 900 555 920 nec
575 893 656 928 891
681 883 733 926 bis,
752 883 798 922 sed
821 899 872 928 ter,
895 883 981 922 donec
998 883 1017 910 Β

191 935 260 963 liora
275 936 383 971 plenius
395 938 544 966 adveniret.

227 982 272 1009 ⁸15.
293 981 374 1010 Scitis
391 984 453 1018 quia
466 989 525 1019 post
539 985 649 1012 biduum
662 985 765 1014 Pascha
781 987 837 1021 ﬁet,
849 992 873 1014 et
893 986 979 1014 Filius

191 1026 304 1054 hantinis
327 1029 449 1055 tradetur
475 1030 511 1056 ad
536 1031 754 1066 cruciﬁgendum,
779 1037 807 1059 et
828 1033 931 1068 reliqua
945 1033 978 1059 ³³.

193 1074 220 1099 Si
238 1081 303 1109 ergo
319 1075 401 1102 etiam
418 1077 486 1103 hora
500 1076 590 1104 fuerat
601 1078 723 1109 delinita,
746 1079 894 1106 secundum
906 1079 978 1113 quod

190 1118 321 1151 diximus,
337 1124 367 1146 ut
383 1127 436 1147 non
455 1121 606 1149 traderetur
620 1127 683 1149 ante
698 1130 805 1150 omnem
816 1122 977 1156 doctrinam,

190 1164 329 1198 quomodo
355 1174 409 1193 non
435 1167 521 1202 magis
537 1171 564 1194 et
580 1168 639 1195 dies
666 1167 755 1195 fuerat
783 1169 928 1202 definitus,
952 1174 980 1197 ut

191 1211 290 1246 pascha
308 1216 431 1239 nostrum
455 1212 581 1240 Christus
603 1213 807 1249 immolaretur,
828 1215 979 1243 dissolvens

190 1255 332 1284 Judaicum
355 1259 474 1292 pascha.
503 1263 530 1286 et
564 1259 674 1287 tradens
697 1261 846 1288 sectmdum
873 1259 979 1289 Novum

191 1299 397 1329 Testamentum
407 1302 549 1338 discipulis
564 1304 639 1331 suis?
651 1303 798 1339 Oportebat
810 1306 890 1333 etiam
903 1313 980 1333 men-

190 1356 247 1374 sem
263 1355 324 1376 esse
340 1349 482 1376 deﬁnitum
504 1349 626 1377 Pascha.
644 1350 700 1385 Ego
715 1357 804 1378 autem
820 1356 885 1386 puto
897 1352 977 1379 etiam

190 1401 314 1427 annum,
330 1394 364 1421 de
389 1402 445 1429 quo
471 1400 499 1422 et
515 1396 645 1430 propheta
674 1396 800 1424 dicebat:
828 1396 979 1425 Praedicare

190 1447 291 1467 annum
318 1439 426 1468 Domini
447 1445 592 1475 acceptum,
607 1446 632 1467 et
650 1442 719 1468 diem
741 1443 838 1468 salutis
851 1442 883 1469 ³⁸.
904 1441 978 1470 Prat-

189 1486 260 1514 dicit
274 1494 338 1521 ergo
358 1486 499 1520 discipulis
523 1486 595 1518 suis,
612 1486 794 1520 przcmuniens
809 1494 866 1518 eos,
886 1491 915 1514 ut
934 1494 978 1520 ne,

191 1532 352 1568 priusquam
371 1532 484 1558 audiant
505 1540 566 1567 qua:
588 1531 695 1558 fuerant
716 1536 862 1566 eventura,
887 1532 978 1560 subito

191 1577 312 1604 videntes
328 1577 396 1603 tradi
415 1577 448 1604 ad
472 1584 579 1604 crucem
601 1576 771 1612 Magistrum,
785 1577 978 1612 obstupescant

192 1630 292 1658 pavore
306 1628 416 1657 propter
431 1622 584 1656 passionem
598 1622 713 1649 Domino
727 1623 903 1651 aceidentem.
916 1623 978 1652 Ideo

191 1668 262 1697 dixit
275 1668 335 1695 eis:
363 1667 444 1695 Scitis
467 1668 530 1702 quia
547 1673 604 1703 post
622 1668 729 1694 biduum
748 1668 850 1695 Pascha
874 1669 930 1703 ﬁet,
953 1674 977 1696 et

192 1713 280 1742 Filius
307 1714 420 1741 hominis
444 1714 563 1740 tradetur
589 1714 623 1740 ad
646 1714 896 1749 cruciﬁgendum".
918 1713 976 1741 Non

191 1766 282 1790 autem
297 1780 305 1792 ,
334 1761 404 1787 sicut
428 1760 632 1787 arbitrabantur
656 1759 786 1794 quitiam,
813 1759 864 1786 hoc
888 1759 978 1787 dicere

192 1808 251 1835 vult
266 1807 327 1842 quia
352 1811 414 1841 post
440 1806 551 1833 biduum
568 1805 680 1832 Pascha:
701 1805 759 1832 dies
775 1805 909 1838 adveniet,
930 1805 977 1832 sed

191 1853 254 1888 quia
277 1857 339 1888 post
365 1851 477 1879 biduum
508 1859 607 1878 norum
623 1850 727 1878 Pascha
751 1850 805 1877 fiet.
827 1850 883 1878 Nec
904 1852 976 1878 enim

190 1898 269 1930 dixit,
288 1903 350 1933 post
367 1898 479 1925 biduum
504 1897 609 1924 Pascha
627 1896 688 1929 erit,
712 1900 759 1923 aut
777 1897 877 1929 veniet,
894 1901 923 1923 ut
945 1904 978 1923 ne

190 1945 348 1973 ostenderet
361 1943 426 1971 illud
445 1943 551 1971 Pascha
567 1942 688 1969 futurum
705 1943 776 1977 quod
797 1942 854 1969 fieri
875 1942 978 1969 solebat

192 1990 340 2021 secundum
358 1990 460 2025 legem,
485 1990 531 2016 sed
556 1989 661 2016 Pascha
685 1989 740 2024 ﬁet,
760 1989 812 2016 hoc
835 1993 877 2016 est
898 1989 978 2023 quale

192 2044 330 2070 nunquam
348 2035 437 2063 fuerat
450 2035 563 2067 factum,
581 2040 610 2063 ut
626 2043 672 2070 per
689 2036 741 2063 hoc
757 2043 856 2063 novum
872 2035 977 2063 Pascha

192 2081 257 2110 illud
289 2081 410 2108 succidat
439 2082 591 2116 antiquum.
620 2080 740 2116 Denique
767 2081 806 2109 sic
832 2081 977 2109 additzEt

194 2125 282 2152 Filius
295 2126 408 2152 hominis
424 2127 544 2153 tradetur
554 2126 588 2152 ad
603 2127 818 2161 cruciﬁgeudum.
831 2125 896 2153 Post
909 2126 977 2154 duos
1004 2153 1007 2156 ,

192 2175 282 2199 autem
307 2168 365 2198 dies
388 2171 488 2198 factum
516 2175 558 2199 est
582 2171 705 2204 Pascha,
729 2173 877 2199 secundum
904 2172 977 2206 quod

1035 258 1061 280 et
1074 255 1194 282 seniores
1211 254 1377 282 tradiderunt
1393 262 1469 281 eum.
1494 254 1655 288 Propterea
1671 253 1717 280 hic
1737 253 1817 288 imper-

1035 300 1164 327 sonaliter
1179 301 1269 335 posuit
1291 301 1419 333 tradetur,
1441 309 1499 327 non
1518 300 1623 327 dicens
1635 307 1651 325 a
1672 307 1746 333 quo:
1764 300 1818 334 quod

1034 346 1146 372 ‘erlium
1164 350 1249 380 potest
1268 347 1301 373 ad
1316 353 1412 373 omnes
1433 346 1577 380 respicere
1594 345 1648 379 qui
1671 345 1819 372 tradiderunt

1033 399 1107 418 eum.
1127 391 1179 419 Sed
1194 399 1247 418 non
1263 399 1358 419 omnes
1371 392 1466 418 eodem
1485 390 1642 425 proposito
1658 391 1819 416 tradiderunt.

1034 437 1106 465 Deus
1117 438 1187 464 enim
1200 438 1310 465 tradidit
1323 445 1384 464 eum
1396 442 1510 472 propter
1524 436 1755 463 misericordiam
1765 437 1820 463 circa

1033 491 1118 519 genus
1137 484 1301 516 humanttm,
1320 484 1391 519 quod
1415 484 1493 510 unico
1519 483 1602 510 Filio
1629 491 1685 509 non
1707 483 1820 517 pepercit,

1033 528 1078 554 sed
1091 537 1137 562 pro
1159 529 1232 555 nobis
1256 529 1374 555 omnibus
1396 529 1510 555 tradidit
1532 536 1613 555 eum.
1636 527 1736 555 Caneri
1748 533 1819 554 autem

1034 574 1203 601 tradiderunt
1228 582 1290 602 eum
1319 574 1411 609 iniquo
1440 574 1609 609 proposito,
1646 574 1819 609 unusquisque

1032 621 1182 647 secundum
1208 621 1337 648 malitiam
1364 628 1463 648 suam:
1491 620 1585 647 Judas
1611 625 1732 655 propter
1750 621 1820 646 avari-

1031 666 1114 698 tiam;
1124 666 1278 693 sacerdotes
1290 671 1398 700 propter
1411 665 1563 699 invidiam;
1576 665 1716 692 diabolus
1730 672 1820 700 propter

1032 711 1170 743 timorem,
1193 719 1226 738 ne
1244 711 1404 738 avelleretur
1420 711 1452 738 de
1475 719 1562 738 manu
1582 712 1653 746 ejus
1680 719 1764 746 genus
1783 712 1820 738 bu-

1032 764 1143 783 manum
1159 763 1207 791 per
1222 756 1372 783 doctrinam
1392 756 1489 791 ipsius,
1513 764 1571 783 non
1597 757 1752 784 advertens
1765 765 1819 792 quo-

1031 801 1104 828 niam
1128 802 1214 836 magis
1242 802 1410 836 eripiendum
1443 801 1536 829 fuerat
1565 810 1664 837 genus
1695 803 1818 829 hominum

1032 855 1078 881 per
1096 852 1211 874 mortem
1234 847 1329 881 ipsius,
1345 855 1427 882 quam
1450 847 1543 874 fuerat
1561 853 1700 882 ereptum
1718 855 1764 882 per
1783 849 1819 874 do-

1031 892 1145 919 ctrinam
1168 897 1195 920 et
1216 892 1360 919 mirabilia.
1378 891 1509 919 Traditus
1521 897 1568 920 est
1587 893 1671 920 enim
1695 894 1729 920 ad
1749 894 1819 921 cruor

1031 937 1179 971 figendum,
1195 942 1223 965 ut
1237 946 1340 965 exuens
1354 938 1524 973 principatus
1539 943 1569 965 et
1581 943 1753 973 potestates,
1765 939 1818 966 lida-

1031 984 1137 1012 cialiter
1151 984 1299 1019 triumphet
1313 992 1360 1012 eos
1374 985 1400 1011 in
1413 985 1499 1018 ligno.

1066 1029 1108 1056 76.
1132 1029 1204 1056 Tunc
1218 1029 1367 1064 congregati
1383 1034 1444 1056 sunt
1456 1030 1594 1064 principes
1607 1030 1788 1061 sacerdotum,
1800 1037 1818 1056 ct

1031 1073 1140 1107 Scribw,
1153 1080 1176 1101 et
1191 1075 1305 1101 seniores
1317 1074 1408 1109 populi
1424 1074 1452 1100 in
1467 1075 1570 1101 atrium
1592 1076 1733 1109 principis
1748 1083 1818 1101 accrr-

1029 1120 1121 1147 dotum
1134 1121 1179 1154 qui
1194 1120 1330 1147 dicebatur
1349 1120 1475 1154 Caiphas,
1492 1125 1517 1146 et
1531 1121 1690 1147 consilium
1705 1121 1817 1155 feceram,

1029 1171 1058 1194 ut
1070 1166 1161 1194 Jesum
1173 1167 1233 1193 dolo
1245 1171 1357 1193 tenentes
1377 1168 1538 1194 occiderent.
1560 1167 1704 1194 Dicebant
1727 1172 1818 1193 autem:

1032 1211 1092 1238 Non
1112 1213 1139 1238 in
1159 1212 1201 1238 die
1221 1212 1297 1246 festo,
1315 1218 1343 1239 ut
1360 1221 1390 1239 ne
1411 1213 1543 1240 tumultus
1562 1213 1618 1246 ﬁat
1646 1214 1676 1240 iu
1696 1214 1817 1247 populo“.

1029 1257 1108 1291 Quod
1125 1258 1194 1285 dixit
1203 1257 1337 1292 Propheta
1350 1256 1371 1273 ‘"
1387 1267 1393 1284 :
1409 1257 1444 1284 Et
1457 1259 1595 1292 principes
1611 1265 1787 1286 convenerant
1799 1260 1817 1285 ia

1029 1311 1110 1330 unum
1121 1303 1245 1330 adversus
1257 1302 1410 1335 Dominum,
1421 1308 1446 1329 et
1460 1303 1592 1330 adversus
1611 1303 1754 1331 Christus:
1763 1305 1817 1338 ciu.

1029 1353 1094 1377 tunc
1122 1349 1261 1384 impletum
1277 1349 1385 1376 videtur
1404 1357 1466 1376 cum
1488 1349 1639 1384 principes
1657 1350 1817 1377 sacerdowm

1028 1399 1056 1422 et
1069 1395 1192 1422 seniores
1210 1394 1302 1430 populi
1315 1395 1471 1430 congregati
1493 1399 1560 1421 sunt
1576 1395 1608 1421 in
1627 1395 1746 1422 domum
1760 1395 1818 1429 pria-

1028 1439 1098 1473 cipis
1121 1439 1294 1466 sacerdotum
1309 1439 1440 1466 adversus
1468 1438 1624 1466 Dominum
1649 1444 1680 1467 et
1703 1441 1818 1467 adversus

1028 1483 1169 1511 Christum
1184 1484 1255 1519 ejus.
1273 1483 1330 1511 Non
1344 1484 1402 1510 veri
1418 1484 1591 1517 sacerdotes,
1611 1485 1663 1512 sed
1689 1486 1788 1520 populi,
1800 1492 1818 1511 et

1030 1531 1151 1559 seniores
1167 1539 1222 1559 non
1242 1531 1374 1564 aliorum,
1392 1531 1438 1558 sed
1459 1531 1536 1558 illius
1547 1532 1596 1566 qui
1613 1532 1764 1559 videbatur
1782 1539 1818 1566 po—

1029 1578 1109 1614 pulus
1132 1577 1195 1611 Dei,
1221 1586 1283 1604 vere
1304 1583 1395 1605 autem
1422 1577 1542 1612 populus
1569 1583 1634 1605 erat
1659 1578 1817 1607 Gomorrbr.

1028 1624 1156 1658 quoniam
1170 1623 1315 1650 dixerunt:
1332 1622 1473 1657 Cruci/ige,
1496 1623 1631 1658 cruciﬁge
1651 1632 1715 1650 eam
1727 1624 1758 1656 δ’,
1781 1629 1816 1650 ει.

1030 1669 1102 1696 Tulle
1125 1669 1203 1696 talem
1222 1671 1254 1695 de
1275 1674 1345 1696 terra
1358 1668 1388 1695 “.
1405 1667 1437 1694 Et
1457 1668 1530 1703 quod
1550 1668 1669 1696 dixerat
1694 1670 1816 1696 lsaias‘“

1027 1715 1124 1742 Audite
1134 1715 1238 1742 verbum
1250 1714 1369 1746 Domini,
1382 1714 1513 1748 principes
1531 1713 1733 1746 Sodomorum,
1748 1720 1817 1741 atten-

1028 1761 1082 1787 dite
1093 1761 1173 1795 legem
1195 1759 1251 1790 Dei.
1274 1759 1345 1794 plebs
1363 1759 1529 1792 Gomorrhw,
1547 1761 1689 1787 convenit
1713 1761 1766 1788 illis
1787 1761 1817 1786 in-

1028 1806 1192 1833 sidiantibus
1208 1805 1309 1832 Judaeis
1324 1805 1370 1839 qui
1388 1804 1501 1832 fuerunt
1515 1805 1544 1831 in
1565 1807 1753 1840 generatione
1764 1812 1817 1833 tem-

1028 1852 1103 1886 poris
1119 1851 1231 1878 Christi.
1250 1850 1283 1878 Et
1295 1851 1368 1885 quod
1391 1850 1456 1877 dicit
1473 1849 1606 1877 Ezechiel
1623 1851 1645 1867 ⁸³
1664 1852 1701 1878 ad
1723 1851 1816 1879 Jerusa-

1028 1898 1101 1925 lem:
1129 1897 1284 1932 Justi/icata
1307 1902 1345 1924 est
1364 1898 1448 1933 magis
1474 1897 1596 1924 Sodoma
1620 1906 1656 1924 ea:
1679 1903 1720 1929 te,
1745 1898 1816 1931 maga

1028 1944 1154 1971 convenit
1168 1944 1220 1971 dici
1244 1944 1278 1971 ad
1302 1943 1453 1971 Jerusalem
1478 1950 1561 1977 super
1577 1951 1670 1978 quam
1700 1944 1815 1970 Dominus

1028 1989 1114 2022 ﬂevit,
1144 1997 1225 2024 quam
1257 1989 1291 2016 ad
1322 1994 1429 2023 tempus
1446 1988 1604 2023 prophetae.
1630 1988 1734 2024 Pejora
1757 1989 1813 2015 enim

1029 2035 1155 2062 Sodomis
1171 2040 1350 2069 peccaverunt
1373 2033 1510 2068 principes
1539 2034 1661 2068 populi,
1687 2035 1751 2069 quia
1772 2042 1812 2059 non

1028 2080 1207 2114 intelligentes
1234 2086 1372 2107 summum
1404 2078 1582 2105 Sacerdotem
1612 2079 1683 2112 Dei,
1710 2079 1812 2106 insidiati

1027 2131 1090 2153 sunt
1109 2126 1150 2157 ei;
1166 2130 1193 2152 et
1215 2117 1336 2152 seniores
1353 2124 1446 2158 populi
1471 2132 1525 2152 non
1550 2131 1758 2158 cognoscentes
1772 2125 1812 2158 tui

1027 2170 1193 2206 mogcnitum
1210 2170 1343 2196 universa:
1359 2173 1491 2196 creaturae
1503 2188 1511 2201 ,
1530 2174 1558 2195 et
1573 2169 1721 2196 seniorem
1741 2177 1811 2196 omni-

193 2218 282 2244 fuerat
304 2217 493 2251 prophetatum
511 2218 545 2244 ab
567 2225 609 2251 eo,
626 2218 736 2252 quando
753 2218 866 2245 traditus
885 2222 927 2245 est
947 2217 973 2244 in
992 2224 1012 2250 ι)
1027 2218 1078 2245 bus
1090 2216 1234 2248 creaturis,
1245 2214 1379 2242 consiliati
1395 2218 1460 2242 sunt
1471 2219 1568 2241 contra
1582 2215 1709 2242 eum.Et
1720 2219 1811 2249 propter

193 2265 282 2292 nocte,
304 2266 331 2287 et
350 2261 419 2288 dixit
430 2262 563 2289 osculanti
584 2269 614 2289 se
637 2261 731 2289 Iudae:
750 2263 850 2294 Amice,
868 2263 901 2289 ad
916 2262 978 2302 quid

194 2307 287 2335 renisti
300 2307 339 2334 "?
352 2306 380 2334 Si
393 2311 482 2334 autem
495 2312 555 2342 post
567 2308 678 2335 biduum
693 2307 795 2335 Pascha
811 2307 911 2335 factum
926 2314 978 2339 est,

194 2357 292 2388 quarta
312 2352 416 2379 decima
434 2352 509 2385 luna,
526 2352 699 2379 manifestum
719 2357 761 2379 est
783 2352 845 2387 quia
870 2353 979 2387 quando

193 2399 245 2428 ista
258 2398 374 2429 dicebat,
391 2398 540 2425 secundum
552 2398 661 2426 Judmos
674 2398 816 2425 undecima
832 2403 889 2425 erat
903 2399 977 2431 ltitia,

196 2445 306 2479 quando
325 2449 352 2471 et
376 2444 519 2478 parabolas
542 2445 711 2479 supradictas
725 2445 859 2478 exposuit.
879 2445 900 2470 A
921 2452 975 2478 quo

194 2494 284 2518 autem
303 2489 418 2518 traditus
438 2494 489 2522 est,
507 2489 551 2516 hie
571 2497 624 2516 non
639 2494 681 2516 est
698 2490 838 2524 scriptum.
855 2489 976 2523 Congre-

192 2535 271 2571 gabis
285 2539 373 2564 autem
388 2535 422 2561 de
447 2533 604 2569 Scripturis,
631 2534 759 2568 quoniam
776 2538 802 2560 et
828 2533 907 2561 Pater
921 2539 975 2561 tra-

193 2581 261 2609 tlidit
283 2587 356 2612 eum,
384 2579 533 2606 secundum
556 2578 627 2613 quod
653 2579 782 2613 scriptum
804 2584 845 2606 est
856 2579 900 2606 '9:
923 2579 976 2612 Qui

194 2626 271 2654 unico
290 2625 359 2652 Filio
378 2633 425 2652 suo
442 2633 490 2651 non
507 2624 630 2659 pepercit,
646 2625 691 2650 sed
705 2633 751 2658 pro
770 2624 842 2651 nobis
856 2626 975 2653 omnibus

194 2670 306 2697 tradidit
332 2669 419 2696 illum.
439 2669 593 2696 Secundum
616 2669 683 2695 alias
705 2673 795 2696 autem
820 2670 976 2704 Scripturas

193 2715 278 2744 ludas
297 2715 405 2744 tradidit
418 2715 503 2742 illum.
522 2713 574 2741 Sed
590 2718 617 2742 et
634 2715 749 2742 Satanas
763 2715 808 2750 qui
822 2716 931 2743 intravit
949 2717 974 2744 in

229 2815 250 2831 ³³
269 2814 362 2850 Matth.
375 2823 449 2847 xxu,
469 2815 495 2842 2.
535 2815 618 2850 f‘rlsa.
634 2823 690 2847 ut,
704 2816 730 2842 2.
769 2816 791 2831 ³⁷
808 2816 902 2844 Matth.
921 2826 992 2850 xxvi,
1012 2819 1038 2845 2.

192 2849 250 2877 F5.
289 2849 308 2867 “
323 2848 395 2877 Psal.
411 2858 438 2882 ιι,
455 2850 482 2876 2.
519 2849 542 2866 “
556 2849 621 2878 Luc.
637 2858 728 2891 xxnt,_
740 2851 784 2878 2|.
824 2852 846 2868 "
862 2852 925 2880 ibid-
947 2848 989 2881 18έ

1027 2262 1126 2289 atrium
1155 2265 1220 2296 puto
1247 2260 1312 2287 illud
1337 2259 1363 2286 in
1390 2267 1445 2294 quo
1469 2259 1618 2287 consilium
1644 2259 1770 2287 fecerunt
1790 2263 1810 2283 ut

1026 2306 1118 2334 Jesum
1130 2307 1192 2334 dolo
1208 2309 1341 2337 tenerent,
1359 2305 1480 2332 desolata
1498 2309 1540 2333 est
1551 2304 1726 2333 Jerusalem.
1738 2306 1809 2339 Opor-

1027 2353 1099 2380 tebat
1115 2352 1187 2379 enim
1199 2352 1254 2386 jam
1273 2359 1326 2378 non
1347 2358 1407 2377 esse
1434 2350 1571 2377 civitatem
1583 2369 1593 2382 ,
1616 2359 1684 2385 quae
1698 2351 1810 2378 adversas

1027 2399 1111 2425 totius
1128 2398 1221 2424 mundi
1249 2400 1343 2431 egerat
1360 2394 1534 2422 fundatorem
1547 2408 1554 2422 ;
1575 2403 1642 2430 quae
1674 2397 1750 2431 prius
1763 2396 1808 2429 qui~

1028 2445 1088 2472 dem
1107 2443 1244 2470 occiderat
1267 2441 1429 2476 prophetas,
1457 2441 1637 2475 postmodum
1662 2447 1751 2468 autem
1771 2440 1807 2465 Do-

1029 2490 1133 2517 minum
1151 2488 1356 2523 prophetarum.
1387 2487 1421 2513 Ut
1447 2487 1508 2513 dolo
1522 2495 1583 2513 eum
1609 2492 1738 2514 tenerent.
1760 2486 1806 2512 Ideo

1028 2535 1222 2563 convenienter
1245 2533 1278 2560 de
1302 2532 1342 2560 eis
1366 2532 1437 2559 dixit
1460 2531 1596 2566 Propheta
1608 2532 1653 2559 ηε
1686 2533 1805 2566 οἱςρςγέιι

1027 2580 1156 2606 Dominus
1178 2580 1299 2605 universa
1322 2578 1395 2605 labia
1420 2578 1525 2605 dolosa.
1557 2577 1628 2604 Dolo
1645 2584 1736 2605 autem
1757 2583 1802 2603 eum

1027 2629 1118 2652 tenere
1135 2629 1161 2651 et
1175 2624 1298 2650 occidere
1314 2623 1470 2655 voluerunt,
1485 2627 1514 2649 ttt
1534 2631 1568 2649 ne
1582 2624 1723 2650 tumultus
1735 2624 1773 2649 fiat
1783 2622 1801 2646 iu

1027 2672 1127 2706 populo
1145 2671 1191 2697 illo
1208 2670 1254 2704 qui
1275 2670 1358 2695 multa
1374 2669 1451 2703 signa
1474 2673 1501 2695 et
1517 2669 1646 2704 prodigia
1667 2669 1756 2696 Jesum
1776 2676 1802 2692 W-

1027 2717 1101 2744 dcrat
1119 2716 1274 2743 facientem.
1289 2714 1320 2742 Et
1338 2720 1481 2749 propterea
1497 2715 1575 2742 multi
1598 2716 1711 2751 quidem
1727 2723 1757 2742 ex
1773 2716 1800 2741 ω

1089 2818 1110 2834 ³⁸
1125 2818 1188 2845 ibid.
1208 2817 1251 2845 50.
1301 2817 1322 2832 ³⁹
1337 2816 1416 2844 Rom.
1436 2825 1495 2848 vm,
1509 2817 1554 2843 52.

1029 2853 1050 2869 ⁵⁵
1066 2861 1084 2885 l,
1104 2853 1144 2881 10.
1184 2853 1205 2869 ³⁵
1218 2861 1272 2886 λη,
1288 2852 1331 2880 52.
1370 2853 1393 2867 ⁸⁸
1407 2851 1481 2879 Psal.
1499 2859 1538 2885 xt,
1552 2852 1579 2881 ι.

1597 2818 1620 2833 ⁸⁸
1635 2818 1728 2846 Matth.
1746 2826 1796 2845 xxv.
