1879 3046
158 116 209 149 H7

694 110 856 142 οιιιθΕΝιβ
873 109 907 138 ΙΝ
926 107 1106 139 CANTICUM
1125 108 1261 141 CANTIC.

1735 108 1792 143 iis

154 177 213 210 {lem
224 183 281 202 ecce
292 184 319 202 es
330 175 473 209 speciosus,
484 174 568 202 cubile
579 178 700 200 nostrum
714 173 865 198 umbrosam
874 170 941 205 (61).
958 172 980 199 Λ
995 169 1074 202 bilis;
1091 170 1138 198 sed
1155 170 1199 198 ille
1212 171 1300 205 magis
1312 170 1358 205 qui
1375 179 1404 198 se
1420 170 1596 205 transfigurat
1614 169 1642 196 in
1658 169 1791 204 angelum

155 219 233 251 Nunc
257 221 375 256 primum
403 221 509 248 videtur
543 219 674 246 attentius
711 217 862 252 inspexisse
887 215 944 251 69

155 267 251 303 sponsi
273 267 316 294 sui
338 266 567 302 pulchritudinem
586 272 695 300 sponsa,
712 269 738 291 et
755 263 943 291 considerasse

155 311 211 340 illis
225 312 313 340 oculis
327 313 372 347 qui
389 313 521 340 columbae
537 319 597 340 esse
618 311 681 338 dicti
709 314 784 343 sunt,
809 309 891 336 decus
915 312 942 335 et

149 354 274 392 'speriem
301 357 381 385 Verbi
405 358 462 385 Dei.
488 358 557 392 Quia
583 365 677 386 revera
695 365 748 384 non
765 361 852 391 potest
866 355 942 390 prius

157 403 274 441 perspici
290 411 340 432 nec
353 404 463 439 agnosci
480 409 579 439 quanta
605 403 642 431 sit
664 403 691 430 in
712 402 800 430 Verbo
819 402 942 441 magniti-

156 451 255 480 centia.
278 450 330 478 nisi
347 451 424 485 prius
444 450 537 477 oculos
549 449 626 484 quasi
646 449 791 481 coluruba:,
806 448 833 476 id
848 452 889 475 est
900 440 942 474 in-

155 496 330 531 telligentiam
353 496 501 531 spiritalem
525 495 651 530 accipiat.
673 495 826 522 Commune
849 500 941 521 autem

154 541 244 569 cubile
256 543 307 570 sibi
323 542 395 577 quod
412 542 477 569 dicit
491 550 552 570 esse
563 550 626 570 cum
645 548 757 576 sponso,
773 548 873 574 corpus
888 539 941 567 hoc

155 588 222 615 mihi
242 587 348 616 videtur
370 588 485 615 indicari
507 589 616 620 animae,
640 588 668 615 in
683 594 738 622 quo
750 586 840 614 adhuc
853 586 941 621 posita

154 633 234 668 digna
255 633 345 660 habita
371 634 406 661 sit
431 634 528 662 ascisci
546 635 579 661 ad
601 634 768 662 consortium
784 633 864 660 Verbi
882 632 939 660 Dei.

153 677 234 713 idque
252 679 423 712 umbrosum,
440 684 533 714 utpote
548 688 603 707 non
619 679 737 712 aridum,
755 679 802 707 sed
819 678 941 706 fructuo-

151 730 212 751 sum
228 729 371 755 memorat,
385 728 413 755 et
425 729 555 758 tanquam
569 724 701 752 densitate
718 724 781 751 boni
795 724 884 759 operis
898 731 942 751 ne-

152 775 303 798 morosum.
322 768 375 796 Sed
398 769 456 796 hanc
478 777 578 804 sponsa
604 770 678 801 dicit,
701 770 793 797 anima
810 770 942 797 duntaxat

151 820 212 847 quin
228 813 364 840 columba:
377 814 432 848 jam
454 815 550 842 oculos
566 815 656 842 habet.
678 814 709 842 Hi
726 823 790 842 vero
810 815 855 850 qui
881 819 941 842 tan-

151 859 293 895 tummodo
315 859 431 888 credunt
457 867 570 894 sponso,
599 868 654 888 non
671 865 763 889 tamen
788 861 940 896 perspicere

152 908 301 945 potuerunt
314 905 341 931 in
360 903 450 933 Verbo
462 905 509 933 Dei
529 911 630 941 quanta
650 906 686 934 sit
699 906 883 941 pulchritudo,
899 906 941 934 di-

151 953 218 983 cunt
238 958 244 975 :
261 948 294 975 Et
310 949 423 976 vidimus
441 958 510 982 eum,
526 955 551 977 et
567 958 618 978 nou
635 950 747 978 habebat
761 952 883 984 speciem,
896 959 941 978 ne-

151 1002 202 1029 que
217 995 346 1028 decorem,
370 996 415 1023 sed
438 997 535 1030 species
553 997 611 1031 ejus
631 997 756 1024 indecora
775 1003 800 1027 et
816 998 940 1033 deﬁciens

152 1047 209 1074 pra
221 1040 285 1073 ﬁliis
298 1041 432 1073 hominum
443 1041 476 1068 ".
491 1041 557 1075 Quae
572 1047 662 1070 autem
682 1042 751 1071 bene
775 1043 890 1078 profecit
912 1049 940 1072 et

151 1092 328 1120 supergressa
344 1090 386 1113 est
400 1085 663 1118 adolescentularum
683 1092 710 1115 et
723 1089 859 1124 octoginta
873 1096 940 1116 con-

150 1132 323 1168 cubinarum.
348 1137 375 1159 et
398 1132 538 1167 sexaginta
563 1134 719 1169 reginarum
735 1135 870 1168 ordinem,
886 1135 940 1163 ista

151 1178 242 1204 anima
274 1182 361 1212 potest
386 1177 477 1206 dicere
498 1186 506 1206 :
531 1178 600 1210 Ecce
624 1188 651 1206 es
678 1180 788 1207 decorus
804 1181 938 1216 fraternus

149 1230 233 1260 meus,
251 1227 276 1249 et
289 1222 394 1257 quidem
405 1223 550 1260 speciosus.
575 1224 628 1251 Sed
642 1229 669 1252 et
682 1225 706 1253 si
726 1226 816 1254 adhuc
836 1227 863 1254 iu
877 1234 939 1254 cor-

148 1275 214 1303 pore
228 1268 334 1302 positus
352 1268 501 1304 intelligam
517 1269 682 1297 densitatem
696 1271 861 1306 spiritalium
877 1280 939 1299 sen-

148 1322 229 1342 suum
241 1320 268 1342 et
279 1315 484 1349 intelligentiam
503 1315 706 1351 Scripturarum
717 1319 871 1347 divinarum
883 1324 938 1347 tam

148 1363 244 1390 crebra
267 1362 401 1397 opacitate
421 1367 587 1397 eoutextam,
603 1369 633 1391 ut
648 1365 768 1400 rapidior
781 1371 875 1400 aestus,
891 1367 938 1402 qui

148 1408 250 1445 multos
272 1408 341 1435 solet
361 1408 476 1436 adurere
498 1413 525 1436 et
544 1409 683 1438 arefacere
700 1410 806 1440 fructus
829 1421 937 1448 eorum,

149 1461 192 1487 me
208 1458 298 1481 tamen
315 1454 458 1483 tenebrare
470 1462 525 1484 non
541 1456 640 1490 possit,
658 1464 709 1484 nec
725 1458 777 1485 ulla
789 1458 830 1486 \‘is
848 1463 938 1487 tenta-

150 1498 253 1528 tionum
265 1497 326 1526 ﬁdei
341 1498 368 1526 in
385 1506 428 1526 uie
441 1507 550 1534 germen
575 1500 722 1535 arefacere,
746 1506 811 1530 tunc
825 1510 936 1537 possum

148 1543 240 1574 dicere
272 1544 334 1579 quia
357 1544 448 1573 cubile
469 1549 592 1576 nostrum
610 1546 780 1575 umbrosum.
796 1547 874 1581 Quod
889 1556 939 1576 au-

148 1593 203 1629 tem
228 1589 295 1617 dicit
320 1589 410 1618 cubile
432 1595 567 1624 nostrum,
591 1592 670 1626 quasi
692 1599 866 1621 communem
885 1595 937 1623 sibi

148 1642 212 1665 cum
226 1642 328 1669 sponso
342 1634 466 1670 corporis
488 1635 532 1663 sui
547 1635 672 1664 indicans
695 1646 756 1666 esse
779 1639 881 1673 locum,
904 1640 939 1668 ad

148 1680 223 1721 illam
237 1681 442 1708 similitudinem
459 1681 561 1720 dictant
576 1682 705 1718 intellige,
725 1693 778 1719 qua
794 1690 821 1712 et
837 1685 938 1714 Paulus

148 1726 247 1760 dixit‘,
268 1727 332 1762 quia
353 1734 468 1760 corpora
484 1732 578 1755 nostra
598 1729 718 1756 membra
739 1730 841 1759 Christi
862 1736 937 1759 sunt.

147 1772 216 1799 Cum
237 1773 311 1800 enim
334 1772 401 1801 dicit
423 1781 537 1809 corpora
554 1778 657 1806 nostra,
683 1776 759 1810 quasi
785 1783 893 1811 sponsa:
911 1778 937 1805 id

147 1826 209 1845 esse
237 1825 337 1853 corpus
361 1819 491 1852 ostendit.
520 1819 587 1847 Cum
610 1827 676 1856 vero
695 1822 816 1854 membra
835 1821 937 1851 Christi

147 1869 293 1905 memorat,
309 1865 403 1892 eadem
420 1872 535 1901 corpora
553 1866 636 1895 etiam
652 1868 744 1902 sponsi
764 1876 824 1896 esse
837 1876 938 1904 corpus

148 1910 260 1938 indicat.
280 1910 343 1946 Haec
355 1918 420 1947 ergo
436 1919 551 1950 corpora
568 1913 590 1940 si
607 1913 735 1941 umbrosa
750 1919 824 1950 sunt,
843 1920 873 1942 ut
888 1923 936 1944 su-

146 1957 238 1991 perius
252 1957 384 1991 diximus,
401 1957 482 1986 bonis
500 1958 632 1996 duntaxat
652 1960 782 1994 operibus
798 1961 895 1990 referta
911 1967 937 1989 ct

147 2002 309 2036 spiritalium
326 2010 457 2030 sensuum
475 2003 610 2031 densitate
628 2005 776 2041 cumulata,
790 2006 823 2033 de
840 2007 882 2035 his
897 2013 937 2034 ta-

146 2046 218 2075 libus
232 2048 286 2075 dici
303 2053 412 2083 potest:
432 2048 486 2076 Per
505 2049 574 2075 diem
591 2051 630 2082 sol
653 2058 705 2085 non
725 2056 783 2078 uret
805 2057 838 2084 te,
856 2061 937 2088 neque

146 2093 212 2120 luna
228 2102 273 2128 per
290 2096 424 2122 noctem”.
447 2094 556 2125 Justum
579 2103 698 2130 namque
718 2097 875 2126 tentationis
895 2099 937 2129 sol

147 2146 201 2172 non
223 2139 314 2166 adurit
337 2140 552 2178 requiescentem
575 2141 627 2169 sub
649 2142 746 2170 umbra
771 2142 852 2171 Verbi
877 2143 935 2172 Del.

951 1529 974 1560 C

995 217 1074 245 lucis.
1100 217 1191 244 Bonus
1206 225 1271 252 ergo
1285 222 1312 244 et
1331 217 1448 244 decorus
1467 216 1567 244 dicitur
1585 215 1746 247 fraternus;
1763 218 1792 241 et

993 267 1096 296 quanto
1113 263 1200 296 magis
1230 261 1327 296 inspici
1350 261 1470 297 potuerit
1491 261 1579 289 oculis
1600 260 1790 295 spiritalibus,

994 313 1069 336 tanto
1085 308 1232 342 speciosior
1259 308 1395 335 invenitur
1421 312 1448 335 et
1466 307 1620 343 pulchrior;
1639 306 1706 342 quia
1729 313 1789 333 non

993 355 1082 383 solum
1102 355 1175 382 illius
1190 355 1295 390 species
1311 359 1338 382 ct
1354 354 1527 389 pulchritudo
1546 353 1684 380 mirabilis
1701 359 1791 386 appa-

993 401 1073 434 rebit,
1088 409 1181 428 verum
1197 404 1224 428 et
1234 399 1389 436 inspicienti
1400 404 1481 435 atque
1493 399 1608 427 intuenti
1623 406 1689 426 eum
1700 398 1791 425 decus

993 447 1089 483 ingens
1104 451 1132 474 et
1148 447 1253 481 species
1274 446 1369 473 formae
1383 453 1453 474 nova
1467 453 1500 473 ac
1516 445 1650 472 mirabilis
1666 444 1789 477 orietur,

992 493 1141 521 secundum
1159 492 1225 520 illud
1243 492 1316 527 quod
1331 491 1478 526 Apostolus
1496 490 1577 518 Verbi
1604 489 1652 517 Dei
1672 490 1792 518 intuens

993 538 1222 574 pulchritudinem
1236 538 1301 565 dicit
1311 547 1317 567 :
1329 537 1400 564 Nam
1413 537 1462 564 etsi
1480 538 1503 564 is
1513 537 1558 572 qui
1574 537 1640 571 foris
1653 540 1693 563 est
1707 536 1791 562 liomo

991 589 1081 613 uoster
1094 584 1284 619 corrumpitur,
1302 583 1347 611 sed
1369 583 1415 618 qui
1434 583 1506 610 intus
1528 587 1567 609 est
1590 586 1735 608 renovatur
1756 580 1792 608 de

991 631 1035 657 die
1047 630 1074 657 in
1088 630 1157 657 diem
1166 629 1186 657 ³.
1202 628 1299 656 Merito
1311 636 1375 664 ergo
1387 627 1449 655 talis
1462 627 1519 654 hate
1528 626 1620 653 anima
1633 632 1791 653 commune

991 675 1072 704 habet
1082 675 1170 703 cubile
1181 682 1242 702 cum
1256 674 1344 702 Verbo
1357 680 1456 708 corpus
1469 680 1558 700 suum.
1570 671 1699 699 Pervenit
1710 671 1790 698 enim

991 721 1083 748 divina
1100 721 1187 748 virtus
1202 727 1287 755 usque
1302 720 1335 747 ad
1349 719 1473 754 corporis
1486 718 1612 753 gratiam,
1626 724 1691 744 eum
1705 718 1734 743 in
1755 724 1791 743 eo

991 769 1035 796 vel
1053 768 1187 795 castitatis
1207 767 1321 800 donum,
1341 766 1382 793 vel
1400 765 1584 798 continentiae,
1610 765 1792 798 aliorumque

992 814 1126 841 bonorum
1145 821 1258 848 operum
1274 812 1390 840 collocat
1402 811 1526 847 gratiam.
1542 810 1691 838 Considera
1706 817 1789 841 sane,

991 868 1025 888 ne
1038 860 1108 887 forte
1126 860 1213 895 possit
1230 859 1311 887 etiam
1332 859 1397 887 illud
1415 865 1514 893 corpus
1533 856 1607 892 quod
1631 857 1791 890 assumpsit

991 907 1069 935 Jesus
1096 913 1242 935 commune
1268 905 1292 933 ei
1312 913 1373 932 cum
1398 911 1498 939 sponsa
1521 903 1611 931 cubile
1633 902 1788 934 nominari,

990 954 1120 990 quoniam
1134 953 1244 988 quidem
1257 953 1364 980 videtur
1375 958 1422 986 per
1434 952 1522 985 ipsum
1537 948 1659 976 Ecclesia
1671 948 1791 975 Christo

990 1008 1052 1028 esse
1066 999 1182 1032 sociata,
1197 1003 1225 1026 et
1237 998 1408 1034 participium
1431 996 1513 1024 Verbi
1539 995 1583 1023 Dei
1610 1003 1709 1030 capere
1736 1002 1790 1029 po-

990 1046 1086 1078 tuisse,
1111 1045 1262 1073 secundum
1290 1044 1363 1079 quod
1382 1044 1515 1071 mediator
1533 1042 1578 1070 Dei
1593 1047 1622 1069 et
1636 1042 1787 1069 hominum

989 1091 1100 1123 dicitur,
1117 1095 1145 1119 et
1167 1090 1317 1119 secundum
1343 1089 1415 1125 quod
1440 1089 1587 1124 ApOstolus
1602 1088 1670 1114 dicit
1686 1097 1692 1114 :
1710 1087 1789 1119 Quo-

990 1138 1063 1164 niam
1076 1138 1103 1164 in
1114 1138 1171 1172 ipso
1183 1137 1307 1164 habemus
1323 1144 1457 1164 accessum
1471 1143 1516 1170 per
1531 1134 1608 1169 [idem
1622 1134 1649 1160 in
1665 1141 1710 1168 spe
1726 1133 1787 1168 glo-

989 1184 1039 1212 rite
1054 1183 1102 1210 Dei
1115 1183 1136 1211 ‘.

1030 1229 1106 1256 Ver-s.
1120 1228 1164 1255 l7.
1179 1227 1263 1263 Tigna
1280 1228 1418 1255 domorum
1434 1232 1585 1254 nostrarum
1598 1225 1681 1256 cedri,
1696 1225 1786 1252 trabes

990 1282 1088 1304 nostra:
1112 1276 1240 1311 cypressi.
1260 1274 1373 1302 Videtur
1393 1274 1427 1301 ab
1446 1280 1547 1308 sponso
1568 1271 1728 1306 responderi
1749 1270 1785 1297 ad

991 1323 1107 1358 gratiam
1124 1329 1220 1349 eorum
1238 1328 1300 1356 qua:
1314 1320 1386 1348 dicta
1399 1319 1509 1347 fuerunt
1522 1318 1598 1354 prius
1615 1317 1649 1344 ab
1667 1323 1784 1352 sponsa.

990 1369 1090 1406 quibus
1102 1368 1214 1396 edoceat
1229 1374 1289 1394 eam
1308 1365 1461 1401 cuiusmodi
1479 1365 1533 1392 sint
1550 1367 1619 1392 tecta
1638 1363 1690 1390 ista
1704 1369 1785 1389 com-

990 1415 1094 1447 munia,
1109 1419 1137 1442 et
1153 1413 1242 1449 qualis
1261 1414 1289 1440 in
1313 1412 1353 1440 eis
1373 1411 1487 1439 materia
1501 1409 1714 1445 contignationis
1733 1408 1784 1434 hao

989 1461 1095 1489 beatur.
1107 1459 1170 1488 llaec
1183 1459 1263 1487 habet
1275 1459 1406 1486 historica
1419 1457 1548 1484 narratio.
1564 1456 1675 1484 Videtur
1688 1460 1782 1482 autem

990 1507 1113 1536 Ecclesia
1128 1506 1244 1534 describi
1260 1513 1274 1532 a
1290 1504 1410 1537 Christo,
1430 1511 1490 1538 qua:
1507 1508 1549 1530 est
1561 1503 1659 1530 domus
1670 1501 1783 1536 spirita-

989 1554 1034 1587 lis,
1056 1558 1083 1581 et
1110 1553 1210 1580 domus
1234 1551 1293 1583 Dei,
1317 1551 1388 1578 sicut
1403 1550 1482 1577 docet
1498 1549 1600 1576 Paulus
1613 1548 1708 1576 dicens
1725 1557 1732 1574 ι
1751 1546 1783 1575 Si

989 1603 1076 1626 autem
1093 1598 1195 1625 tardius
1211 1605 1313 1628 venero,
1329 1600 1357 1622 ut
1377 1595 1446 1623 scias
1462 1594 1591 1630 quomodo
1616 1598 1639 1620 te
1662 1598 1783 1628 oporteat

989 1645 1017 1671 in
1040 1643 1118 1670 domo
1146 1642 1191 1669 Dei
1207 1641 1366 1672 conversari,
1383 1648 1442 1676 qum
1453 1644 1492 1666 est
1515 1638 1634 1665 Ecclesia
1651 1637 1699 1664 Dei
1718 1637 1782 1668 vici,

989 1689 1112 1717 columna
1126 1693 1149 1716 et
1165 1689 1360 1723 ﬁrmamentum
1371 1685 1490 1713 ueritatis
1498 1685 1519 1711 '.
1540 1683 1567 1711 Si
1579 1691 1644 1719 ergo
1655 1683 1782 1711 Ecclesia
1795 1678 1798 1679 ν

989 1735 1088 1763 domus
1105 1735 1152 1762 Dei
1166 1739 1218 1766 est,
1239 1733 1303 1768 quia
1324 1731 1415 1759 omnia
1430 1739 1491 1766 qua:
1510 1731 1591 1758 habet
1606 1729 1698 1763 Pater,
1718 1728 1781 1756 Filii

990 1788 1063 1814 sunt,
1082 1780 1203 1809 Ecclesia
1221 1779 1318 1806 domus
1335 1777 1397 1804 Filii
1413 1777 1460 1804 Dei
1477 1781 1528 1804 est.
1545 1775 1715 1810 Frequenter
1731 1782 1782 1802 au-

990 1834 1043 1856 tem
1056 1832 1083 1854 et
1100 1827 1197 1862 plurali
1216 1831 1330 1852 numero
1344 1823 1513 1858 appellantur
1528 1821 1667 1854 Ecclesiae,
1687 1825 1718 1848 ut
1734 1821 1782 1848 ubi

988 1873 1027 1902 ait
1040 1882 1048 1899 :
1061 1871 1118 1899 Nos
1141 1871 1221 1898 talem
1240 1868 1454 1896 consuetudinem
1477 1875 1527 1894 non
1548 1867 1684 1898 habemus,
1699 1873 1783 1900 neque

988 1918 1116 1945 Ecclesia:
1138 1916 1185 1943 Dei
1198 1917 1220 1941 °.
1242 1914 1275 1942 Et
1290 1915 1398 1946 iterum,
1413 1912 1507 1941 scribit
1520 1912 1649 1939 Ecclesiis
1666 1912 1783 1939 Galatiae

988 1964 1099 1996 Paulus,
1124 1967 1150 1990 et
1165 1961 1284 1989 Joannes
1301 1965 1404 1995 septem
1427 1959 1558 1987 Ecelesiis
1569 1959 1590 1986 ’.
1619 1957 1690 1985 Sunt
1714 1966 1781 1993 ergo

988 2011 1045 2038 sive
1059 2008 1179 2038 Ecolesia
1194 2008 1236 2034 vel
1249 2006 1388 2038 Ecclesiae,
1400 2006 1499 2033 domus
1514 2004 1606 2039 sponsi
1620 2009 1647 2031 et
1659 2011 1780 2039 sponsze,

988 2057 1046 2086 sive
1067 2055 1165 2083 animre
1187 2058 1215 2081 et.
1240 2052 1322 2079 Verbi
1342 2052 1449 2084 domus,
1467 2051 1494 2078 in
1510 2050 1610 2085 quibus
1626 2050 1700 2084 tigna
1715 2054 1784 2077 sunt

988 2101 1108 2130 cedrina.
1122 2099 1251 2134 Legimus
1265 2098 1346 2125 etiam
1360 2096 1491 2132 quasdam
1510 2095 1606 2124 cedi-os
1622 2094 1680 2128 Dei,
1695 2102 1782 2129 super

988 2155 1058 2182 quas
1073 2146 1151 2173 vinea
1166 2152 1227 2179 qua:
1243 2144 1374 2172 translata
1386 2143 1470 2171 estde
1480 2141 1608 2177 Algypto,
1621 2141 1782 2168 extendisse

148 2187 202 2214 Ῐδιθ
220 2187 292 2214 enim
316 2187 357 2215 50'
380 2187 427 2222 qui
450 2187 540 2216 adurit
553 2188 669 2222 Ῑυειυιιι,
691 2195 745 2217 non
764 2193 807 2215 est
822 2189 936 2217 damua-
954 2194 976 2221 D
989 2193 1088 2222 dicitur
1104 2190 1241 2221 traduces,
1256 2189 1313 2216 sive
1328 2188 1440 2216 arbusta
1457 2194 1516 2219 sua,
1530 2186 1601 2213 sicut
1613 2185 1651 2212 ait
1662 2185 1688 2212 in
1702 2184 1783 2213 Psalv

182 2259 204 2274 θ’
217 2257 269 2286 lsa.
282 2266 341 2290 Lm,
360 2258 389 2289 2,
409 2258 436 2285 5.
479 2258 486 2273 ¹
506 2257 589 2285 lCor.
605 2257 697 2290 v1.15.

147 2293 180 2319 εΙ
198 2293 263 2320 Cor.
288 2300 326 2327 χι,
343 2292 385 2330 l6.
434 2293 444 2309 ⁷
458 2292 542 2337 Apoe.
559 2301 577 2326 ι,
590 2292 635 2326 20.
683 2292 685 2295 '

183 2361 239 2402 ςσι)
259 2362 393 2402 Aduhune
408 2362 498 2394 locant
511 2361 621 2402 .refero_
634 2361 728 2391 Graeca
742 2363 888 2402 ‘Procopii
900 2374 933 2395 ex

145 2396 262 2437 Origene
276 2396 355 2437 :l‘iiv‘
377 2396 448 2437 Eotxs
465 2397 598 2437 τερᾴτερον
613 2396 934 2437 ᾔνεωρακεξνᾳιμτρέινότε-

146 2441 193 2468 ρον
207 2432 441 2475 ’τῷ-τοῦΙνιέμῖίοε
454 2432 547 2475 ξᾴλὶεει
590 2432 693 2475 mitiga,
708 2432 935 2475 protegam;-

146 2466 279 2507 ῥιξτερῶν
292 2466 375 2512 aii-ﬁ;
387 2466 534 2527 ὀςξθᾳλιίὦν
545 2466 687 2510 αι’σθέῖπθᾳὶ
698 2468 745 2504 τῆς
755 2469 831 2512 ἐνιτῷ
841 2471 935 2503 κάλλει

145 2511 193 2528 του
208 2501 288 2535 λόγου
304 2510 450 2537 υπεροχης.
495 2502 548 2537 άχα
565 2502 594 2529 δὲ
613 2502 706 2537 κλίνην
722 2511 814 2537 κοινην
835 2506 934 2537 ἑαυτῆς

147 2512 193 2544 τωρ
209 2512 288 2542 Αοχου
304 2512 450 2564 υπεροχηὲ.
473 2512 548 2542 ialm
565 2512 594 2529 οε
613 2512 706 2538 κΛινην
722 2512 814 2549 κοινῃν
835 2512 934 2542 εαυτης

147 2545 253 2574 narro-9
272 2537 388 2574 vupeloo
405 2545 426 2572 τ
444 2545 542 2574 ᾲσωμα-
551 2538 708 2574 ululata-tat,
730 2540 758 2566 ὲν
775 2549 798 2574 ῳ
812 2539 851 2568 ἔτι
867 2539 934 2568 οὖσα

145 2571 162 2611 ᾑ
181 2571 257 2633 fluxa
279 2571 402 2612 ᾲξιοῦται
425 2571 543 2615 τῆςλτοῦ
563 2573 653 2616 Λόγοξ
676 2571 826 2607 κδινωνίᾶς.
849 2576 932 2616 Λέγεέ

145 2614 211 2643 γουν
259 2607 356 2643 ᾳυλος⁴
389 2606 427 2643 Id
449 2615 572 2643 σῳμαζα
594 2616 677 2641 υμων
699 2609 778 2643 μέλη
803 2611 932 2643 Χριστου

147 2642 220 2667 ἐστι.
237 2642 285 2667 Διὰ
299 2643 334 2676 γὰ

147 2675 236 2710 σῶμα’
256 2677 300 2703 διὰ
319 2651 353 2704 δῖ

146 2718 226 2751 anteit.
237 2710 265 2737 δέ
278 2719 342 2751 φηςι
356 2711 400 2751 ξὺν
417 2710 532 2751 ιὶιξμςρὶον
545 2712 655 2751 διὰρὴν
668 2710 822 2751 «oliuo-inira
834 2714 888 2741 τῶν
904 2716 933 2751 ἐγ

145 2745 269 2788 λέγει
282 2745 328 2788 καὶ
339 2745 465 2788 Titani?
476 2745 671 2788 θειρρπειᾲτών·
688 2747 750 2788 Ἔριν
764 2745 820 2788 ei
830 2750 846 2783 ἡ
856 2749 933 2788 eum

146 2779 223 2815 ξιλίνη
241 2779 342 2821 ᾁμφοῖν
357 2779 573 2821 ἑφθαλῆςκοιξσόξίἱ
590 2783 746 2821 ραυιέαστὺν
754 2779 934 2821 -θειᾶςίδυιίάξ

149 2823 221 2856 pro);
244 2815 431 2851 διικνουμένης
450 2816 495 2841 καὶ
518 2817 561 2842 ἐπὶ
582 2817 611 2843 τὸ
630 2815 708 2851 σῶμα
729 2818 878 2855 adqui/etv
892 2818 935 2846 διὰ

369 2641 417 2682 τος)
432 2640 508 2682 Otacili;
524 2642 572 2682 ςῇς
587 2640 785 2682 νῦμδφηςξεῐνάι
808 2640 933 2682 λέγειᾉτδ

365 2677 412 2714 τοῦ
426 2677 505 2714 μέλη
522 2677 650 2714 Χριᾳτρῦ
667 2677 714 2706 τοῦ
730 2677 856 2714 νυμφίον’.
881 2680 932 2706 Σύ-

747 2259 756 2273 ¹
768 2257 840 2297 Psal.
855 2269 929 2296 cxxt,

1046 2263 1065 2292 ll
1080 2263 1144 2299 Cor.
1158 2270 1196 2294 tv,
1210 2261 1251 2288 t6.
1295 2262 1306 2276 ⁸
1322 2260 1402 2294 Boni.
1422 2268 1448 2292 ν.
1461 2261 1489 2289 2.
1528 2259 1538 2274 ¹⁵
1555 2258 1564 2288 l
1581 2257 1652 2286 Tim.
1674 2265 1717 2289 ιιι,
1733 2257 1779 2286 15.

985 2366 1030 2396 τοῦ
1048 2365 1171 2401 σώματος
1187 2364 1285 2401 πρᾶξιν
1306 2364 1409 2401 ἀγαθὴν
1432 2363 1588 2401 δηλοῦσθαι.
1616 2363 1696 2401 Nune
1717 2365 1779 2400 pri.

986 2409 1058 2440 mum
1077 2399 1181 2440 uidetur
1196 2399 1291 2434 sponsa
1313 2400 1413 2440 clarius
1437 2399 1582 2440 inspexisse
1602 2399 1693 2440 sponsi
1716 2401 1780 2432 pul-

986 2436 1173 2468 chritudinem,
1185 2440 1263 2470 atque
1277 2435 1333 2461 suis
1350 2434 1532 2470 columbarum
1549 2434 1631 2461 oculis
1647 2434 1705 2467 ejus
1715 2443 1781 2470 qua

985 2470 1013 2498 in
1036 2469 1230 2506 pulchritudine
1250 2475 1288 2496 est
1307 2469 1467 2496 excellentiae
1481 2469 1550 2506 verbi
1565 2476 1671 2506 sensum
1685 2477 1780 2503 perce-

985 2503 1063 2542 pisse.
1078 2503 1223 2542 fortassis
1239 2513 1397 2542 rerousnum
1413 2504 1550 2542 (responsi
1577 2503 1778 2542 cubile_corpus

987 2538 1147 2572 iubindicat,
1163 2540 1190 2566 in
1205 2548 1255 2574 quo
1273 2539 1358 2574 adhuc
1373 2539 1459 2573 agenti
1475 2539 1573 2566 anima:
1595 2538 1672 2565 Verbi
1699 2548 1777 2565 cont-

986 2575 1129 2603 municatio
1142 2576 1300 2608 impcrtitur.
1317 2575 1388 2602 Dicit
1402 2575 1483 2609 igitur
1496 2574 1598 2602 Paulus
1610 2581 1620 2601 :
1635 2583 1643 2599 ι
1654 2574 1778 2608 Corpora

985 2616 1071 2638 vestra
1082 2610 1198 2637 membra
1209 2609 1309 2640 Christi
1323 2614 1395 2636 sunt.
1408 2619 1416 2634 ι
1431 2608 1496 2636 Cum
1510 2614 1599 2636 autem
1611 2609 1648 2636 ait
1657 2617 1665 2636 :
1675 2619 1684 2635 ι
1694 2617 1779 2636 mem-

986 2646 1033 2672 bra
1047 2645 1155 2677 Christi,
1177 2654 1185 2669 ι
1201 2645 1316 2672 membra
1331 2645 1418 2679 sponsi
1437 2645 1512 2671 dicit.
1541 2644 1697 2671 Umbrosum
1713 2652 1777 2674 vero

986 2679 1100 2714 appellat
1116 2688 1239 2713 sponsum
1256 2679 1286 2705 ob
1302 2678 1507 2706 condensitatem
1523 2687 1647 2706 sensuum
1661 2679 1707 2714 qui
1717 2687 1778 2706 uer-

987 2716 1018 2741 bo
1029 2719 1053 2741 et
1070 2715 1207 2747 sapientia
1228 2714 1325 2740 insunt.
1352 2714 1428 2746 Quod
1441 2714 1463 2741 si
1479 2714 1605 2741 ambobus
1627 2715 1778 2745 communis

987 2749 1096 2776 lectulus
1121 2748 1243 2783 ﬂoridus.
1261 2749 1326 2776 nihil
1349 2748 1456 2781 mirum,
1477 2750 1567 2775 divum
1580 2750 1675 2775 virtute
1692 2750 1777 2776 etiam

988 2785 1022 2810 ml
1037 2792 1130 2817 corpus
1144 2783 1307 2816 pra-radente,
1324 2792 1424 2810 omnem
1434 2791 1493 2818 qua:
1506 2791 1552 2818 per
1563 2792 1656 2818 corpus
1669 2791 1776 2810 exerce-

989 2824 1031 2845 tur
1047 2819 1221 2854 operutioucm
1240 2817 1333 2845 bonum
1350 2817 1475 2849 exhiberi.
