  <div class='ocr_page' id='page_1' title='image "/cluster/home/n/w/nwhite01/storage/ocr_20150623/13/njp.32101077772430/1050.png"; bbox 0 0 1839 3053; ppageno 0'>
   <div class='ocr_carea' id='block_1_1' title="bbox 23 144 82 171">
    <p class='ocr_par' dir='ltr' id='par_1_1' title="bbox 23 144 82 171">
     <span class='ocr_line' id='line_1_1' title="bbox 23 144 82 171; baseline -0.017 0"><span class='ocrx_word' id='word_1_1' title='bbox 23 144 82 171; x_wconf 68' lang='grc'><strong>1721</strong></span> 
     </span>
    </p>
   </div>
   <div class='ocr_carea' id='block_1_2' title="bbox 580 138 1062 167">
    <p class='ocr_par' dir='ltr' id='par_1_2' title="bbox 580 138 1062 167">
     <span class='ocr_line' id='line_1_2' title="bbox 580 138 1062 167; baseline 0 -1"><span class='ocrx_word' id='word_1_2' title='bbox 580 138 907 167; x_wconf 73' lang='lat' dir='ltr'><strong>COMMENTARIORUM</strong></span> <span class='ocrx_word' id='word_1_3' title='bbox 929 139 1062 167; x_wconf 80' lang='lat' dir='ltr'><strong>SERIES.</strong></span> 
     </span>
    </p>
   </div>
   <div class='ocr_carea' id='block_1_3' title="bbox 1567 142 1636 169">
    <p class='ocr_par' dir='ltr' id='par_1_3' title="bbox 1567 142 1636 169">
     <span class='ocr_line' id='line_1_3' title="bbox 1567 142 1636 169; baseline 0.014 -1"><span class='ocrx_word' id='word_1_4' title='bbox 1567 142 1636 169; x_wconf 73' lang='lat'><strong>1722</strong></span> 
     </span>
    </p>
   </div>
   <div class='ocr_carea' id='block_1_4' title="bbox 22 199 1637 239">
    <p class='ocr_par' dir='ltr' id='par_1_4' title="bbox 22 199 1637 239">
     <span class='ocr_line' id='line_1_4' title="bbox 22 199 1637 239; baseline -0.001 -9"><span class='ocrx_word' id='word_1_5' title='bbox 22 207 93 230; x_wconf 81' lang='lat' dir='ltr'><strong>erant</strong></span> <span class='ocrx_word' id='word_1_6' title='bbox 106 209 155 239; x_wconf 89' lang='lat' dir='ltr'><strong>pro</strong></span> <span class='ocrx_word' id='word_1_7' title='bbox 169 209 214 235; x_wconf 92' lang='lat' dir='ltr'><strong>eo,</strong></span> <span class='ocrx_word' id='word_1_8' title='bbox 229 201 275 236; x_wconf 88' lang='lat' dir='ltr'><strong>qui</strong></span> <span class='ocrx_word' id='word_1_9' title='bbox 292 200 361 228; x_wconf 82' lang='lat' dir='ltr'><strong>forte</strong></span> <span class='ocrx_word' id='word_1_10' title='bbox 378 201 514 234; x_wconf 83' lang='lat' dir='ltr'><strong>dixerant,</strong></span> <span class='ocrx_word' id='word_1_11' title='bbox 528 200 592 235; x_wconf 89' lang='lat' dir='ltr'><strong>quia</strong></span> <span class='ocrx_word' id='word_1_12' title='bbox 610 208 721 235; x_wconf 79' lang='lat' dir='ltr'><strong>magnus</strong></span> <span class='ocrx_word' id='word_1_13' title='bbox 735 208 797 234; x_wconf 87' lang='lat' dir='ltr'><strong>pro-</strong></span> <span class='ocrx_word' id='word_1_14' title='bbox 814 202 835 230; x_wconf 78' lang='grc' dir='ltr'>Α</span> <span class='ocrx_word' id='word_1_15' title='bbox 849 200 1033 235; x_wconf 60' lang='lat' dir='ltr'><strong>evangelista.</strong></span> <span class='ocrx_word' id='word_1_16' title='bbox 1048 207 1110 227; x_wconf 92' lang='lat' dir='ltr'><strong>cum</strong></span> <span class='ocrx_word' id='word_1_17' title='bbox 1130 204 1222 227; x_wconf 87' lang='lat' dir='ltr'><strong>essent</strong></span> <span class='ocrx_word' id='word_1_18' title='bbox 1237 199 1419 227; x_wconf 73' lang='lat' dir='ltr'><strong>consummati</strong></span> <span class='ocrx_word' id='word_1_19' title='bbox 1440 200 1467 227; x_wconf 95' lang='lat' dir='ltr'><strong>in</strong></span> <span class='ocrx_word' id='word_1_20' title='bbox 1482 200 1577 228; x_wconf 90' lang='lat' dir='ltr'><strong>eodem</strong></span> <span class='ocrx_word' id='word_1_21' title='bbox 1595 201 1637 228; x_wconf 90' lang='lat' dir='ltr'><strong>in-</strong></span> 
     </span>
    </p>
   </div>
   <div class='ocr_carea' id='block_1_5' title="bbox 22 244 799 281">
    <p class='ocr_par' dir='ltr' id='par_1_5' title="bbox 22 244 799 281">
     <span class='ocr_line' id='line_1_5' title="bbox 22 244 799 281; baseline -0.005 -7"><span class='ocrx_word' id='word_1_22' title='bbox 22 249 91 281; x_wconf 71' lang='lat' dir='ltr'><strong>plicta</strong></span> <span class='ocrx_word' id='word_1_23' title='bbox 103 247 218 274; x_wconf 70' lang='lat' dir='ltr'><strong>surrexit</strong></span> <span class='ocrx_word' id='word_1_24' title='bbox 238 246 264 272; x_wconf 87' lang='lat' dir='ltr'><strong>in</strong></span> <span class='ocrx_word' id='word_1_25' title='bbox 282 245 367 273; x_wconf 74' lang='lat' dir='ltr'><strong>Israel</strong></span> <span class='ocrx_word' id='word_1_26' title='bbox 379 246 411 272; x_wconf 82' lang='grc'><strong>⁵⁷.</strong></span> <span class='ocrx_word' id='word_1_27' title='bbox 428 244 491 277; x_wconf 60' lang='grc' dir='ltr'><strong>Ἇιὶὶ</strong></span> <span class='ocrx_word' id='word_1_28' title='bbox 501 248 593 272; x_wconf 87' lang='lat' dir='ltr'><strong>autem</strong></span> <span class='ocrx_word' id='word_1_29' title='bbox 611 249 690 271; x_wconf 88' lang='lat' dir='ltr'><strong>erant</strong></span> <span class='ocrx_word' id='word_1_30' title='bbox 704 245 799 271; x_wconf 88' lang='lat' dir='ltr'><strong>adver-</strong></span> 
     </span>
    </p>
   </div>
   <div class='ocr_carea' id='block_1_6' title="bbox 22 289 798 326">
    <p class='ocr_par' dir='ltr' id='par_1_6' title="bbox 22 289 798 326">
     <span class='ocr_line' id='line_1_6' title="bbox 22 289 798 326; baseline -0.006 -6"><span class='ocrx_word' id='word_1_31' title='bbox 22 301 63 320; x_wconf 86' lang='lat' dir='ltr'><strong>sus</strong></span> <span class='ocrx_word' id='word_1_32' title='bbox 82 300 161 324; x_wconf 84' lang='lat' dir='ltr'><strong>eum,</strong></span> <span class='ocrx_word' id='word_1_33' title='bbox 182 291 230 326; x_wconf 92' lang='lat' dir='ltr'><strong>qui</strong></span> <span class='ocrx_word' id='word_1_34' title='bbox 252 291 396 318; x_wconf 76' lang='lat' dir='ltr'><strong>dixerant;</strong></span> <span class='ocrx_word' id='word_1_35' title='bbox 415 289 465 317; x_wconf 79' lang='lat' dir='ltr'><strong>llic</strong></span> <span class='ocrx_word' id='word_1_36' title='bbox 486 298 537 316; x_wconf 88' lang='lat' dir='ltr'><strong>non</strong></span> <span class='ocrx_word' id='word_1_37' title='bbox 559 290 632 323; x_wconf 81' lang='lat' dir='ltr'><strong>ejicit</strong></span> <span class='ocrx_word' id='word_1_38' title='bbox 656 290 798 321; x_wconf 74' lang='lat' dir='ltr'><strong>dwmonia,</strong></span> 
     </span>
    </p>
   </div>
   <div class='ocr_carea' id='block_1_7' title="bbox 22 334 800 370">
    <p class='ocr_par' dir='ltr' id='par_1_7' title="bbox 22 334 800 370">
     <span class='ocr_line' id='line_1_7' title="bbox 22 334 800 370; baseline -0.004 -5"><span class='ocrx_word' id='word_1_39' title='bbox 22 339 69 365; x_wconf 81' lang='lat' dir='ltr'><strong>nisi</strong></span> <span class='ocrx_word' id='word_1_40' title='bbox 83 338 108 365; x_wconf 84' lang='lat' dir='ltr'><strong>iu</strong></span> <span class='ocrx_word' id='word_1_41' title='bbox 125 336 268 364; x_wconf 72' lang='lat' dir='ltr'><strong>Beelzebub</strong></span> <span class='ocrx_word' id='word_1_42' title='bbox 285 336 404 370; x_wconf 73' lang='lat' dir='ltr'><strong>principe</strong></span> <span class='ocrx_word' id='word_1_43' title='bbox 429 336 619 363; x_wconf 64' lang='lat' dir='ltr'><strong>daemoniorum</strong></span> <span class='ocrx_word' id='word_1_44' title='bbox 631 335 664 363; x_wconf 74' lang='lat'><strong>“.</strong></span> <span class='ocrx_word' id='word_1_45' title='bbox 682 334 800 362; x_wconf 80' lang='lat' dir='ltr'><strong><em>Necesse</em></strong></span> 
     </span>
    </p>
   </div>
   <div class='ocr_carea' id='block_1_8' title="bbox 22 380 800 419">
    <p class='ocr_par' dir='ltr' id='par_1_8' title="bbox 22 380 800 419">
     <span class='ocr_line' id='line_1_8' title="bbox 22 380 800 419; baseline -0.006 -7"><span class='ocrx_word' id='word_1_46' title='bbox 22 391 80 419; x_wconf 84' lang='lat' dir='ltr'><strong>ergo</strong></span> <span class='ocrx_word' id='word_1_47' title='bbox 105 387 164 411; x_wconf 88' lang='lat' dir='ltr'><strong>erat</strong></span> <span class='ocrx_word' id='word_1_48' title='bbox 188 382 334 410; x_wconf 88' lang='lat' dir='ltr'><strong>tumttltunt</strong></span> <span class='ocrx_word' id='word_1_49' title='bbox 363 382 421 409; x_wconf 84' lang='lat' dir='ltr'><strong>fieri</strong></span> <span class='ocrx_word' id='word_1_50' title='bbox 451 381 566 408; x_wconf 87' lang='lat' dir='ltr'><strong>Domino</strong></span> <span class='ocrx_word' id='word_1_51' title='bbox 593 380 800 416; x_wconf 88' lang='lat' dir='ltr'><strong>comprehenso,</strong></span> 
     </span>
    </p>
   </div>
   <div class='ocr_carea' id='block_1_9' title="bbox 22 426 801 464">
    <p class='ocr_par' dir='ltr' id='par_1_9' title="bbox 22 426 801 464">
     <span class='ocr_line' id='line_1_9' title="bbox 22 426 801 464; baseline -0.005 -8"><span class='ocrx_word' id='word_1_52' title='bbox 22 434 124 464; x_wconf 79' lang='lat' dir='ltr'><strong>propter</strong></span> <span class='ocrx_word' id='word_1_53' title='bbox 144 429 253 456; x_wconf 89' lang='lat' dir='ltr'><strong>diversa</strong></span> <span class='ocrx_word' id='word_1_54' title='bbox 277 427 367 455; x_wconf 87' lang='lat' dir='ltr'><strong>studia</strong></span> <span class='ocrx_word' id='word_1_55' title='bbox 391 427 483 462; x_wconf 85' lang='lat' dir='ltr'><strong>populi</strong></span> <span class='ocrx_word' id='word_1_56' title='bbox 508 426 645 462; x_wconf 77' lang='lat' dir='ltr'><strong>diligentis</strong></span> <span class='ocrx_word' id='word_1_57' title='bbox 661 426 801 453; x_wconf 87' lang='lat' dir='ltr'><strong>Christum</strong></span> 
     </span>
    </p>
   </div>
   <div class='ocr_carea' id='block_1_10' title="bbox 22 471 801 506">
    <p class='ocr_par' dir='ltr' id='par_1_10' title="bbox 22 471 801 506">
     <span class='ocr_line' id='line_1_10' title="bbox 22 471 801 506; baseline -0.005 -5"><span class='ocrx_word' id='word_1_58' title='bbox 22 480 46 501; x_wconf 87' lang='lat' dir='ltr'><strong>et</strong></span> <span class='ocrx_word' id='word_1_59' title='bbox 61 474 205 506; x_wconf 89' lang='lat' dir='ltr'><strong>audientis.</strong></span> <span class='ocrx_word' id='word_1_60' title='bbox 220 473 356 501; x_wconf 79' lang='lat' dir='ltr'><strong>credentis</strong></span> <span class='ocrx_word' id='word_1_61' title='bbox 368 477 394 500; x_wconf 92' lang='lat' dir='ltr'><strong>et</strong></span> <span class='ocrx_word' id='word_1_62' title='bbox 407 480 460 500; x_wconf 91' lang='lat' dir='ltr'><strong>non</strong></span> <span class='ocrx_word' id='word_1_63' title='bbox 474 472 620 500; x_wconf 83' lang='lat' dir='ltr'><strong>credentis.</strong></span> <span class='ocrx_word' id='word_1_64' title='bbox 634 471 714 499; x_wconf 84' lang='lat' dir='ltr'><strong>Stetit</strong></span> <span class='ocrx_word' id='word_1_65' title='bbox 729 471 801 498; x_wconf 77' lang='lat' dir='ltr'><strong>ettim</strong></span> 
     </span>
    </p>
   </div>
   <div class='ocr_carea' id='block_1_11' title="bbox 22 517 803 552">
    <p class='ocr_par' dir='ltr' id='par_1_11' title="bbox 22 517 803 552">
     <span class='ocr_line' id='line_1_11' title="bbox 22 517 803 552; baseline -0.004 -6"><span class='ocrx_word' id='word_1_66' title='bbox 22 519 159 546; x_wconf 86' lang='lat' dir='ltr'><strong>consilium</strong></span> <span class='ocrx_word' id='word_1_67' title='bbox 177 526 271 546; x_wconf 88' lang='lat' dir='ltr'><strong>eorum</strong></span> <span class='ocrx_word' id='word_1_68' title='bbox 286 518 365 552; x_wconf 86' lang='lat' dir='ltr'><strong>quasi</strong></span> <span class='ocrx_word' id='word_1_69' title='bbox 389 518 508 550; x_wconf 86' lang='lat' dir='ltr'><strong>firmum,</strong></span> <span class='ocrx_word' id='word_1_70' title='bbox 521 525 583 545; x_wconf 90' lang='lat' dir='ltr'><strong>cunt</strong></span> <span class='ocrx_word' id='word_1_71' title='bbox 600 517 652 552; x_wconf 84' lang='lat' dir='ltr'><strong>ipsi</strong></span> <span class='ocrx_word' id='word_1_72' title='bbox 673 517 720 552; x_wconf 89' lang='lat' dir='ltr'><strong>qtti</strong></span> <span class='ocrx_word' id='word_1_73' title='bbox 737 524 803 544; x_wconf 61' lang='lat' dir='ltr'><strong>con»</strong></span> 
     </span>
    </p>
   </div>
   <div class='ocr_carea' id='block_1_12' title="bbox 22 563 804 597">
    <p class='ocr_par' dir='ltr' id='par_1_12' title="bbox 22 563 804 597">
     <span class='ocr_line' id='line_1_12' title="bbox 22 563 804 597; baseline -0.003 -5"><span class='ocrx_word' id='word_1_74' title='bbox 22 566 178 593; x_wconf 82' lang='lat' dir='ltr'><strong>siliabantur</strong></span> <span class='ocrx_word' id='word_1_75' title='bbox 195 564 292 592; x_wconf 85' lang='lat' dir='ltr'><strong>staturi</strong></span> <span class='ocrx_word' id='word_1_76' title='bbox 311 571 365 591; x_wconf 94' lang='lat' dir='ltr'><strong>non</strong></span> <span class='ocrx_word' id='word_1_77' title='bbox 381 568 487 597; x_wconf 87' lang='lat' dir='ltr'><strong>essent,</strong></span> <span class='ocrx_word' id='word_1_78' title='bbox 503 568 533 590; x_wconf 92' lang='lat' dir='ltr'><strong>ut</strong></span> <span class='ocrx_word' id='word_1_79' title='bbox 553 571 607 590; x_wconf 88' lang='lat' dir='ltr'><strong>non</strong></span> <span class='ocrx_word' id='word_1_80' title='bbox 627 564 654 590; x_wconf 92' lang='lat' dir='ltr'><strong>in</strong></span> <span class='ocrx_word' id='word_1_81' title='bbox 669 564 713 590; x_wconf 86' lang='lat' dir='ltr'><strong>die</strong></span> <span class='ocrx_word' id='word_1_82' title='bbox 735 563 804 590; x_wconf 87' lang='lat' dir='ltr'><strong>festo</strong></span> 
     </span>
    </p>
   </div>
   <div class='ocr_carea' id='block_1_13' title="bbox 22 610 802 644">
    <p class='ocr_par' dir='ltr' id='par_1_13' title="bbox 22 610 802 644">
     <span class='ocr_line' id='line_1_13' title="bbox 22 610 802 644; baseline -0.001 -6"><span class='ocrx_word' id='word_1_83' title='bbox 22 611 194 643; x_wconf 82' lang='lat' dir='ltr'><strong>occideretur,</strong></span> <span class='ocrx_word' id='word_1_84' title='bbox 220 610 267 637; x_wconf 88' lang='lat' dir='ltr'><strong>sed</strong></span> <span class='ocrx_word' id='word_1_85' title='bbox 289 610 315 636; x_wconf 90' lang='lat' dir='ltr'><strong>itt</strong></span> <span class='ocrx_word' id='word_1_86' title='bbox 339 610 392 637; x_wconf 85' lang='lat' dir='ltr'><strong>alio</strong></span> <span class='ocrx_word' id='word_1_87' title='bbox 413 610 476 637; x_wconf 89' lang='lat' dir='ltr'><strong>die:</strong></span> <span class='ocrx_word' id='word_1_88' title='bbox 503 610 628 638; x_wconf 85' lang='lat' dir='ltr'><strong>videlicet</strong></span> <span class='ocrx_word' id='word_1_89' title='bbox 648 615 678 637; x_wconf 93' lang='lat' dir='ltr'><strong>ut</strong></span> <span class='ocrx_word' id='word_1_90' title='bbox 701 610 802 644; x_wconf 80' lang='lat' dir='ltr'><strong>pascha</strong></span> 
     </span>
    </p>
   </div>
   <div class='ocr_carea' id='block_1_14' title="bbox 22 654 803 690">
    <p class='ocr_par' dir='ltr' id='par_1_14' title="bbox 22 654 803 690">
     <span class='ocr_line' id='line_1_14' title="bbox 22 654 803 690; baseline 0 -8"><span class='ocrx_word' id='word_1_91' title='bbox 22 660 140 683; x_wconf 77' lang='lat' dir='ltr'><strong>nostrum</strong></span> <span class='ocrx_word' id='word_1_92' title='bbox 172 656 360 683; x_wconf 82' lang='lat' dir='ltr'><strong>immolaretur</strong></span> <span class='ocrx_word' id='word_1_93' title='bbox 387 654 534 688; x_wconf 81' lang='lat' dir='ltr'><strong>Christus,</strong></span> <span class='ocrx_word' id='word_1_94' title='bbox 563 660 592 682; x_wconf 90' lang='lat' dir='ltr'><strong>ut</strong></span> <span class='ocrx_word' id='word_1_95' title='bbox 620 656 803 690; x_wconf 79' lang='lat' dir='ltr'><strong>relinquentes</strong></span> 
     </span>
    </p>
   </div>
   <div class='ocr_carea' id='block_1_15' title="bbox 22 700 802 737">
    <p class='ocr_par' dir='ltr' id='par_1_15' title="bbox 22 700 802 737">
     <span class='ocr_line' id='line_1_15' title="bbox 22 700 802 737; baseline 0 -9"><span class='ocrx_word' id='word_1_96' title='bbox 22 709 110 736; x_wconf 80' lang='lat' dir='ltr'><strong>azyma</strong></span> <span class='ocrx_word' id='word_1_97' title='bbox 121 701 276 728; x_wconf 71' lang='lat' dir='ltr'><strong>Judaaorutn</strong></span> <span class='ocrx_word' id='word_1_98' title='bbox 295 700 455 728; x_wconf 78' lang='lat' dir='ltr'><strong>festinemus</strong></span> <span class='ocrx_word' id='word_1_99' title='bbox 469 701 495 728; x_wconf 95' lang='lat' dir='ltr'><strong>in</strong></span> <span class='ocrx_word' id='word_1_100' title='bbox 510 701 679 736; x_wconf 83' lang='lat' dir='ltr'><strong>spiritalibus</strong></span> <span class='ocrx_word' id='word_1_101' title='bbox 698 702 802 737; x_wconf 79' lang='lat' dir='ltr'><strong>azymis</strong></span> 
     </span>
    </p>
   </div>
   <div class='ocr_carea' id='block_1_16' title="bbox 22 746 803 781">
    <p class='ocr_par' dir='ltr' id='par_1_16' title="bbox 22 746 803 781">
     <span class='ocr_line' id='line_1_16' title="bbox 22 746 803 781; baseline 0.001 -8"><span class='ocrx_word' id='word_1_102' title='bbox 22 750 45 773; x_wconf 84' lang='lat' dir='ltr'><strong>et</strong></span> <span class='ocrx_word' id='word_1_103' title='bbox 60 747 138 773; x_wconf 88' lang='lat' dir='ltr'><strong>veris.</strong></span> <span class='ocrx_word' id='word_1_104' title='bbox 153 746 303 774; x_wconf 84' lang='lat' dir='ltr'><strong>Considera</strong></span> <span class='ocrx_word' id='word_1_105' title='bbox 322 750 424 778; x_wconf 88' lang='lat' dir='ltr'><strong>autem,</strong></span> <span class='ocrx_word' id='word_1_106' title='bbox 444 747 467 774; x_wconf 88' lang='lat' dir='ltr'><strong>si</strong></span> <span class='ocrx_word' id='word_1_107' title='bbox 482 751 558 781; x_wconf 84' lang='lat' dir='ltr'><strong>potes</strong></span> <span class='ocrx_word' id='word_1_108' title='bbox 569 767 575 779; x_wconf 91' lang='lat'><strong>,</strong></span> <span class='ocrx_word' id='word_1_109' title='bbox 593 754 673 774; x_wconf 84' lang='lat' dir='ltr'><strong>omne</strong></span> <span class='ocrx_word' id='word_1_110' title='bbox 691 747 803 774; x_wconf 81' lang='lat' dir='ltr'><strong>verbum</strong></span> 
     </span>
    </p>
   </div>
   <div class='ocr_carea' id='block_1_17' title="bbox 22 791 803 826">
    <p class='ocr_par' dir='ltr' id='par_1_17' title="bbox 22 791 803 826">
     <span class='ocr_line' id='line_1_17' title="bbox 22 791 803 826; baseline 0.001 -8"><span class='ocrx_word' id='word_1_111' title='bbox 22 791 88 826; x_wconf 90' lang='lat' dir='ltr'><strong>quod</strong></span> <span class='ocrx_word' id='word_1_112' title='bbox 101 791 242 826; x_wconf 83' lang='lat' dir='ltr'><strong>profitetur</strong></span> <span class='ocrx_word' id='word_1_113' title='bbox 257 798 422 826; x_wconf 87' lang='lat' dir='ltr'><strong>quocunque</strong></span> <span class='ocrx_word' id='word_1_114' title='bbox 440 792 523 826; x_wconf 77' lang='lat'><strong>892</strong></span> <span class='ocrx_word' id='word_1_115' title='bbox 544 793 626 819; x_wconf 88' lang='lat' dir='ltr'><strong>modo</strong></span> <span class='ocrx_word' id='word_1_116' title='bbox 649 792 803 819; x_wconf 87' lang='lat' dir='ltr'><strong>doctrinam</strong></span> 
     </span>
    </p>
   </div>
   <div class='ocr_carea' id='block_1_18' title="bbox 22 837 801 872">
    <p class='ocr_par' dir='ltr' id='par_1_18' title="bbox 22 837 801 872">
     <span class='ocr_line' id='line_1_18' title="bbox 22 837 801 872; baseline 0.003 -9"><span class='ocrx_word' id='word_1_117' title='bbox 22 837 77 871; x_wconf 94' lang='lat' dir='ltr'><strong>Dei,</strong></span> <span class='ocrx_word' id='word_1_118' title='bbox 98 837 188 865; x_wconf 85' lang='lat' dir='ltr'><strong>dicere</strong></span> <span class='ocrx_word' id='word_1_119' title='bbox 211 838 359 872; x_wconf 88' lang='lat' dir='ltr'><strong>principem</strong></span> <span class='ocrx_word' id='word_1_120' title='bbox 379 845 439 865; x_wconf 88' lang='lat' dir='ltr'><strong>esse</strong></span> <span class='ocrx_word' id='word_1_121' title='bbox 463 837 634 865; x_wconf 85' lang='lat' dir='ltr'><strong>sacerdotum</strong></span> <span class='ocrx_word' id='word_1_122' title='bbox 660 838 717 866; x_wconf 88' lang='lat' dir='ltr'><strong>Dei.</strong></span> <span class='ocrx_word' id='word_1_123' title='bbox 734 838 801 866; x_wconf 88' lang='lat' dir='ltr'><strong>Cum</strong></span> 
     </span>
    </p>
   </div>
   <div class='ocr_carea' id='block_1_19' title="bbox 22 883 802 919">
    <p class='ocr_par' dir='ltr' id='par_1_19' title="bbox 22 883 802 919">
     <span class='ocr_line' id='line_1_19' title="bbox 22 883 802 919; baseline 0.004 -10"><span class='ocrx_word' id='word_1_124' title='bbox 22 883 72 910; x_wconf 89' lang='lat' dir='ltr'><strong>siut</strong></span> <span class='ocrx_word' id='word_1_125' title='bbox 87 887 176 910; x_wconf 89' lang='lat' dir='ltr'><strong>autem</strong></span> <span class='ocrx_word' id='word_1_126' title='bbox 193 883 278 910; x_wconf 87' lang='lat' dir='ltr'><strong>multa</strong></span> <span class='ocrx_word' id='word_1_127' title='bbox 297 883 428 910; x_wconf 80' lang='lat' dir='ltr'><strong>falsorum</strong></span> <span class='ocrx_word' id='word_1_128' title='bbox 449 883 606 919; x_wconf 82' lang='lat' dir='ltr'><strong>dogmalum</strong></span> <span class='ocrx_word' id='word_1_129' title='bbox 623 885 705 912; x_wconf 84' lang='lat' dir='ltr'><strong>verba</strong></span> <span class='ocrx_word' id='word_1_130' title='bbox 722 886 802 919; x_wconf 88' lang='lat' dir='ltr'><strong>qttasi</strong></span> 
     </span>
    </p>
   </div>
   <div class='ocr_carea' id='block_1_20' title="bbox 22 928 804 964">
    <p class='ocr_par' dir='ltr' id='par_1_20' title="bbox 22 928 804 964">
     <span class='ocr_line' id='line_1_20' title="bbox 22 928 804 964; baseline 0.003 -9"><span class='ocrx_word' id='word_1_131' title='bbox 22 929 169 956; x_wconf 85' lang='lat' dir='ltr'><strong>sacerdotes</strong></span> <span class='ocrx_word' id='word_1_132' title='bbox 185 928 243 961; x_wconf 83' lang='lat' dir='ltr'><strong>Dei,</strong></span> <span class='ocrx_word' id='word_1_133' title='bbox 256 936 309 955; x_wconf 90' lang='lat' dir='ltr'><strong>non</strong></span> <span class='ocrx_word' id='word_1_134' title='bbox 324 933 413 956; x_wconf 91' lang='lat' dir='ltr'><strong>autem</strong></span> <span class='ocrx_word' id='word_1_135' title='bbox 437 929 495 962; x_wconf 90' lang='lat' dir='ltr'><strong>Dei,</strong></span> <span class='ocrx_word' id='word_1_136' title='bbox 514 929 562 956; x_wconf 87' lang='lat' dir='ltr'><strong>sed</strong></span> <span class='ocrx_word' id='word_1_137' title='bbox 583 929 676 964; x_wconf 90' lang='lat' dir='ltr'><strong>populi</strong></span> <span class='ocrx_word' id='word_1_138' title='bbox 690 930 736 964; x_wconf 81' lang='lat' dir='ltr'><strong>qui</strong></span> <span class='ocrx_word' id='word_1_139' title='bbox 759 937 804 957; x_wconf 89' lang='lat' dir='ltr'><strong>se-</strong></span> 
     </span>
    </p>
   </div>
   <div class='ocr_carea' id='block_1_21' title="bbox 22 974 804 1006">
    <p class='ocr_par' dir='ltr' id='par_1_21' title="bbox 22 974 804 1006">
     <span class='ocr_line' id='line_1_21' title="bbox 22 974 804 1006; baseline 0.001 -5"><span class='ocrx_word' id='word_1_140' title='bbox 22 975 113 1002; x_wconf 86' lang='lat' dir='ltr'><strong>ductus</strong></span> <span class='ocrx_word' id='word_1_141' title='bbox 136 975 170 1001; x_wconf 93' lang='lat' dir='ltr'><strong>ab</strong></span> <span class='ocrx_word' id='word_1_142' title='bbox 186 974 227 1002; x_wconf 92' lang='lat' dir='ltr'><strong>eis</strong></span> <span class='ocrx_word' id='word_1_143' title='bbox 250 979 302 1006; x_wconf 85' lang='lat' dir='ltr'><strong>est,</strong></span> <span class='ocrx_word' id='word_1_144' title='bbox 317 974 500 1002; x_wconf 87' lang='lat' dir='ltr'><strong>consiliantur</strong></span> <span class='ocrx_word' id='word_1_145' title='bbox 522 975 653 1003; x_wconf 86' lang='lat' dir='ltr'><strong>adversus</strong></span> <span class='ocrx_word' id='word_1_146' title='bbox 672 983 756 1001; x_wconf 93' lang='lat' dir='ltr'><strong>unum</strong></span> <span class='ocrx_word' id='word_1_147' title='bbox 777 979 804 1002; x_wconf 89' lang='lat' dir='ltr'><strong>et</strong></span> 
     </span>
    </p>
   </div>
   <div class='ocr_carea' id='block_1_22' title="bbox 22 1019 804 1055">
    <p class='ocr_par' dir='ltr' id='par_1_22' title="bbox 22 1019 804 1055">
     <span class='ocr_line' id='line_1_22' title="bbox 22 1019 804 1055; baseline 0.001 -9"><span class='ocrx_word' id='word_1_148' title='bbox 22 1028 109 1047; x_wconf 90' lang='lat' dir='ltr'><strong>verum</strong></span> <span class='ocrx_word' id='word_1_149' title='bbox 139 1019 187 1047; x_wconf 91' lang='lat' dir='ltr'><strong>Dei</strong></span> <span class='ocrx_word' id='word_1_150' title='bbox 213 1019 341 1047; x_wconf 89' lang='lat' dir='ltr'><strong>Verbum.</strong></span> <span class='ocrx_word' id='word_1_151' title='bbox 373 1019 491 1047; x_wconf 80' lang='lat' dir='ltr'><strong>Verbum</strong></span> <span class='ocrx_word' id='word_1_152' title='bbox 518 1025 609 1047; x_wconf 89' lang='lat' dir='ltr'><strong>autem</strong></span> <span class='ocrx_word' id='word_1_153' title='bbox 635 1020 681 1047; x_wconf 89' lang='lat' dir='ltr'><strong>Dci</strong></span> <span class='ocrx_word' id='word_1_154' title='bbox 703 1021 804 1055; x_wconf 60' lang='lat' dir='ltr'><strong>prabet</strong></span> 
     </span>
    </p>
   </div>
   <div class='ocr_carea' id='block_1_23' title="bbox 22 1065 802 1099">
    <p class='ocr_par' dir='ltr' id='par_1_23' title="bbox 22 1065 802 1099">
     <span class='ocr_line' id='line_1_23' title="bbox 22 1065 802 1099; baseline 0.001 -7"><span class='ocrx_word' id='word_1_155' title='bbox 22 1066 123 1099; x_wconf 84' lang='lat' dir='ltr'><strong>quidem</strong></span> <span class='ocrx_word' id='word_1_156' title='bbox 149 1072 179 1092; x_wconf 90' lang='lat' dir='ltr'><strong>se</strong></span> <span class='ocrx_word' id='word_1_157' title='bbox 207 1065 420 1098; x_wconf 87' lang='lat' dir='ltr'><strong>insidiantibus,</strong></span> <span class='ocrx_word' id='word_1_158' title='bbox 448 1065 624 1093; x_wconf 81' lang='lat' dir='ltr'><strong>nihilominus</strong></span> <span class='ocrx_word' id='word_1_159' title='bbox 649 1070 740 1093; x_wconf 89' lang='lat' dir='ltr'><strong>tamen</strong></span> <span class='ocrx_word' id='word_1_160' title='bbox 758 1074 802 1093; x_wconf 85' lang='lat' dir='ltr'><strong>re—</strong></span> 
     </span>
    </p>
   </div>
   <div class='ocr_carea' id='block_1_24' title="bbox 22 1109 801 1145">
    <p class='ocr_par' dir='ltr' id='par_1_24' title="bbox 22 1109 801 1145">
     <span class='ocr_line' id='line_1_24' title="bbox 22 1109 801 1145; baseline 0.001 -8"><span class='ocrx_word' id='word_1_161' title='bbox 22 1115 118 1143; x_wconf 73' lang='lat' dir='ltr'><strong>surget,</strong></span> <span class='ocrx_word' id='word_1_162' title='bbox 135 1118 190 1138; x_wconf 87' lang='lat' dir='ltr'><strong>non</strong></span> <span class='ocrx_word' id='word_1_163' title='bbox 207 1109 389 1143; x_wconf 89' lang='lat' dir='ltr'><strong>itnmutatuttt,</strong></span> <span class='ocrx_word' id='word_1_164' title='bbox 406 1118 493 1145; x_wconf 85' lang='lat' dir='ltr'><strong>neque</strong></span> <span class='ocrx_word' id='word_1_165' title='bbox 510 1115 668 1145; x_wconf 92' lang='lat' dir='ltr'><strong>corruptum</strong></span> <span class='ocrx_word' id='word_1_166' title='bbox 690 1111 725 1138; x_wconf 90' lang='lat' dir='ltr'><strong>ab</strong></span> <span class='ocrx_word' id='word_1_167' title='bbox 741 1112 801 1144; x_wconf 86' lang='lat' dir='ltr'><strong>eis;</strong></span> 
     </span>
    </p>
   </div>
   <div class='ocr_carea' id='block_1_25' title="bbox 22 1155 804 1190">
    <p class='ocr_par' dir='ltr' id='par_1_25' title="bbox 22 1155 804 1190">
     <span class='ocr_line' id='line_1_25' title="bbox 22 1155 804 1190; baseline 0.001 -8"><span class='ocrx_word' id='word_1_168' title='bbox 22 1160 45 1182; x_wconf 87' lang='lat' dir='ltr'><strong>et</strong></span> <span class='ocrx_word' id='word_1_169' title='bbox 64 1156 89 1182; x_wconf 93' lang='lat' dir='ltr'><strong>in</strong></span> <span class='ocrx_word' id='word_1_170' title='bbox 105 1156 207 1183; x_wconf 61' lang='lat' dir='ltr'><strong>coelum</strong></span> <span class='ocrx_word' id='word_1_171' title='bbox 225 1155 362 1188; x_wconf 87' lang='lat' dir='ltr'><strong>ascendet,</strong></span> <span class='ocrx_word' id='word_1_172' title='bbox 385 1160 414 1183; x_wconf 84' lang='lat' dir='ltr'><strong>ut</strong></span> <span class='ocrx_word' id='word_1_173' title='bbox 429 1155 560 1190; x_wconf 86' lang='lat' dir='ltr'><strong>suscipiat</strong></span> <span class='ocrx_word' id='word_1_174' title='bbox 574 1163 622 1183; x_wconf 91' lang='lat' dir='ltr'><strong>cos</strong></span> <span class='ocrx_word' id='word_1_175' title='bbox 634 1156 680 1189; x_wconf 91' lang='lat' dir='ltr'><strong>qui</strong></span> <span class='ocrx_word' id='word_1_176' title='bbox 705 1156 804 1183; x_wconf 89' lang='lat' dir='ltr'><strong>tollunt</strong></span> 
     </span>
    </p>
   </div>
   <div class='ocr_carea' id='block_1_26' title="bbox 22 1205 514 1235">
    <p class='ocr_par' dir='ltr' id='par_1_26' title="bbox 22 1205 514 1235">
     <span class='ocr_line' id='line_1_26' title="bbox 22 1205 514 1235; baseline 0 -8"><span class='ocrx_word' id='word_1_177' title='bbox 22 1208 122 1228; x_wconf 88' lang='lat' dir='ltr'><strong>crucent</strong></span> <span class='ocrx_word' id='word_1_178' title='bbox 139 1208 218 1229; x_wconf 88' lang='lat' dir='ltr'><strong>suam</strong></span> <span class='ocrx_word' id='word_1_179' title='bbox 234 1205 261 1228; x_wconf 70' lang='grc' dir='ltr'><strong>ΘΙ.</strong></span> <span class='ocrx_word' id='word_1_180' title='bbox 274 1205 427 1235; x_wconf 87' lang='lat' dir='ltr'><strong>sequuntur</strong></span> <span class='ocrx_word' id='word_1_181' title='bbox 440 1208 514 1228; x_wconf 89' lang='lat' dir='ltr'><strong>cum.</strong></span> 
     </span>
    </p>
   </div>
   <div class='ocr_carea' id='block_1_27' title="bbox 52 1244 803 1277">
    <p class='ocr_par' dir='ltr' id='par_1_27' title="bbox 52 1244 803 1277">
     <span class='ocr_line' id='line_1_27' title="bbox 52 1244 803 1277; baseline 0.001 -5"><span class='ocrx_word' id='word_1_182' title='bbox 52 1246 95 1272; x_wconf 86' lang='lat' dir='ltr'><strong>&#39;l&#39;l.</strong></span> <span class='ocrx_word' id='word_1_183' title='bbox 111 1246 176 1273; x_wconf 84' lang='lat' dir='ltr'><strong>Cum</strong></span> <span class='ocrx_word' id='word_1_184' title='bbox 191 1250 279 1272; x_wconf 83' lang='lat' dir='ltr'><strong>autent</strong></span> <span class='ocrx_word' id='word_1_185' title='bbox 297 1249 361 1272; x_wconf 71' lang='lat' dir='ltr'><strong>esset</strong></span> <span class='ocrx_word' id='word_1_186' title='bbox 382 1244 460 1272; x_wconf 73' lang='lat' dir='ltr'><strong>Iesus</strong></span> <span class='ocrx_word' id='word_1_187' title='bbox 478 1245 505 1272; x_wconf 81' lang='lat' dir='ltr'><strong>in</strong></span> <span class='ocrx_word' id='word_1_188' title='bbox 523 1245 663 1277; x_wconf 80' lang='lat' dir='ltr'><strong>Bethania,</strong></span> <span class='ocrx_word' id='word_1_189' title='bbox 681 1246 709 1272; x_wconf 85' lang='lat' dir='ltr'><strong>in</strong></span> <span class='ocrx_word' id='word_1_190' title='bbox 726 1246 803 1273; x_wconf 79' lang='lat' dir='ltr'><strong>domo</strong></span> 
     </span>
    </p>
   </div>
   <div class='ocr_carea' id='block_1_28' title="bbox 22 1289 803 1326">
    <p class='ocr_par' dir='ltr' id='par_1_28' title="bbox 22 1289 803 1326">
     <span class='ocr_line' id='line_1_28' title="bbox 22 1289 803 1326; baseline 0 -9"><span class='ocrx_word' id='word_1_191' title='bbox 22 1289 130 1318; x_wconf 76' lang='lat' dir='ltr'><strong>Simonis</strong></span> <span class='ocrx_word' id='word_1_192' title='bbox 155 1290 277 1326; x_wconf 83' lang='lat' dir='ltr'><strong>Leprosi,</strong></span> <span class='ocrx_word' id='word_1_193' title='bbox 303 1291 412 1317; x_wconf 82' lang='lat' dir='ltr'><strong>accessit</strong></span> <span class='ocrx_word' id='word_1_194' title='bbox 439 1291 473 1317; x_wconf 83' lang='lat' dir='ltr'><strong>ad</strong></span> <span class='ocrx_word' id='word_1_195' title='bbox 501 1299 560 1318; x_wconf 80' lang='lat' dir='ltr'><strong>eum</strong></span> <span class='ocrx_word' id='word_1_196' title='bbox 586 1290 681 1318; x_wconf 83' lang='lat' dir='ltr'><strong>mulier</strong></span> <span class='ocrx_word' id='word_1_197' title='bbox 706 1291 803 1318; x_wconf 70' lang='lat' dir='ltr'><strong>habent:</strong></span> 
     </span>
    </p>
   </div>
   <div class='ocr_carea' id='block_1_29' title="bbox 22 1336 804 1371">
    <p class='ocr_par' dir='ltr' id='par_1_29' title="bbox 22 1336 804 1371">
     <span class='ocr_line' id='line_1_29' title="bbox 22 1336 804 1371; baseline 0 -9"><span class='ocrx_word' id='word_1_198' title='bbox 22 1336 181 1363; x_wconf 76' lang='lat' dir='ltr'><strong>alabastrum</strong></span> <span class='ocrx_word' id='word_1_199' title='bbox 194 1337 320 1370; x_wconf 75' lang='lat' dir='ltr'><strong>unguenti</strong></span> <span class='ocrx_word' id='word_1_200' title='bbox 339 1336 458 1370; x_wconf 73' lang='lat' dir='ltr'><strong>pretiosi,</strong></span> <span class='ocrx_word' id='word_1_201' title='bbox 479 1340 504 1363; x_wconf 79' lang='lat' dir='ltr'><strong>et</strong></span> <span class='ocrx_word' id='word_1_202' title='bbox 517 1336 610 1371; x_wconf 76' lang='lat' dir='ltr'><strong>effudit</strong></span> <span class='ocrx_word' id='word_1_203' title='bbox 624 1344 701 1371; x_wconf 77' lang='lat' dir='ltr'><strong>super</strong></span> <span class='ocrx_word' id='word_1_204' title='bbox 725 1340 804 1371; x_wconf 83' lang='lat' dir='ltr'><strong>caput</strong></span> 
     </span>
    </p>
   </div>
   <div class='ocr_carea' id='block_1_30' title="bbox 22 1381 802 1416">
    <p class='ocr_par' dir='ltr' id='par_1_30' title="bbox 22 1381 802 1416">
     <span class='ocr_line' id='line_1_30' title="bbox 22 1381 802 1416; baseline 0 -9"><span class='ocrx_word' id='word_1_205' title='bbox 22 1382 84 1414; x_wconf 69' lang='lat' dir='ltr'><strong>ejus,</strong></span> <span class='ocrx_word' id='word_1_206' title='bbox 100 1382 263 1409; x_wconf 82' lang='lat' dir='ltr'><strong>recumbente</strong></span> <span class='ocrx_word' id='word_1_207' title='bbox 278 1390 319 1409; x_wconf 82' lang='lat' dir='ltr'><strong>eo.</strong></span> <span class='ocrx_word' id='word_1_208' title='bbox 340 1381 460 1408; x_wconf 82' lang='lat' dir='ltr'><strong>Videntes</strong></span> <span class='ocrx_word' id='word_1_209' title='bbox 482 1386 570 1408; x_wconf 82' lang='lat' dir='ltr'><strong>autent</strong></span> <span class='ocrx_word' id='word_1_210' title='bbox 588 1381 712 1416; x_wconf 72' lang='lat' dir='ltr'><strong>discipuli</strong></span> <span class='ocrx_word' id='word_1_211' title='bbox 735 1381 802 1416; x_wconf 80' lang='lat' dir='ltr'><strong>ejus,</strong></span> 
     </span>
    </p>
   </div>
   <div class='ocr_carea' id='block_1_31' title="bbox 22 1427 805 1462">
    <p class='ocr_par' dir='ltr' id='par_1_31' title="bbox 22 1427 805 1462">
     <span class='ocr_line' id='line_1_31' title="bbox 22 1427 805 1462; baseline 0.001 -9"><span class='ocrx_word' id='word_1_212' title='bbox 22 1427 150 1462; x_wconf 79' lang='lat' dir='ltr'><strong>indignati</strong></span> <span class='ocrx_word' id='word_1_213' title='bbox 178 1432 259 1461; x_wconf 82' lang='lat' dir='ltr'><strong>sunt,</strong></span> <span class='ocrx_word' id='word_1_214' title='bbox 289 1432 315 1454; x_wconf 89' lang='lat' dir='ltr'><strong>et</strong></span> <span class='ocrx_word' id='word_1_215' title='bbox 331 1431 428 1454; x_wconf 62' lang='lat' dir='ltr'><strong>caetera</strong></span> <span class='ocrx_word' id='word_1_216' title='bbox 442 1427 474 1454; x_wconf 71' lang='grc' dir='ltr'><strong>δ’.</strong></span> <span class='ocrx_word' id='word_1_217' title='bbox 490 1427 566 1454; x_wconf 84' lang='lat' dir='ltr'><strong>Multi</strong></span> <span class='ocrx_word' id='word_1_218' title='bbox 583 1427 692 1462; x_wconf 88' lang='lat' dir='ltr'><strong>quidem</strong></span> <span class='ocrx_word' id='word_1_219' title='bbox 709 1427 805 1454; x_wconf 87' lang='lat' dir='ltr'><strong>existi-</strong></span> 
     </span>
    </p>
   </div>
   <div class='ocr_carea' id='block_1_32' title="bbox 23 1473 803 1508">
    <p class='ocr_par' dir='ltr' id='par_1_32' title="bbox 23 1473 803 1508">
     <span class='ocr_line' id='line_1_32' title="bbox 23 1473 803 1508; baseline 0.004 -11"><span class='ocrx_word' id='word_1_220' title='bbox 23 1477 93 1499; x_wconf 89' lang='lat' dir='ltr'><strong>tnant</strong></span> <span class='ocrx_word' id='word_1_221' title='bbox 115 1473 149 1500; x_wconf 83' lang='lat' dir='ltr'><strong>de</strong></span> <span class='ocrx_word' id='word_1_222' title='bbox 165 1481 219 1500; x_wconf 86' lang='lat' dir='ltr'><strong>una</strong></span> <span class='ocrx_word' id='word_1_223' title='bbox 236 1473 386 1507; x_wconf 84' lang='lat' dir='ltr'><strong>eademque</strong></span> <span class='ocrx_word' id='word_1_224' title='bbox 412 1473 527 1500; x_wconf 85' lang='lat' dir='ltr'><strong>muliere</strong></span> <span class='ocrx_word' id='word_1_225' title='bbox 550 1479 668 1507; x_wconf 84' lang='lat' dir='ltr'><strong>quatuor</strong></span> <span class='ocrx_word' id='word_1_226' title='bbox 685 1480 803 1508; x_wconf 79' lang='lat' dir='ltr'><strong>cvange-</strong></span> 
     </span>
    </p>
   </div>
   <div class='ocr_carea' id='block_1_33' title="bbox 24 1517 804 1554">
    <p class='ocr_par' dir='ltr' id='par_1_33' title="bbox 24 1517 804 1554">
     <span class='ocr_line' id='line_1_33' title="bbox 24 1517 804 1554; baseline 0.004 -11"><span class='ocrx_word' id='word_1_227' title='bbox 24 1517 94 1545; x_wconf 84' lang='lat' dir='ltr'><strong>listas</strong></span> <span class='ocrx_word' id='word_1_228' title='bbox 108 1518 282 1553; x_wconf 83' lang='lat' dir='ltr'><strong>exposuisse,</strong></span> <span class='ocrx_word' id='word_1_229' title='bbox 299 1518 362 1552; x_wconf 86' lang='lat' dir='ltr'><strong>quia</strong></span> <span class='ocrx_word' id='word_1_230' title='bbox 381 1518 600 1552; x_wconf 86' lang='lat' dir='ltr'><strong>conscripserunt</strong></span> <span class='ocrx_word' id='word_1_231' title='bbox 625 1519 678 1546; x_wconf 89' lang='lat' dir='ltr'><strong>tale</strong></span> <span class='ocrx_word' id='word_1_232' title='bbox 701 1518 804 1554; x_wconf 86' lang='lat' dir='ltr'><strong>aliquid</strong></span> 
     </span>
    </p>
   </div>
   <div class='ocr_carea' id='block_1_34' title="bbox 22 1562 803 1599">
    <p class='ocr_par' dir='ltr' id='par_1_34' title="bbox 22 1562 803 1599">
     <span class='ocr_line' id='line_1_34' title="bbox 22 1562 803 1599; baseline 0.004 -11"><span class='ocrx_word' id='word_1_233' title='bbox 22 1562 53 1588; x_wconf 88' lang='lat' dir='ltr'><strong>de</strong></span> <span class='ocrx_word' id='word_1_234' title='bbox 68 1562 190 1594; x_wconf 87' lang='lat' dir='ltr'><strong>muliere,</strong></span> <span class='ocrx_word' id='word_1_235' title='bbox 204 1567 232 1589; x_wconf 87' lang='lat' dir='ltr'><strong>et</strong></span> <span class='ocrx_word' id='word_1_236' title='bbox 245 1569 340 1589; x_wconf 87' lang='lat' dir='ltr'><strong>omnes</strong></span> <span class='ocrx_word' id='word_1_237' title='bbox 356 1562 483 1589; x_wconf 86' lang='lat' dir='ltr'><strong>similiter</strong></span> <span class='ocrx_word' id='word_1_238' title='bbox 495 1563 660 1591; x_wconf 85' lang='lat' dir='ltr'><strong>alabastrum</strong></span> <span class='ocrx_word' id='word_1_239' title='bbox 674 1565 803 1599; x_wconf 81' lang='lat' dir='ltr'><strong>unguenti</strong></span> 
     </span>
    </p>
   </div>
   <div class='ocr_carea' id='block_1_35' title="bbox 23 1603 805 1644">
    <p class='ocr_par' dir='ltr' id='par_1_35' title="bbox 23 1603 805 1644">
     <span class='ocr_line' id='line_1_35' title="bbox 23 1603 805 1644; baseline 0.005 -12"><span class='ocrx_word' id='word_1_240' title='bbox 23 1607 236 1634; x_wconf 86' lang='lat' dir='ltr'><strong>nominaverunt.</strong></span> <span class='ocrx_word' id='word_1_241' title='bbox 252 1603 370 1635; x_wconf 81' lang='lat' dir='ltr'><strong>Joannes</strong></span> <span class='ocrx_word' id='word_1_242' title='bbox 386 1613 474 1635; x_wconf 87' lang='lat' dir='ltr'><strong>autettt</strong></span> <span class='ocrx_word' id='word_1_243' title='bbox 486 1609 509 1624; x_wconf 79' lang='grc' dir='ltr'><strong>⁵ο</strong></span> <span class='ocrx_word' id='word_1_244' title='bbox 530 1616 579 1644; x_wconf 89' lang='lat' dir='ltr'><strong>pro</strong></span> <span class='ocrx_word' id='word_1_245' title='bbox 597 1609 735 1636; x_wconf 88' lang='lat' dir='ltr'><strong>alabastro</strong></span> <span class='ocrx_word' id='word_1_246' title='bbox 757 1617 805 1644; x_wconf 91' lang='lat' dir='ltr'><strong>po-</strong></span> 
     </span>
    </p>
   </div>
   <div class='ocr_carea' id='block_1_36' title="bbox 23 1651 802 1687">
    <p class='ocr_par' dir='ltr' id='par_1_36' title="bbox 23 1651 802 1687">
     <span class='ocr_line' id='line_1_36' title="bbox 23 1651 802 1687; baseline 0.004 -10"><span class='ocrx_word' id='word_1_247' title='bbox 23 1652 73 1677; x_wconf 90' lang='lat' dir='ltr'><strong>suit</strong></span> <span class='ocrx_word' id='word_1_248' title='bbox 87 1651 181 1678; x_wconf 83' lang='lat' dir='ltr'><strong>librant</strong></span> <span class='ocrx_word' id='word_1_249' title='bbox 198 1652 333 1686; x_wconf 85' lang='lat' dir='ltr'><strong>unguenti.</strong></span> <span class='ocrx_word' id='word_1_250' title='bbox 357 1651 409 1680; x_wconf 89' lang='lat' dir='ltr'><strong>Sed</strong></span> <span class='ocrx_word' id='word_1_251' title='bbox 430 1657 457 1679; x_wconf 88' lang='lat' dir='ltr'><strong>et</strong></span> <span class='ocrx_word' id='word_1_252' title='bbox 477 1653 549 1687; x_wconf 90' lang='lat' dir='ltr'><strong>quod</strong></span> <span class='ocrx_word' id='word_1_253' title='bbox 573 1653 692 1680; x_wconf 88' lang='lat' dir='ltr'><strong>dicitur:</strong></span> <span class='ocrx_word' id='word_1_254' title='bbox 713 1653 802 1681; x_wconf 80' lang='lat' dir='ltr'><strong>Potuit</strong></span> 
     </span>
    </p>
   </div>
   <div class='ocr_carea' id='block_1_37' title="bbox 22 1696 804 1732">
    <p class='ocr_par' dir='ltr' id='par_1_37' title="bbox 22 1696 804 1732">
     <span class='ocr_line' id='line_1_37' title="bbox 22 1696 804 1732; baseline 0.006 -11"><span class='ocrx_word' id='word_1_255' title='bbox 22 1696 66 1722; x_wconf 80' lang='lat' dir='ltr'><strong>hac</strong></span> <span class='ocrx_word' id='word_1_256' title='bbox 79 1697 233 1728; x_wconf 78' lang='lat' dir='ltr'><strong>venundari,</strong></span> <span class='ocrx_word' id='word_1_257' title='bbox 250 1703 275 1724; x_wconf 85' lang='lat' dir='ltr'><strong>et</strong></span> <span class='ocrx_word' id='word_1_258' title='bbox 290 1697 448 1732; x_wconf 81' lang='lat' dir='ltr'><strong>pauperibus</strong></span> <span class='ocrx_word' id='word_1_259' title='bbox 467 1699 526 1725; x_wconf 82' lang='lat' dir='ltr'><strong>dari</strong></span> <span class='ocrx_word' id='word_1_260' title='bbox 538 1699 572 1732; x_wconf 83' lang='lat'><strong>&#39;“,</strong></span> <span class='ocrx_word' id='word_1_261' title='bbox 591 1699 717 1726; x_wconf 88' lang='lat' dir='ltr'><strong>dixerunt</strong></span> <span class='ocrx_word' id='word_1_262' title='bbox 737 1699 804 1726; x_wconf 88' lang='lat' dir='ltr'><strong>Mat-</strong></span> 
     </span>
    </p>
   </div>
   <div class='ocr_carea' id='block_1_38' title="bbox 23 1743 805 1778">
    <p class='ocr_par' dir='ltr' id='par_1_38' title="bbox 23 1743 805 1778">
     <span class='ocr_line' id='line_1_38' title="bbox 23 1743 805 1778; baseline 0.004 -10"><span class='ocrx_word' id='word_1_263' title='bbox 23 1743 115 1775; x_wconf 79' lang='lat' dir='ltr'><strong>tlueus,</strong></span> <span class='ocrx_word' id='word_1_264' title='bbox 130 1748 156 1770; x_wconf 89' lang='lat' dir='ltr'><strong>et</strong></span> <span class='ocrx_word' id='word_1_265' title='bbox 177 1743 295 1776; x_wconf 88' lang='lat' dir='ltr'><strong>Marcus,</strong></span> <span class='ocrx_word' id='word_1_266' title='bbox 311 1749 337 1771; x_wconf 90' lang='lat' dir='ltr'><strong>et</strong></span> <span class='ocrx_word' id='word_1_267' title='bbox 358 1743 497 1771; x_wconf 87' lang='lat' dir='ltr'><strong>Joannes:</strong></span> <span class='ocrx_word' id='word_1_268' title='bbox 520 1748 547 1771; x_wconf 88' lang='lat' dir='ltr'><strong>et</strong></span> <span class='ocrx_word' id='word_1_269' title='bbox 565 1745 694 1778; x_wconf 91' lang='lat' dir='ltr'><strong>quoniam</strong></span> <span class='ocrx_word' id='word_1_270' title='bbox 713 1745 746 1771; x_wconf 87' lang='lat' dir='ltr'><strong>ad</strong></span> <span class='ocrx_word' id='word_1_271' title='bbox 762 1753 805 1772; x_wconf 83' lang='lat' dir='ltr'><strong>se-</strong></span> 
     </span>
    </p>
   </div>
   <div class='ocr_carea' id='block_1_39' title="bbox 23 1787 805 1823">
    <p class='ocr_par' dir='ltr' id='par_1_39' title="bbox 23 1787 805 1823">
     <span class='ocr_line' id='line_1_39' title="bbox 23 1787 805 1823; baseline 0.003 -10"><span class='ocrx_word' id='word_1_272' title='bbox 23 1787 154 1820; x_wconf 88' lang='lat' dir='ltr'><strong>pulturant</strong></span> <span class='ocrx_word' id='word_1_273' title='bbox 175 1796 254 1815; x_wconf 87' lang='lat' dir='ltr'><strong>sttant</strong></span> <span class='ocrx_word' id='word_1_274' title='bbox 268 1794 435 1823; x_wconf 77' lang='lat' dir='ltr'><strong>unguentum</strong></span> <span class='ocrx_word' id='word_1_275' title='bbox 453 1788 518 1815; x_wconf 92' lang='lat' dir='ltr'><strong>illud</strong></span> <span class='ocrx_word' id='word_1_276' title='bbox 537 1788 663 1816; x_wconf 87' lang='lat' dir='ltr'><strong>Christus</strong></span> <span class='ocrx_word' id='word_1_277' title='bbox 683 1797 805 1823; x_wconf 90' lang='lat' dir='ltr'><strong>pronun-</strong></span> 
     </span>
    </p>
   </div>
   <div class='ocr_carea' id='block_1_40' title="bbox 23 1831 803 1868">
    <p class='ocr_par' dir='ltr' id='par_1_40' title="bbox 23 1831 803 1868">
     <span class='ocr_line' id='line_1_40' title="bbox 23 1831 803 1868; baseline 0.004 -11"><span class='ocrx_word' id='word_1_278' title='bbox 23 1831 94 1858; x_wconf 88' lang='lat' dir='ltr'><strong>tiavit</strong></span> <span class='ocrx_word' id='word_1_279' title='bbox 105 1832 232 1865; x_wconf 81' lang='lat' dir='ltr'><strong>effusum,</strong></span> <span class='ocrx_word' id='word_1_280' title='bbox 248 1832 297 1867; x_wconf 84' lang='lat' dir='ltr'><strong>ipsi</strong></span> <span class='ocrx_word' id='word_1_281' title='bbox 309 1837 511 1867; x_wconf 86' lang='lat' dir='ltr'><strong>exposuerunt;</strong></span> <span class='ocrx_word' id='word_1_282' title='bbox 529 1837 556 1860; x_wconf 90' lang='lat' dir='ltr'><strong>et</strong></span> <span class='ocrx_word' id='word_1_283' title='bbox 566 1833 692 1868; x_wconf 91' lang='lat' dir='ltr'><strong>quoniam</strong></span> <span class='ocrx_word' id='word_1_284' title='bbox 707 1834 733 1860; x_wconf 94' lang='lat' dir='ltr'><strong>in</strong></span> <span class='ocrx_word' id='word_1_285' title='bbox 752 1833 803 1860; x_wconf 87' lang='lat' dir='ltr'><strong>Be-</strong></span> 
     </span>
    </p>
   </div>
   <div class='ocr_carea' id='block_1_41' title="bbox 22 1877 804 1913">
    <p class='ocr_par' dir='ltr' id='par_1_41' title="bbox 22 1877 804 1913">
     <span class='ocr_line' id='line_1_41' title="bbox 22 1877 804 1913; baseline 0.005 -11"><span class='ocrx_word' id='word_1_286' title='bbox 22 1877 110 1904; x_wconf 84' lang='lat' dir='ltr'><strong>thania</strong></span> <span class='ocrx_word' id='word_1_287' title='bbox 123 1878 149 1904; x_wconf 94' lang='lat' dir='ltr'><strong>in</strong></span> <span class='ocrx_word' id='word_1_288' title='bbox 168 1878 250 1905; x_wconf 90' lang='lat' dir='ltr'><strong>domo</strong></span> <span class='ocrx_word' id='word_1_289' title='bbox 261 1877 381 1906; x_wconf 86' lang='lat' dir='ltr'><strong>Simonis</strong></span> <span class='ocrx_word' id='word_1_290' title='bbox 390 1877 500 1912; x_wconf 86' lang='lat' dir='ltr'><strong>Leprosi</strong></span> <span class='ocrx_word' id='word_1_291' title='bbox 512 1878 612 1906; x_wconf 87' lang='lat' dir='ltr'><strong>factum</strong></span> <span class='ocrx_word' id='word_1_292' title='bbox 625 1883 676 1911; x_wconf 88' lang='lat' dir='ltr'><strong>est,</strong></span> <span class='ocrx_word' id='word_1_293' title='bbox 686 1879 737 1913; x_wconf 91' lang='lat' dir='ltr'><strong>ipsi</strong></span> <span class='ocrx_word' id='word_1_294' title='bbox 749 1883 804 1906; x_wconf 88' lang='lat' dir='ltr'><strong>tres</strong></span> 
     </span>
    </p>
   </div>
   <div class='ocr_carea' id='block_1_42' title="bbox 22 1922 802 1958">
    <p class='ocr_par' dir='ltr' id='par_1_42' title="bbox 22 1922 802 1958">
     <span class='ocr_line' id='line_1_42' title="bbox 22 1922 802 1958; baseline 0.001 -9"><span class='ocrx_word' id='word_1_295' title='bbox 22 1923 256 1958; x_wconf 84' lang='lat' dir='ltr'><strong>conscripserunt:</strong></span> <span class='ocrx_word' id='word_1_296' title='bbox 270 1922 390 1952; x_wconf 87' lang='lat' dir='ltr'><strong>Joannes</strong></span> <span class='ocrx_word' id='word_1_297' title='bbox 410 1929 500 1952; x_wconf 88' lang='lat' dir='ltr'><strong>autem</strong></span> <span class='ocrx_word' id='word_1_298' title='bbox 522 1924 681 1951; x_wconf 85' lang='lat' dir='ltr'><strong>Betltaniatn</strong></span> <span class='ocrx_word' id='word_1_299' title='bbox 695 1924 802 1958; x_wconf 82' lang='lat' dir='ltr'><strong>quidem</strong></span> 
     </span>
    </p>
   </div>
   <div class='ocr_carea' id='block_1_43' title="bbox 22 1967 803 2002">
    <p class='ocr_par' dir='ltr' id='par_1_43' title="bbox 22 1967 803 2002">
     <span class='ocr_line' id='line_1_43' title="bbox 22 1967 803 2002; baseline 0.004 -9"><span class='ocrx_word' id='word_1_300' title='bbox 22 1967 101 1999; x_wconf 82' lang='lat' dir='ltr'><strong>dixit,</strong></span> <span class='ocrx_word' id='word_1_301' title='bbox 119 1968 165 1995; x_wconf 91' lang='lat' dir='ltr'><strong>ubi</strong></span> <span class='ocrx_word' id='word_1_302' title='bbox 188 1968 304 2002; x_wconf 71' lang='lat' dir='ltr'><strong>fecerunt</strong></span> <span class='ocrx_word' id='word_1_303' title='bbox 321 1970 345 1996; x_wconf 89' lang='lat' dir='ltr'><strong>ei</strong></span> <span class='ocrx_word' id='word_1_304' title='bbox 361 1977 460 1996; x_wconf 71' lang='lat' dir='ltr'><strong>cauam</strong></span> <span class='ocrx_word' id='word_1_305' title='bbox 472 1991 479 2002; x_wconf 89' lang='lat'><strong>,</strong></span> <span class='ocrx_word' id='word_1_306' title='bbox 495 1975 522 1997; x_wconf 90' lang='lat' dir='ltr'><strong>et</strong></span> <span class='ocrx_word' id='word_1_307' title='bbox 540 1969 645 1996; x_wconf 77' lang='lat' dir='ltr'><strong>Martha</strong></span> <span class='ocrx_word' id='word_1_308' title='bbox 665 1970 803 1996; x_wconf 81' lang='lat' dir='ltr'><strong>ministra-</strong></span> 
     </span>
    </p>
   </div>
   <div class='ocr_carea' id='block_1_44' title="bbox 22 2013 805 2048">
    <p class='ocr_par' dir='ltr' id='par_1_44' title="bbox 22 2013 805 2048">
     <span class='ocr_line' id='line_1_44' title="bbox 22 2013 805 2048; baseline 0.005 -9"><span class='ocrx_word' id='word_1_309' title='bbox 22 2014 81 2046; x_wconf 80' lang='lat' dir='ltr'><strong>bat,</strong></span> <span class='ocrx_word' id='word_1_310' title='bbox 106 2018 133 2040; x_wconf 85' lang='lat' dir='ltr'><strong>et</strong></span> <span class='ocrx_word' id='word_1_311' title='bbox 150 2013 270 2041; x_wconf 81' lang='lat' dir='ltr'><strong>Lazarus</strong></span> <span class='ocrx_word' id='word_1_312' title='bbox 285 2023 352 2041; x_wconf 82' lang='lat' dir='ltr'><strong>unus</strong></span> <span class='ocrx_word' id='word_1_313' title='bbox 378 2020 436 2042; x_wconf 87' lang='lat' dir='ltr'><strong>erat</strong></span> <span class='ocrx_word' id='word_1_314' title='bbox 464 2023 497 2042; x_wconf 71' lang='lat' dir='ltr'><strong>ex</strong></span> <span class='ocrx_word' id='word_1_315' title='bbox 516 2015 751 2048; x_wconf 79' lang='lat' dir='ltr'><strong>diseumbentibus,</strong></span> <span class='ocrx_word' id='word_1_316' title='bbox 777 2021 805 2043; x_wconf 90' lang='lat' dir='ltr'><strong>et</strong></span> 
     </span>
    </p>
   </div>
   <div class='ocr_carea' id='block_1_45' title="bbox 22 2057 804 2095">
    <p class='ocr_par' dir='ltr' id='par_1_45' title="bbox 22 2057 804 2095">
     <span class='ocr_line' id='line_1_45' title="bbox 22 2057 804 2095; baseline 0.005 -12"><span class='ocrx_word' id='word_1_317' title='bbox 22 2057 106 2084; x_wconf 74' lang='lat' dir='ltr'><strong>Maria</strong></span> <span class='ocrx_word' id='word_1_318' title='bbox 136 2059 237 2093; x_wconf 75' lang='lat' dir='ltr'><strong>accepit</strong></span> <span class='ocrx_word' id='word_1_319' title='bbox 258 2059 355 2086; x_wconf 86' lang='lat' dir='ltr'><strong>libram</strong></span> <span class='ocrx_word' id='word_1_320' title='bbox 376 2060 503 2094; x_wconf 84' lang='lat' dir='ltr'><strong>unguenti</strong></span> <span class='ocrx_word' id='word_1_321' title='bbox 535 2061 614 2087; x_wconf 85' lang='lat' dir='ltr'><strong>nardi</strong></span> <span class='ocrx_word' id='word_1_322' title='bbox 638 2061 724 2094; x_wconf 79' lang='lat' dir='ltr'><strong>pistici</strong></span> <span class='ocrx_word' id='word_1_323' title='bbox 745 2069 804 2095; x_wconf 84' lang='lat' dir='ltr'><strong>pre-</strong></span> 
     </span>
    </p>
   </div>
   <div class='ocr_carea' id='block_1_46' title="bbox 22 2102 803 2140">
    <p class='ocr_par' dir='ltr' id='par_1_46' title="bbox 22 2102 803 2140">
     <span class='ocr_line' id='line_1_46' title="bbox 22 2102 803 2140; baseline 0.005 -12"><span class='ocrx_word' id='word_1_324' title='bbox 22 2102 89 2135; x_wconf 74' lang='lat' dir='ltr'><strong>tiosi,</strong></span> <span class='ocrx_word' id='word_1_325' title='bbox 103 2107 130 2130; x_wconf 89' lang='lat' dir='ltr'><strong>et</strong></span> <span class='ocrx_word' id='word_1_326' title='bbox 153 2108 250 2130; x_wconf 72' lang='lat' dir='ltr'><strong>caetera</strong></span> <span class='ocrx_word' id='word_1_327' title='bbox 261 2103 294 2130; x_wconf 86' lang='grc'><strong>⁵¹.</strong></span> <span class='ocrx_word' id='word_1_328' title='bbox 322 2103 360 2130; x_wconf 83' lang='lat' dir='ltr'><strong>Ex</strong></span> <span class='ocrx_word' id='word_1_329' title='bbox 379 2105 479 2138; x_wconf 87' lang='lat' dir='ltr'><strong>quibus</strong></span> <span class='ocrx_word' id='word_1_330' title='bbox 499 2110 611 2139; x_wconf 86' lang='lat' dir='ltr'><strong>apparet</strong></span> <span class='ocrx_word' id='word_1_331' title='bbox 631 2105 693 2140; x_wconf 88' lang='lat' dir='ltr'><strong>quia</strong></span> <span class='ocrx_word' id='word_1_332' title='bbox 713 2106 762 2140; x_wconf 81' lang='lat' dir='ltr'><strong>ipsi</strong></span> <span class='ocrx_word' id='word_1_333' title='bbox 778 2105 803 2132; x_wconf 89' lang='lat' dir='ltr'><strong>ei</strong></span> 
     </span>
    </p>
   </div>
   <div class='ocr_carea' id='block_1_47' title="bbox 22 2146 802 2184">
    <p class='ocr_par' dir='ltr' id='par_1_47' title="bbox 22 2146 802 2184">
     <span class='ocr_line' id='line_1_47' title="bbox 22 2146 802 2184; baseline 0.005 -11"><span class='ocrx_word' id='word_1_334' title='bbox 22 2146 140 2175; x_wconf 82' lang='lat' dir='ltr'><strong>iecerunt</strong></span> <span class='ocrx_word' id='word_1_335' title='bbox 162 2155 280 2175; x_wconf 80' lang='lat' dir='ltr'><strong>cmnatn.</strong></span> <span class='ocrx_word' id='word_1_336' title='bbox 309 2148 396 2176; x_wconf 86' lang='lat' dir='ltr'><strong>Lucas</strong></span> <span class='ocrx_word' id='word_1_337' title='bbox 419 2154 520 2182; x_wconf 89' lang='lat' dir='ltr'><strong>autent,</strong></span> <span class='ocrx_word' id='word_1_338' title='bbox 536 2151 660 2184; x_wconf 77' lang='lat' dir='ltr'><strong>quamvis</strong></span> <span class='ocrx_word' id='word_1_339' title='bbox 684 2158 738 2177; x_wconf 93' lang='lat' dir='ltr'><strong>non</strong></span> <span class='ocrx_word' id='word_1_340' title='bbox 763 2151 802 2178; x_wconf 84' lang='lat' dir='ltr'><strong>le-</strong></span> 
     </span>
    </p>
   </div>
   <div class='ocr_carea' id='block_1_48' title="bbox 817 1534 838 1563">
    <p class='ocr_par' dir='ltr' id='par_1_48' title="bbox 817 1534 838 1563">
     <span class='ocr_line' id='line_1_48' title="bbox 817 1534 838 1563; baseline 0 -2"><span class='ocrx_word' id='word_1_341' title='bbox 817 1534 838 1563; x_wconf 89' lang='lat' dir='ltr'><strong>C</strong></span> 
     </span>
    </p>
   </div>
   <div class='ocr_carea' id='block_1_49' title="bbox 853 245 1638 281">
    <p class='ocr_par' dir='ltr' id='par_1_49' title="bbox 853 245 1638 281">
     <span class='ocr_line' id='line_1_49' title="bbox 853 245 1638 281; baseline 0.004 -9"><span class='ocrx_word' id='word_1_342' title='bbox 853 245 976 278; x_wconf 89' lang='lat' dir='ltr'><strong>tellectu,</strong></span> <span class='ocrx_word' id='word_1_343' title='bbox 1003 249 1029 272; x_wconf 90' lang='lat' dir='ltr'><strong>ct</strong></span> <span class='ocrx_word' id='word_1_344' title='bbox 1055 245 1080 272; x_wconf 94' lang='lat' dir='ltr'><strong>iu</strong></span> <span class='ocrx_word' id='word_1_345' title='bbox 1107 246 1202 273; x_wconf 88' lang='lat' dir='ltr'><strong>eodem</strong></span> <span class='ocrx_word' id='word_1_346' title='bbox 1224 247 1340 281; x_wconf 88' lang='lat' dir='ltr'><strong>spiritu,</strong></span> <span class='ocrx_word' id='word_1_347' title='bbox 1362 252 1388 275; x_wconf 90' lang='lat' dir='ltr'><strong>et</strong></span> <span class='ocrx_word' id='word_1_348' title='bbox 1411 247 1438 274; x_wconf 93' lang='lat' dir='ltr'><strong>in</strong></span> <span class='ocrx_word' id='word_1_349' title='bbox 1459 248 1553 275; x_wconf 87' lang='lat' dir='ltr'><strong>eadem</strong></span> <span class='ocrx_word' id='word_1_350' title='bbox 1576 256 1638 275; x_wconf 82' lang='lat' dir='ltr'><strong>scn-</strong></span> 
     </span>
    </p>
   </div>
   <div class='ocr_carea' id='block_1_50' title="bbox 853 290 1637 325">
    <p class='ocr_par' dir='ltr' id='par_1_50' title="bbox 853 290 1637 325">
     <span class='ocr_line' id='line_1_50' title="bbox 853 290 1637 325; baseline 0.001 -8"><span class='ocrx_word' id='word_1_351' title='bbox 853 291 947 324; x_wconf 86' lang='lat' dir='ltr'><strong>tentia,</strong></span> <span class='ocrx_word' id='word_1_352' title='bbox 961 291 1007 325; x_wconf 90' lang='lat' dir='ltr'><strong>qui</strong></span> <span class='ocrx_word' id='word_1_353' title='bbox 1030 290 1137 318; x_wconf 86' lang='lat' dir='ltr'><strong>fuerant</strong></span> <span class='ocrx_word' id='word_1_354' title='bbox 1160 292 1340 319; x_wconf 86' lang='lat' dir='ltr'><strong>ministraturi</strong></span> <span class='ocrx_word' id='word_1_355' title='bbox 1366 293 1481 320; x_wconf 85' lang='lat' dir='ltr'><strong>salutent</strong></span> <span class='ocrx_word' id='word_1_356' title='bbox 1504 293 1637 321; x_wconf 81' lang='lat' dir='ltr'><strong>Ecclesia-</strong></span> 
     </span>
    </p>
   </div>
   <div class='ocr_carea' id='block_1_51' title="bbox 852 337 1638 374">
    <p class='ocr_par' dir='ltr' id='par_1_51' title="bbox 852 337 1638 374">
     <span class='ocr_line' id='line_1_51' title="bbox 852 337 1638 374; baseline 0.004 -11"><span class='ocrx_word' id='word_1_357' title='bbox 852 344 931 368; x_wconf 88' lang='lat' dir='ltr'><strong>rum,</strong></span> <span class='ocrx_word' id='word_1_358' title='bbox 957 337 1093 364; x_wconf 88' lang='lat' dir='ltr'><strong>contraria</strong></span> <span class='ocrx_word' id='word_1_359' title='bbox 1123 337 1175 364; x_wconf 89' lang='lat' dir='ltr'><strong>sibi</strong></span> <span class='ocrx_word' id='word_1_360' title='bbox 1203 337 1347 365; x_wconf 78' lang='lat' dir='ltr'><strong>dixissent.</strong></span> <span class='ocrx_word' id='word_1_361' title='bbox 1371 339 1398 365; x_wconf 86' lang='lat' dir='ltr'><strong>Si</strong></span> <span class='ocrx_word' id='word_1_362' title='bbox 1426 343 1516 366; x_wconf 82' lang='lat' dir='ltr'><strong>autem</strong></span> <span class='ocrx_word' id='word_1_363' title='bbox 1540 339 1638 374; x_wconf 86' lang='lat' dir='ltr'><strong>aliquis</strong></span> 
     </span>
    </p>
   </div>
   <div class='ocr_carea' id='block_1_52' title="bbox 851 381 1639 418">
    <p class='ocr_par' dir='ltr' id='par_1_52' title="bbox 851 381 1639 418">
     <span class='ocr_line' id='line_1_52' title="bbox 851 381 1639 418; baseline 0.004 -10"><span class='ocrx_word' id='word_1_364' title='bbox 851 381 1000 409; x_wconf 82' lang='lat' dir='ltr'><strong>arbitratur</strong></span> <span class='ocrx_word' id='word_1_365' title='bbox 1024 381 1110 416; x_wconf 89' lang='lat' dir='ltr'><strong>ipsam</strong></span> <span class='ocrx_word' id='word_1_366' title='bbox 1135 381 1220 409; x_wconf 84' lang='lat' dir='ltr'><strong>fuisse</strong></span> <span class='ocrx_word' id='word_1_367' title='bbox 1242 391 1303 417; x_wconf 70' lang='lat' dir='ltr'><strong>quas</strong></span> <span class='ocrx_word' id='word_1_368' title='bbox 1327 384 1405 410; x_wconf 86' lang='lat' dir='ltr'><strong>unxit</strong></span> <span class='ocrx_word' id='word_1_369' title='bbox 1422 388 1561 418; x_wconf 85' lang='lat' dir='ltr'><strong>unguento</strong></span> <span class='ocrx_word' id='word_1_370' title='bbox 1586 383 1639 411; x_wconf 89' lang='lat' dir='ltr'><strong>Do-</strong></span> 
     </span>
    </p>
   </div>
   <div class='ocr_carea' id='block_1_53' title="bbox 851 426 1638 461">
    <p class='ocr_par' dir='ltr' id='par_1_53' title="bbox 851 426 1638 461">
     <span class='ocr_line' id='line_1_53' title="bbox 851 426 1638 461; baseline 0.005 -9"><span class='ocrx_word' id='word_1_371' title='bbox 851 426 918 452; x_wconf 93' lang='lat' dir='ltr'><strong>mini</strong></span> <span class='ocrx_word' id='word_1_372' title='bbox 935 427 1017 460; x_wconf 86' lang='lat' dir='ltr'><strong>pedes</strong></span> <span class='ocrx_word' id='word_1_373' title='bbox 1031 426 1102 461; x_wconf 92' lang='lat' dir='ltr'><strong>apud</strong></span> <span class='ocrx_word' id='word_1_374' title='bbox 1119 426 1221 453; x_wconf 88' lang='lat' dir='ltr'><strong>Lucam</strong></span> <span class='ocrx_word' id='word_1_375' title='bbox 1236 432 1262 453; x_wconf 82' lang='lat' dir='ltr'><strong>et</strong></span> <span class='ocrx_word' id='word_1_376' title='bbox 1278 427 1422 460; x_wconf 82' lang='lat' dir='ltr'><strong>Joannem,</strong></span> <span class='ocrx_word' id='word_1_377' title='bbox 1434 429 1507 455; x_wconf 82' lang='lat' dir='ltr'><strong>dicat</strong></span> <span class='ocrx_word' id='word_1_378' title='bbox 1520 429 1598 456; x_wconf 91' lang='lat' dir='ltr'><strong>nobis</strong></span> <span class='ocrx_word' id='word_1_379' title='bbox 1615 429 1638 456; x_wconf 91' lang='lat' dir='ltr'><strong>si</strong></span> 
     </span>
    </p>
   </div>
   <div class='ocr_carea' id='block_1_54' title="bbox 852 469 1638 506">
    <p class='ocr_par' dir='ltr' id='par_1_54' title="bbox 852 469 1638 506">
     <span class='ocr_line' id='line_1_54' title="bbox 852 469 1638 506; baseline 0.003 -10"><span class='ocrx_word' id='word_1_380' title='bbox 852 469 935 497; x_wconf 90' lang='lat' dir='ltr'><strong>Maria</strong></span> <span class='ocrx_word' id='word_1_381' title='bbox 951 470 1009 505; x_wconf 91' lang='lat' dir='ltr'><strong>ipsa</strong></span> <span class='ocrx_word' id='word_1_382' title='bbox 1022 475 1081 498; x_wconf 90' lang='lat' dir='ltr'><strong>crat</strong></span> <span class='ocrx_word' id='word_1_383' title='bbox 1091 479 1152 506; x_wconf 64' lang='lat' dir='ltr'><strong>qum</strong></span> <span class='ocrx_word' id='word_1_384' title='bbox 1169 471 1239 505; x_wconf 92' lang='lat' dir='ltr'><strong>apud</strong></span> <span class='ocrx_word' id='word_1_385' title='bbox 1255 470 1354 498; x_wconf 83' lang='lat' dir='ltr'><strong>Lucam</strong></span> <span class='ocrx_word' id='word_1_386' title='bbox 1372 471 1456 498; x_wconf 88' lang='lat' dir='ltr'><strong>fuisse</strong></span> <span class='ocrx_word' id='word_1_387' title='bbox 1469 472 1597 499; x_wconf 88' lang='lat' dir='ltr'><strong>scribitur</strong></span> <span class='ocrx_word' id='word_1_388' title='bbox 1611 472 1638 498; x_wconf 90' lang='lat' dir='ltr'><strong>in</strong></span> 
     </span>
    </p>
   </div>
   <div class='ocr_carea' id='block_1_55' title="bbox 852 515 1636 551">
    <p class='ocr_par' dir='ltr' id='par_1_55' title="bbox 852 515 1636 551">
     <span class='ocr_line' id='line_1_55' title="bbox 852 515 1636 551; baseline 0.001 -9"><span class='ocrx_word' id='word_1_389' title='bbox 852 515 962 543; x_wconf 85' lang='lat' dir='ltr'><strong>civitate</strong></span> <span class='ocrx_word' id='word_1_390' title='bbox 972 515 1118 550; x_wconf 82' lang='lat' dir='ltr'><strong>peccatrix,</strong></span> <span class='ocrx_word' id='word_1_391' title='bbox 1131 524 1192 550; x_wconf 70' lang='lat' dir='ltr'><strong>quae</strong></span> <span class='ocrx_word' id='word_1_392' title='bbox 1210 516 1319 543; x_wconf 88' lang='lat' dir='ltr'><strong>discens</strong></span> <span class='ocrx_word' id='word_1_393' title='bbox 1331 517 1462 551; x_wconf 88' lang='lat' dir='ltr'><strong>quoniam</strong></span> <span class='ocrx_word' id='word_1_394' title='bbox 1474 517 1599 544; x_wconf 85' lang='lat' dir='ltr'><strong>recubuit</strong></span> <span class='ocrx_word' id='word_1_395' title='bbox 1610 517 1636 543; x_wconf 89' lang='lat' dir='ltr'><strong>itt</strong></span> 
     </span>
    </p>
   </div>
   <div class='ocr_carea' id='block_1_56' title="bbox 852 561 1637 597">
    <p class='ocr_par' dir='ltr' id='par_1_56' title="bbox 852 561 1637 597">
     <span class='ocr_line' id='line_1_56' title="bbox 852 561 1637 597; baseline 0.003 -9"><span class='ocrx_word' id='word_1_396' title='bbox 852 561 934 588; x_wconf 90' lang='lat' dir='ltr'><strong>domo</strong></span> <span class='ocrx_word' id='word_1_397' title='bbox 955 561 1102 594; x_wconf 58' lang='lat' dir='ltr'><strong>Pharisaei,</strong></span> <span class='ocrx_word' id='word_1_398' title='bbox 1128 561 1218 588; x_wconf 89' lang='lat' dir='ltr'><strong>attulit</strong></span> <span class='ocrx_word' id='word_1_399' title='bbox 1244 562 1410 589; x_wconf 88' lang='lat' dir='ltr'><strong>alabastrum</strong></span> <span class='ocrx_word' id='word_1_400' title='bbox 1438 563 1588 597; x_wconf 82' lang='lat' dir='ltr'><strong>unguenti,</strong></span> <span class='ocrx_word' id='word_1_401' title='bbox 1609 568 1637 590; x_wconf 91' lang='lat' dir='ltr'><strong>et</strong></span> 
     </span>
    </p>
   </div>
   <div class='ocr_carea' id='block_1_57' title="bbox 853 607 1639 643">
    <p class='ocr_par' dir='ltr' id='par_1_57' title="bbox 853 607 1639 643">
     <span class='ocr_line' id='line_1_57' title="bbox 853 607 1639 643; baseline 0.001 -9"><span class='ocrx_word' id='word_1_402' title='bbox 853 612 929 634; x_wconf 86' lang='lat' dir='ltr'><strong>stans</strong></span> <span class='ocrx_word' id='word_1_403' title='bbox 955 613 1028 634; x_wconf 88' lang='lat' dir='ltr'><strong>retro</strong></span> <span class='ocrx_word' id='word_1_404' title='bbox 1054 615 1133 634; x_wconf 87' lang='lat' dir='ltr'><strong>secus</strong></span> <span class='ocrx_word' id='word_1_405' title='bbox 1161 607 1243 641; x_wconf 85' lang='lat' dir='ltr'><strong>pedes</strong></span> <span class='ocrx_word' id='word_1_406' title='bbox 1270 608 1330 642; x_wconf 85' lang='lat' dir='ltr'><strong>ejus</strong></span> <span class='ocrx_word' id='word_1_407' title='bbox 1354 607 1484 642; x_wconf 87' lang='lat' dir='ltr'><strong>plorans,</strong></span> <span class='ocrx_word' id='word_1_408' title='bbox 1511 608 1639 643; x_wconf 85' lang='lat' dir='ltr'><strong>lacrymis</strong></span> 
     </span>
    </p>
   </div>
   <div class='ocr_carea' id='block_1_58' title="bbox 855 652 1637 688">
    <p class='ocr_par' dir='ltr' id='par_1_58' title="bbox 855 652 1637 688">
     <span class='ocr_line' id='line_1_58' title="bbox 855 652 1637 688; baseline 0.001 -8"><span class='ocrx_word' id='word_1_409' title='bbox 855 653 960 680; x_wconf 87' lang='lat' dir='ltr'><strong>lavabat</strong></span> <span class='ocrx_word' id='word_1_410' title='bbox 975 653 1055 687; x_wconf 86' lang='lat' dir='ltr'><strong>pedes</strong></span> <span class='ocrx_word' id='word_1_411' title='bbox 1069 653 1138 688; x_wconf 86' lang='lat' dir='ltr'><strong>ejus.</strong></span> <span class='ocrx_word' id='word_1_412' title='bbox 1152 652 1207 680; x_wconf 88' lang='lat' dir='ltr'><strong>Nec</strong></span> <span class='ocrx_word' id='word_1_413' title='bbox 1226 653 1298 680; x_wconf 89' lang='lat' dir='ltr'><strong>ettim</strong></span> <span class='ocrx_word' id='word_1_414' title='bbox 1315 653 1445 681; x_wconf 87' lang='lat' dir='ltr'><strong>credibile</strong></span> <span class='ocrx_word' id='word_1_415' title='bbox 1458 660 1500 681; x_wconf 89' lang='lat' dir='ltr'><strong>est</strong></span> <span class='ocrx_word' id='word_1_416' title='bbox 1512 659 1541 681; x_wconf 92' lang='lat' dir='ltr'><strong>ut</strong></span> <span class='ocrx_word' id='word_1_417' title='bbox 1555 654 1637 681; x_wconf 83' lang='lat' dir='ltr'><strong>Maria</strong></span> 
     </span>
    </p>
   </div>
   <div class='ocr_carea' id='block_1_59' title="bbox 853 698 1637 734">
    <p class='ocr_par' dir='ltr' id='par_1_59' title="bbox 853 698 1637 734">
     <span class='ocr_line' id='line_1_59' title="bbox 853 698 1637 734; baseline 0.001 -8"><span class='ocrx_word' id='word_1_418' title='bbox 853 707 934 734; x_wconf 90' lang='lat' dir='ltr'><strong>quam</strong></span> <span class='ocrx_word' id='word_1_419' title='bbox 949 698 1078 734; x_wconf 78' lang='lat' dir='ltr'><strong>diligebat</strong></span> <span class='ocrx_word' id='word_1_420' title='bbox 1091 698 1182 729; x_wconf 82' lang='lat' dir='ltr'><strong>Jesus.</strong></span> <span class='ocrx_word' id='word_1_421' title='bbox 1197 706 1275 726; x_wconf 88' lang='lat' dir='ltr'><strong>soror</strong></span> <span class='ocrx_word' id='word_1_422' title='bbox 1293 699 1404 727; x_wconf 54' lang='lat' dir='ltr'><strong>Marthae</strong></span> <span class='ocrx_word' id='word_1_423' title='bbox 1418 707 1480 734; x_wconf 66' lang='lat' dir='ltr'><strong>quae</strong></span> <span class='ocrx_word' id='word_1_424' title='bbox 1497 701 1637 727; x_wconf 88' lang='lat' dir='ltr'><strong>meliorem</strong></span> 
     </span>
    </p>
   </div>
   <div class='ocr_carea' id='block_1_60' title="bbox 853 744 1638 780">
    <p class='ocr_par' dir='ltr' id='par_1_60' title="bbox 853 744 1638 780">
     <span class='ocr_line' id='line_1_60' title="bbox 853 744 1638 780; baseline 0 -8"><span class='ocrx_word' id='word_1_425' title='bbox 853 746 971 780; x_wconf 81' lang='lat' dir='ltr'><strong>elegerat</strong></span> <span class='ocrx_word' id='word_1_426' title='bbox 981 750 1095 779; x_wconf 89' lang='lat' dir='ltr'><strong>partem,</strong></span> <span class='ocrx_word' id='word_1_427' title='bbox 1109 745 1246 779; x_wconf 81' lang='lat' dir='ltr'><strong>peccatrix</strong></span> <span class='ocrx_word' id='word_1_428' title='bbox 1258 744 1285 771; x_wconf 93' lang='lat' dir='ltr'><strong>itt</strong></span> <span class='ocrx_word' id='word_1_429' title='bbox 1300 745 1409 772; x_wconf 80' lang='lat' dir='ltr'><strong>civitate</strong></span> <span class='ocrx_word' id='word_1_430' title='bbox 1422 744 1507 772; x_wconf 89' lang='lat' dir='ltr'><strong>fuisse</strong></span> <span class='ocrx_word' id='word_1_431' title='bbox 1521 746 1638 773; x_wconf 84' lang='lat' dir='ltr'><strong>dicatur.</strong></span> 
     </span>
    </p>
   </div>
   <div class='ocr_carea' id='block_1_61' title="bbox 854 790 1637 825">
    <p class='ocr_par' dir='ltr' id='par_1_61' title="bbox 854 790 1637 825">
     <span class='ocr_line' id='line_1_61' title="bbox 854 790 1637 825; baseline 0 -8"><span class='ocrx_word' id='word_1_432' title='bbox 854 790 887 817; x_wconf 88' lang='lat' dir='ltr'><strong>Et</strong></span> <span class='ocrx_word' id='word_1_433' title='bbox 902 795 981 825; x_wconf 89' lang='lat' dir='ltr'><strong>putas</strong></span> <span class='ocrx_word' id='word_1_434' title='bbox 995 790 1057 824; x_wconf 90' lang='lat' dir='ltr'><strong>quia</strong></span> <span class='ocrx_word' id='word_1_435' title='bbox 1072 790 1169 817; x_wconf 87' lang='lat' dir='ltr'><strong>mulier</strong></span> <span class='ocrx_word' id='word_1_436' title='bbox 1184 797 1245 824; x_wconf 77' lang='lat' dir='ltr'><strong>quae</strong></span> <span class='ocrx_word' id='word_1_437' title='bbox 1268 790 1417 817; x_wconf 87' lang='lat' dir='ltr'><strong>secuttdum</strong></span> <span class='ocrx_word' id='word_1_438' title='bbox 1443 790 1597 818; x_wconf 75' lang='lat' dir='ltr'><strong>Mattltaeum</strong></span> <span class='ocrx_word' id='word_1_439' title='bbox 1613 795 1637 817; x_wconf 85' lang='lat' dir='ltr'><strong>ct</strong></span> 
     </span>
    </p>
   </div>
   <div class='ocr_carea' id='block_1_62' title="bbox 855 835 1639 871">
    <p class='ocr_par' dir='ltr' id='par_1_62' title="bbox 855 835 1639 871">
     <span class='ocr_line' id='line_1_62' title="bbox 855 835 1639 871; baseline 0.001 -9"><span class='ocrx_word' id='word_1_440' title='bbox 855 835 974 862; x_wconf 80' lang='lat' dir='ltr'><strong>Marcum</strong></span> <span class='ocrx_word' id='word_1_441' title='bbox 996 835 1089 862; x_wconf 69' lang='lat' dir='ltr'><strong>ctiudit</strong></span> <span class='ocrx_word' id='word_1_442' title='bbox 1115 843 1196 870; x_wconf 89' lang='lat' dir='ltr'><strong>super</strong></span> <span class='ocrx_word' id='word_1_443' title='bbox 1220 840 1301 870; x_wconf 87' lang='lat' dir='ltr'><strong>caput</strong></span> <span class='ocrx_word' id='word_1_444' title='bbox 1325 835 1389 863; x_wconf 89' lang='lat' dir='ltr'><strong>Jesu</strong></span> <span class='ocrx_word' id='word_1_445' title='bbox 1415 836 1565 871; x_wconf 90' lang='lat' dir='ltr'><strong>pretiosum</strong></span> <span class='ocrx_word' id='word_1_446' title='bbox 1589 844 1639 863; x_wconf 84' lang='lat' dir='ltr'><strong>un-</strong></span> 
     </span>
    </p>
   </div>
   <div class='ocr_carea' id='block_1_63' title="bbox 854 880 1639 915">
    <p class='ocr_par' dir='ltr' id='par_1_63' title="bbox 854 880 1639 915">
     <span class='ocr_line' id='line_1_63' title="bbox 854 880 1639 915; baseline 0.001 -8"><span class='ocrx_word' id='word_1_447' title='bbox 854 885 1001 915; x_wconf 76' lang='lat' dir='ltr'><strong>guentum,</strong></span> <span class='ocrx_word' id='word_1_448' title='bbox 1022 885 1119 908; x_wconf 90' lang='lat' dir='ltr'><strong>eventu</strong></span> <span class='ocrx_word' id='word_1_449' title='bbox 1144 889 1196 907; x_wconf 94' lang='lat' dir='ltr'><strong>non</strong></span> <span class='ocrx_word' id='word_1_450' title='bbox 1221 881 1351 908; x_wconf 85' lang='lat' dir='ltr'><strong>scribitur</strong></span> <span class='ocrx_word' id='word_1_451' title='bbox 1372 880 1457 908; x_wconf 79' lang='lat' dir='ltr'><strong>fuisse</strong></span> <span class='ocrx_word' id='word_1_452' title='bbox 1483 882 1639 915; x_wconf 76' lang='lat' dir='ltr'><strong>peccatrix!</strong></span> 
     </span>
    </p>
   </div>
   <div class='ocr_carea' id='block_1_64' title="bbox 855 926 1640 962">
    <p class='ocr_par' dir='ltr' id='par_1_64' title="bbox 855 926 1640 962">
     <span class='ocr_line' id='line_1_64' title="bbox 855 926 1640 962; baseline 0.001 -9"><span class='ocrx_word' id='word_1_453' title='bbox 855 927 920 959; x_wconf 78' lang='lat' dir='ltr'><strong>Quae</strong></span> <span class='ocrx_word' id='word_1_454' title='bbox 946 931 1039 953; x_wconf 87' lang='lat' dir='ltr'><strong>atttem</strong></span> <span class='ocrx_word' id='word_1_455' title='bbox 1065 927 1214 954; x_wconf 89' lang='lat' dir='ltr'><strong>secundum</strong></span> <span class='ocrx_word' id='word_1_456' title='bbox 1233 926 1334 954; x_wconf 83' lang='lat' dir='ltr'><strong>Lucam</strong></span> <span class='ocrx_word' id='word_1_457' title='bbox 1353 927 1490 962; x_wconf 83' lang='lat' dir='ltr'><strong>peccatrix</strong></span> <span class='ocrx_word' id='word_1_458' title='bbox 1512 928 1640 961; x_wconf 78' lang='lat' dir='ltr'><strong>refertur,</strong></span> 
     </span>
    </p>
   </div>
   <div class='ocr_carea' id='block_1_65' title="bbox 855 972 1640 1009">
    <p class='ocr_par' dir='ltr' id='par_1_65' title="bbox 855 972 1640 1009">
     <span class='ocr_line' id='line_1_65' title="bbox 855 972 1640 1009; baseline 0.003 -11"><span class='ocrx_word' id='word_1_459' title='bbox 855 980 908 999; x_wconf 89' lang='lat' dir='ltr'><strong>non</strong></span> <span class='ocrx_word' id='word_1_460' title='bbox 921 972 971 999; x_wconf 81' lang='lat' dir='ltr'><strong>iuit</strong></span> <span class='ocrx_word' id='word_1_461' title='bbox 985 980 1052 999; x_wconf 88' lang='lat' dir='ltr'><strong>ausa</strong></span> <span class='ocrx_word' id='word_1_462' title='bbox 1069 973 1102 999; x_wconf 89' lang='lat' dir='ltr'><strong>ad</strong></span> <span class='ocrx_word' id='word_1_463' title='bbox 1120 977 1202 1007; x_wconf 86' lang='lat' dir='ltr'><strong>caput</strong></span> <span class='ocrx_word' id='word_1_464' title='bbox 1214 973 1315 1000; x_wconf 90' lang='lat' dir='ltr'><strong>Christi</strong></span> <span class='ocrx_word' id='word_1_465' title='bbox 1330 974 1433 1006; x_wconf 88' lang='lat' dir='ltr'><strong>venire,</strong></span> <span class='ocrx_word' id='word_1_466' title='bbox 1445 973 1492 1000; x_wconf 85' lang='lat' dir='ltr'><strong>sed</strong></span> <span class='ocrx_word' id='word_1_467' title='bbox 1512 974 1640 1009; x_wconf 85' lang='lat' dir='ltr'><strong>lacrymis</strong></span> 
     </span>
    </p>
   </div>
   <div class='ocr_carea' id='block_1_66' title="bbox 855 1018 1640 1054">
    <p class='ocr_par' dir='ltr' id='par_1_66' title="bbox 855 1018 1640 1054">
     <span class='ocr_line' id='line_1_66' title="bbox 855 1018 1640 1054; baseline 0.001 -9"><span class='ocrx_word' id='word_1_468' title='bbox 855 1018 936 1052; x_wconf 84' lang='lat' dir='ltr'><strong>pedes</strong></span> <span class='ocrx_word' id='word_1_469' title='bbox 950 1018 1008 1052; x_wconf 89' lang='lat' dir='ltr'><strong>ejus</strong></span> <span class='ocrx_word' id='word_1_470' title='bbox 1023 1018 1097 1050; x_wconf 83' lang='lat' dir='ltr'><strong>lavit,</strong></span> <span class='ocrx_word' id='word_1_471' title='bbox 1112 1018 1190 1052; x_wconf 91' lang='lat' dir='ltr'><strong>quasi</strong></span> <span class='ocrx_word' id='word_1_472' title='bbox 1203 1018 1246 1044; x_wconf 88' lang='lat' dir='ltr'><strong>vix</strong></span> <span class='ocrx_word' id='word_1_473' title='bbox 1267 1018 1349 1045; x_wconf 87' lang='lat' dir='ltr'><strong>etiam</strong></span> <span class='ocrx_word' id='word_1_474' title='bbox 1364 1019 1430 1054; x_wconf 80' lang='lat' dir='ltr'><strong>ipsis</strong></span> <span class='ocrx_word' id='word_1_475' title='bbox 1453 1019 1565 1053; x_wconf 86' lang='lat' dir='ltr'><strong>pedibus</strong></span> <span class='ocrx_word' id='word_1_476' title='bbox 1581 1019 1640 1053; x_wconf 84' lang='lat' dir='ltr'><strong>ejus</strong></span> 
     </span>
    </p>
   </div>
   <div class='ocr_carea' id='block_1_67' title="bbox 854 1063 1639 1098">
    <p class='ocr_par' dir='ltr' id='par_1_67' title="bbox 854 1063 1639 1098">
     <span class='ocr_line' id='line_1_67' title="bbox 854 1063 1639 1098; baseline 0.001 -9"><span class='ocrx_word' id='word_1_477' title='bbox 854 1063 945 1098; x_wconf 81' lang='lat' dir='ltr'><strong>digna,</strong></span> <span class='ocrx_word' id='word_1_478' title='bbox 959 1070 1015 1098; x_wconf 64' lang='lat' dir='ltr'><strong>prae</strong></span> <span class='ocrx_word' id='word_1_479' title='bbox 1028 1063 1138 1090; x_wconf 86' lang='lat' dir='ltr'><strong>tristitia</strong></span> <span class='ocrx_word' id='word_1_480' title='bbox 1152 1063 1340 1098; x_wconf 64' lang='lat' dir='ltr'><strong>paenitentiam</strong></span> <span class='ocrx_word' id='word_1_481' title='bbox 1362 1064 1390 1090; x_wconf 94' lang='lat' dir='ltr'><strong>in</strong></span> <span class='ocrx_word' id='word_1_482' title='bbox 1411 1064 1498 1091; x_wconf 90' lang='lat' dir='ltr'><strong>salute</strong></span> <span class='ocrx_word' id='word_1_483' title='bbox 1515 1064 1639 1091; x_wconf 83' lang='lat' dir='ltr'><strong>stabilem</strong></span> 
     </span>
    </p>
   </div>
   <div class='ocr_carea' id='block_1_68' title="bbox 855 1107 1639 1144">
    <p class='ocr_par' dir='ltr' id='par_1_68' title="bbox 855 1107 1639 1144">
     <span class='ocr_line' id='line_1_68' title="bbox 855 1107 1639 1144; baseline 0.001 -9"><span class='ocrx_word' id='word_1_484' title='bbox 855 1113 993 1143; x_wconf 87' lang='lat' dir='ltr'><strong>operante.</strong></span> <span class='ocrx_word' id='word_1_485' title='bbox 1011 1107 1044 1135; x_wconf 87' lang='lat' dir='ltr'><strong>Et</strong></span> <span class='ocrx_word' id='word_1_486' title='bbox 1061 1116 1121 1142; x_wconf 61' lang='lat' dir='ltr'><strong>quae</strong></span> <span class='ocrx_word' id='word_1_487' title='bbox 1144 1109 1295 1136; x_wconf 87' lang='lat' dir='ltr'><strong>secundum</strong></span> <span class='ocrx_word' id='word_1_488' title='bbox 1318 1108 1420 1136; x_wconf 88' lang='lat' dir='ltr'><strong>Lucam</strong></span> <span class='ocrx_word' id='word_1_489' title='bbox 1432 1114 1489 1141; x_wconf 81' lang='lat' dir='ltr'><strong>est,</strong></span> <span class='ocrx_word' id='word_1_490' title='bbox 1511 1110 1600 1144; x_wconf 88' lang='lat' dir='ltr'><strong>plorat</strong></span> <span class='ocrx_word' id='word_1_491' title='bbox 1614 1114 1639 1136; x_wconf 85' lang='lat' dir='ltr'><strong>et</strong></span> 
     </span>
    </p>
   </div>
   <div class='ocr_carea' id='block_1_69' title="bbox 855 1153 1638 1189">
    <p class='ocr_par' dir='ltr' id='par_1_69' title="bbox 855 1153 1638 1189">
     <span class='ocr_line' id='line_1_69' title="bbox 855 1153 1638 1189; baseline 0.001 -9"><span class='ocrx_word' id='word_1_492' title='bbox 855 1154 968 1181; x_wconf 88' lang='lat' dir='ltr'><strong>multttm</strong></span> <span class='ocrx_word' id='word_1_493' title='bbox 997 1154 1127 1189; x_wconf 79' lang='lat' dir='ltr'><strong>lacrymat</strong></span> <span class='ocrx_word' id='word_1_494' title='bbox 1152 1158 1182 1181; x_wconf 89' lang='lat' dir='ltr'><strong>ut</strong></span> <span class='ocrx_word' id='word_1_495' title='bbox 1203 1154 1284 1188; x_wconf 88' lang='lat' dir='ltr'><strong>pedes</strong></span> <span class='ocrx_word' id='word_1_496' title='bbox 1303 1153 1367 1181; x_wconf 85' lang='lat' dir='ltr'><strong>Jesu</strong></span> <span class='ocrx_word' id='word_1_497' title='bbox 1392 1155 1519 1189; x_wconf 86' lang='lat' dir='ltr'><strong>lacryntis</strong></span> <span class='ocrx_word' id='word_1_498' title='bbox 1545 1155 1638 1181; x_wconf 74' lang='lat' dir='ltr'><strong>lavet:</strong></span> 
     </span>
    </p>
   </div>
   <div class='ocr_carea' id='block_1_70' title="bbox 854 1198 1640 1234">
    <p class='ocr_par' dir='ltr' id='par_1_70' title="bbox 854 1198 1640 1234">
     <span class='ocr_line' id='line_1_70' title="bbox 854 1198 1640 1234; baseline 0.003 -9"><span class='ocrx_word' id='word_1_499' title='bbox 854 1207 914 1233; x_wconf 78' lang='lat' dir='ltr'><strong>quae</strong></span> <span class='ocrx_word' id='word_1_500' title='bbox 934 1204 1023 1226; x_wconf 89' lang='lat' dir='ltr'><strong>autem</strong></span> <span class='ocrx_word' id='word_1_501' title='bbox 1041 1199 1192 1226; x_wconf 76' lang='lat' dir='ltr'><strong>secundum</strong></span> <span class='ocrx_word' id='word_1_502' title='bbox 1214 1198 1346 1226; x_wconf 80' lang='lat' dir='ltr'><strong>Joannem</strong></span> <span class='ocrx_word' id='word_1_503' title='bbox 1366 1204 1408 1226; x_wconf 86' lang='lat' dir='ltr'><strong>est</strong></span> <span class='ocrx_word' id='word_1_504' title='bbox 1423 1199 1507 1226; x_wconf 88' lang='lat' dir='ltr'><strong>Maria</strong></span> <span class='ocrx_word' id='word_1_505' title='bbox 1521 1219 1529 1231; x_wconf 85' lang='grc'><em>,</em></span> <span class='ocrx_word' id='word_1_506' title='bbox 1552 1207 1640 1234; x_wconf 89' lang='lat' dir='ltr'><strong>neque</strong></span> 
     </span>
    </p>
   </div>
   <div class='ocr_carea' id='block_1_71' title="bbox 854 1242 1638 1278">
    <p class='ocr_par' dir='ltr' id='par_1_71' title="bbox 854 1242 1638 1278">
     <span class='ocr_line' id='line_1_71' title="bbox 854 1242 1638 1278; baseline -0.001 -8"><span class='ocrx_word' id='word_1_507' title='bbox 854 1243 1000 1277; x_wconf 80' lang='lat' dir='ltr'><strong>peccatrix,</strong></span> <span class='ocrx_word' id='word_1_508' title='bbox 1020 1250 1108 1278; x_wconf 88' lang='lat' dir='ltr'><strong>tteque</strong></span> <span class='ocrx_word' id='word_1_509' title='bbox 1122 1243 1277 1278; x_wconf 86' lang='lat' dir='ltr'><strong>lacrymans</strong></span> <span class='ocrx_word' id='word_1_510' title='bbox 1297 1242 1488 1270; x_wconf 85' lang='lat' dir='ltr'><strong>introducitur.</strong></span> <span class='ocrx_word' id='word_1_511' title='bbox 1514 1242 1638 1270; x_wconf 84' lang='lat' dir='ltr'><strong>Forsitan</strong></span> 
     </span>
    </p>
   </div>
   <div class='ocr_carea' id='block_1_72' title="bbox 853 1288 1639 1323">
    <p class='ocr_par' dir='ltr' id='par_1_72' title="bbox 853 1288 1639 1323">
     <span class='ocr_line' id='line_1_72' title="bbox 853 1288 1639 1323; baseline 0 -8"><span class='ocrx_word' id='word_1_512' title='bbox 853 1295 917 1322; x_wconf 81' lang='lat' dir='ltr'><strong>ergo</strong></span> <span class='ocrx_word' id='word_1_513' title='bbox 928 1288 990 1323; x_wconf 90' lang='lat' dir='ltr'><strong>quis</strong></span> <span class='ocrx_word' id='word_1_514' title='bbox 1004 1288 1075 1316; x_wconf 89' lang='lat' dir='ltr'><strong>dicet</strong></span> <span class='ocrx_word' id='word_1_515' title='bbox 1094 1293 1212 1323; x_wconf 87' lang='lat' dir='ltr'><strong>quatuor</strong></span> <span class='ocrx_word' id='word_1_516' title='bbox 1227 1288 1312 1316; x_wconf 87' lang='lat' dir='ltr'><strong>fuisse</strong></span> <span class='ocrx_word' id='word_1_517' title='bbox 1334 1289 1471 1320; x_wconf 87' lang='lat' dir='ltr'><strong>mulieres,</strong></span> <span class='ocrx_word' id='word_1_518' title='bbox 1484 1289 1517 1316; x_wconf 85' lang='lat' dir='ltr'><strong>de</strong></span> <span class='ocrx_word' id='word_1_519' title='bbox 1538 1289 1639 1323; x_wconf 80' lang='lat' dir='ltr'><strong>quibus</strong></span> 
     </span>
    </p>
   </div>
   <div class='ocr_carea' id='block_1_73' title="bbox 854 1334 1634 1369">
    <p class='ocr_par' dir='ltr' id='par_1_73' title="bbox 854 1334 1634 1369">
     <span class='ocr_line' id='line_1_73' title="bbox 854 1334 1634 1369; baseline 0 -9"><span class='ocrx_word' id='word_1_520' title='bbox 854 1334 1075 1369; x_wconf 84' lang='lat' dir='ltr'><strong>conscripserunt</strong></span> <span class='ocrx_word' id='word_1_521' title='bbox 1090 1334 1281 1369; x_wconf 70' lang='lat' dir='ltr'><strong>evangelistzr:</strong></span> <span class='ocrx_word' id='word_1_522' title='bbox 1300 1341 1350 1369; x_wconf 84' lang='lat' dir='ltr'><strong>ego</strong></span> <span class='ocrx_word' id='word_1_523' title='bbox 1363 1339 1454 1361; x_wconf 82' lang='lat' dir='ltr'><strong>autem</strong></span> <span class='ocrx_word' id='word_1_524' title='bbox 1474 1334 1559 1368; x_wconf 82' lang='lat' dir='ltr'><strong>magis</strong></span> <span class='ocrx_word' id='word_1_525' title='bbox 1570 1341 1634 1361; x_wconf 85' lang='lat' dir='ltr'><strong>cou-</strong></span> 
     </span>
    </p>
   </div>
   <div class='ocr_carea' id='block_1_74' title="bbox 854 1378 1635 1413">
    <p class='ocr_par' dir='ltr' id='par_1_74' title="bbox 854 1378 1635 1413">
     <span class='ocr_line' id='line_1_74' title="bbox 854 1378 1635 1413; baseline 0 -9"><span class='ocrx_word' id='word_1_526' title='bbox 854 1378 943 1405; x_wconf 87' lang='lat' dir='ltr'><strong>sentio</strong></span> <span class='ocrx_word' id='word_1_527' title='bbox 962 1382 1018 1406; x_wconf 87' lang='lat' dir='ltr'><strong>tres</strong></span> <span class='ocrx_word' id='word_1_528' title='bbox 1032 1378 1127 1410; x_wconf 87' lang='lat' dir='ltr'><strong>fuisse,</strong></span> <span class='ocrx_word' id='word_1_529' title='bbox 1139 1383 1166 1406; x_wconf 90' lang='lat' dir='ltr'><strong>et</strong></span> <span class='ocrx_word' id='word_1_530' title='bbox 1182 1386 1264 1405; x_wconf 90' lang='lat' dir='ltr'><strong>unam</strong></span> <span class='ocrx_word' id='word_1_531' title='bbox 1280 1378 1390 1413; x_wconf 89' lang='lat' dir='ltr'><strong>quidem</strong></span> <span class='ocrx_word' id='word_1_532' title='bbox 1407 1378 1440 1406; x_wconf 87' lang='lat' dir='ltr'><strong>de</strong></span> <span class='ocrx_word' id='word_1_533' title='bbox 1453 1386 1505 1412; x_wconf 85' lang='lat' dir='ltr'><strong>qua</strong></span> <span class='ocrx_word' id='word_1_534' title='bbox 1520 1378 1635 1405; x_wconf 84' lang='lat' dir='ltr'><strong>conscri-</strong></span> 
     </span>
    </p>
   </div>
   <div class='ocr_carea' id='block_1_75' title="bbox 855 1424 1637 1459">
    <p class='ocr_par' dir='ltr' id='par_1_75' title="bbox 855 1424 1637 1459">
     <span class='ocr_line' id='line_1_75' title="bbox 855 1424 1637 1459; baseline 0 -8"><span class='ocrx_word' id='word_1_535' title='bbox 855 1429 969 1459; x_wconf 88' lang='lat' dir='ltr'><strong>pserunt</strong></span> <span class='ocrx_word' id='word_1_536' title='bbox 990 1424 1134 1453; x_wconf 81' lang='lat' dir='ltr'><strong>Mattlueus</strong></span> <span class='ocrx_word' id='word_1_537' title='bbox 1148 1430 1175 1452; x_wconf 92' lang='lat' dir='ltr'><strong>et</strong></span> <span class='ocrx_word' id='word_1_538' title='bbox 1193 1425 1311 1457; x_wconf 88' lang='lat' dir='ltr'><strong>Marcus,</strong></span> <span class='ocrx_word' id='word_1_539' title='bbox 1334 1425 1437 1452; x_wconf 90' lang='lat' dir='ltr'><strong>nullam</strong></span> <span class='ocrx_word' id='word_1_540' title='bbox 1460 1424 1637 1452; x_wconf 77' lang='lat' dir='ltr'><strong>diiIurentiant</strong></span> 
     </span>
    </p>
   </div>
   <div class='ocr_carea' id='block_1_76' title="bbox 854 1471 1638 1506">
    <p class='ocr_par' dir='ltr' id='par_1_76' title="bbox 854 1471 1638 1506">
     <span class='ocr_line' id='line_1_76' title="bbox 854 1471 1638 1506; baseline -0.001 -8"><span class='ocrx_word' id='word_1_541' title='bbox 854 1471 1033 1505; x_wconf 88' lang='lat' dir='ltr'><strong>expositionis</strong></span> <span class='ocrx_word' id='word_1_542' title='bbox 1049 1480 1105 1500; x_wconf 69' lang='lat' dir='ltr'><strong>suae</strong></span> <span class='ocrx_word' id='word_1_543' title='bbox 1117 1471 1246 1499; x_wconf 84' lang='lat' dir='ltr'><strong>facientes</strong></span> <span class='ocrx_word' id='word_1_544' title='bbox 1262 1472 1289 1499; x_wconf 92' lang='lat' dir='ltr'><strong>in</strong></span> <span class='ocrx_word' id='word_1_545' title='bbox 1304 1479 1360 1498; x_wconf 91' lang='lat' dir='ltr'><strong>uno</strong></span> <span class='ocrx_word' id='word_1_546' title='bbox 1372 1471 1507 1506; x_wconf 88' lang='lat' dir='ltr'><strong>capitulo;</strong></span> <span class='ocrx_word' id='word_1_547' title='bbox 1526 1471 1638 1498; x_wconf 83' lang='lat' dir='ltr'><strong>alteram</strong></span> 
     </span>
    </p>
   </div>
   <div class='ocr_carea' id='block_1_77' title="bbox 854 1517 1639 1552">
    <p class='ocr_par' dir='ltr' id='par_1_77' title="bbox 854 1517 1639 1552">
     <span class='ocr_line' id='line_1_77' title="bbox 854 1517 1639 1552; baseline -0.003 -8"><span class='ocrx_word' id='word_1_548' title='bbox 854 1522 945 1544; x_wconf 84' lang='lat' dir='ltr'><strong>autem</strong></span> <span class='ocrx_word' id='word_1_549' title='bbox 962 1517 1048 1545; x_wconf 88' lang='lat' dir='ltr'><strong>fuisse</strong></span> <span class='ocrx_word' id='word_1_550' title='bbox 1059 1518 1093 1545; x_wconf 89' lang='lat' dir='ltr'><strong>de</strong></span> <span class='ocrx_word' id='word_1_551' title='bbox 1106 1525 1160 1552; x_wconf 90' lang='lat' dir='ltr'><strong>qua</strong></span> <span class='ocrx_word' id='word_1_552' title='bbox 1179 1517 1289 1552; x_wconf 89' lang='lat' dir='ltr'><strong>scripsit</strong></span> <span class='ocrx_word' id='word_1_553' title='bbox 1312 1517 1420 1550; x_wconf 87' lang='lat' dir='ltr'><strong>Lucas;</strong></span> <span class='ocrx_word' id='word_1_554' title='bbox 1446 1517 1527 1543; x_wconf 91' lang='lat' dir='ltr'><strong>aliam</strong></span> <span class='ocrx_word' id='word_1_555' title='bbox 1549 1521 1639 1543; x_wconf 90' lang='lat' dir='ltr'><strong>autem</strong></span> 
     </span>
    </p>
   </div>
   <div class='ocr_carea' id='block_1_78' title="bbox 855 1562 1641 1598">
    <p class='ocr_par' dir='ltr' id='par_1_78' title="bbox 855 1562 1641 1598">
     <span class='ocr_line' id='line_1_78' title="bbox 855 1562 1641 1598; baseline -0.001 -9"><span class='ocrx_word' id='word_1_556' title='bbox 855 1562 889 1589; x_wconf 87' lang='lat' dir='ltr'><strong>de</strong></span> <span class='ocrx_word' id='word_1_557' title='bbox 901 1570 954 1598; x_wconf 82' lang='lat' dir='ltr'><strong>qua</strong></span> <span class='ocrx_word' id='word_1_558' title='bbox 977 1563 1086 1598; x_wconf 81' lang='lat' dir='ltr'><strong>scripsit</strong></span> <span class='ocrx_word' id='word_1_559' title='bbox 1100 1562 1240 1590; x_wconf 88' lang='lat' dir='ltr'><strong>Joannes:</strong></span> <span class='ocrx_word' id='word_1_560' title='bbox 1262 1562 1392 1597; x_wconf 89' lang='lat' dir='ltr'><strong>quoniam</strong></span> <span class='ocrx_word' id='word_1_561' title='bbox 1416 1562 1505 1589; x_wconf 87' lang='lat' dir='ltr'><strong>diﬂ‘ert</strong></span> <span class='ocrx_word' id='word_1_562' title='bbox 1520 1562 1554 1588; x_wconf 91' lang='lat' dir='ltr'><strong>ab</strong></span> <span class='ocrx_word' id='word_1_563' title='bbox 1579 1562 1641 1588; x_wconf 86' lang='lat' dir='ltr'><strong>aliis</strong></span> 
     </span>
    </p>
   </div>
   <div class='ocr_carea' id='block_1_79' title="bbox 855 1607 1641 1642">
    <p class='ocr_par' dir='ltr' id='par_1_79' title="bbox 855 1607 1641 1642">
     <span class='ocr_line' id='line_1_79' title="bbox 855 1607 1641 1642; baseline 0 -7"><span class='ocrx_word' id='word_1_564' title='bbox 855 1609 1026 1642; x_wconf 89' lang='lat' dir='ltr'><strong>mulieribus,</strong></span> <span class='ocrx_word' id='word_1_565' title='bbox 1047 1616 1101 1635; x_wconf 92' lang='lat' dir='ltr'><strong>non</strong></span> <span class='ocrx_word' id='word_1_566' title='bbox 1118 1609 1206 1636; x_wconf 87' lang='lat' dir='ltr'><strong>solunt</strong></span> <span class='ocrx_word' id='word_1_567' title='bbox 1226 1608 1254 1635; x_wconf 90' lang='lat' dir='ltr'><strong>in</strong></span> <span class='ocrx_word' id='word_1_568' title='bbox 1278 1608 1319 1635; x_wconf 89' lang='lat' dir='ltr'><strong>his</strong></span> <span class='ocrx_word' id='word_1_569' title='bbox 1331 1615 1392 1642; x_wconf 77' lang='lat' dir='ltr'><strong>qua:</strong></span> <span class='ocrx_word' id='word_1_570' title='bbox 1411 1608 1510 1642; x_wconf 87' lang='lat' dir='ltr'><strong>scripta</strong></span> <span class='ocrx_word' id='word_1_571' title='bbox 1530 1612 1593 1635; x_wconf 87' lang='lat' dir='ltr'><strong>sunt</strong></span> <span class='ocrx_word' id='word_1_572' title='bbox 1607 1607 1641 1635; x_wconf 83' lang='lat' dir='ltr'><strong>de</strong></span> 
     </span>
    </p>
   </div>
   <div class='ocr_carea' id='block_1_80' title="bbox 855 1653 1639 1689">
    <p class='ocr_par' dir='ltr' id='par_1_80' title="bbox 855 1653 1639 1689">
     <span class='ocr_line' id='line_1_80' title="bbox 855 1653 1639 1689; baseline 0 -10"><span class='ocrx_word' id='word_1_573' title='bbox 855 1658 1013 1688; x_wconf 73' lang='lat' dir='ltr'><strong>unguento;</strong></span> <span class='ocrx_word' id='word_1_574' title='bbox 1030 1654 1077 1681; x_wconf 91' lang='lat' dir='ltr'><strong>sed</strong></span> <span class='ocrx_word' id='word_1_575' title='bbox 1096 1654 1226 1688; x_wconf 89' lang='lat' dir='ltr'><strong>quoniam</strong></span> <span class='ocrx_word' id='word_1_576' title='bbox 1241 1658 1268 1681; x_wconf 87' lang='lat' dir='ltr'><strong>et</strong></span> <span class='ocrx_word' id='word_1_577' title='bbox 1287 1653 1417 1689; x_wconf 82' lang='lat' dir='ltr'><strong>diligebat</strong></span> <span class='ocrx_word' id='word_1_578' title='bbox 1434 1653 1513 1680; x_wconf 88' lang='lat' dir='ltr'><strong>Jesus</strong></span> <span class='ocrx_word' id='word_1_579' title='bbox 1527 1653 1639 1680; x_wconf 86' lang='lat' dir='ltr'><strong>Mariam</strong></span> 
     </span>
    </p>
   </div>
   <div class='ocr_carea' id='block_1_81' title="bbox 854 1699 1640 1733">
    <p class='ocr_par' dir='ltr' id='par_1_81' title="bbox 854 1699 1640 1733">
     <span class='ocr_line' id='line_1_81' title="bbox 854 1699 1640 1733; baseline 0.001 -8"><span class='ocrx_word' id='word_1_580' title='bbox 854 1703 881 1725; x_wconf 87' lang='lat' dir='ltr'><strong>et</strong></span> <span class='ocrx_word' id='word_1_581' title='bbox 895 1699 1028 1726; x_wconf 87' lang='lat' dir='ltr'><strong>Martham</strong></span> <span class='ocrx_word' id='word_1_582' title='bbox 1043 1708 1049 1726; x_wconf 92' lang='lat'><strong>:</strong></span> <span class='ocrx_word' id='word_1_583' title='bbox 1063 1700 1188 1733; x_wconf 85' lang='lat' dir='ltr'><strong>quamvis</strong></span> <span class='ocrx_word' id='word_1_584' title='bbox 1201 1704 1227 1726; x_wconf 90' lang='lat' dir='ltr'><strong>et</strong></span> <span class='ocrx_word' id='word_1_585' title='bbox 1242 1699 1299 1733; x_wconf 89' lang='lat' dir='ltr'><strong>ipsa</strong></span> <span class='ocrx_word' id='word_1_586' title='bbox 1320 1700 1347 1726; x_wconf 87' lang='lat' dir='ltr'><strong>iit</strong></span> <span class='ocrx_word' id='word_1_587' title='bbox 1362 1699 1491 1726; x_wconf 87' lang='lat' dir='ltr'><strong>Bethania</strong></span> <span class='ocrx_word' id='word_1_588' title='bbox 1508 1699 1640 1726; x_wconf 84' lang='lat' dir='ltr'><strong>referatur</strong></span> 
     </span>
    </p>
   </div>
   <div class='ocr_carea' id='block_1_82' title="bbox 854 1742 1640 1778">
    <p class='ocr_par' dir='ltr' id='par_1_82' title="bbox 854 1742 1640 1778">
     <span class='ocr_line' id='line_1_82' title="bbox 854 1742 1640 1778; baseline 0.001 -8"><span class='ocrx_word' id='word_1_589' title='bbox 854 1742 950 1774; x_wconf 90' lang='lat' dir='ltr'><strong>fuisse,</strong></span> <span class='ocrx_word' id='word_1_590' title='bbox 970 1744 1041 1770; x_wconf 87' lang='lat' dir='ltr'><strong>sicut</strong></span> <span class='ocrx_word' id='word_1_591' title='bbox 1064 1747 1091 1770; x_wconf 86' lang='lat' dir='ltr'><strong>et</strong></span> <span class='ocrx_word' id='word_1_592' title='bbox 1108 1744 1205 1771; x_wconf 90' lang='lat' dir='ltr'><strong>mulier</strong></span> <span class='ocrx_word' id='word_1_593' title='bbox 1218 1743 1251 1770; x_wconf 88' lang='lat' dir='ltr'><strong>de</strong></span> <span class='ocrx_word' id='word_1_594' title='bbox 1266 1751 1319 1778; x_wconf 88' lang='lat' dir='ltr'><strong>qua</strong></span> <span class='ocrx_word' id='word_1_595' title='bbox 1334 1748 1474 1778; x_wconf 86' lang='lat' dir='ltr'><strong>exponunt</strong></span> <span class='ocrx_word' id='word_1_596' title='bbox 1496 1743 1640 1771; x_wconf 87' lang='lat' dir='ltr'><strong>Matthacus</strong></span> 
     </span>
    </p>
   </div>
   <div class='ocr_carea' id='block_1_83' title="bbox 854 1788 1639 1824">
    <p class='ocr_par' dir='ltr' id='par_1_83' title="bbox 854 1788 1639 1824">
     <span class='ocr_line' id='line_1_83' title="bbox 854 1788 1639 1824; baseline 0.003 -9"><span class='ocrx_word' id='word_1_597' title='bbox 854 1794 881 1816; x_wconf 90' lang='lat' dir='ltr'><strong>et</strong></span> <span class='ocrx_word' id='word_1_598' title='bbox 895 1789 1011 1816; x_wconf 84' lang='lat' dir='ltr'><strong>Marcus.</strong></span> <span class='ocrx_word' id='word_1_599' title='bbox 1024 1788 1114 1816; x_wconf 84' lang='lat' dir='ltr'><strong>Tertia</strong></span> <span class='ocrx_word' id='word_1_600' title='bbox 1131 1789 1281 1817; x_wconf 63' lang='lat' dir='ltr'><strong>diderentia</strong></span> <span class='ocrx_word' id='word_1_601' title='bbox 1293 1790 1483 1824; x_wconf 81' lang='lat' dir='ltr'><strong>est,quoniam</strong></span> <span class='ocrx_word' id='word_1_602' title='bbox 1495 1789 1639 1817; x_wconf 74' lang='lat' dir='ltr'><strong>Mattltaeus</strong></span> 
     </span>
    </p>
   </div>
   <div class='ocr_carea' id='block_1_84' title="bbox 853 1834 1639 1870">
    <p class='ocr_par' dir='ltr' id='par_1_84' title="bbox 853 1834 1639 1870">
     <span class='ocr_line' id='line_1_84' title="bbox 853 1834 1639 1870; baseline 0.001 -9"><span class='ocrx_word' id='word_1_603' title='bbox 853 1835 962 1869; x_wconf 91' lang='lat' dir='ltr'><strong>quidem</strong></span> <span class='ocrx_word' id='word_1_604' title='bbox 978 1839 1004 1861; x_wconf 92' lang='lat' dir='ltr'><strong>ct</strong></span> <span class='ocrx_word' id='word_1_605' title='bbox 1028 1834 1135 1861; x_wconf 89' lang='lat' dir='ltr'><strong>Marcus</strong></span> <span class='ocrx_word' id='word_1_606' title='bbox 1157 1835 1184 1861; x_wconf 92' lang='lat' dir='ltr'><strong>itt</strong></span> <span class='ocrx_word' id='word_1_607' title='bbox 1209 1834 1292 1861; x_wconf 91' lang='lat' dir='ltr'><strong>domo</strong></span> <span class='ocrx_word' id='word_1_608' title='bbox 1314 1834 1432 1862; x_wconf 88' lang='lat' dir='ltr'><strong>Simonis</strong></span> <span class='ocrx_word' id='word_1_609' title='bbox 1458 1834 1570 1870; x_wconf 85' lang='lat' dir='ltr'><strong>Leprosi</strong></span> <span class='ocrx_word' id='word_1_610' title='bbox 1588 1836 1639 1862; x_wconf 83' lang='lat' dir='ltr'><strong>hoc</strong></span> 
     </span>
    </p>
   </div>
   <div class='ocr_carea' id='block_1_85' title="bbox 854 1879 1635 1914">
    <p class='ocr_par' dir='ltr' id='par_1_85' title="bbox 854 1879 1635 1914">
     <span class='ocr_line' id='line_1_85' title="bbox 854 1879 1635 1914; baseline 0 -8"><span class='ocrx_word' id='word_1_611' title='bbox 854 1879 955 1907; x_wconf 87' lang='lat' dir='ltr'><strong>factum</strong></span> <span class='ocrx_word' id='word_1_612' title='bbox 971 1879 1055 1907; x_wconf 82' lang='lat' dir='ltr'><strong>fuisse</strong></span> <span class='ocrx_word' id='word_1_613' title='bbox 1070 1884 1228 1914; x_wconf 88' lang='lat' dir='ltr'><strong>exponunt;</strong></span> <span class='ocrx_word' id='word_1_614' title='bbox 1246 1879 1365 1907; x_wconf 89' lang='lat' dir='ltr'><strong>Joannes</strong></span> <span class='ocrx_word' id='word_1_615' title='bbox 1385 1886 1487 1912; x_wconf 88' lang='lat' dir='ltr'><strong>autem,</strong></span> <span class='ocrx_word' id='word_1_616' title='bbox 1506 1880 1635 1914; x_wconf 88' lang='lat' dir='ltr'><strong>quoniant</strong></span> 
     </span>
    </p>
   </div>
   <div class='ocr_carea' id='block_1_86' title="bbox 853 1923 1637 1952">
    <p class='ocr_par' dir='ltr' id='par_1_86' title="bbox 853 1923 1637 1952">
     <span class='ocr_line' id='line_1_86' title="bbox 853 1923 1637 1952; baseline 0.003 -2"><span class='ocrx_word' id='word_1_617' title='bbox 853 1924 933 1951; x_wconf 68' lang='lat' dir='ltr'><strong>Jcsus</strong></span> <span class='ocrx_word' id='word_1_618' title='bbox 949 1928 1012 1951; x_wconf 86' lang='lat' dir='ltr'><strong>ante</strong></span> <span class='ocrx_word' id='word_1_619' title='bbox 1030 1932 1075 1951; x_wconf 81' lang='lat' dir='ltr'><strong>sex</strong></span> <span class='ocrx_word' id='word_1_620' title='bbox 1092 1924 1150 1951; x_wconf 89' lang='lat' dir='ltr'><strong>dies</strong></span> <span class='ocrx_word' id='word_1_621' title='bbox 1163 1923 1274 1951; x_wconf 70' lang='lat' dir='ltr'><strong>Pascha:</strong></span> <span class='ocrx_word' id='word_1_622' title='bbox 1285 1924 1358 1951; x_wconf 87' lang='lat' dir='ltr'><strong>venit</strong></span> <span class='ocrx_word' id='word_1_623' title='bbox 1375 1923 1401 1950; x_wconf 92' lang='lat' dir='ltr'><strong>in</strong></span> <span class='ocrx_word' id='word_1_624' title='bbox 1416 1924 1574 1951; x_wconf 85' lang='lat' dir='ltr'><strong>Betltaniam</strong></span> <span class='ocrx_word' id='word_1_625' title='bbox 1592 1925 1637 1952; x_wconf 91' lang='lat' dir='ltr'><strong>ubi</strong></span> 
     </span>
    </p>
   </div>
   <div class='ocr_carea' id='block_1_87' title="bbox 854 1967 1638 2003">
    <p class='ocr_par' dir='ltr' id='par_1_87' title="bbox 854 1967 1638 2003">
     <span class='ocr_line' id='line_1_87' title="bbox 854 1967 1638 2003; baseline 0 -7"><span class='ocrx_word' id='word_1_626' title='bbox 854 1974 912 1996; x_wconf 79' lang='lat' dir='ltr'><strong>erat</strong></span> <span class='ocrx_word' id='word_1_627' title='bbox 928 1968 1048 1995; x_wconf 81' lang='lat' dir='ltr'><strong>Lazarus</strong></span> <span class='ocrx_word' id='word_1_628' title='bbox 1061 1976 1141 2003; x_wconf 89' lang='lat' dir='ltr'><strong>quem</strong></span> <span class='ocrx_word' id='word_1_629' title='bbox 1162 1968 1342 1996; x_wconf 87' lang='lat' dir='ltr'><strong>suscitaverat</strong></span> <span class='ocrx_word' id='word_1_630' title='bbox 1356 1967 1445 2000; x_wconf 88' lang='lat' dir='ltr'><strong>.lesus,</strong></span> <span class='ocrx_word' id='word_1_631' title='bbox 1463 1972 1490 1996; x_wconf 86' lang='lat' dir='ltr'><strong>et</strong></span> <span class='ocrx_word' id='word_1_632' title='bbox 1516 1968 1638 1996; x_wconf 85' lang='lat' dir='ltr'><strong>fecerunt</strong></span> 
     </span>
    </p>
   </div>
   <div class='ocr_carea' id='block_1_88' title="bbox 854 2014 1637 2047">
    <p class='ocr_par' dir='ltr' id='par_1_88' title="bbox 854 2014 1637 2047">
     <span class='ocr_line' id='line_1_88' title="bbox 854 2014 1637 2047; baseline 0.004 -7"><span class='ocrx_word' id='word_1_633' title='bbox 854 2014 878 2040; x_wconf 89' lang='lat' dir='ltr'><strong>ei</strong></span> <span class='ocrx_word' id='word_1_634' title='bbox 896 2022 1022 2041; x_wconf 63' lang='lat' dir='ltr'><strong>coenant:</strong></span> <span class='ocrx_word' id='word_1_635' title='bbox 1047 2019 1074 2041; x_wconf 89' lang='lat' dir='ltr'><strong>et</strong></span> <span class='ocrx_word' id='word_1_636' title='bbox 1098 2022 1151 2041; x_wconf 92' lang='lat' dir='ltr'><strong>non</strong></span> <span class='ocrx_word' id='word_1_637' title='bbox 1169 2014 1266 2047; x_wconf 84' lang='lat' dir='ltr'><strong>sintut,</strong></span> <span class='ocrx_word' id='word_1_638' title='bbox 1289 2015 1335 2042; x_wconf 87' lang='lat' dir='ltr'><strong>sed</strong></span> <span class='ocrx_word' id='word_1_639' title='bbox 1360 2014 1444 2041; x_wconf 86' lang='lat' dir='ltr'><strong>Maria</strong></span> <span class='ocrx_word' id='word_1_640' title='bbox 1469 2020 1497 2042; x_wconf 92' lang='lat' dir='ltr'><strong>et</strong></span> <span class='ocrx_word' id='word_1_641' title='bbox 1514 2015 1637 2046; x_wconf 78' lang='lat' dir='ltr'><strong>Martha.</strong></span> 
     </span>
    </p>
   </div>
   <div class='ocr_carea' id='block_1_89' title="bbox 855 2059 1638 2093">
    <p class='ocr_par' dir='ltr' id='par_1_89' title="bbox 855 2059 1638 2093">
     <span class='ocr_line' id='line_1_89' title="bbox 855 2059 1638 2093; baseline 0.003 -7"><span class='ocrx_word' id='word_1_642' title='bbox 855 2059 924 2087; x_wconf 88' lang='lat' dir='ltr'><strong>forte</strong></span> <span class='ocrx_word' id='word_1_643' title='bbox 940 2065 966 2087; x_wconf 86' lang='lat' dir='ltr'><strong>et</strong></span> <span class='ocrx_word' id='word_1_644' title='bbox 990 2059 1126 2092; x_wconf 83' lang='lat' dir='ltr'><strong>Lazarus;</strong></span> <span class='ocrx_word' id='word_1_645' title='bbox 1144 2064 1171 2086; x_wconf 89' lang='lat' dir='ltr'><strong>et</strong></span> <span class='ocrx_word' id='word_1_646' title='bbox 1193 2059 1297 2087; x_wconf 79' lang='lat' dir='ltr'><strong>Martha</strong></span> <span class='ocrx_word' id='word_1_647' title='bbox 1321 2060 1503 2093; x_wconf 81' lang='lat' dir='ltr'><strong>ministrabat,</strong></span> <span class='ocrx_word' id='word_1_648' title='bbox 1518 2060 1638 2088; x_wconf 85' lang='lat' dir='ltr'><strong>Lazarus</strong></span> 
     </span>
    </p>
   </div>
   <div class='ocr_carea' id='block_1_90' title="bbox 853 2104 1637 2132">
    <p class='ocr_par' dir='ltr' id='par_1_90' title="bbox 853 2104 1637 2132">
     <span class='ocr_line' id='line_1_90' title="bbox 853 2104 1637 2132; baseline 0 0"><span class='ocrx_word' id='word_1_649' title='bbox 853 2109 943 2132; x_wconf 89' lang='lat' dir='ltr'><strong>autem</strong></span> <span class='ocrx_word' id='word_1_650' title='bbox 959 2110 1017 2131; x_wconf 91' lang='lat' dir='ltr'><strong>crat</strong></span> <span class='ocrx_word' id='word_1_651' title='bbox 1034 2112 1105 2132; x_wconf 93' lang='lat' dir='ltr'><strong>unus</strong></span> <span class='ocrx_word' id='word_1_652' title='bbox 1121 2112 1155 2131; x_wconf 88' lang='lat' dir='ltr'><strong>ex</strong></span> <span class='ocrx_word' id='word_1_653' title='bbox 1173 2104 1416 2132; x_wconf 86' lang='lat' dir='ltr'><strong>discumbentibus.</strong></span> <span class='ocrx_word' id='word_1_654' title='bbox 1438 2105 1533 2132; x_wconf 87' lang='lat' dir='ltr'><strong>Adhuc</strong></span> <span class='ocrx_word' id='word_1_655' title='bbox 1546 2110 1637 2132; x_wconf 75' lang='lat' dir='ltr'><strong>autem</strong></span> 
     </span>
    </p>
   </div>
   <div class='ocr_carea' id='block_1_91' title="bbox 855 2150 1638 2179">
    <p class='ocr_par' dir='ltr' id='par_1_91' title="bbox 855 2150 1638 2179">
     <span class='ocr_line' id='line_1_91' title="bbox 855 2150 1638 2179; baseline 0 -1"><span class='ocrx_word' id='word_1_656' title='bbox 855 2151 1002 2178; x_wconf 89' lang='lat' dir='ltr'><strong>secuttdum</strong></span> <span class='ocrx_word' id='word_1_657' title='bbox 1021 2150 1152 2178; x_wconf 90' lang='lat' dir='ltr'><strong>Joannent</strong></span> <span class='ocrx_word' id='word_1_658' title='bbox 1173 2157 1237 2178; x_wconf 90' lang='lat' dir='ltr'><strong>ante</strong></span> <span class='ocrx_word' id='word_1_659' title='bbox 1253 2159 1300 2179; x_wconf 82' lang='lat' dir='ltr'><strong>sex</strong></span> <span class='ocrx_word' id='word_1_660' title='bbox 1317 2151 1374 2178; x_wconf 88' lang='lat' dir='ltr'><strong>dies</strong></span> <span class='ocrx_word' id='word_1_661' title='bbox 1394 2151 1505 2178; x_wconf 76' lang='lat' dir='ltr'><strong>Pascha:</strong></span> <span class='ocrx_word' id='word_1_662' title='bbox 1522 2152 1595 2178; x_wconf 83' lang='lat' dir='ltr'><strong>venit</strong></span> <span class='ocrx_word' id='word_1_663' title='bbox 1611 2152 1638 2178; x_wconf 90' lang='lat' dir='ltr'><strong>itt</strong></span> 
     </span>
    </p>
   </div>
   <div class='ocr_carea' id='block_1_92' title="bbox 22 2193 1638 2231">
    <p class='ocr_par' dir='ltr' id='par_1_92' title="bbox 22 2193 1638 2231">
     <span class='ocr_line' id='line_1_92' title="bbox 22 2193 1638 2231; baseline 0.002 -11"><span class='ocrx_word' id='word_1_664' title='bbox 22 2200 126 2226; x_wconf 89' lang='lat' dir='ltr'><strong>prosum</strong></span> <span class='ocrx_word' id='word_1_665' title='bbox 144 2194 235 2229; x_wconf 84' lang='lat' dir='ltr'><strong>posuit</strong></span> <span class='ocrx_word' id='word_1_666' title='bbox 262 2193 414 2228; x_wconf 85' lang='lat' dir='ltr'><strong>Simonem,</strong></span> <span class='ocrx_word' id='word_1_667' title='bbox 440 2198 529 2221; x_wconf 89' lang='lat' dir='ltr'><strong>tamen</strong></span> <span class='ocrx_word' id='word_1_668' title='bbox 546 2195 712 2223; x_wconf 65' lang='lat' dir='ltr'><strong>Pharisazunt</strong></span> <span class='ocrx_word' id='word_1_669' title='bbox 730 2196 798 2223; x_wconf 85' lang='lat' dir='ltr'><strong>dixit</strong></span> <span class='ocrx_word' id='word_1_670' title='bbox 814 2199 836 2226; x_wconf 81' lang='grc' dir='ltr'><strong>ι)</strong></span> <span class='ocrx_word' id='word_1_671' title='bbox 851 2196 1020 2230; x_wconf 83' lang='lat' dir='ltr'><strong>Bctltauiam,</strong></span> <span class='ocrx_word' id='word_1_672' title='bbox 1040 2197 1150 2231; x_wconf 84' lang='lat' dir='ltr'><strong>quando</strong></span> <span class='ocrx_word' id='word_1_673' title='bbox 1179 2202 1207 2224; x_wconf 88' lang='lat' dir='ltr'><strong>et</strong></span> <span class='ocrx_word' id='word_1_674' title='bbox 1231 2196 1353 2225; x_wconf 88' lang='lat' dir='ltr'><strong>fecerunt</strong></span> <span class='ocrx_word' id='word_1_675' title='bbox 1376 2198 1401 2225; x_wconf 89' lang='lat' dir='ltr'><strong>ei</strong></span> <span class='ocrx_word' id='word_1_676' title='bbox 1430 2205 1535 2224; x_wconf 68' lang='lat' dir='ltr'><strong>cmuam</strong></span> <span class='ocrx_word' id='word_1_677' title='bbox 1553 2197 1638 2224; x_wconf 84' lang='lat' dir='ltr'><strong>Maria</strong></span> 
     </span>
    </p>
   </div>
   <div class='ocr_carea' id='block_1_93' title="bbox 22 2238 800 2275">
    <p class='ocr_par' dir='ltr' id='par_1_93' title="bbox 22 2238 800 2275">
     <span class='ocr_line' id='line_1_93' title="bbox 22 2238 800 2275; baseline 0.005 -10"><span class='ocrx_word' id='word_1_678' title='bbox 22 2238 111 2272; x_wconf 74' lang='lat' dir='ltr'><strong>luisse,</strong></span> <span class='ocrx_word' id='word_1_679' title='bbox 124 2239 171 2274; x_wconf 91' lang='lat' dir='ltr'><strong>qui</strong></span> <span class='ocrx_word' id='word_1_680' title='bbox 184 2245 327 2273; x_wconf 76' lang='lat' dir='ltr'><strong>rogaverat</strong></span> <span class='ocrx_word' id='word_1_681' title='bbox 338 2239 430 2267; x_wconf 90' lang='lat' dir='ltr'><strong>Jesunt</strong></span> <span class='ocrx_word' id='word_1_682' title='bbox 445 2245 475 2267; x_wconf 93' lang='lat' dir='ltr'><strong>ut</strong></span> <span class='ocrx_word' id='word_1_683' title='bbox 489 2240 665 2268; x_wconf 84' lang='lat' dir='ltr'><strong>manducaret</strong></span> <span class='ocrx_word' id='word_1_684' title='bbox 678 2249 739 2269; x_wconf 89' lang='lat' dir='ltr'><strong>cum</strong></span> <span class='ocrx_word' id='word_1_685' title='bbox 757 2249 800 2275; x_wconf 86' lang='lat' dir='ltr'><strong>eo,</strong></span> 
     </span>
    </p>
   </div>
   <div class='ocr_carea' id='block_1_94' title="bbox 22 2284 802 2320">
    <p class='ocr_par' dir='ltr' id='par_1_94' title="bbox 22 2284 802 2320">
     <span class='ocr_line' id='line_1_94' title="bbox 22 2284 802 2320; baseline 0.005 -10"><span class='ocrx_word' id='word_1_686' title='bbox 22 2284 85 2311; x_wconf 76' lang='lat' dir='ltr'><strong>sicut</strong></span> <span class='ocrx_word' id='word_1_687' title='bbox 98 2284 132 2311; x_wconf 88' lang='lat' dir='ltr'><strong>de</strong></span> <span class='ocrx_word' id='word_1_688' title='bbox 146 2284 258 2312; x_wconf 88' lang='lat' dir='ltr'><strong>nomine</strong></span> <span class='ocrx_word' id='word_1_689' title='bbox 274 2285 334 2319; x_wconf 86' lang='lat' dir='ltr'><strong>ejus</strong></span> <span class='ocrx_word' id='word_1_690' title='bbox 350 2284 479 2313; x_wconf 90' lang='lat' dir='ltr'><strong>Dontinus</strong></span> <span class='ocrx_word' id='word_1_691' title='bbox 496 2285 554 2320; x_wconf 88' lang='lat' dir='ltr'><strong>ipse</strong></span> <span class='ocrx_word' id='word_1_692' title='bbox 567 2290 692 2320; x_wconf 83' lang='lat' dir='ltr'><strong>testatur,</strong></span> <span class='ocrx_word' id='word_1_693' title='bbox 707 2287 802 2314; x_wconf 87' lang='lat' dir='ltr'><strong>dicens</strong></span> 
     </span>
    </p>
   </div>
   <div class='ocr_carea' id='block_1_95' title="bbox 22 2329 802 2366">
    <p class='ocr_par' dir='ltr' id='par_1_95' title="bbox 22 2329 802 2366">
     <span class='ocr_line' id='line_1_95' title="bbox 22 2329 802 2366; baseline 0.004 -10"><span class='ocrx_word' id='word_1_694' title='bbox 22 2329 50 2356; x_wconf 84' lang='lat' dir='ltr'><strong>Ill</strong></span> <span class='ocrx_word' id='word_1_695' title='bbox 66 2337 128 2356; x_wconf 85' lang='lat' dir='ltr'><strong>eum</strong></span> <span class='ocrx_word' id='word_1_696' title='bbox 147 2329 184 2356; x_wconf 86' lang='lat' dir='ltr'><strong>ibi</strong></span> <span class='ocrx_word' id='word_1_697' title='bbox 197 2329 240 2356; x_wconf 85' lang='lat'><strong>&quot;:</strong></span> <span class='ocrx_word' id='word_1_698' title='bbox 259 2329 362 2363; x_wconf 84' lang='lat' dir='ltr'><strong>Simon,</strong></span> <span class='ocrx_word' id='word_1_699' title='bbox 388 2329 494 2364; x_wconf 85' lang='lat' dir='ltr'><strong>Simon,</strong></span> <span class='ocrx_word' id='word_1_700' title='bbox 511 2331 591 2358; x_wconf 81' lang='lat' dir='ltr'><strong>habeo</strong></span> <span class='ocrx_word' id='word_1_701' title='bbox 609 2333 672 2366; x_wconf 81' lang='lat' dir='ltr'><strong>quid</strong></span> <span class='ocrx_word' id='word_1_702' title='bbox 694 2333 741 2359; x_wconf 81' lang='lat' dir='ltr'><strong>tibi</strong></span> <span class='ocrx_word' id='word_1_703' title='bbox 759 2333 802 2359; x_wconf 80' lang='lat' dir='ltr'><strong>di-</strong></span> 
     </span>
    </p>
   </div>
   <div class='ocr_carea' id='block_1_96' title="bbox 22 2374 801 2413">
    <p class='ocr_par' dir='ltr' id='par_1_96' title="bbox 22 2374 801 2413">
     <span class='ocr_line' id='line_1_96' title="bbox 22 2374 801 2413; baseline 0.008 -13"><span class='ocrx_word' id='word_1_704' title='bbox 22 2382 81 2401; x_wconf 72' lang='lat' dir='ltr'><strong>cere.</strong></span> <span class='ocrx_word' id='word_1_705' title='bbox 102 2374 185 2402; x_wconf 86' lang='lat' dir='ltr'><strong>Multa</strong></span> <span class='ocrx_word' id='word_1_706' title='bbox 205 2382 271 2411; x_wconf 82' lang='lat' dir='ltr'><strong>ergo</strong></span> <span class='ocrx_word' id='word_1_707' title='bbox 284 2376 434 2404; x_wconf 90' lang='lat' dir='ltr'><strong>similitudo</strong></span> <span class='ocrx_word' id='word_1_708' title='bbox 447 2382 473 2404; x_wconf 89' lang='lat' dir='ltr'><strong>et</strong></span> <span class='ocrx_word' id='word_1_709' title='bbox 489 2378 614 2412; x_wconf 80' lang='lat' dir='ltr'><strong>cognatio</strong></span> <span class='ocrx_word' id='word_1_710' title='bbox 629 2380 753 2413; x_wconf 68' lang='lat' dir='ltr'><strong>quaedam</strong></span> <span class='ocrx_word' id='word_1_711' title='bbox 768 2379 801 2407; x_wconf 88' lang='lat' dir='ltr'><strong>de</strong></span> 
     </span>
    </p>
   </div>
   <div class='ocr_carea' id='block_1_97' title="bbox 22 2421 799 2458">
    <p class='ocr_par' dir='ltr' id='par_1_97' title="bbox 22 2421 799 2458">
     <span class='ocr_line' id='line_1_97' title="bbox 22 2421 799 2458; baseline 0.01 -14"><span class='ocrx_word' id='word_1_712' title='bbox 22 2421 128 2448; x_wconf 84' lang='lat' dir='ltr'><strong>muliere</strong></span> <span class='ocrx_word' id='word_1_713' title='bbox 145 2422 217 2456; x_wconf 86' lang='lat' dir='ltr'><strong>apud</strong></span> <span class='ocrx_word' id='word_1_714' title='bbox 241 2427 358 2456; x_wconf 89' lang='lat' dir='ltr'><strong>quatuor</strong></span> <span class='ocrx_word' id='word_1_715' title='bbox 385 2424 575 2458; x_wconf 83' lang='lat' dir='ltr'><strong>evangelistas.</strong></span> <span class='ocrx_word' id='word_1_716' title='bbox 601 2424 692 2451; x_wconf 89' lang='lat' dir='ltr'><strong>Dicatn</strong></span> <span class='ocrx_word' id='word_1_717' title='bbox 710 2430 799 2452; x_wconf 80' lang='lat' dir='ltr'><strong>tamen</strong></span> 
     </span>
    </p>
   </div>
   <div class='ocr_carea' id='block_1_98' title="bbox 22 2466 800 2501">
    <p class='ocr_par' dir='ltr' id='par_1_98' title="bbox 22 2466 800 2501">
     <span class='ocr_line' id='line_1_98' title="bbox 22 2466 800 2501; baseline 0.008 -9"><span class='ocrx_word' id='word_1_718' title='bbox 22 2466 47 2491; x_wconf 78' lang='lat' dir='ltr'><strong>Li</strong></span> <span class='ocrx_word' id='word_1_719' title='bbox 66 2473 113 2493; x_wconf 85' lang='lat' dir='ltr'><strong>eos</strong></span> <span class='ocrx_word' id='word_1_720' title='bbox 133 2467 180 2501; x_wconf 90' lang='lat' dir='ltr'><strong>qtti</strong></span> <span class='ocrx_word' id='word_1_721' title='bbox 205 2467 371 2495; x_wconf 87' lang='lat' dir='ltr'><strong>arbitrantur</strong></span> <span class='ocrx_word' id='word_1_722' title='bbox 387 2476 468 2495; x_wconf 83' lang='lat' dir='ltr'><strong>unam</strong></span> <span class='ocrx_word' id='word_1_723' title='bbox 495 2469 579 2497; x_wconf 81' lang='lat' dir='ltr'><strong>fuisse</strong></span> <span class='ocrx_word' id='word_1_724' title='bbox 603 2471 744 2498; x_wconf 87' lang='lat' dir='ltr'><strong>mulierem</strong></span> <span class='ocrx_word' id='word_1_725' title='bbox 767 2471 800 2498; x_wconf 87' lang='lat' dir='ltr'><strong>de</strong></span> 
     </span>
    </p>
   </div>
   <div class='ocr_carea' id='block_1_99' title="bbox 25 2513 799 2550">
    <p class='ocr_par' dir='ltr' id='par_1_99' title="bbox 25 2513 799 2550">
     <span class='ocr_line' id='line_1_99' title="bbox 25 2513 799 2550; baseline 0.008 -13"><span class='ocrx_word' id='word_1_726' title='bbox 25 2518 66 2543; x_wconf 74' lang='lat' dir='ltr'><strong>jua</strong></span> <span class='ocrx_word' id='word_1_727' title='bbox 91 2519 188 2539; x_wconf 86' lang='lat' dir='ltr'><strong>omnes</strong></span> <span class='ocrx_word' id='word_1_728' title='bbox 204 2513 375 2547; x_wconf 55' lang='lat' dir='ltr'><strong>evangelista:</strong></span> <span class='ocrx_word' id='word_1_729' title='bbox 403 2514 591 2548; x_wconf 83' lang='lat' dir='ltr'><strong>scripserunt:</strong></span> <span class='ocrx_word' id='word_1_730' title='bbox 619 2515 703 2543; x_wconf 77' lang='lat' dir='ltr'><strong>Putas</strong></span> <span class='ocrx_word' id='word_1_731' title='bbox 727 2517 799 2550; x_wconf 87' lang='lat' dir='ltr'><strong>quod</strong></span> 
     </span>
    </p>
   </div>
   <div class='ocr_carea' id='block_1_100' title="bbox 26 2557 801 2595">
    <p class='ocr_par' dir='ltr' id='par_1_100' title="bbox 26 2557 801 2595">
     <span class='ocr_line' id='line_1_100' title="bbox 26 2557 801 2595; baseline 0.008 -13"><span class='ocrx_word' id='word_1_732' title='bbox 26 2564 70 2583; x_wconf 75' lang='lat' dir='ltr'><strong>uec</strong></span> <span class='ocrx_word' id='word_1_733' title='bbox 94 2557 195 2584; x_wconf 88' lang='lat' dir='ltr'><strong>mulier</strong></span> <span class='ocrx_word' id='word_1_734' title='bbox 221 2565 281 2592; x_wconf 75' lang='lat' dir='ltr'><strong>quae</strong></span> <span class='ocrx_word' id='word_1_735' title='bbox 311 2558 405 2585; x_wconf 76' lang='lat' dir='ltr'><strong>cﬂudit</strong></span> <span class='ocrx_word' id='word_1_736' title='bbox 430 2567 512 2593; x_wconf 91' lang='lat' dir='ltr'><strong>super</strong></span> <span class='ocrx_word' id='word_1_737' title='bbox 541 2565 622 2594; x_wconf 90' lang='lat' dir='ltr'><strong>caput</strong></span> <span class='ocrx_word' id='word_1_738' title='bbox 646 2560 709 2587; x_wconf 84' lang='lat' dir='ltr'><strong>Jesu</strong></span> <span class='ocrx_word' id='word_1_739' title='bbox 739 2569 801 2595; x_wconf 86' lang='lat' dir='ltr'><strong>prc-</strong></span> 
     </span>
    </p>
   </div>
   <div class='ocr_carea' id='block_1_101' title="bbox 22 2601 800 2636">
    <p class='ocr_par' dir='ltr' id='par_1_101' title="bbox 22 2601 800 2636">
     <span class='ocr_line' id='line_1_101' title="bbox 22 2601 800 2636; baseline 0.006 -10"><span class='ocrx_word' id='word_1_740' title='bbox 22 2601 114 2628; x_wconf 68' lang='lat' dir='ltr'><strong>iosum</strong></span> <span class='ocrx_word' id='word_1_741' title='bbox 142 2607 331 2636; x_wconf 81' lang='lat' dir='ltr'><strong>unguentum,</strong></span> <span class='ocrx_word' id='word_1_742' title='bbox 369 2603 439 2630; x_wconf 89' lang='lat' dir='ltr'><strong>sicut</strong></span> <span class='ocrx_word' id='word_1_743' title='bbox 464 2603 605 2632; x_wconf 75' lang='lat' dir='ltr'><strong>Mattlueus</strong></span> <span class='ocrx_word' id='word_1_744' title='bbox 636 2611 662 2632; x_wconf 89' lang='lat' dir='ltr'><strong>et</strong></span> <span class='ocrx_word' id='word_1_745' title='bbox 693 2605 800 2632; x_wconf 80' lang='lat' dir='ltr'><strong>Marcus</strong></span> 
     </span>
    </p>
   </div>
   <div class='ocr_carea' id='block_1_102' title="bbox 22 2647 800 2684">
    <p class='ocr_par' dir='ltr' id='par_1_102' title="bbox 22 2647 800 2684">
     <span class='ocr_line' id='line_1_102' title="bbox 22 2647 800 2684; baseline 0.008 -13"><span class='ocrx_word' id='word_1_746' title='bbox 22 2652 219 2679; x_wconf 83' lang='lat' dir='ltr'><strong>:xposuerunt.</strong></span> <span class='ocrx_word' id='word_1_747' title='bbox 249 2647 305 2682; x_wconf 82' lang='lat' dir='ltr'><strong>ipsa</strong></span> <span class='ocrx_word' id='word_1_748' title='bbox 327 2652 354 2675; x_wconf 89' lang='lat' dir='ltr'><strong>et</strong></span> <span class='ocrx_word' id='word_1_749' title='bbox 382 2649 491 2683; x_wconf 88' lang='lat' dir='ltr'><strong>myrrha</strong></span> <span class='ocrx_word' id='word_1_750' title='bbox 509 2650 585 2676; x_wconf 88' lang='lat' dir='ltr'><strong>unxit</strong></span> <span class='ocrx_word' id='word_1_751' title='bbox 608 2650 687 2683; x_wconf 85' lang='lat' dir='ltr'><strong>pedes</strong></span> <span class='ocrx_word' id='word_1_752' title='bbox 702 2651 800 2684; x_wconf 80' lang='lat' dir='ltr'><strong>ipsius,</strong></span> 
     </span>
    </p>
   </div>
   <div class='ocr_carea' id='block_1_103' title="bbox 22 2692 800 2728">
    <p class='ocr_par' dir='ltr' id='par_1_103' title="bbox 22 2692 800 2728">
     <span class='ocr_line' id='line_1_103' title="bbox 22 2692 800 2728; baseline 0.009 -12"><span class='ocrx_word' id='word_1_753' title='bbox 22 2692 83 2718; x_wconf 66' lang='lat' dir='ltr'><strong>sicut</strong></span> <span class='ocrx_word' id='word_1_754' title='bbox 102 2692 190 2719; x_wconf 88' lang='lat' dir='ltr'><strong>Lucas</strong></span> <span class='ocrx_word' id='word_1_755' title='bbox 206 2697 233 2720; x_wconf 89' lang='lat' dir='ltr'><strong>et</strong></span> <span class='ocrx_word' id='word_1_756' title='bbox 245 2693 363 2721; x_wconf 84' lang='lat' dir='ltr'><strong>Joannes</strong></span> <span class='ocrx_word' id='word_1_757' title='bbox 384 2696 588 2728; x_wconf 75' lang='lat' dir='ltr'><strong>exposuerunt?</strong></span> <span class='ocrx_word' id='word_1_758' title='bbox 614 2694 672 2722; x_wconf 86' lang='lat' dir='ltr'><strong>Non</strong></span> <span class='ocrx_word' id='word_1_759' title='bbox 687 2701 729 2722; x_wconf 85' lang='lat' dir='ltr'><strong>est</strong></span> <span class='ocrx_word' id='word_1_760' title='bbox 751 2704 800 2723; x_wconf 78' lang='lat' dir='ltr'><strong>uu-</strong></span> 
     </span>
    </p>
   </div>
   <div class='ocr_carea' id='block_1_104' title="bbox 22 2739 799 2775">
    <p class='ocr_par' dir='ltr' id='par_1_104' title="bbox 22 2739 799 2775">
     <span class='ocr_line' id='line_1_104' title="bbox 22 2739 799 2775; baseline 0.009 -13"><span class='ocrx_word' id='word_1_761' title='bbox 22 2744 65 2764; x_wconf 77' lang='lat' dir='ltr'><strong>cnt</strong></span> <span class='ocrx_word' id='word_1_762' title='bbox 96 2739 226 2772; x_wconf 83' lang='lat' dir='ltr'><strong>possibile</strong></span> <span class='ocrx_word' id='word_1_763' title='bbox 254 2745 282 2766; x_wconf 93' lang='lat' dir='ltr'><strong>ut</strong></span> <span class='ocrx_word' id='word_1_764' title='bbox 311 2741 343 2767; x_wconf 85' lang='lat' dir='ltr'><strong>d‘e</strong></span> <span class='ocrx_word' id='word_1_765' title='bbox 371 2741 465 2768; x_wconf 83' lang='lat' dir='ltr'><strong>eadem</strong></span> <span class='ocrx_word' id='word_1_766' title='bbox 498 2741 610 2768; x_wconf 83' lang='lat' dir='ltr'><strong>muiieie</strong></span> <span class='ocrx_word' id='word_1_767' title='bbox 634 2747 799 2775; x_wconf 78' lang='lat' dir='ltr'><strong>exponentes</strong></span> 
     </span>
    </p>
   </div>
   <div class='ocr_carea' id='block_1_105' title="bbox 49 2793 575 2828">
    <p class='ocr_par' dir='ltr' id='par_1_105' title="bbox 49 2793 575 2828">
     <span class='ocr_line' id='line_1_105' title="bbox 49 2793 575 2828; baseline 0.004 -7"><span class='ocrx_word' id='word_1_768' title='bbox 49 2794 70 2807; x_wconf 71' lang='grc'><strong>³⁷</strong></span> <span class='ocrx_word' id='word_1_769' title='bbox 87 2793 153 2821; x_wconf 87' lang='lat' dir='ltr'><strong>Luc.</strong></span> <span class='ocrx_word' id='word_1_770' title='bbox 167 2802 214 2824; x_wconf 83' lang='lat' dir='ltr'><strong>vn.</strong></span> <span class='ocrx_word' id='word_1_771' title='bbox 232 2795 272 2821; x_wconf 88' lang='lat' dir='ltr'><strong>l6.</strong></span> <span class='ocrx_word' id='word_1_772' title='bbox 313 2796 335 2812; x_wconf 74' lang='lat'><strong>&quot;‘</strong></span> <span class='ocrx_word' id='word_1_773' title='bbox 352 2796 446 2825; x_wconf 82' lang='lat' dir='ltr'><strong>.‘llatllt.</strong></span> <span class='ocrx_word' id='word_1_774' title='bbox 461 2805 510 2828; x_wconf 82' lang='lat' dir='ltr'><strong>xu.</strong></span> <span class='ocrx_word' id='word_1_775' title='bbox 531 2797 575 2824; x_wconf 65' lang='grc'><strong>24.</strong></span> 
     </span>
    </p>
   </div>
   <div class='ocr_carea' id='block_1_106' title="bbox 22 2827 347 2863">
    <p class='ocr_par' dir='ltr' id='par_1_106' title="bbox 22 2827 347 2863">
     <span class='ocr_line' id='line_1_106' title="bbox 22 2827 347 2863; baseline 0.009 -8"><span class='ocrx_word' id='word_1_776' title='bbox 22 2827 38 2859; x_wconf 79' lang='grc' dir='ltr'><strong>ι.</strong></span> <span class='ocrx_word' id='word_1_777' title='bbox 57 2828 82 2855; x_wconf 74' lang='grc'><strong>3.</strong></span> <span class='ocrx_word' id='word_1_778' title='bbox 122 2828 145 2844; x_wconf 85' lang='grc'><strong><em>³³</em></strong></span> <span class='ocrx_word' id='word_1_779' title='bbox 163 2828 226 2857; x_wconf 84' lang='lat' dir='ltr'><strong>Luc.</strong></span> <span class='ocrx_word' id='word_1_780' title='bbox 242 2838 287 2863; x_wconf 82' lang='lat' dir='ltr'><strong>vti.</strong></span> <span class='ocrx_word' id='word_1_781' title='bbox 304 2831 347 2858; x_wconf 75' lang='lat' dir='ltr'><strong>JO.</strong></span> 
     </span>
    </p>
   </div>
   <div class='ocr_carea' id='block_1_107' title="bbox 615 2797 910 2831">
    <p class='ocr_par' dir='ltr' id='par_1_107' title="bbox 615 2797 910 2831">
     <span class='ocr_line' id='line_1_107' title="bbox 615 2797 910 2831; baseline 0.014 -8"><span class='ocrx_word' id='word_1_782' title='bbox 615 2798 636 2814; x_wconf 79' lang='lat'><strong>&quot;</strong></span> <span class='ocrx_word' id='word_1_783' title='bbox 655 2797 749 2826; x_wconf 78' lang='lat' dir='ltr'><strong>Matth.</strong></span> <span class='ocrx_word' id='word_1_784' title='bbox 764 2805 837 2831; x_wconf 84' lang='lat' dir='ltr'><strong>xxvi,</strong></span> <span class='ocrx_word' id='word_1_785' title='bbox 853 2799 910 2827; x_wconf 85' lang='grc'><strong>6-8.</strong></span> 
     </span>
    </p>
   </div>
   <div class='ocr_carea' id='block_1_108' title="bbox 852 2241 1638 2277">
    <p class='ocr_par' dir='ltr' id='par_1_108' title="bbox 852 2241 1638 2277">
     <span class='ocr_line' id='line_1_108' title="bbox 852 2241 1638 2277; baseline 0.001 -8"><span class='ocrx_word' id='word_1_786' title='bbox 852 2247 879 2269; x_wconf 90' lang='lat' dir='ltr'><strong>et</strong></span> <span class='ocrx_word' id='word_1_787' title='bbox 902 2241 1016 2270; x_wconf 83' lang='lat' dir='ltr'><strong>Martha.</strong></span> <span class='ocrx_word' id='word_1_788' title='bbox 1043 2241 1092 2270; x_wconf 90' lang='lat' dir='ltr'><strong>Hic</strong></span> <span class='ocrx_word' id='word_1_789' title='bbox 1112 2247 1203 2269; x_wconf 91' lang='lat' dir='ltr'><strong>autem</strong></span> <span class='ocrx_word' id='word_1_790' title='bbox 1223 2243 1332 2277; x_wconf 90' lang='lat' dir='ltr'><strong>quando</strong></span> <span class='ocrx_word' id='word_1_791' title='bbox 1362 2243 1536 2271; x_wconf 88' lang='lat' dir='ltr'><strong>recumbente</strong></span> <span class='ocrx_word' id='word_1_792' title='bbox 1555 2251 1588 2270; x_wconf 88' lang='lat' dir='ltr'><strong>eo</strong></span> <span class='ocrx_word' id='word_1_793' title='bbox 1611 2243 1638 2270; x_wconf 92' lang='lat' dir='ltr'><strong>in</strong></span> 
     </span>
    </p>
   </div>
   <div class='ocr_carea' id='block_1_109' title="bbox 852 2286 1636 2321">
    <p class='ocr_par' dir='ltr' id='par_1_109' title="bbox 852 2286 1636 2321">
     <span class='ocr_line' id='line_1_109' title="bbox 852 2286 1636 2321; baseline 0 -7"><span class='ocrx_word' id='word_1_794' title='bbox 852 2287 934 2314; x_wconf 88' lang='lat' dir='ltr'><strong>domo</strong></span> <span class='ocrx_word' id='word_1_795' title='bbox 955 2286 1075 2314; x_wconf 81' lang='lat' dir='ltr'><strong>Simonis</strong></span> <span class='ocrx_word' id='word_1_796' title='bbox 1101 2287 1213 2321; x_wconf 85' lang='lat' dir='ltr'><strong>Leprosi</strong></span> <span class='ocrx_word' id='word_1_797' title='bbox 1227 2307 1234 2319; x_wconf 93' lang='lat'><strong>,</strong></span> <span class='ocrx_word' id='word_1_798' title='bbox 1252 2288 1367 2315; x_wconf 87' lang='lat' dir='ltr'><strong>accessit</strong></span> <span class='ocrx_word' id='word_1_799' title='bbox 1393 2289 1426 2315; x_wconf 87' lang='lat' dir='ltr'><strong>ad</strong></span> <span class='ocrx_word' id='word_1_800' title='bbox 1447 2296 1508 2316; x_wconf 91' lang='lat' dir='ltr'><strong>eum</strong></span> <span class='ocrx_word' id='word_1_801' title='bbox 1529 2289 1636 2319; x_wconf 84' lang='lat' dir='ltr'><strong>mulier,</strong></span> 
     </span>
    </p>
   </div>
   <div class='ocr_carea' id='block_1_110' title="bbox 852 2332 1636 2367">
    <p class='ocr_par' dir='ltr' id='par_1_110' title="bbox 852 2332 1636 2367">
     <span class='ocr_line' id='line_1_110' title="bbox 852 2332 1636 2367; baseline 0.001 -8"><span class='ocrx_word' id='word_1_802' title='bbox 852 2337 915 2367; x_wconf 88' lang='lat' dir='ltr'><strong>post</strong></span> <span class='ocrx_word' id='word_1_803' title='bbox 940 2332 1051 2359; x_wconf 87' lang='lat' dir='ltr'><strong>biduttnt</strong></span> <span class='ocrx_word' id='word_1_804' title='bbox 1075 2332 1179 2360; x_wconf 86' lang='lat' dir='ltr'><strong>Pascha</strong></span> <span class='ocrx_word' id='word_1_805' title='bbox 1197 2338 1255 2360; x_wconf 88' lang='lat' dir='ltr'><strong>erat</strong></span> <span class='ocrx_word' id='word_1_806' title='bbox 1273 2334 1412 2365; x_wconf 81' lang='lat' dir='ltr'><strong>futurum,</strong></span> <span class='ocrx_word' id='word_1_807' title='bbox 1434 2334 1506 2360; x_wconf 89' lang='lat' dir='ltr'><strong>sicut</strong></span> <span class='ocrx_word' id='word_1_808' title='bbox 1532 2334 1636 2360; x_wconf 90' lang='lat' dir='ltr'><strong>dictum</strong></span> 
     </span>
    </p>
   </div>
   <div class='ocr_carea' id='block_1_111' title="bbox 852 2378 1635 2414">
    <p class='ocr_par' dir='ltr' id='par_1_111' title="bbox 852 2378 1635 2414">
     <span class='ocr_line' id='line_1_111' title="bbox 852 2378 1635 2414; baseline 0.001 -9"><span class='ocrx_word' id='word_1_809' title='bbox 852 2383 894 2405; x_wconf 86' lang='lat' dir='ltr'><strong>cst</strong></span> <span class='ocrx_word' id='word_1_810' title='bbox 917 2387 1010 2413; x_wconf 81' lang='lat' dir='ltr'><strong>supra.</strong></span> <span class='ocrx_word' id='word_1_811' title='bbox 1035 2379 1129 2406; x_wconf 77' lang='lat' dir='ltr'><strong>Restat</strong></span> <span class='ocrx_word' id='word_1_812' title='bbox 1152 2384 1181 2406; x_wconf 90' lang='lat' dir='ltr'><strong>ut</strong></span> <span class='ocrx_word' id='word_1_813' title='bbox 1204 2379 1302 2414; x_wconf 84' lang='lat' dir='ltr'><strong>aliquis</strong></span> <span class='ocrx_word' id='word_1_814' title='bbox 1319 2380 1410 2406; x_wconf 78' lang='lat' dir='ltr'><strong>dicat:</strong></span> <span class='ocrx_word' id='word_1_815' title='bbox 1439 2378 1467 2405; x_wconf 89' lang='lat' dir='ltr'><strong>Si</strong></span> <span class='ocrx_word' id='word_1_816' title='bbox 1493 2379 1526 2405; x_wconf 86' lang='lat' dir='ltr'><strong>de</strong></span> <span class='ocrx_word' id='word_1_817' title='bbox 1551 2379 1635 2406; x_wconf 81' lang='lat' dir='ltr'><strong>altera</strong></span> 
     </span>
    </p>
   </div>
   <div class='ocr_carea' id='block_1_112' title="bbox 853 2423 1635 2459">
    <p class='ocr_par' dir='ltr' id='par_1_112' title="bbox 853 2423 1635 2459">
     <span class='ocr_line' id='line_1_112' title="bbox 853 2423 1635 2459; baseline -0.001 -9"><span class='ocrx_word' id='word_1_818' title='bbox 853 2424 964 2451; x_wconf 90' lang='lat' dir='ltr'><strong>muliere</strong></span> <span class='ocrx_word' id='word_1_819' title='bbox 984 2423 1124 2452; x_wconf 75' lang='lat' dir='ltr'><strong>Matthzeus</strong></span> <span class='ocrx_word' id='word_1_820' title='bbox 1143 2429 1170 2451; x_wconf 89' lang='lat' dir='ltr'><strong>et</strong></span> <span class='ocrx_word' id='word_1_821' title='bbox 1187 2424 1294 2451; x_wconf 85' lang='lat' dir='ltr'><strong>Marcus</strong></span> <span class='ocrx_word' id='word_1_822' title='bbox 1309 2425 1487 2459; x_wconf 85' lang='lat' dir='ltr'><strong>scripserunt,</strong></span> <span class='ocrx_word' id='word_1_823' title='bbox 1504 2425 1536 2450; x_wconf 86' lang='lat' dir='ltr'><strong>de</strong></span> <span class='ocrx_word' id='word_1_824' title='bbox 1552 2424 1635 2450; x_wconf 82' lang='lat' dir='ltr'><strong>altera</strong></span> 
     </span>
    </p>
   </div>
   <div class='ocr_carea' id='block_1_113' title="bbox 852 2470 1634 2505">
    <p class='ocr_par' dir='ltr' id='par_1_113' title="bbox 852 2470 1634 2505">
     <span class='ocr_line' id='line_1_113' title="bbox 852 2470 1634 2505; baseline -0.001 -9"><span class='ocrx_word' id='word_1_825' title='bbox 852 2476 941 2497; x_wconf 85' lang='lat' dir='ltr'><strong>autent</strong></span> <span class='ocrx_word' id='word_1_826' title='bbox 958 2470 1088 2502; x_wconf 88' lang='lat' dir='ltr'><strong>Joannes,</strong></span> <span class='ocrx_word' id='word_1_827' title='bbox 1106 2471 1139 2497; x_wconf 82' lang='lat' dir='ltr'><strong>de</strong></span> <span class='ocrx_word' id='word_1_828' title='bbox 1153 2472 1230 2498; x_wconf 87' lang='lat' dir='ltr'><strong>tertia</strong></span> <span class='ocrx_word' id='word_1_829' title='bbox 1250 2479 1313 2498; x_wconf 85' lang='lat' dir='ltr'><strong>vero</strong></span> <span class='ocrx_word' id='word_1_830' title='bbox 1330 2471 1435 2503; x_wconf 85' lang='lat' dir='ltr'><strong>Lucas,</strong></span> <span class='ocrx_word' id='word_1_831' title='bbox 1454 2470 1591 2505; x_wconf 85' lang='lat' dir='ltr'><strong>quomodo</strong></span> <span class='ocrx_word' id='word_1_832' title='bbox 1608 2470 1634 2496; x_wconf 90' lang='lat' dir='ltr'><strong>in</strong></span> 
     </span>
    </p>
   </div>
   <div class='ocr_carea' id='block_1_114' title="bbox 852 2514 1635 2550">
    <p class='ocr_par' dir='ltr' id='par_1_114' title="bbox 852 2514 1635 2550">
     <span class='ocr_line' id='line_1_114' title="bbox 852 2514 1635 2550; baseline -0.001 -8"><span class='ocrx_word' id='word_1_833' title='bbox 852 2523 967 2550; x_wconf 88' lang='lat' dir='ltr'><strong>persona</strong></span> <span class='ocrx_word' id='word_1_834' title='bbox 989 2517 1069 2543; x_wconf 87' lang='lat' dir='ltr'><strong>unius</strong></span> <span class='ocrx_word' id='word_1_835' title='bbox 1097 2516 1218 2544; x_wconf 90' lang='lat' dir='ltr'><strong>tnulieris</strong></span> <span class='ocrx_word' id='word_1_836' title='bbox 1241 2516 1323 2543; x_wconf 86' lang='lat' dir='ltr'><strong>semel</strong></span> <span class='ocrx_word' id='word_1_837' title='bbox 1341 2524 1354 2542; x_wconf 87' lang='lat' dir='ltr'><strong>a</strong></span> <span class='ocrx_word' id='word_1_838' title='bbox 1379 2515 1487 2542; x_wconf 85' lang='lat' dir='ltr'><strong>Christo</strong></span> <span class='ocrx_word' id='word_1_839' title='bbox 1505 2514 1635 2548; x_wconf 78' lang='lat' dir='ltr'><strong>iucrcpati</strong></span> 
     </span>
    </p>
   </div>
   <div class='ocr_carea' id='block_1_115' title="bbox 851 2560 1634 2596">
    <p class='ocr_par' dir='ltr' id='par_1_115' title="bbox 851 2560 1634 2596">
     <span class='ocr_line' id='line_1_115' title="bbox 851 2560 1634 2596; baseline -0.001 -9"><span class='ocrx_word' id='word_1_840' title='bbox 851 2561 976 2595; x_wconf 87' lang='lat' dir='ltr'><strong>discipuli</strong></span> <span class='ocrx_word' id='word_1_841' title='bbox 992 2561 1069 2595; x_wconf 88' lang='lat' dir='ltr'><strong>quasi</strong></span> <span class='ocrx_word' id='word_1_842' title='bbox 1092 2561 1161 2588; x_wconf 88' lang='lat' dir='ltr'><strong>ntale</strong></span> <span class='ocrx_word' id='word_1_843' title='bbox 1180 2561 1350 2596; x_wconf 82' lang='lat' dir='ltr'><strong>indignantes</strong></span> <span class='ocrx_word' id='word_1_844' title='bbox 1364 2561 1397 2587; x_wconf 79' lang='lat' dir='ltr'><strong>de</strong></span> <span class='ocrx_word' id='word_1_845' title='bbox 1418 2561 1489 2587; x_wconf 77' lang='lat' dir='ltr'><strong>facto</strong></span> <span class='ocrx_word' id='word_1_846' title='bbox 1504 2560 1634 2593; x_wconf 69' lang='lat' dir='ltr'><strong>mulieris,</strong></span> 
     </span>
    </p>
   </div>
   <div class='ocr_carea' id='block_1_116' title="bbox 852 2606 1636 2640">
    <p class='ocr_par' dir='ltr' id='par_1_116' title="bbox 852 2606 1636 2640">
     <span class='ocr_line' id='line_1_116' title="bbox 852 2606 1636 2640; baseline 0 -9"><span class='ocrx_word' id='word_1_847' title='bbox 852 2613 905 2632; x_wconf 89' lang='lat' dir='ltr'><strong>ttott</strong></span> <span class='ocrx_word' id='word_1_848' title='bbox 922 2614 951 2632; x_wconf 89' lang='lat' dir='ltr'><strong>sc</strong></span> <span class='ocrx_word' id='word_1_849' title='bbox 971 2607 1195 2639; x_wconf 84' lang='lat' dir='ltr'><strong>emendaverunt,</strong></span> <span class='ocrx_word' id='word_1_850' title='bbox 1212 2612 1240 2633; x_wconf 91' lang='lat' dir='ltr'><strong>ut</strong></span> <span class='ocrx_word' id='word_1_851' title='bbox 1258 2615 1290 2632; x_wconf 88' lang='lat' dir='ltr'><strong>ue</strong></span> <span class='ocrx_word' id='word_1_852' title='bbox 1309 2614 1389 2640; x_wconf 82' lang='lat' dir='ltr'><strong>super</strong></span> <span class='ocrx_word' id='word_1_853' title='bbox 1407 2606 1520 2632; x_wconf 70' lang='lat' dir='ltr'><strong>alti-ram</strong></span> <span class='ocrx_word' id='word_1_854' title='bbox 1541 2606 1636 2632; x_wconf 81' lang='lat' dir='ltr'><strong>mulie-</strong></span> 
     </span>
    </p>
   </div>
   <div class='ocr_carea' id='block_1_117' title="bbox 851 2651 1635 2685">
    <p class='ocr_par' dir='ltr' id='par_1_117' title="bbox 851 2651 1635 2685">
     <span class='ocr_line' id='line_1_117' title="bbox 851 2651 1635 2685; baseline 0 -7"><span class='ocrx_word' id='word_1_855' title='bbox 851 2659 908 2678; x_wconf 89' lang='lat' dir='ltr'><strong>rent</strong></span> <span class='ocrx_word' id='word_1_856' title='bbox 933 2652 1057 2679; x_wconf 86' lang='lat' dir='ltr'><strong>similiter</strong></span> <span class='ocrx_word' id='word_1_857' title='bbox 1079 2652 1220 2679; x_wconf 84' lang='lat' dir='ltr'><strong>facientem</strong></span> <span class='ocrx_word' id='word_1_858' title='bbox 1247 2651 1468 2685; x_wconf 77' lang='lat' dir='ltr'><strong>itnlignarcntur?</strong></span> <span class='ocrx_word' id='word_1_859' title='bbox 1490 2651 1635 2685; x_wconf 69' lang='lat' dir='ltr'><strong>Propterea</strong></span> 
     </span>
    </p>
   </div>
   <div class='ocr_carea' id='block_1_118' title="bbox 851 2696 1635 2731">
    <p class='ocr_par' dir='ltr' id='par_1_118' title="bbox 851 2696 1635 2731">
     <span class='ocr_line' id='line_1_118' title="bbox 851 2696 1635 2731; baseline -0.001 -8"><span class='ocrx_word' id='word_1_860' title='bbox 851 2697 920 2724; x_wconf 86' lang='lat' dir='ltr'><strong>sciat</strong></span> <span class='ocrx_word' id='word_1_861' title='bbox 937 2697 1000 2731; x_wconf 86' lang='lat' dir='ltr'><strong>quia</strong></span> <span class='ocrx_word' id='word_1_862' title='bbox 1014 2698 1083 2731; x_wconf 87' lang='lat' dir='ltr'><strong>apud</strong></span> <span class='ocrx_word' id='word_1_863' title='bbox 1097 2697 1252 2724; x_wconf 72' lang='lat' dir='ltr'><strong>Matthautm</strong></span> <span class='ocrx_word' id='word_1_864' title='bbox 1270 2702 1296 2724; x_wconf 83' lang='lat' dir='ltr'><strong>ct</strong></span> <span class='ocrx_word' id='word_1_865' title='bbox 1315 2697 1434 2723; x_wconf 75' lang='lat' dir='ltr'><strong>Marcum</strong></span> <span class='ocrx_word' id='word_1_866' title='bbox 1449 2696 1574 2730; x_wconf 76' lang='lat' dir='ltr'><strong>discipuli</strong></span> <span class='ocrx_word' id='word_1_867' title='bbox 1595 2696 1635 2722; x_wconf 87' lang='lat' dir='ltr'><strong>itt-</strong></span> 
     </span>
    </p>
   </div>
   <div class='ocr_carea' id='block_1_119' title="bbox 851 2742 1634 2778">
    <p class='ocr_par' dir='ltr' id='par_1_119' title="bbox 851 2742 1634 2778">
     <span class='ocr_line' id='line_1_119' title="bbox 851 2742 1634 2778; baseline 0 -10"><span class='ocrx_word' id='word_1_868' title='bbox 851 2742 998 2777; x_wconf 64' lang='lat' dir='ltr'><strong>digttantur</strong></span> <span class='ocrx_word' id='word_1_869' title='bbox 1013 2750 1044 2769; x_wconf 81' lang='lat' dir='ltr'><strong>ex</strong></span> <span class='ocrx_word' id='word_1_870' title='bbox 1063 2743 1134 2770; x_wconf 82' lang='lat' dir='ltr'><strong>bono</strong></span> <span class='ocrx_word' id='word_1_871' title='bbox 1151 2743 1303 2778; x_wconf 80' lang='lat' dir='ltr'><strong>proposito;</strong></span> <span class='ocrx_word' id='word_1_872' title='bbox 1322 2743 1390 2777; x_wconf 81' lang='lat' dir='ltr'><strong>apud</strong></span> <span class='ocrx_word' id='word_1_873' title='bbox 1401 2742 1530 2769; x_wconf 84' lang='lat' dir='ltr'><strong>Joannem</strong></span> <span class='ocrx_word' id='word_1_874' title='bbox 1546 2747 1634 2768; x_wconf 77' lang='grc' dir='ltr'><strong>τιιιιι-ιη</strong></span> 
     </span>
    </p>
   </div>
   <div class='ocr_carea' id='block_1_120' title="bbox 964 2799 1635 2832">
    <p class='ocr_par' dir='ltr' id='par_1_120' title="bbox 964 2799 1635 2832">
     <span class='ocr_line' id='line_1_120' title="bbox 964 2799 1635 2832; baseline -0.003 -6"><span class='ocrx_word' id='word_1_875' title='bbox 964 2800 986 2815; x_wconf 72' lang='grc'><strong>⁵⁸</strong></span> <span class='ocrx_word' id='word_1_876' title='bbox 1000 2807 1047 2832; x_wconf 72' lang='grc' dir='ltr'><strong>λιι,</strong></span> <span class='ocrx_word' id='word_1_877' title='bbox 1065 2800 1091 2826; x_wconf 82' lang='grc'><strong>5.</strong></span> <span class='ocrx_word' id='word_1_878' title='bbox 1145 2799 1165 2815; x_wconf 85' lang='grc'><strong>⁵¹</strong></span> <span class='ocrx_word' id='word_1_879' title='bbox 1186 2799 1279 2827; x_wconf 70' lang='lat' dir='ltr'><strong>Matth.</strong></span> <span class='ocrx_word' id='word_1_880' title='bbox 1294 2808 1366 2832; x_wconf 66' lang='lat' dir='ltr'><strong>nrt,</strong></span> <span class='ocrx_word' id='word_1_881' title='bbox 1383 2800 1408 2827; x_wconf 77' lang='lat'><strong>9.</strong></span> <span class='ocrx_word' id='word_1_882' title='bbox 1456 2800 1479 2815; x_wconf 70' lang='grc' dir='ltr'><strong>δ’</strong></span> <span class='ocrx_word' id='word_1_883' title='bbox 1493 2799 1570 2827; x_wconf 84' lang='lat' dir='ltr'><strong>Joan.</strong></span> <span class='ocrx_word' id='word_1_884' title='bbox 1588 2807 1635 2831; x_wconf 65' lang='grc' dir='ltr'><strong>λιι,</strong></span> 
     </span>
    </p>
   </div>
  </div>
