1839 3053
200 142 268 170 1733

797 140 959 168 ORIGENIS
981 139 1015 167 IN
1032 139 1237 168 MATTIMZUM

1777 141 1822 167 liii

198 205 274 232 solus
294 201 381 230 Iudas
407 201 517 230 furandi
538 201 650 235 aﬂ‘cetn;
675 202 746 236 apud
768 201 869 229 Lucam
894 205 985 229 autem
1001 205 1022 231 Α
1037 202 1133 230 Adhuc
1147 203 1219 229 enim
1236 202 1326 229 minus
1343 202 1472 234 habebat,
1487 206 1520 229 ut
1533 200 1728 236 postmodum
1744 201 1822 227 iureni-

198 251 355 276 murmurat
366 254 458 274 nemo.
476 246 514 273 Ex
530 247 572 274 his
592 254 657 281 ergo
676 251 703 273 et
724 247 786 274 aliis
803 255 863 281 qua:
875 251 902 273 et
928 247 984 281 ipso

198 293 301 328 poteris
319 293 483 324 observare,
509 296 612 319 certum
637 297 679 319 cst
702 292 833 326 quoniam
859 295 906 318 aut
931 292 983 319 sibi

197 339 335 367 contraria
346 339 440 367 dicunt
452 337 624 372 evangelista
637 342 666 364 ut
676 337 786 372 quidam
798 345 892 364 eorum
905 345 984 364 men-

198 386 315 418 tiantur;
331 387 378 411 aut
393 384 416 412 si
431 383 483 410 hoc
495 383 607 417 impium
620 387 661 410 est
672 382 794 415 credere,
812 390 923 410 necesse
942 387 984 410 est

198 431 289 458 dicere
302 438 355 457 non
371 430 405 456 de
425 429 520 456 eadem
539 429 652 456 muliere
666 436 761 456 omnes
785 429 984 464 conscripsisse

198 475 390 510 evangelistas,
398 474 445 501 sed
460 478 508 501 aut
518 474 555 502 de,
563 474 660 506 tribus,
673 478 718 501 aut
727 475 760 501 de
769 479 897 507 quatuor.
908 474 984 502 Dicet

197 526 287 548 autem
307 520 406 555 aliquis
421 519 502 554 paulo
517 520 665 546 audacior:
690 519 815 547 Forsitan
833 521 983 548 secundum

195 567 337 594 historiam
354 574 407 593 una
424 565 548 600 quaedam
567 566 665 592 mulier
678 565 728 592 fuit
739 574 800 600 quae
814 567 867 593 tale
881 566 994 601 aliquid»

194 612 277 647 893
290 608 362 640 fecih
377 611 449 638 Pone
458 616 548 638 autent
560 616 587 638 et
596 612 719 643 alteram,
728 611 750 639 si
762 612 849 645 vis,et
864 612 982 644 tertiam.

196 663 285 685 tamen
305 661 332 684 et
355 657 542 692 principaliter
563 657 793 693 evangelistarum
814 659 983 693 propositum

195 703 246 730 fuit
263 703 414 738 respiciens
429 703 461 730 ad
475 703 614 738 mysteria,
631 707 658 729 et
672 711 726 729 non
740 703 807 731 satis
819 708 985 732 curaverunt

194 754 225 776 ut
235 749 387 776 secundum
407 748 547 775 veritatem
563 753 723 775 enarrarent
738 748 875 781 historiae,
892 749 938 776 sed
955 753 984 776 ut

194 802 287 822 rerum
304 794 432 828 mysteria
447 801 507 828 quae
520 801 552 820 ex
566 793 679 821 historia
693 795 885 827 nascebantur,
898 801 984 828 expo-

194 844 300 867 herent.
318 839 433 875 Propter
448 840 523 874 quod
540 845 568 867 et
584 844 758 867 attexuerunt
774 840 907 874 quosdam
927 848 984 868 ser-

1036 253 1112 275 retur
1132 248 1158 275 in
1175 249 1258 275 domo
1281 248 1441 275 oliedienlite
1465 247 1563 279 facta.
1586 253 1618 274 ut
1633 247 1698 282 jam
1720 256 1824 274 consum-

1035 299 1120 326 mata,
1136 301 1224 329 neque
1243 294 1377 329 peccatrix
1390 294 1555 326 diceretur,
1573 301 1631 320 nec
1648 293 1825 328 lacrymauset

1035 340 1130 368 lavans
1142 340 1246 368 Domini
1259 341 1350 375 pedes.
1363 341 1410 368 sed
1424 346 1452 368 et
1470 341 1534 375 ipsa
1553 339 1717 367 effundens
1729 347 1825 373 angimu-

1037 392 1093 418 tum
1112 393 1194 421 super
1218 391 1298 421 caput
1323 387 1419 421 ipsius.
1438 387 1491 414 Sed
1505 391 1535 414 ct
1556 385 1667 413 Simon
1692 385 1826 413 ubedientiz

1034 431 1193 466 mysterium
1209 435 1262 464 est,
1276 432 1405 466 quoniam
1421 431 1462 459 sic
1476 432 1712 465 interpretatur,
1726 430 1769 457 sed
1781 431 1827 457 ob:

1034 477 1198 504 dientialitcr
1210 477 1276 512 (85),
1290 485 1344 504 non
1357 477 1472 512 spiritus
1487 487 1494 504 :
1513 481 1643 511 propter
1655 476 1734 511 quod
1746 476 1828 508 Simon,

1034 522 1156 550 elevatus
1167 531 1182 549 a
1196 523 1285 550 littera
1301 523 1367 558 legis
1381 530 1429 557 per
1441 522 1540 550 Jesum
1556 522 1596 549 ad
1615 523 1714 557 legem
1726 523 1829 556 spiritua-

1034 567 1106 600 lem.
1129 568 1187 603 jam
1204 575 1258 596 non
1278 572 1337 595 erat
1351 567 1446 595 Simon
1465 574 1580 595 tantum
1593 588 1603 600 ,
1627 569 1682 595 sed
1708 567 1788 595 lactus
1800 575 1830 595 est

1035 614 1115 641 etiam
1129 614 1235 646 Petrus.
1250 619 1277 642 et
1287 622 1336 649 pro
1347 615 1530 642 mdiﬂcatione
1540 614 1678 641 Judaica
1691 614 1785 648 dignus
1794 615 1829 640 ln-

1035 659 1108 687 bitus
1127 664 1170 687 est
1189 660 1369 687 aediﬁcatione
1382 659 1512 687 Ecclesia:
1536 668 1636 694 super
1654 664 1762 694 petram
1784 660 1830 686 iun-

1034 703 1140 731 dandat.
1156 703 1253 731 Factus
1271 709 1313 731 est
1325 711 1388 738 ergo
1399 703 1480 731 Jesns
1493 705 1522 730 in
1539 704 1641 731 domo
1655 703 1778 731 Simonis
1788 706 1830 739 qui-

1034 748 1095 776 dem
1116 749 1233 784 alicujus
1254 749 1421 781 obcdicntis,
1445 754 1539 776 tamen
1558 749 1696 784 leprosi,
1717 755 1745 777 et
1758 750 1829 776 adhuc

1035 801 1105 828 optts
1121 794 1247 822 habentis
1259 795 1434 821 mundatione
1449 795 1484 822 ab
1497 794 1583 822 Jesu.
1601 794 1671 821 Non
1689 801 1777 822 autem
1791 804 1830 822 me-

1036 845 1170 868 moratum
1186 843 1227 868 est
1247 841 1319 875 apud
1341 840 1442 867 Lucam
1457 840 1493 867 de
1515 840 1647 868 Simone
1663 842 1792 876 quoniam
1811 847 1828 868 L'i

194 893 290 913 mones
315 872 506 921 mysteriorum
532 885 714 913 intellectibus
742 872 935 913 convenientes
958 891 985 913 et
1000 872 1021 900 Β
1036 885 1160 920 leprosus
1175 889 1243 912 erat.
1265 872 1397 912 Existimo
1417 886 1552 920 quoniam
1579 886 1649 920 ipse
1668 872 1774 914 debitor
1785 892 1826 914 erat

194 938 342 959 consonos.
365 931 402 958 De
424 931 466 958 his
481 935 571 958 autem
596 939 658 965 quae
676 930 747 965 apud
764 935 882 965 quatuor
903 938 986 966 expo-

195 982 299 1005 nuntur
317 977 498 1012 evangelistas
513 984 595 1004 causa
614 977 759 1004 mulierum
775 977 817 1003 vel
830 977 911 1004 unius
925 985 985 1004 mu-

194 1024 280 1055 lieris.
291 1023 529 1051 sietttexistimant
543 1022 632 1055 multi,
642 1022 799 1057 diligentius
807 1023 984 1050 tractavimus

193 1073 358 1104 exponentes
372 1068 546 1102 Evangelium
559 1068 708 1095 secundum
720 1066 866 1098 Joannem.
876 1075 937 1102 qua:
945 1067 985 1094 vi-

191 1115 326 1144 debantur
338 1114 428 1147 nobis,
439 1121 501 1141 cum
515 1113 614 1141 similia
627 1118 718 1141 essent
729 1117 756 1140 et
767 1118 892 1149 cognata,
903 1113 983 1148 quasi

194 1160 333 1188 contraria
349 1164 377 1187 et
387 1159 526 1187 distantia.
542 1158 620 1186 Nunc
633 1163 723 1185 autem
737 1166 768 1186 ea
784 1159 901 1186 breviter
923 1167 984 1194 per-

193 1207 372 1240 stringamus.
390 1204 600 1232 Rationabiliter
615 1211 680 1239 ergo
691 1203 781 1231 Lucas
793 1211 855 1231 cum
868 1204 903 1232 de
919 1211 983 1239 pec-

192 1253 294 1279 t'atrice
311 1252 427 1278 muliere
444 1251 613 1285 loqueretur,
632 1249 783 1277 introduxit
797 1257 857 1277 eam
874 1249 982 1277 ﬂentem

192 1297 393 1329 abundantius,
410 1301 441 1323 ut
457 1296 539 1323 etiam
563 1295 626 1323 Jesu
646 1295 727 1330 pedes
749 1295 870 1328 lavaret,
885 1299 912 1322 et
928 1302 982 1321 non

192 1343 380 1371 infundentem
392 1341 503 1377 quidem
517 1340 752 1375 unguentum,sed
763 1345 866 1367 tantum
880 1347 983 1375 ungen-

192 1396 248 1416 tem
265 1395 320 1415 non
330 1394 429 1422 caput.
450 1388 496 1415 sed
512 1387 605 1421 pedes.
624 1386 671 1413 Illa
684 1391 774 1413 autem
791 1394 851 1421 quae
866 1394 920 1413 non
934 1393 982 1413 ac-

191 1434 342 1463 cusabatur
355 1433 505 1468 peccatrix,
524 1440 578 1459 non
592 1433 680 1464 unxit,
699 1432 746 1459 sed
763 1432 867 1463 cﬂudlt,
886 1435 914 1458 et
928 1439 981 1458 non

191 1487 273 1514 super
284 1479 377 1514 pedes,
390 1478 437 1505 sed
453 1485 536 1512 super
550 1481 642 1512 caput.
656 1476 684 1504 Si
701 1482 791 1504 autem
803 1478 865 1511 quis
880 1481 908 1504 et
922 1484 982 1511 qum

191 1526 226 1552 de
242 1525 326 1552 Maria
344 1523 441 1551 Lazari
456 1531 549 1551 sorore
565 1523 665 1558 scripta
692 1526 772 1555 sunt,
792 1527 904 1554 tractet,
921 1530 981 1556 quae

187 1584 214 1606 α
231 1573 288 1606 Ipsa
305 1572 384 1599 unxit
401 1572 507 1599 Domini
523 1571 622 1606 pedes,
639 1575 713 1598 notet
729 1571 780 1598 sibi
800 1578 860 1605 quae
879 1571 979 1605 scripta

191 1623 252 1646 sunt
269 1618 316 1650 ibi,
328 1618 460 1651 quoniam
473 1617 563 1644 omnis
576 1616 675 1644 domus
689 1616 790 1650 repleta
801 1621 842 1643 cst
854 1623 886 1642 ex
897 1615 980 1643 odore

192 1663 319 1696 unguenti
338 1671 345 1695 ;
361 1661 433 1697 quod
450 1669 503 1688 non
517 1666 557 1688 est
569 1660 700 1695 scriptum
713 1660 746 1687 de
757 1666 788 1687 ea
801 1667 861 1694 quae
874 1660 981 1687 diceba-

191 1711 235 1732 tur
247 1714 308 1733 csse
325 1707 473 1742 peccatrix.
490 1705 543 1733 Sed
557 1713 607 1733 nec
621 1706 655 1733 de
668 1705 782 1732 nmliere
801 1707 834 1732 de
845 1713 897 1740 qua
911 1706 979 1733 scri-

190 1759 304 1786 pserunt
326 1753 470 1780 llatthazus
486 1756 513 1779 et
534 1751 660 1785 Marcus,
684 1759 744 1786 quae
763 1759 817 1778 non
837 1751 979 1779 dicebatur

191 1800 276 1827 fuisse
295 1799 453 1834 peccatrix,
469 1798 522 1825 tale
546 1797 649 1832 aliquid
674 1798 804 1832 scriptum
830 1803 889 1830 est,
914 1799 977 1832 quia

190 1846 281 1872 omnis
292 1845 390 1872 domus
400 1845 499 1879 repleta
511 1848 552 1871 est
562 1851 595 1871 ex
608 1844 691 1871 odore
703 1843 843 1879 unguenti.
853 1843 976 1870 Forsitan

189 1899 238 1927 per
253 1891 419 1926 diﬂ‘crcntias
437 1891 551 1917 istarum
572 1889 733 1922 mulierum,
757 1889 916 1916 diﬁcrentiae
945 1890 977 1916 ti-

189 1938 290 1965 delium
305 1937 527 1964 demoiistrantur
540 1945 546 1962 :
560 1943 676 1970 quorum
692 1935 802 1970 quidam
817 1934 924 1969 quidem
936 1934 976 1961 ef—

191 1984 311 2011 fundunt
334 1990 415 2016 super
436 1986 518 2016 caput
534 1980 596 2008 Jesu
617 1981 764 2016 pretiosum
787 1984 974 2014 unguentum;

192 2028 236 2055 alii
249 2032 338 2054 autem
350 2034 404 2054 non
423 2031 503 2060 caput
515 2031 629 2060 ungunt,
642 2025 687 2052 sed
702 2025 800 2059 pedes;
818 2025 863 2051 alii
884 2030 974 2052 autem

189 2081 244 2102 non
262 2073 410 2100 infundunt
426 2072 547 2106 largiter.
558 2072 603 2098 sed
617 2076 722 2105 ungunt
734 2076 848 2098 tantum.
865 2069 974 2105 Ungen-

189 2116 257 2143 tium
273 2123 338 2142 vero
354 2116 464 2150 quidam
484 2115 530 2142 tali
552 2120 656 2149 ungunt
668 2119 823 2149 unguento,
843 2120 872 2141 ut
885 2115 974 2142 omnis

187 2161 287 2188 domus
307 2161 452 2194 impleatur
473 2168 505 2187 ex
524 2160 607 2187 odore
626 2160 776 2187 divinitatis
800 2160 908 2195 ipsius;
928 2161 973 2187 alii

1035 931 1233 966 quinquaginta
1246 931 1420 958 denariorum
1432 951 1440 962 .
1461 937 1489 958 et
1498 932 1560 966 jam
1576 938 1737 966 acceperat
1749 933 1826 960 remu-

1035 977 1138 1004 sionem
1152 984 1258 1008 eorum,
1269 976 1398 1010 quoniam
1410 975 1544 1003 dilexerat
1561 977 1729 1005 modicum.
1744 977 1824 1004 Taurei

1034 1022 1149 1057 diligens
1162 1022 1359 1056 aliquantulum
1372 1041 1379 1054 ,
1399 1022 1505 1056 rogavit
1521 1029 1591 1049 cum
1611 1027 1646 1049 ut
1662 1023 1825 1051 mandarat-et

1034 1076 1096 1096 cum
1112 1076 1154 1096 eo.
1177 1068 1301 1095 Accessit
1317 1072 1407 1094 autem
1431 1067 1530 1094 mulier
1541 1086 1549 1099 ,
1565 1076 1627 1094 non
1645 1070 1781 1103 peccatrix
1793 1077 1824 1095 se-

1033 1112 1153 1140 cundum
1167 1112 1323 1140 Mattbaaum
1340 1117 1367 1139 et
1383 1111 1518 1145 Marcum,
1532 1113 1720 1140 alabastrum
1738 1113 1823 1140 habens

1033 1158 1166 1193 unguenti
1188 1158 1312 1192 pretiosi.
1336 1157 1371 1184 Et
1392 1157 1536 1185 considera
1555 1166 1650 1193 quam
1672 1165 1753 1186 caute
1766 1160 1821 1193 apud

1034 1204 1084 1231 hos
1094 1204 1140 1238 qui
1152 1203 1328 1237 peccatricem
1340 1211 1393 1231 non
1406 1203 1572 1237 retulerunt,
1585 1210 1764 1240 unguentum
1775 1206 1821 1238 cju;

1033 1249 1112 1284 quasi
1127 1250 1278 1284 pretiosum
1295 1249 1431 1276 laudatur.
1444 1249 1522 1283 Apud
1539 1249 1653 1277 Lucam
1669 1256 1772 1281 autem,
1786 1260 1819 1284 qui

1032 1295 1160 1329 exposuit
1176 1295 1374 1329 peccatricem.
1398 1300 1569 1330 unguentum
1592 1297 1762 1331 simpliciter
1782 1305 1820 1325 so-

1033 1339 1170 1372 minatur,
1186 1346 1236 1366 nec
1250 1339 1415 1374 pretiosum,
1433 1347 1484 1366 nec
1499 1340 1580 1367 nardi
1603 1341 1732 1375 pisticae,
1750 1346 1777 1368 ut
1796 1349 1820 1367 ex

1033 1386 1117 1412 odore
1137 1386 1197 1420 ejus
1218 1386 1375 1419 impleretur
1390 1386 1497 1413 domus.
1515 1386 1617 1414 Adhuc
1638 1389 1716 1414 enim
1734 1389 1821 1414 habere

1032 1438 1087 1457 non
1099 1435 1205 1465 poterat
1220 1435 1356 1465 unguenta
1371 1431 1527 1465 huiusmodi
1544 1441 1552 1464 ;
1569 1433 1621 1460 sed
1637 1433 1693 1460 hoc
1703 1440 1761 1460 erat
1775 1441 1824 1459 ua-

1033 1484 1131 1510 gnum,
1148 1477 1211 1510 quia
1233 1476 1273 1503 vel
1292 1481 1429 1511 unguento
1454 1483 1562 1511 potetst
1587 1487 1697 1514 ungere
1725 1479 1822 1506 Domist

995 1535 1017 1565 ο
1033 1523 1124 1557 pedes.
1141 1522 1228 1557 Hujus
1244 1527 1334 1550 autent
1354 1523 1477 1550 mulieris
1494 1525 1650 1557 pretiosum
1673 1525 1762 1552 fertur
1779 1534 1821 1551 un-

1034 1573 1176 1603 guentum.
1195 1568 1250 1596 Nec
1271 1570 1342 1596 enim
1368 1568 1482 1596 decebat
1504 1577 1567 1597 esse
1591 1579 1650 1597 non
1677 1571 1822 1604 pretioso

1033 1615 1105 1648 quod
1121 1622 1201 1648 super
1219 1619 1301 1649 caput
1315 1614 1465 1641 Salvatoris
1481 1615 1689 1642 eﬂ‘undebatur.
1704 1616 1737 1643 Et
1747 1625 1824 1651 super

1033 1665 1199 1694 unguentum
1229 1660 1337 1694 quidem
1368 1660 1528 1694 peccatricis
1557 1662 1693 1695 ungentis
1720 1662 1823 1689 Domini

1032 1705 1125 1739 pedes,
1139 1711 1165 1732 et
1179 1713 1232 1732 non
1252 1705 1431 1739 cﬂundentis,
1448 1713 1537 1740 neque
1553 1706 1693 1741 indignati
1707 1713 1773 1734 sunt
1785 1708 1823 1733 di-

1031 1751 1126 1786 scipuli
1138 1769 1145 1783 ,
1168 1759 1255 1785 neque
1264 1751 1410 1778 doluerunt
1423 1771 1431 1783 ,
1451 1758 1502 1778 nec
1521 1751 1592 1778 dixit
1607 1750 1698 1779 Iudas
1713 1762 1721 1778 :
1739 1751 1823 1783 Quare

1031 1805 1190 1831 unguentum
1204 1798 1251 1824 hoc
1262 1802 1358 1824 nonest
1369 1797 1546 1824 venundatum
1557 1799 1685 1824 trecentis
1695 1798 1821 1826 denariis.

1030 1848 1054 1869 et
1073 1843 1164 1869 datum
1176 1848 1212 1870 est
1229 1842 1385 1877 pauperibus
1398 1842 1444 1868 “?
1460 1842 1549 1877 Super
1564 1843 1713 1870 mulierem
1734 1849 1820 1869 auts-m

1030 1889 1101 1923 apud
1114 1888 1269 1916 Mattba‘um
1281 1894 1306 1916 et
1317 1888 1439 1915 Marcum
1452 1888 1585 1923 indignati
1599 1893 1666 1916 sunt
1682 1889 1818 1922 diseipuil.

1031 1940 1057 1961 et
1068 1935 1215 1962 doluerunt
1226 1934 1404 1969 perditionem
1421 1934 1553 1968 unguenti
1569 1934 1643 1968 quod
1658 1934 1818 1960 decurrebat

1029 1988 1044 2006 a
1060 1981 1148 2014 capite
1158 1979 1217 2014 ejus
1231 1979 1266 2006 ad
1283 1983 1411 2006 caeterum
1427 1986 1538 2012 corpus.
1553 1977 1624 2005 Nam
1639 1980 1696 2006 etsi
1719 1985 1819 2013 potent

1029 2027 1179 2053 venundari
1205 2030 1373 2061 unguentum
1398 2025 1463 2051 illud
1488 2025 1574 2051 multo
1597 2026 1689 2059 pretio
1712 2030 1739 2051 et
1763 2025 1815 2051 dari

1029 2072 1204 2107 pauperibus,
1220 2075 1308 2098 tamen
1325 2078 1378 2097 non
1392 2070 1507 2097 debebat
1521 2070 1579 2097 ﬁeri
1593 2070 1657 2102 hoc,
1672 2069 1739 2104 quia
1755 2077 1816 2095 roa-

1027 2117 1137 2144 veniens
1149 2121 1207 2144 erat
1221 2124 1303 2150 super
1313 2120 1395 2150 caput
1407 2115 1507 2143 Christi
1519 2115 1718 2142 intenderetur
1727 2121 1813 2142 sancta

1027 2169 1053 2190 et
1067 2163 1171 2190 decenti
1192 2161 1339 2188 infusione.
1356 2161 1407 2193 Qui
1419 2166 1509 2187 autem
1528 2160 1704 2187 contendunt
1721 2161 1814 2186 intelli-

189 2210 280 2235 autcm
299 2213 354 2232 non
375 2206 422 2232 tali
441 2206 570 2239 quidem,
595 2209 685 2232 tamen
700 2210 727 2232 et
741 2205 792 2240 ipsi
815 2206 973 2239 acceptabili
991 2209 1011 2236 D
1026 2217 1088 2246 gere
1105 2210 1155 2237 ista
1171 2209 1320 2237 secundum
1335 2208 1486 2242 simplicem
1503 2212 1624 2238 textum,
1637 2207 1735 2233 dicant
1751 2206 1813 2233 ei?

189 2252 261 2286 apud
275 2251 428 2282 Christum,
446 2251 574 2285 quoniam
586 2255 613 2278 et
632 2250 683 2285 ipsi
698 2256 803 2285 ungunt
817 2252 898 2285 pedes
913 2251 972 2285 ejus

189 2300 339 2332 unguento,
353 2304 422 2331 quos
431 2295 586 2323 Pharisteus
597 2303 647 2324 nec
657 2297 716 2323 oleo
727 2297 815 2323 unxit.
827 2295 974 2331 Oportebat

188 2345 279 2369 autem
294 2341 352 2368 haec
365 2341 392 2367 in
407 2340 538 2368 Bethania
556 2341 625 2372 ﬁeri,
640 2349 701 2376 qua:
721 2340 913 2376 interpretatur
924 2341 972 2367 do-

188 2395 246 2413 mus
262 2386 427 2418 obedientite,
441 2390 468 2413 et
483 2386 517 2413 ab
534 2386 584 2414 hac
600 2393 660 2421 quae
674 2394 754 2421 super
768 2391 850 2421 caput
861 2386 969 2413 Domini

187 2432 282 2459 eﬂ'udit
297 2437 477 2466 unguentum,
490 2440 544 2459 non
561 2438 687 2460 accusata
698 2433 775 2467 quasi
791 2434 926 2468 peccatrix
941 2434 969 2461 in

187 2480 305 2510 civitate,
322 2483 350 2505 et
366 2487 381 2505 a
397 2478 497 2511 Maria,
515 2480 585 2513 apud
607 2487 688 2514 quam
707 2487 768 2507 cum
787 2482 862 2507 tieret
878 2482 971 2508 convi-

185 2525 258 2550 vium
271 2523 345 2556 lesu,
359 2524 474 2551 accessit
485 2525 518 2551 ad
532 2532 594 2551 eum
605 2529 632 2552 et
647 2525 734 2552 unxit.
751 2524 865 2551 Domum
880 2531 970 2553 anteiit

185 2569 361 2602 obedientiae,
391 2569 540 2597 Eeclesiam
573 2570 685 2605 intelligi
713 2575 837 2604 oportere
866 2571 971 2598 dubitat

185 2622 276 2641 nemo.
293 2616 340 2642 Illa
359 2621 449 2643 autem
462 2624 523 2650 qua:
543 2617 613 2650 apud
629 2615 731 2643 Lucam
749 2617 890 2644 dicebatur
905 2625 968 2652 pec-

184 2660 291 2693 catrix,
313 2661 403 2687 adlntc
423 2668 475 2687 non
498 2665 556 2688 erat
578 2661 658 2695 digna
683 2661 709 2688 in
734 2660 865 2689 Bethania
888 2671 968 2696 esse,

185 2706 310 2740 quamvis
330 2707 516 2740 ptenitcntiam
536 2711 707 2741 peccatorum
727 2714 839 2735 suorum
863 2710 967 2744 agebat.

220 2775 243 2791 ³⁵
256 2775 333 2802 .loan.
349 2784 398 2807 χιι,
415 2775 443 2802 5.
479 2777 502 2792 ⁵⁸
516 2775 598 2803 Mare.
617 2784 673 2809 xw,
690 2776 714 2804 6.

222 2830 276 2863 (87$)
297 2831 364 2864 Lege
378 2832 523 2860 obcdit’nlia
537 2833 640 2861 (ἔαρι-α’.

1025 2263 1085 2284 sum
1096 2260 1263 2290 unguentum
1283 2262 1364 2288 super
1376 2259 1457 2288 caput
1468 2252 1533 2280 Jesu
1548 2252 1737 2284 laudabiliter,
1751 2260 1812 2286 qua-

1025 2301 1076 2328 lem
1092 2301 1207 2328 habebat
1219 2300 1368 2328 secundum
1382 2303 1483 2326 textum
1496 2298 1634 2330 decorem,
1652 2303 1685 2324 ut
1698 2297 1811 2325 eﬂ‘unde-

1024 2351 1098 2375 retur
1120 2355 1201 2382 super
1220 2352 1302 2381 caput
1315 2346 1376 2373 talis
1393 2350 1421 2372 et
1435 2345 1502 2372 tanti
1518 2344 1656 2378 magistri.
1679 2343 1741 2371 Non
1759 2349 1811 2369 ent

1024 2401 1089 2429 ergo
1103 2397 1271 2428 unguentum
1284 2392 1349 2419 illud
1364 2391 1530 2425 pauperibus
1544 2390 1673 2425 dignum,
1686 2397 1736 2417 nec
1752 2397 1811 2415 ccl—

1024 2439 1146 2469 veniens,
1159 2442 1290 2472 quantum
1303 2437 1337 2463 ad
1350 2443 1430 2463 suum
1444 2436 1588 2472 honorem,
1604 2439 1634 2460 ut
1644 2433 1810 2460 divideretur

1024 2485 1051 2511 in
1075 2484 1194 2515 multos,
1215 2483 1263 2510 sed
1285 2486 1314 2508 ut
1336 2481 1470 2515 integrum
1494 2487 1610 2506 manens
1629 2479 1810 2506 effundere-tat

1023 2537 1105 2564 super
1119 2533 1199 2563 caput
1210 2526 1397 2554 tantummodo
1408 2525 1483 2552 Jesu.
1495 2524 1610 2559 Propter
1625 2524 1702 2558 quod
1716 2529 1742 2551 et
1755 2531 1809 2549 ml-

1024 2575 1116 2601 lierem
1128 2579 1188 2607 qua:
1201 2571 1302 2599 fecerat
1315 2572 1377 2602 hoc,
1392 2571 1507 2604 suscipit
1520 2568 1613 2601 Iesus,
1626 2574 1654 2596 ct
1671 2569 1807 2603 indignan-

1024 2619 1096 2646 tibus
1108 2617 1249 2652 discipulis
1260 2617 1325 2644 dicit
1339 2616 1363 2632 "
1376 2625 1383 2643 :
1399 2615 1485 2643 Sinite
1500 2623 1569 2647 eam.
1585 2620 1611 2641 et
1628 2615 1714 2641 nolite
1724 2614 1749 2641 εἰ
1759 2621 1807 2639 πιθ-

1022 2664 1083 2691 leati
1098 2671 1169 2696 esse,
1189 2663 1314 2698 quintium
1331 2662 1428 2688 bonum
1448 2668 1513 2694 opus
1528 2665 1641 2694 operata
1658 2665 1700 2686 at
1718 2660 1746 2686 in
1761 2666 1803 2683 lu.

1025 2709 1114 2745 Usque
1129 2710 1197 2738 adeo
1209 2714 1300 2736 autem
1312 2707 1409 2735 efﬁcax
1420 2712 1462 2735 est
1476 2706 1634 2741 huiusmodi
1648 2706 1712 2733 laus
1723 2704 1802 2739 opai:
