1839 3053
36 174 108 202 Πξὶ
199 175 215 193 λ

599 173 924 202 COMMENTARIORUM
946 173 1021 202 SERl
1027 175 1077 202 ES.

1588 180 1656 205 172D

35 232 117 264 boni,
132 234 163 258 ut
174 230 334 258 exhortctnr
349 238 444 258 omnes
463 237 515 259 nos
528 230 673 259 odoriferis
688 237 713 259 et
730 232 821 259 diviti-
835 235 858 262 Α
872 231 939 258 dicit
958 235 986 258 et
1007 231 1103 258 Petrus
1117 232 1187 266 apud
1209 231 1376 260 Clementem
1390 253 1396 265 ,
1422 233 1550 267 quoniam
1574 242 1654 270 opera

32 280 86 305 bus
99 277 228 312 operibus
243 277 356 312 implere
375 275 480 304 Domini
495 282 587 312 caput,
606 282 676 305 utet
689 278 723 306 de
738 279 822 315 89‘.

33 324 115 351 nobis
127 323 233 350 dicatur
246 322 310 357 quia
324 323 424 350 bonum
436 330 504 357 opus
518 322 633 351 fecimus
643 331 726 359 super
741 329 822 359 caput

31 370 136 404 ipsius,
152 370 215 404 quia
233 377 339 404 semper
354 369 462 404 quidem
481 368 632 401 habemus,
649 370 770 404 quandiu
794 370 820 397 in

32 417 87 443 hac
103 416 158 442 vita
173 415 352 443 consistimus
363 435 371 448 ,
394 421 527 449 pauperes
537 415 696 446 nobiscum,
712 420 740 442 et
752 423 820 450 opus

31 462 164 489 habentes
180 469 247 488 cura
268 469 364 488 eorum
390 461 436 495 qui
458 460 633 495 profecerunt
654 462 680 488 in
698 462 821 489 verboot

29 507 131 535 divites
147 507 210 534 facti
227 511 291 534 sunt
310 507 336 534 in
356 508 486 542 sapientia
501 507 559 540 Dei,
578 515 632 535 non
652 512 741 535 autem
755 516 819 542 pos-

30 557 98 579 sunt
113 552 246 586 sufﬁcere,
259 557 289 580 nt
303 560 409 587 semper
421 553 517 580 diebus
527 559 554 581 et
567 554 691 581 noctibus
703 554 820 581 habeant

30 606 127 626 secum
144 599 242 626 Filium
259 599 317 631 Dei,
341 598 458 626 Verbum
475 599 536 632 Dei,
552 604 578 626 et
592 599 775 634 Sapientiam,
793 605 820 628 et

30 646 125 672 omnia
142 645 273 680 quidquid
291 649 333 673 est
347 645 478 673 Dominus
494 650 587 673 noster
602 646 735 674 Salvator.
753 646 819 674 Vide

29 697 55 719 et
74 691 147 726 quod
163 692 201 718 ait
212 693 253 717 ":
271 692 373 719 Bonum
395 701 459 727 opus
474 697 581 727 operata
593 697 630 720 est
645 694 672 719 in
688 702 737 726 me,
754 694 818 728 quia

29 745 86 764 non
105 737 174 765 dixit
189 737 222 764 de
237 739 388 772 peccati-ire
405 743 521 773 ungente
536 739 616 773 pedes
631 739 717 773 ipsius
728 761 735 772 ,
752 741 818 774 quia

29 783 134 810 bonum
147 791 216 817 opus
231 783 295 812 fecit
309 784 336 810 in
352 791 405 811 me.
424 784 451 811 Si
465 789 554 811 autem
567 789 674 818 oportet
684 786 819 814 discutere

29 833 56 856 et
71 830 145 864 quod
160 830 197 856 ait
213 830 246 863 ",
262 830 296 857 ad
316 830 493 865 sepeliendum
509 839 549 857 me
563 832 639 866 fecit,
656 840 818 866 comparans

29 876 52 900 ei
68 875 142 909 quod
157 875 256 902 dicitur
266 876 289 892 ⁵⁸
304 885 310 902 :
327 875 480 910 Consepulli
495 885 585 903 sumus
600 876 705 904 Christo
715 886 760 912 per
772 878 819 905 btt-

29 921 168 954 ptismum,
180 924 205 947 et
217 923 430 949 consurreximus
443 923 477 956 ei,
490 923 578 950 adhuc
589 928 678 950 autem
691 924 742 951 hoc
754 931 818 951 con-

29 965 122 993 sidera
138 966 268 1000 quoniam
283 967 318 995 de
340 968 455 996 muliere
475 969 625 997 secundum
647 969 747 998 Lucam
764 979 818 998 non

29 1016 70 1039 est
83 1012 186 1039 dictum
201 1022 208 1040 :
221 1013 301 1040 Amen
313 1014 372 1041 dico
384 1014 454 1042 vobis
464 1023 473 1041 :
487 1015 638 1051 Ubicunque
645 1018 819 1052 pra’dicatum

29 1057 111 1091 fuerit
124 1057 295 1093 Evangelium
308 1059 355 1086 hoc
369 1060 396 1086 in
412 1064 466 1087 toto
478 1061 585 1092 mundo,
600 1061 700 1089 dicetur
712 1068 735 1090 et
749 1064 818 1098 quod

29 1103 91 1137 fecit
105 1104 160 1131 Ita'c
174 1104 200 1131 in
216 1106 369 1132 memoriam
380 1107 435 1140 ejus
448 1108 481 1133 δι’.
495 1107 531 1134 De
544 1108 656 1136 muliere
673 1114 762 1136 autem
776 1118 819 1137 se—

29 1149 151 1176 cundum
167 1148 324 1178 Malthaeum
349 1157 374 1178 et
388 1152 509 1180 Marcum
532 1154 584 1181 hoc
611 1155 742 1189 scriptum
765 1159 816 1183 est.

29 1192 138 1221 Iustum
155 1194 228 1221 enim
252 1199 311 1222 erat
324 1203 378 1223 non
399 1197 432 1224 de
451 1198 493 1224 illa
507 1206 569 1232 quae
585 1204 700 1227 unxerat
714 1200 796 1234 pedes
808 1221 815 1233 ,

29 1240 75 1267 sed
91 1240 126 1267 de
147 1240 197 1268 hac
217 1249 278 1276 tunc
292 1246 460 1277 unguentum
485 1244 618 1272 effuderat
640 1254 722 1280 super
736 1250 817 1280 caput

29 1285 100 1320 ejus,
111 1285 163 1313 dici
179 1295 186 1313 :
204 1286 356 1322 Ubicunque
369 1288 541 1322 pradicalum
554 1290 633 1324 fuerit
646 1290 816 1326 Evangelium

29 1331 77 1358 hoc
90 1332 118 1358 in
134 1337 188 1359 toto
209 1333 316 1365 munda,
339 1334 441 1360 dicetur
452 1339 476 1360 et
495 1335 564 1369 quod
579 1336 640 1370 fecit
654 1337 708 1364 [nec
723 1338 749 1364 in
764 1346 817 1364 meo

29 1377 143 1403 moriam
156 1377 224 1411 ejus.
241 1377 269 1405 Si
282 1385 347 1413 ergo
360 1379 486 1406 volunms
500 1384 529 1406 ut
540 1384 566 1407 et
577 1381 609 1408 de
623 1381 700 1409 nobis
711 1382 816 1410 dicatur

29 1423 101 1458 quod
122 1423 240 1451 fat-imus
262 1425 288 1451 in
312 1423 392 1457 Jesu,
410 1425 578 1453 effundentes
600 1428 747 1460 pretiosum
765 1437 816 1455 un-

29 1474 160 1503 guentum
182 1477 265 1504 super
288 1475 369 1505 caput
387 1471 493 1505 ipsius,
515 1472 688 1506 proﬁciamus
710 1474 744 1500 ab
762 1482 815 1501 un-

29 1514 120 1541 ctione
136 1514 234 1548 pedum
255 1515 315 1550 ejus
331 1515 364 1542 ad
385 1515 578 1544 eﬂ‘undcndum
595 1519 745 1552 pretiosum
762 1527 814 1546 un-

29 1563 159 1594 guentnm
175 1568 256 1595 super
272 1566 351 1596 caput
367 1562 437 1597 ejus.
455 1561 525 1595 Quid
546 1568 635 1590 autem
650 1569 691 1592 est
707 1565 794 1592 oleum
806 1587 813 1599 ,
829 1573 849 1601 ο

29 1610 54 1632 et
71 1606 135 1640 quid
153 1607 344 1641 unguentum?
359 1607 531 1643 Unguentum
547 1614 636 1637 autem
651 1611 721 1645 quod
735 1612 816 1646 proﬁ-

29 1651 64 1679 cit
78 1652 111 1678 ad
129 1659 229 1687 corpus
244 1653 345 1681 Christi
363 1655 529 1689 ungendum,
544 1661 570 1683 et
586 1657 658 1691 quod
674 1658 706 1684 ad
724 1663 814 1692 caput,

29 1696 136 1724 difﬁcile
147 1702 189 1724 est
200 1698 347 1732 explicare.
361 1698 463 1726 Tamen
480 1700 505 1727 id
518 1701 589 1736 quod
605 1702 684 1730 nobis
699 1703 814 1738 videtur,

29 1741 218 1771 demonstrare
233 1745 398 1772 tentabimus
409 1765 416 1777 ,
430 1746 582 1774 certissime
599 1753 793 1782 cognoscentes
807 1770 813 1782 ,

29 1789 91 1822 quia
109 1789 198 1816 oleum
219 1790 320 1824 ubique
334 1791 360 1817 in
379 1790 527 1826 Scripturis
538 1813 545 1825 ,
564 1798 609 1820 aut
624 1802 692 1828 opus
707 1795 815 1822 miseri-

29 1834 127 1861 cordia:
143 1834 302 1870 intelligitur
313 1856 320 1868 ,
337 1845 391 1872 quo
407 1837 516 1866 lucerna
537 1840 610 1867 verbi
625 1841 742 1868 enutrita
760 1841 816 1868 cla-

29 1879 112 1906 rescit
129 1889 135 1906 :
154 1884 201 1906 aut
213 1880 336 1907 doctrina
349 1902 356 1913 ,
374 1882 453 1916 cujus
467 1883 559 1910 auditu
576 1885 686 1911 assiduo
702 1885 814 1912 verbum

29 1924 89 1951 lidei
101 1925 174 1959 quod
186 1930 227 1953 est
240 1934 384 1954 accrnsum
398 1927 424 1954 in
439 1929 527 1962 nobis,
544 1930 662 1957 nutritur
673 1935 699 1957 et
713 1931 814 1959 clarius

29 1971 108 1997 lucet.
126 1971 202 1998 Sicut
215 1979 279 2006 ergo
291 1972 452 2007 generaliter
465 1981 545 2001 omne
556 1982 610 2008 quo
619 1976 680 2009 quis
694 1977 812 2010 ungitur,

29 2017 118 2044 oleum
138 2018 288 2051 appellatur
298 2038 305 2050 ,
318 2018 369 2045 olei
383 2023 473 2045 autem
493 2020 565 2047 aliud
581 2025 621 2048 est
634 2027 812 2056 unguentum,

29 2062 121 2097 :aliud
140 2071 192 2089 non
207 2062 216 2098 ]
233 2072 238 2090 ι
251 2063 314 2090 item
331 2065 460 2099 unguenti
474 2065 545 2091 aliud
558 2071 600 2093 est
616 2067 752 2094 mediocre
765 2076 815 2094 un-

29 2114 156 2143 ;uentnm
168 2129 175 2141 ,
190 2110 262 2136 aliud
278 2110 425 2144 pretiosum
442 2120 448 2138 :
466 2112 505 2138 sic
521 2112 612 2140 omnis
634 2118 711 2141 actus
723 2114 813 2148 justus

29 2163 97 2189 ‘tpllb
113 2155 214 2182 dicitur
227 2154 339 2183 bonum.
361 2156 457 2190 Operis
473 2162 565 2184 autem
582 2158 662 2191 boni,
681 2159 753 2186 aliud
773 2164 814 2187 est

29 2200 99 2234 quod
118 2200 234 2227 facimus
251 2205 361 2235 propter
380 2201 520 2234 homines,
543 2203 583 2229 vel
598 2203 747 2230 secundum
765 2204 814 2231 ho-

872 277 944 303 bona
970 283 1031 311 qua:
1047 277 1115 303 ﬁunt
1134 278 1168 304 ab
1189 277 1344 305 infidelibus
1357 298 1363 310 ,
1382 278 1409 305 in
1427 279 1479 306 hoc
1499 280 1600 307 saeculo
1617 280 1656 309 eis

872 326 1002 356 prosunt,
1017 330 1071 350 non
1088 327 1114 350 et
1128 324 1154 350 in
1171 323 1216 350 illo
1231 324 1265 350 ad
1281 325 1500 359 consequendam
1520 326 1602 352 vitam
1621 334 1657 353 a2-

873 371 977 394 ternam
987 376 993 394 :
1005 371 1033 395 et
1042 369 1245 401 convenienter,
1255 369 1320 404 quia
1335 378 1384 397 nec
1397 370 1435 397 illi
1450 376 1559 405 propter
1574 371 1655 399 Deum

871 413 985 446 faciunt,
1001 415 1048 441 sed
1062 420 1172 449 propter
1185 415 1272 450 ipsam
1286 421 1411 444 naturam
1428 418 1587 446 humanam.
1603 418 1654 452 Qui

870 464 961 487 autem
979 465 1088 495 propter
1103 461 1188 488 Deum
1203 461 1324 495 faciunt,
1350 462 1376 489 id
1400 467 1442 490 est
1466 463 1574 497 ﬁdeles,
1601 471 1655 491 non

870 506 958 533 solum
974 507 1001 533 in
1015 507 1066 534 hoc
1086 508 1186 535 sarculo
1197 508 1303 542 prolicit
1317 509 1367 540 eis,
1388 509 1435 536 sed
1452 510 1478 536 in
1498 510 1553 542 illo,
1569 511 1656 546 magis

870 557 961 579 autem
982 553 1008 580 in
1025 553 1081 581 illo.
1099 553 1177 586 Quod
1192 559 1281 581 autem
1307 555 1399 582 fideles
1421 555 1525 583 faciunt
1546 561 1657 591 propter

869 597 966 632 Deum,
989 599 1041 626 hoc
1060 603 1102 626 est
1118 605 1287 634 unguentum
1303 601 1366 628 boni
1383 601 1484 628 odoris.
1498 603 1553 629 Hoc
1566 602 1655 636 ipsum

869 649 959 671 autem
976 652 1045 679 opus
1068 645 1188 672 ﬁdelium
1212 651 1322 681 propter
1337 647 1430 680 Deum,
1454 648 1525 683 quod
1543 653 1584 675 est
1605 657 1656 675 un-

869 693 1011 723 guentum,
1030 690 1103 717 aliud
1122 690 1150 717 lit
1165 691 1197 717 ad
1217 691 1359 719 utilitatem
1375 693 1532 726 hominum,
1547 698 1653 728 utputa,

868 735 1056 770 elcemosynre,
1070 736 1239 763 inﬁrmorum
1255 737 1434 771 visitationes,
1449 739 1653 774 peregrinorum

869 781 1074 816 susceptioncs,
1093 782 1243 816 humilitas,
1255 785 1450 817 mansuetudo,
1466 785 1632 820 indulgentia
1645 806 1653 818 ,

867 830 895 853 et
909 832 1004 854 eadem
1023 827 1179 862 huiusmodi
1197 836 1258 863 qua:
1276 829 1432 858 hominibus
1450 836 1573 865 prosunt.
1592 830 1654 859 Haec

868 873 916 907 qui
941 872 1007 900 facit
1030 873 1056 899 in
1076 873 1248 902 Christianos
1261 895 1267 906 ,
1287 875 1368 910 pedes
1385 875 1491 903 Domini
1509 877 1585 912 ungit
1601 885 1654 904 uu-

869 920 970 950 guento
983 936 990 948 ,
1013 917 1077 951 quia
1095 917 1146 951 ipsi
1171 922 1236 945 sunt
1253 919 1359 946 Domini
1376 920 1458 954 pedes
1474 929 1534 947 cum
1555 922 1653 956 quibus

868 961 991 988 ambulat
1008 969 1134 996 semper:
1152 962 1224 997 quod
1240 964 1375 997 praecipue
1390 964 1476 992 solent
1492 965 1580 992 facere
1597 974 1655 1001 pte

868 1007 986 1034 nitentes
1012 1015 1062 1042 pro
1087 1007 1248 1035 remissione
1271 1013 1442 1043 peccatorum
1471 1017 1593 1038 suorum.
1621 1011 1655 1039 Et

869 1052 934 1079 iHnd
948 1056 990 1079 est
1003 1060 1072 1087 opus
1086 1053 1157 1087 quod
1177 1052 1277 1079 dicitur
1293 1059 1459 1087 unguentum
1483 1055 1651 1083 odoriferum

869 1098 994 1133 quidem,
1016 1106 1069 1126 non
1088 1103 1178 1126 autem
1193 1107 1344 1126 summum.
1360 1099 1411 1133 Qui
1426 1106 1516 1128 autem
1534 1102 1653 1129 castitati

869 1144 978 1177 studet,
994 1145 1020 1171 in
1034 1145 1148 1180 ja-juniis
1164 1148 1190 1172 et
1207 1144 1377 1173 orationibus
1395 1150 1548 1180 permanet,
1563 1148 1589 1174 in
1605 1148 1653 1174 ad-

868 1190 955 1217 versis
972 1191 1129 1225 patientiam
1143 1190 1224 1218 habet
1245 1191 1316 1218 sicut
1330 1190 1396 1224 Job,
1413 1192 1440 1218 in
1458 1193 1653 1220 tentationibus

868 1236 1008 1263 veritatem
1026 1235 1071 1263 Dei
1084 1243 1138 1263 non
1158 1235 1234 1263 timet
1250 1236 1373 1263 confiteri
1387 1244 1394 1269 ;
1411 1244 1472 1271 quae
1486 1239 1577 1265 omnia
1600 1246 1653 1266 cie.

868 1281 934 1308 teris
957 1281 1115 1308 hominibus
1129 1281 1198 1307 nihil
1211 1286 1327 1315 prosunt
1337 1301 1344 1314 ,
1358 1282 1406 1309 sed
1422 1286 1526 1310 tantum
1540 1284 1573 1310 ad
1595 1284 1652 1319 glo-

868 1327 936 1354 riam
950 1326 997 1353 Dei
1011 1326 1177 1361 proﬁeiunt;
1192 1326 1243 1353 hoc
1255 1331 1296 1354 est
1311 1332 1475 1363 unguentum
1491 1328 1562 1363 quod
1577 1329 1652 1365 ungit

867 1378 949 1408 caput
964 1372 1072 1400 Domini
1086 1372 1206 1404 Christi,
1229 1377 1256 1399 et
1270 1372 1366 1400 eximie
1386 1381 1433 1408 per
1450 1377 1536 1401 totum
1552 1382 1651 1410 corpus

866 1419 985 1452 Christi,
1003 1419 1028 1445 id
1045 1425 1087 1446 est
1106 1426 1153 1454 per
1170 1423 1256 1446 totam
1287 1420 1408 1447 decurrit
1428 1420 1575 1448 Ecclesiam
1592 1429 1599 1448 :
1625 1425 1652 1448 t-t

867 1465 919 1491 hoc
931 1469 972 1491 est
987 1469 1155 1498 unguentum
1168 1465 1245 1493 valde
1259 1466 1422 1500 pretiosum,
1434 1473 1465 1492 ex
1478 1466 1556 1500 cujus
1567 1466 1651 1493 odoro

867 1515 923 1538 tota
938 1511 1057 1545 repletur
1077 1512 1190 1543 domus,
1206 1512 1258 1539 hoc
1278 1516 1320 1539 est
1343 1511 1463 1539 Ecclesia
1480 1511 1593 1539 Christi.
1618 1511 1651 1538 Et

868 1556 921 1583 hoc
943 1565 1013 1591 opus
1027 1561 1067 1583 est
1081 1558 1222 1592 proprium
1239 1565 1292 1584 non
1308 1557 1495 1592 paenitendum
1507 1578 1514 1589 ,
1527 1558 1574 1585 sed
1590 1565 1651 1592 per-

866 1600 1000 1629 fector-um
1015 1608 1182 1630 sanetormn.
1198 1604 1251 1630 Aut
1265 1607 1337 1630 certe
1348 1603 1470 1630 doctrina
1484 1611 1545 1638 qua:
1558 1611 1652 1631 neces:

867 1646 938 1674 saria
953 1651 995 1674 est
1012 1646 1168 1675 hominibus
1181 1668 1187 1679 ,
1211 1656 1258 1683 per
1272 1656 1353 1682 quam
1373 1649 1530 1675 nutriuntur
1554 1650 1652 1676 animae

866 1700 998 1727 pauperes
1014 1693 1040 1719 in
1055 1693 1224 1728 spiritalibus
1243 1695 1321 1722 bonis
1331 1715 1337 1727 ,
1356 1699 1403 1721 aut
1417 1694 1487 1722 forte
1502 1699 1529 1722 et
1549 1695 1651 1723 debiles

866 1738 892 1765 in
905 1739 1032 1772 peccatis,
1047 1738 1098 1765 hoc
1109 1744 1151 1766 est
1163 1745 1331 1774 unguentum
1344 1740 1490 1772 mediocre,
1502 1747 1557 1775 quo
1570 1741 1651 1774 pedes

866 1783 972 1810 Domini
991 1789 1140 1819 unguntur.
1158 1784 1269 1819 Agnitio
1280 1790 1371 1812 autent
1390 1785 1451 1812 ﬁdei
1465 1793 1535 1812 verte
1546 1793 1606 1820 quae
1617 1786 1650 1813 ad

865 1829 952 1856 solum
966 1831 1081 1864 pertinet
1093 1830 1189 1862 Deum,
1206 1836 1373 1865 unguentum
1385 1836 1426 1859 est
1437 1832 1584 1866 pretiosum
1596 1840 1650 1868 quo

865 1875 975 1910 ungitur
991 1881 1071 1909 caput
1086 1875 1187 1903 Christi
1204 1875 1284 1903 Deus.

899 1934 943 1961 '78.
957 1934 1030 1960 Tunc
1043 1935 1108 1961 abiit
1122 1943 1187 1962 unus
1199 1935 1230 1962 de
1238 1935 1385 1968 duodecim,
1396 1936 1440 1970 qui
1453 1936 1552 1963 dicitur
1562 1935 1649 1962 Iudas

864 1981 981 2011 Scariot.
997 1980 1031 2007 ad
1042 1982 1173 2015 principes
1187 1982 1364 2015 sacerdotum,
1381 1987 1406 2010 et
1422 1983 1490 2008 dixit
1501 1983 1538 2009 eis
1552 1989 1561 2009 :
1578 1982 1650 2015 Quid“

863 2027 942 2054 vultis
957 2028 1022 2054 mihi
1042 2027 1122 2059 dare,
1138 2033 1162 2055 et
1185 2036 1230 2063 ego
1246 2028 1316 2056 vobis
1332 2037 1391 2056 eum
1407 2028 1511 2055 tradam
1526 2029 1538 2056 .9
1556 2030 1590 2055 At
1607 2028 1649 2054 illi

863 2073 1057 2100 constituerunt
1070 2074 1094 2100 ei
1106 2074 1216 2108 triginta
1230 2079 1340 2101 statcres
1355 2083 1363 2101 :
1377 2080 1400 2102 et
1411 2075 1503 2102 exinde
1516 2075 1653 2110 quwrebnr

863 2119 1085 2153 opportunitatem
1106 2124 1133 2145 ut
1149 2127 1207 2145 eum
1231 2120 1344 2147 traderet
1360 2121 1397 2147 eis
1413 2120 1444 2148 ⁸⁸.
1461 2119 1543 2147 Judas
1566 2121 1658 2147 inter-~

866 2167 989 2197 prclatur
1001 2163 1143 2197 confessor.
1159 2165 1226 2191 Cum
1243 2165 1298 2191 sint
1313 2172 1377 2199 ergo
1391 2165 1445 2192 duo
1458 2165 1582 2200 discipuli
1598 2165 1649 2192 hoc

865 2209 975 2234 nomine
987 2209 1131 2240 nominati,
1140 2210 1289 2237 secundum
1303 2210 1374 2244 quod
1388 2209 1475 2237 Lucas
1484 2211 1654 2245 evangelista

29 2245 132 2277 mines,
149 2246 223 2273 aliud
236 2251 326 2273 autem
344 2247 415 2281 quod
432 2253 542 2282 propter
564 2247 648 2275 Deum
662 2254 689 2276 et
711 2257 810 2277 secun-
829 2243 850 2269 ι)
864 2253 1017 2280 dinumerat
1035 2254 1106 2281 inter
1121 2254 1263 2282 duodecim
1279 2255 1364 2282 fuisse
1382 2256 1534 2290 apostolos,
1550 2255 1647 2283 Judam

29 2291 90 2318 ium
105 2291 198 2318 Deum.
221 2291 285 2318 llum
303 2291 353 2318 hoc
374 2292 461 2326 ipsum
486 2293 557 2327 quod
573 2293 687 2321 facimus
701 2298 810 2329 propter

29 2337 123 2368 Deum,
139 2336 212 2363 aliud
228 2341 270 2363 est
285 2337 356 2371 quod
380 2338 488 2372 proiicit
501 2339 534 2364 ad
551 2346 629 2366 usum
647 2339 789 2366 hominum
801 2360 808 2372 ,

29 2384 98 2411 iliud
111 2384 182 2418 quod
203 2392 255 2410 non
270 2384 376 2418 proﬁcit
388 2384 421 2411 ad
434 2392 512 2411 usum
526 2386 678 2419 hominum,
691 2387 737 2414 sed
751 2391 810 2414 tan-

35 2437 81 2455 nm
98 2429 132 2454 ad
147 2428 260 2463 glorianti
276 2428 301 2454 Di
313 2429 331 2454 i.
349 2427 459 2463 Utpnta,
472 2429 540 2456 bene
553 2430 615 2465 quis
629 2430 692 2458 facit
707 2432 808 2458 homini

33 2474 143 2500 naturali
166 2473 273 2507 justitia
293 2478 400 2504 motus,
417 2482 470 2501 non
491 2481 600 2510 propter
622 2476 704 2504 Deum
717 2498 724 2509 ,
741 2485 810 2511 quo-

33 2519 108 2545 nodo
119 2519 255 2546 faciebant
269 2519 404 2545 interdum
418 2524 443 2546 ct
456 2525 558 2554 gentes,
571 2527 597 2548 et
614 2522 690 2548 multi
706 2523 810 2550 faciunt

33 2566 153 2593 nomines
166 2575 171 2591 :
191 2574 259 2600 opus
273 2566 338 2593 illud
353 2567 441 2594 oleum
456 2572 498 2594 est
516 2569 635 2602 vulgare,
652 2576 704 2596 non
718 2571 809 2605 magni

29 2611 133 2643 nloris,
151 2616 178 2638 et
199 2612 287 2646 ipsum
307 2618 397 2640 tamen
419 2614 584 2648 accc-piabile
606 2615 677 2648 apud
700 2614 806 2642 Deum:

29 2658 95 2684 sicut
122 2656 216 2685 Daniel
241 2658 374 2693 significat
398 2659 491 2687 dicrns
516 2660 548 2687 ad
575 2660 716 2688 Balthasar
740 2661 807 2696 (86)

29 2703 108 2729 )eum
135 2711 187 2730 non
206 2710 414 2738 cognoscentem
431 2714 437 2731 :
454 2705 525 2732 Audi
546 2706 685 2732 consilium
702 2714 785 2732 meum
799 2725 807 2737 ,

29 2756 80 2779 τε.
95 2753 204 2782 peccata
219 2755 265 2776 tua
281 2749 450 2784 eleemosynis
466 2750 563 2777 redime
579 2751 611 2777 ⁵⁸.
627 2750 690 2778 Tale
706 2751 807 2786 aliquit!

57 2804 81 2819 ⁵ο
96 2803 192 2831 Matth.
211 2804 338 2836 xvaJO.
377 2806 399 2821 ⁸⁷
417 2805 481 2832 ibid.
501 2805 542 2832 12.

35 2840 41 2854 ¹
62 2838 159 2866 Matth.
174 2847 236 2865 xxvr
248 2859 254 2870 ,
269 2840 302 2866 it
319 2843 346 2865 et
361 2847 439 2874 seqq.

57 2885 114 2919 (Κῆ)
132 2885 286 2920 Lugendum
304 2885 557 2913 Nabuchodonosor.

589 2805 611 2821 ³⁸
626 2805 704 2833 Rom.
722 2814 760 2840 vt,
775 2807 812 2839 4;
830 2807 936 2838 Coloss.
959 2818 995 2843 ιι,
1015 2811 1056 2839 12.
1075 2812 1096 2828 ⁸³
1111 2811 1205 2839 Matth.
1228 2820 1290 2839 xxv:
1302 2833 1309 2844 ,
1329 2811 1369 2838 l5.

863 2297 969 2331 Jacobi,
983 2304 1009 2326 et
1022 2299 1120 2326 ludant
1135 2300 1284 2328 Scariotam
1303 2310 1309 2327 :
1325 2308 1385 2327 cum
1400 2301 1466 2328 nihil
1481 2309 1544 2336 ergo
1559 2309 1573 2329 a
1590 2310 1648 2339 my-

862 2345 946 2371 sterio
970 2353 1086 2372 vacuum
1112 2347 1146 2373 sit
1162 2347 1232 2381 apud
1253 2347 1390 2374 Christum
1404 2366 1410 2377 ,
1429 2346 1556 2374 existimo
1580 2347 1648 2374 duos

862 2389 1011 2424 discipulos
1028 2389 1111 2418 Judas
1131 2391 1158 2418 in
1176 2392 1307 2427 mysterio
1329 2392 1414 2418 fuisse
1429 2390 1646 2419 Christianorum

862 2436 1050 2463 conﬁtentium
1077 2437 1157 2464 ﬁdem
1181 2437 1304 2466 Christi:
1330 2445 1447 2472 quorum
1465 2445 1518 2464 una
1536 2437 1646 2472 quidem

862 2489 926 2516 pars
936 2482 1050 2510 ﬁdeliter
1062 2487 1202 2518 permanet
1212 2483 1282 2518 apud
1295 2482 1445 2513 Christum,
1460 2482 1538 2516 cujus
1551 2487 1647 2516 myste-

863 2528 934 2554 rium
947 2527 1091 2556 fuilludas
1101 2528 1194 2555 Jacobi
1206 2537 1212 2560 ;
1223 2528 1307 2556 altera
1318 2533 1406 2554 autem
1421 2535 1492 2563 pars,
1504 2533 1646 2562 postquam

862 2573 987 2606 credidit,
1000 2578 1027 2601 et
1037 2574 1161 2601 confessa
1175 2578 1216 2601 est
1227 2573 1305 2601 fidem
1317 2574 1428 2606 Christi,
1437 2577 1546 2608 propter
1559 2574 1648 2600 avari-

862 2618 926 2645 tiam
944 2620 1054 2656 reliquit
1067 2620 1217 2653 Christum,
1235 2624 1262 2647 ct
1279 2619 1348 2646 facta
1372 2621 1506 2654 proditrix
1526 2620 1647 2647 veritatis

862 2663 959 2698 ipsius,
969 2666 1078 2692 transiit
1089 2666 1121 2693 ad
1136 2666 1252 2693 hmreses
1262 2668 1289 2692 et
1300 2666 1332 2691 ad
1346 2665 1426 2693 falsos
1437 2665 1591 2693 sacerdotes
1599 2664 1647 2692 Ju-

861 2707 980 2734 dzeorum
989 2709 1160 2743 falsorum,id
1170 2714 1211 2737 est
1219 2710 1646 2743 simulatorumChristianorum,

861 2752 942 2788 895
964 2759 989 2781 ct
1003 2755 1111 2782 tradidit
1127 2755 1166 2783 cis
1180 2755 1337 2788 Christum,
1359 2760 1492 2790 quantum
1510 2756 1543 2783 ad
1558 2763 1587 2784 se
1597 2775 1606 2788 ,
1620 2755 1646 2782 id

1422 2811 1444 2826 ⁶⁰
1462 2812 1529 2838 Dan.
1547 2819 1582 2843 iv,
1600 2812 1634 2839 Ἡ
