1839 3053
171 153 180 179 Ι
187 151 237 178 727

765 154 925 183 ORIGENIS
941 155 975 183 ΙΝ
993 155 1202 186 ΜΑΤΤΗᾸΕΗΜ

1733 157 1789 183 1728

167 215 208 237 est
231 210 342 238 verbum
366 211 495 243 veritatis,
519 216 548 238 ut
571 211 744 247 crucitlgatur
765 218 792 240 et
812 215 953 242 occidatur
967 219 990 245 Δ
1005 217 1120 243 traderet
1133 217 1230 243 eum“.
1245 217 1355 250 Qualem
1373 221 1466 242 autem
1479 215 1716 250 opportunitatem
1728 225 1791 250 qur-

167 256 280 282 verbum
296 257 418 283 veritatis
432 257 466 284 ab
481 257 537 290 eis;
562 258 641 291 cujus
655 259 815 293 mysterium
838 259 888 287 fuit
901 259 951 287 Ju-

168 302 218 328 das
238 301 377 335 Scariota,
403 303 448 337 qui
462 303 527 330 abiit
539 304 571 329 ad
588 304 744 332 sacerdotes
755 325 762 338 ,
777 310 804 332 et
817 306 850 332 de
866 307 951 333 tradi-

167 347 241 374 tione
255 347 356 375 Christi
379 353 474 382 pactus
486 353 527 375 est
540 350 666 382 pretium.
696 350 792 378 Audivi
807 353 951 386 quemdam

166 399 346 428 exponentem
360 395 473 428 patriam
489 395 637 428 proditoris
651 395 727 424 Iuda:
744 399 894 426 secundum
908 399 951 426 in-

168 441 386 474 terpretationem
424 441 584 469 llebrairam
621 445 813 478 casu/foculum
850 445 949 472 vocari.

168 488 243 520 Quod
261 488 283 514 si
301 488 337 515 ita
351 493 403 520 est,
427 497 524 524 magna
540 492 727 519 convenientia
751 493 887 520 Invenitur
904 501 953 520 no-

167 533 248 560 minis
263 534 355 567 patrite
369 533 428 568 ejus
441 543 503 562 cum
517 537 590 563 exitu
606 537 702 564 mortis
715 537 810 572 ipsius,
820 539 950 572 quoniam

165 582 193 605 et
211 579 267 612 ipse
283 579 379 613 laqueo
401 587 431 608 se
453 581 623 616 suspendens
644 583 812 618 prophetiam
834 584 952 611 nominis

167 624 261 658 patriae
279 632 334 651 sna~
349 625 499 654 suffocatus
515 627 643 662 implevit.
673 628 722 656 Hic
740 636 804 664 ergo
818 628 902 656 Judas
917 629 951 656 ad

165 677 245 704 quem
272 671 374 697 dictum
398 677 440 698 est
466 680 513 706 per
535 673 697 708 Prophetam
717 675 740 690 ⁴¹²
764 684 771 701 τ
804 674 842 701 Tu
864 679 951 701 autent

165 715 242 742 homo
255 717 388 743 unanimis
405 718 469 744 mihi
483 718 538 744 dua:
553 727 624 745 metu
638 725 664 746 et
678 725 755 746 notus
771 728 855 751 Meus,
880 720 951 747 ceci-

165 761 206 788 dit
229 770 290 788 cum
309 762 404 790 fuisset
426 771 497 790 unus
510 772 604 791 eorum
625 773 695 800 quos
713 766 838 793 Christus
854 766 886 792 ad
901 765 952 792 du-

165 813 255 833 catum
269 807 389 842 suscepit
404 809 494 843 populi
508 809 666 838 Cln-imiani.
693 811 726 838 Et
742 811 800 838 vide
815 811 951 846 quomodo

165 852 237 886 quod
265 852 397 886 scriptum
422 858 464 880 est.
485 854 507 869 “
533 863 540 881 :
570 854 618 882 Vos
642 860 728 882 autem
749 856 817 882 sicut
835 856 951 882 homines

167 898 333 930 moriemini,
353 903 377 925 et
392 899 459 925 sicut
471 907 538 926 unus
558 900 590 927 de
601 901 762 935 principibus
778 902 876 928 cadetis
886 923 894 934 ,
910 910 952 930 re-
969 891 988 920 η

166 942 254 969 [σι-ιω*
275 943 357 970 modo
373 944 407 971 ad
432 945 506 971 illum
536 945 683 981 piincipem
706 947 753 982 qui
778 947 875 974 cecidit
894 952 952 974 tan-

165 996 247 1022 quam
261 988 352 1023 fulgnr
364 989 397 1016 de
410 990 496 1023 cutio;
513 991 593 1018 modo
607 991 641 1018 ad
655 991 763 1026 ludam,
789 993 834 1028 qni
851 994 952 1022 electus

165 1033 198 1059 ad
214 1033 394 1067 principatum
417 1036 603 1069 apostolatus,
625 1041 652 1064 et
666 1038 744 1072 quasi
759 1038 785 1065 in
802 1039 871 1066 ccelo
887 1047 953 1067 con-

167 1077 290 1111 stitutus,
309 1083 335 1105 et
350 1080 407 1113 ipse
419 1081 497 1114 quasi
523 1081 613 1116 fulgur
629 1087 690 1110 ante
705 1084 869 1112 constitutus
882 1086 953 1113 ceci—

167 1123 206 1150 dit
229 1123 256 1150 in
283 1125 445 1158 proditionis
468 1126 573 1154 ruinam
598 1129 698 1156 vadens
716 1129 846 1158 adversus
867 1139 950 1158 unum

165 1169 312 1204 principem
324 1170 506 1206 sacerdotum,
517 1173 562 1207 qui
576 1173 602 1199 in
617 1178 747 1202 aeternum
763 1175 849 1202 factus
866 1176 952 1204 fuerat

165 1214 293 1242 sacerdos
319 1216 468 1244 secundum
505 1219 628 1246 ordinem
667 1219 879 1254 Melchisedech,
917 1223 950 1250 ad

166 1259 267 1286 multos
292 1260 428 1296 principes
450 1262 622 1290 sacerdotum
637 1268 664 1290 et
678 1264 848 1293 adversarios
871 1266 952 1295 unius

166 1306 316 1334 sacerdotis
331 1308 441 1341 summi,
467 1313 497 1337 ut
519 1310 647 1338 venderet
661 1311 748 1346 pretio
762 1313 895 1340 volentem
909 1321 952 1341 re-

164 1351 268 1380 dimere
292 1357 377 1380 totum
394 1355 525 1382 mnndmn
544 1363 560 1382 ι
581 1356 770 1385 maledictione
792 1358 859 1392 legis
870 1363 896 1385 et
912 1363 952 1386 to-

166 1398 219 1424 tius
240 1398 359 1432 peccati,
378 1403 406 1425 et
422 1399 554 1427 redimere
577 1409 625 1428 nos
650 1410 703 1428 non
729 1403 952 1438 corruptibilihus

166 1443 306 1476 pecuniis.
333 1444 378 1471 sed
398 1445 530 1478 sanguine
548 1454 598 1473 suo
613 1446 740 1481 pretioso.
770 1447 840 1480 Quid
862 1453 951 1475 autent

165 1489 233 1515 dixit
257 1488 342 1516 ludas
363 1490 395 1517 ad
417 1491 573 1522 sacerdotes
597 1493 762 1520 audiamus:
781 1493 851 1525 Quid
873 1494 952 1520 uultis

165 1534 230 1586 milii
256 1534 338 1566 dare,
363 1540 387 1562 et
409 1543 456 1570 ego
479 1536 550 1563 vobis
565 1545 623 1564 eum
649 1538 754 1564 tradant
771 1539 813 1565 “7
840 1538 985 1586 VolebatC

165 1580 238 1606 enim
264 1581 386 1615 accipere
410 1582 563 1615 pecuniam,
581 1589 609 1610 et
624 1583 730 1610 tradere
751 1584 868 1611 Verbum
892 1583 949 1611 Dei.

169 1627 244 1660 Quod
260 1628 363 1655 faciunt
374 1636 470 1656 omnes
486 1629 532 1663 qui
547 1629 684 1663 accipiunt
707 1629 807 1663 aliquid
823 1637 951 1664 corpora-

165 1673 232 1701 lium
250 1678 298 1701 aut
313 1674 491 1701 mundialium
506 1682 608 1706 rerum,
634 1679 663 1701 ut
681 1675 789 1702 tradant
804 1680 827 1702 et
841 1675 952 1710 ejiciant

165 1719 200 1746 ab
213 1720 304 1747 anima
320 1728 368 1748 sua
387 1721 555 1748 Salvatorem
570 1725 597 1748 et
612 1721 722 1748 verbum
739 1721 859 1748 veritatis
878 1723 950 1756 quod

165 1771 225 1793 erat
249 1766 275 1792 in
300 1767 349 1794 eis.
380 1766 412 1794 Et
432 1771 583 1802 opportune
599 1767 651 1794 hoc
675 1767 759 1794 uteris
781 1768 904 1802 exemplo
917 1768 949 1794 ad

166 1818 261 1838 omnes
273 1811 319 1845 qui
341 1811 525 1846 quodcunque
541 1817 679 1846 peccatum
701 1812 830 1840 facientes
842 1818 950 1847 propter

165 1857 318 1890 avaritiam,
335 1862 361 1885 et
382 1865 493 1885 causam
509 1859 697 1893 pecuniarum.
722 1862 769 1885 aut
780 1858 894 1893 alicujus
910 1859 946 1885 lu-

163 1903 222 1937 cri,
246 1904 356 1932 verbum
374 1904 419 1932 Dei
438 1904 546 1931 tradunt
560 1909 586 1931 et
599 1909 786 1931 contemnunt.
815 1903 881 1930 Nam
901 1905 951 1931 Ιιιι-

162 1947 283 1981 jusmodi
299 1948 422 1975 homines
436 1949 515 1983 quasi
531 1948 673 1976 manifeste
683 1949 801 1976 clamare
814 1949 948 1980 videntur,

164 1998 190 2019 et
205 1993 295 2020 dicere
306 1993 452 2020 virtutibus
465 1993 630 2021 adversariis
643 1993 833 2027 praestantibus
845 1993 948 2020 lucrnm

164 2037 275 2072 aliquod
297 2045 346 2072 pro
369 2042 478 2072 peccato
495 2038 657 2073 transgressi
670 2038 743 2065 verbi
758 2047 764 2065 :
784 2038 854 2071 Quid
871 2038 949 2065 uultis

164 2084 229 2110 mihi
243 2083 316 2118 dare,
325 2088 351 2110 et
371 2091 417 2118 ego
431 2091 490 2110 eum
503 2083 576 2110 vobis
594 2084 720 2111 tradam."
739 2084 815 2117 Quod
829 2084 880 2112 etsi
894 2088 950 2111 tra-

165 2132 237 2156 dttus
259 2129 357 2162 fuerit,
374 2129 404 2156 fit
417 2129 526 2165 quidem
550 2135 625 2157 extra
645 2130 794 2157 tradentem
811 2139 818 2157 :
837 2131 949 2157 vincens

165 2178 254 2200 autem
276 2181 325 2201 eos
346 2174 392 2209 qui
408 2182 469 2201 eum
490 2175 643 2208 suscepisse
660 2174 798 2206 videntur,
821 2179 950 2210 operatur

1006 262 1082 289 rehat
1097 262 1192 296 ludas,
1214 263 1301 290 Lucas
1316 262 1494 290 manifestius
1509 262 1670 296 explanavit
1684 262 1772 288 dicens
1785 274 1790 288 :

1006 307 1041 334 Et
1057 310 1188 343 quaerebat
1203 311 1473 344 opportunilalem;ut
1491 307 1609 334 traderet
1623 316 1683 334 eum
1694 309 1732 334 eis
1743 309 1791 334 sine

1006 354 1083 381 turba
1092 356 1130 388 ‘7;
1147 356 1172 382 id
1185 361 1226 382 est
1240 356 1349 390 quando
1358 356 1477 391 populus
1491 363 1546 382 non
1564 359 1624 380 erat
1639 354 1710 381 circa
1725 363 1790 385 eum,

1005 401 1051 428 sed
1067 407 1188 429 secretus
1202 406 1332 429 eratcum
1349 402 1493 436 discipulis
1509 401 1580 428 suis.
1601 399 1681 432 Quod
1695 405 1722 426 et
1738 400 1791 426 fecit

1005 453 1068 473 cum
1089 447 1198 474 tradens
1221 452 1281 482 post
1302 455 1408 475 cumam
1433 455 1496 474 cum
1524 451 1654 474 secretus
1676 450 1747 472 esset
1768 447 1789 471 iu

1005 492 1107 526 praedio
1121 492 1288 520 Gessemani.
1309 493 1501 519 Arhitrabatnr
1516 492 1593 519 enim
1603 491 1693 518 Judas
1706 499 1790 525 oppor-

1006 538 1145 564 tunitatem
1159 538 1210 565 sibi
1224 545 1283 565 esse
1296 543 1356 572 post
1371 543 1479 572 pactum
1498 537 1575 572 quod
1592 538 1659 564 fecit
1669 557 1676 567 ,
1690 538 1789 571 quando

1004 591 1066 609 cum
1080 583 1251 610 tnnltitttdine
1267 591 1319 610 non
1332 588 1390 610 erat
1404 582 1494 610 Jesus.
1511 582 1544 609 Et
1559 582 1634 614 vide,
1645 583 1698 609 nisi
1714 589 1790 615 usque

1006 636 1078 655 nttnc
1099 629 1287 663 opportunitas
1310 628 1360 655 ista
1380 629 1489 655 videtur
1515 628 1709 662 proditoribus
1725 628 1788 653 νειιδι

1006 674 1136 705 veritatis.
1155 673 1200 708 qui
1224 673 1317 700 volunt
1338 674 1451 708 prodere
1466 673 1612 700 Christum
1628 673 1716 699 Deum
1734 671 1790 697 Vtr-

1005 720 1068 746 bum
1101 719 1128 746 in
1160 723 1280 753 tempore
1319 719 1517 754 persecutionis
1561 719 1789 746 Christianorum.

1004 766 1113 801 quando
1128 766 1235 793 mttltitu
1248 768 1273 793 !o
1286 767 1452 794 credentium
1469 774 1523 793 non
1537 771 1581 794 est
1593 766 1670 793 circa
1687 767 1789 792 verbum

1005 812 1128 839 veritatis
1140 833 1147 845 ,
1165 820 1214 839 nec
1229 817 1316 846 potest
1331 813 1463 847 impedire
1477 816 1524 838 aut
1541 812 1693 846 prohibere
1709 819 1790 845 perse-

1004 862 1129 889 cutores,
1153 857 1269 883 maxime
1293 857 1337 883 ubi
1363 856 1440 891 pauci
1471 856 1565 883 tideles
1591 856 1740 882 habentur.
1765 855 1790 880 Et

1003 911 1064 930 cum
1096 903 1132 930 sit
1160 903 1281 930 omnium
1304 910 1394 929 rerum
1425 907 1554 936 tempus,
1581 901 1734 928 Salomone
1756 902 1790 926 di-

1002 954 1080 977 cente
1092 949 1114 965 “
1132 958 1137 976 :
1157 949 1267 983 Tempus
1293 948 1426 982 patiendi,
1441 953 1466 974 et
1480 954 1585 982 tempus
1604 947 1737 973 moriendi
1749 968 1755 978 ,
1768 953 1789 973 ct

1003 999 1109 1026 caetera,
1134 1000 1239 1028 tempus
1256 993 1423 1028 proditorum
1440 994 1564 1020 veritatis
1582 994 1728 1027 proprium
1747 994 1789 1018 hoc

1001 1045 1060 1071 est.
1088 1040 1197 1075 quando
1221 1047 1274 1066 non
1305 1044 1369 1066 sunt
1392 1040 1464 1067 circa
1489 1039 1633 1065 Christum
1663 1038 1740 1065 multi
1764 1039 1787 1063 ti-

1001 1085 1085 1112 doles.

1038 1130 1081 1157 79.
1103 1129 1197 1156 Prima
1208 1133 1295 1155 autem
1309 1129 1469 1163 Azymarum
1487 1132 1660 1154 accesserunt
1674 1125 1789 1159 discipuli

1003 1176 1037 1202 ad
1052 1175 1142 1202 Iesum
1160 1175 1274 1201 dicentes
1293 1175 1317 1201 ei
1338 1182 1348 1200 :
1366 1173 1417 1200 Ubi
1435 1173 1472 1199 vis
1488 1180 1615 1206 paremus
1640 1171 1790 1205 Iibipasclta

1003 1221 1182 1248 manducare?
1207 1220 1284 1247 Jesus
1298 1225 1384 1246 autem
1401 1220 1470 1246 dixit
1483 1227 1493 1245 :
1512 1218 1552 1245 Ite
1569 1218 1597 1244 in
1612 1218 1749 1244 civitatem
1762 1218 1790 1242 ad

1001 1268 1156 1302 quemdam,
1171 1272 1196 1293 et
1211 1266 1291 1292 dicite
1303 1265 1327 1292 ei
1337 1285 1345 1296 ,
1359 1269 1386 1292 et
1397 1268 1494 1291 eadem
1510 1265 1545 1291 ⁶⁹.
1575 1263 1658 1297 Apud
1677 1262 1789 1289 Marcum

1003 1318 1093 1340 autein
1111 1314 1150 1340 sic
1165 1312 1265 1340 dicitur
1284 1320 1291 1338 :
1311 1310 1344 1337 Et
1357 1311 1442 1345 prima
1456 1310 1498 1336 die
1510 1311 1681 1344 Azymurum
1693 1310 1789 1343 quando

1001 1359 1099 1395 pascha
1122 1357 1320 1390 immolabatur,
1345 1357 1438 1383 dicunt
1460 1357 1484 1382 ei
1497 1355 1629 1389 discipuli
1644 1355 1702 1388 ejus
1716 1363 1724 1380 :
1739 1354 1790 1386 οη

1001 1405 1040 1432 vis
1055 1412 1145 1431 eamus
1171 1408 1195 1430 et
1214 1409 1391 1438 pra’paremus
1415 1401 1464 1428 tibi
1488 1406 1517 1427 ut
1541 1400 1737 1427 manducemus
1751 1407 1788 1432 pa-

1001 1450 1083 1477 scha?
1096 1449 1129 1476 Et
1147 1449 1219 1476 misit
1233 1448 1298 1475 duos
1312 1455 1344 1474 ex
1359 1447 1496 1481 discipulis
1512 1446 1569 1472 suis
1583 1446 1677 1471 dicens
1690 1453 1699 1471 :
1719 1444 1758 1470 Ite
1768 1445 1790 1469 in

1001 1494 1152 1525 civitatem,
1178 1498 1202 1519 et
1226 1491 1430 1527 ingredientibus
1455 1490 1545 1521 vobis,
1573 1494 1697 1516 occurret
1728 1490 1790 1515 vobis

1002 1539 1078 1565 ltonto
1101 1538 1254 1572 ampliorum
1280 1545 1354 1572 aqua
1375 1542 1502 1571 portans;
1528 1539 1554 1562 et
1581 1536 1731 1569 ubicunque
1756 1535 1778 1559 in

1002 1593 1105 1618 gressus
1121 1583 1200 1618 fuerit
1212 1603 1219 1614 ,
1235 1583 1315 1609 dicit:
1328 1582 1521 1617 patrifamilias
1535 1589 1544 1608 :
1564 1581 1696 1615 Magister
1709 1580 1770 1606 diri:
1782 1588 1789 1604 :

1004 1630 1054 1657 Ubi
1068 1634 1107 1657 est
1123 1629 1295 1656 diversorium
1318 1636 1420 1659 meum,
1435 1627 1480 1653 ubi
1498 1635 1557 1653 cum
1572 1626 1717 1660 discipulis
1733 1626 1788 1651 meis

1002 1675 1154 1702 manducent
1167 1674 1285 1709 pascha?
1313 1673 1346 1699 Et
1362 1674 1416 1707 ipse
1431 1672 1503 1699 vobis
1527 1672 1647 1698 ostendet
1667 1671 1754 1697 locum
1767 1671 1789 1695 iu

1001 1720 1179 1753 superioribus
1201 1724 1314 1746 stratum
1339 1726 1474 1753 magnum,
1492 1722 1618 1752 paratum
1643 1724 1653 1743 :
1678 1717 1735 1743 illic
1748 1724 1789 1749 pa-

1001 1771 1057 1792 rate
1071 1766 1144 1792 nobit
1157 1766 1191 1792 '°.
1214 1765 1260 1792 Sic
1276 1772 1340 1799 ergo
1353 1768 1465 1798 apparet
1480 1763 1554 1798 quod
1572 1771 1626 1789 una
1643 1762 1789 1795 cadentque

1000 1811 1058 1838 dies
1075 1815 1133 1838 erat
1146 1810 1266 1842 Paschaa,
1290 1809 1400 1844 quando
1423 1808 1569 1843 oportebat
1585 1807 1734 1834 immolare
1748 1814 1788 1840 ιιι⁴

1001 1857 1064 1885 Seba
1086 1857 1270 1892 Azymorum,
1288 1861 1313 1883 et
1327 1855 1437 1890 quando
1457 1855 1603 1889 oportebat
1627 1854 1727 1880 tollere
1741 1852 1789 1879 fer-

1001 1908 1120 1930 mentum
1134 1908 1228 1934 vetus,
1244 1906 1270 1930 et
1282 1909 1376 1938 azyma
1397 1900 1565 1928 manducare
1584 1908 1649 1927 cum
1665 1899 1787 1926 carnibus

1000 1949 1072 1984 agni.
1091 1949 1123 1976 Et
1135 1950 1193 1976 dies
1206 1949 1316 1984 quidem
1330 1947 1443 1975 Pascha:
1461 1955 1516 1974 una
1529 1951 1588 1973 erat
1599 1967 1606 1978 .
1624 1946 1786 1980 Azpmorum

999 2001 1088 2023 autem
1111 2000 1213 2029 septem
1225 2015 1232 2026 ,
1257 1997 1452 2021 connumerata
1472 1993 1599 2020 videiicet
1618 1992 1666 2019 die
1681 1991 1786 2017 Pasch:

999 2049 1060 2067 cum
1083 2041 1187 2068 caeteris
1209 2048 1265 2067 sex.
1296 2039 1451 2067 Secundum
1476 2039 1534 2065 haec
1559 2038 1677 2065 torsitan
1694 2037 1785 2071 aliquis

1000 2085 1185 2120 imperitorum
1200 2085 1318 2119 requiret
1328 2105 1334 2116 ,
1349 2083 1449 2112 cadens
1463 2084 1490 2109 in
1503 2083 1698 2110 Ebionismum
1714 2090 1746 2108 ex
1759 2089 1785 2107 eo

999 2132 1070 2166 quod
1085 2130 1163 2158 Iesus
1177 2130 1322 2158 celebravit
1344 2137 1419 2157 more
1438 2129 1554 2157 Judaico
1569 2129 1678 2156 Pascha
1693 2136 1785 2162 oorpo-

1000 2176 1101 2207 raliter,
1111 2175 1180 2202 sicut
1194 2180 1220 2202 et
1234 2175 1347 2209 primam
1360 2174 1429 2201 diem
1443 2174 1622 2208 Azymorum,
1634 2178 1662 2200 et
1675 2172 1785 2203 Pascha,

163 2219 284 2247 decentia
299 2226 328 2246 se
340 2239 347 2251 ,
364 2223 394 2246 ut.
405 2227 539 2246 evacuare
552 2219 693 2254 cupientes
706 2228 768 2248 eum
779 2240 787 2253 ,
804 2220 871 2247 nihil
884 2228 947 2256 ope-
963 2231 985 2258 ι)
999 2222 1092 2249 dicens
1108 2222 1172 2256 quia
1185 2220 1311 2248 convenit
1322 2224 1349 2247 et
1365 2227 1414 2246 nos
1429 2219 1584 2246 imitatores
1595 2218 1701 2246 Christi
1716 2219 1785 2245 simi-

165 2269 259 2291 rentur
275 2264 301 2291 in
316 2264 416 2299 ipsum.
453 2265 487 2292 At
503 2264 543 2291 illi
556 2269 704 2292 statuerunt
720 2266 744 2292 ei
762 2266 873 2301 triginta
892 2271 948 2292 sta-

163 2315 229 2337 teres
244 2310 278 2343 ⁸⁸,
295 2314 395 2338 lautam
409 2311 433 2337 ei
448 2310 621 2338 donationem
639 2311 844 2343 constituentes,
859 2320 948 2346 quan-

163 2361 206 2383 tos
235 2363 321 2383 annos
353 2354 478 2382 Salvator
509 2357 693 2391 peregrinatus
728 2356 816 2384 fuerat
839 2357 865 2384 in
898 2357 949 2384 hoc

163 2401 275 2428 mundo.
304 2400 425 2437 Triginta
448 2402 520 2428 enim
538 2410 672 2428 annorum
693 2402 844 2436 baptizatus
866 2402 949 2436 C(Ppil.

164 2447 336 2482 Evangelinm
351 2447 513 2482 praedicare,
528 2447 604 2482 quasi
618 2447 716 2482 Joseph
734 2447 821 2474 factus
837 2447 947 2482 triginta

164 2499 298 2519 annorum
326 2497 448 2527 erogaret
473 2492 608 2519 frumenta
622 2491 763 2524 ,fratrihus
779 2492 845 2519 sitis.
879 2491 946 2520 Nam

164 2537 236 2564 sicut
250 2542 314 2564 tunc
336 2542 445 2571 propter
463 2537 533 2564 ﬁlios
545 2537 653 2572 quidem
667 2536 748 2564 [smel
762 2545 776 2564 a
793 2536 847 2563 Deo
862 2537 949 2565 fuerat

164 2587 342 2615 praeparatum
368 2581 532 2609 frumenttnn
550 2583 629 2614 illud,
656 2587 795 2617 erogatum
811 2587 851 2610 est
865 2583 946 2610 etiam

163 2624 313 2660 .‘i‘igypliis;
339 2626 378 2653 sic
398 2625 572 2660 Evangelinm
597 2627 698 2653 salictis
722 2627 831 2662 quidem
861 2627 948 2654 fuerat

165 2674 342 2703 prteparatum
354 2691 361 2702 ,
380 2675 468 2698 tamen
486 2672 659 2706 praedicatum
676 2678 716 2699 est
732 2672 813 2698 etiam
830 2673 945 2699 infideli-

163 2715 214 2741 bus
229 2720 255 2742 et
269 2715 380 2750 iniquis.
403 2717 442 2744 Ex
457 2723 517 2744 tunc
529 2718 660 2752 qua'rcbal
679 2719 898 2752 opportunitatem
916 2724 943 2745 ut

201 2816 223 2831 ⁸’
240 2815 312 2844 Psal.
326 2825 368 2843 Ltv
379 2839 384 2847 ,
403 2818 441 2844 14.

167 2857 223 2876 χλιι
236 2871 242 2882 ,
266 2851 294 2878 6.

491 2819 512 2834 ⁸³
528 2818 597 2846 l’sal.
614 2828 692 2846 um
705 2841 711 2851 ,
736 2820 761 2846 7.

341 2853 361 2867 “
382 2852 467 2879 Ecclc.
486 2861 532 2886 ιιι,
549 2854 575 2880 ‘2.

811 2819 832 2835 "
851 2819 945 2846 Matth.
963 2827 1042 2847 X.\\'l.
1065 2818 1104 2845 15.

625 2855 645 2870 σε
660 2854 754 2882 Matth.
783 2862 862 2887 xxvl,
881 2854 913 2881 l7
927 2859 953 2881 ct
970 2862 1044 2888 seqq.

999 2269 1060 2296 liter
1073 2268 1162 2294 facere
1177 2276 1183 2294 :
1200 2274 1254 2293 non
1270 2266 1448 2293 considerans
1468 2264 1599 2299 quoniam
1611 2263 1714 2295 Iesus,
1730 2271 1785 2289 eum

999 2313 1117 2341 venisset
1128 2312 1257 2347 temporis
1269 2310 1409 2346 plenitudo
1422 2314 1450 2336 et
1462 2310 1564 2336 missus
1581 2309 1690 2340 fuisset.
1705 2309 1786 2335 factus

999 2364 1040 2387 est
1053 2359 1086 2386 de
1099 2358 1211 2385 muliere
1222 2378 1230 2390 ,
1247 2357 1333 2384 factus
1347 2360 1388 2383 est
1402 2356 1454 2383 sub
1470 2356 1528 2390 lege
1542 2375 1550 2387 ,
1565 2362 1621 2382 non
1637 2360 1669 2382 ut
1683 2363 1732 2382 eos
1745 2355 1784 2389 qui

998 2404 1050 2432 sub
1063 2404 1121 2439 lege
1133 2408 1210 2430 erant
1227 2403 1278 2430 sub
1292 2403 1348 2436 lege
1361 2401 1528 2436 relinqueret
1538 2421 1546 2432 ,
1559 2401 1606 2428 sed
1619 2406 1650 2428 ut.
1664 2401 1786 2428 educeret

997 2458 1045 2478 eos
1069 2458 1101 2477 ex
1124 2450 1181 2485 lege
1193 2450 1228 2476 ⁷¹.
1260 2449 1287 2476 Si
1303 2455 1368 2483 ergo
1386 2447 1446 2475 ideo
1459 2447 1534 2474 venit
1550 2451 1581 2473 ut
1601 2447 1732 2473 educeret
1744 2453 1785 2472 eos

996 2495 1042 2529 qui
1058 2499 1136 2522 erant
1150 2494 1200 2521 sub
1215 2494 1282 2528 lege,
1299 2497 1402 2527 quanto
1417 2491 1504 2526 magis
1520 2499 1574 2518 non
1587 2491 1718 2518 convenit
1731 2490 1784 2516 illus

997 2540 1109 2567 introire
1127 2539 1152 2566 in
1174 2539 1280 2574 legem,
1296 2539 1343 2573 qui
1360 2537 1435 2572 prius
1462 2537 1572 2564 fuerant
1587 2541 1665 2563 extra
1683 2536 1785 2568 legem?

997 2587 1067 2621 Ergo
1082 2587 1115 2613 de
1139 2586 1227 2612 littera
1249 2584 1357 2619 quidem
1374 2583 1533 2618 egredimur
1546 2583 1613 2617 legis
1629 2592 1637 2609 ι
1652 2582 1737 2617 896
1749 2583 1783 2608 iu-

1001 2631 1039 2658 ft'a
1065 2631 1191 2657 virtutem
1215 2634 1324 2659 autem.
1349 2628 1499 2663 spiritalem
1524 2627 1610 2662 legem
1638 2626 1781 2654 constituti.

1001 2676 1157 2710 spiritaliter
1182 2675 1349 2702 celebrantes
1374 2674 1521 2707 implemus
1544 2674 1638 2700 omnia
1658 2682 1719 2707 qutc
1734 2674 1780 2699 il'zzc

999 2718 1175 2754 corporaliter
1183 2717 1342 2744 celebranda
1355 2718 1529 2743 mandantur.
1539 2717 1707 2751 Evpcllimus
1718 2717 1779 2742 enim

1310 2817 1330 2831 θ’
1348 2815 1440 2842 Matth.
1473 2823 1557 2844 nvt.
1593 2816 1634 2843 16.
1687 2816 1706 2830 *⁷
1723 2816 1775 2840 [ut

1310 2852 1334 2877 |‘-2
1351 2857 1376 2878 ct
1392 2858 1468 2878 senti.
1510 2851 1533 2866 ⁷¹
1551 2850 1613 2878 Gal.
1631 2858 1668 2878 iv.
1686 2850 1712 2878 ι.
1726 2851 1748 2876 5.

1577 2858 1613 2878 at.
1631 2858 1668 2882 iv.
1686 2858 1712 2882 θ,
1726 2858 1748 2876 a.

1159 2818 1180 2833 ‘5
1197 2817 1260 2843 ibid.

1091 2853 1112 2868 7°
1128 2853 1210 2879 Marc.
1230 2860 1283 2884 xiv,
1306 2852 1334 2877 l‘-2
1351 2857 1376 2878 ct
1392 2858 1468 2885 seqq.
