1839 3053
30 120 95 146 1729

586 118 912 147 COMMENTARIORUM
935 117 1067 146 SERIES.

1578 121 1649 149 i770

28 187 102 208 vetus
119 179 280 206 fermentum
297 179 406 206 malitia:
420 184 445 206 et
461 179 601 212 nequitias.
622 185 649 207 et
663 180 689 206 in
704 179 807 215 alymis
823 182 843 209 Α
858 178 1094 206 catcchizaverunt
1117 177 1351 212 patremfamilias,
1370 178 1396 205 id
1410 182 1451 206 est
1466 179 1647 212 intellectum,

28 224 192 251 smceritalis
205 229 231 250 et
244 225 366 252 veritatis
384 225 406 240 '”'
420 225 589 251 celebramus
603 224 807 255 Pascha,Chri-

26 275 67 297 sto
92 270 235 297 nobiscum
272 270 431 304 cocpulante
461 270 609 297 secundum
643 270 807 297 voluntatem

27 315 90 349 Λειή
106 314 221 342 dicentis
229 314 252 331 "
265 324 271 342 :
288 314 348 342 Nisi
361 315 583 342 manducaueritis
595 323 702 342 samem
721 323 807 342 meam

26 366 48 386 et
71 361 187 387 biberitis
212 361 365 396 sanguinem
390 369 486 393 meum,
504 369 554 388 non
578 360 705 388 habebitis
729 362 809 387 vitam

28 411 172 433 manentem
187 408 214 434 in
231 407 322 439 vobis;
342 407 388 442 qui
409 407 471 434 tulit
488 412 627 442 peccaturo
642 407 755 438 mundi,
783 412 810 434 ct

27 453 151 487 prohibet
167 461 260 479 verum
277 453 516 480 exterminatorem
541 459 595 479 non
619 452 705 479 solius
723 451 808 487 Egy-

26 499 73 533 pti,
86 498 132 525 sed
150 499 233 525 totius
247 498 354 533 generis
370 498 480 524 humani
492 498 731 525 exterininatorem
750 503 810 525 tan-

26 553 86 579 gere
112 552 163 572 nos
179 545 348 572 celebrantes
371 544 543 572 festivitatem
569 544 680 572 Pascha!
704 552 808 572 secum.

26 590 55 617 Et
73 591 247 617 ascelulimus
270 590 329 624 ipso
355 590 472 617 Domino
494 591 635 618 nobiseum
660 592 809 619 constituto

26 636 58 662 ab
75 635 253 662 inferioribus
267 635 301 662 ad
314 634 402 662 locum
418 636 598 670 superiorem,
613 636 639 663 in
654 644 709 671 quo
724 637 810 663 diver-

26 681 125 707 sorium
143 686 202 712 est,
221 680 293 715 quod
313 680 517 708 demonstratur
541 681 575 706 ah
587 680 745 712 intellectu,
762 681 809 715 qui

25 729 65 752 est
84 725 111 751 in
138 732 304 760 unoquoque
328 725 438 752 homine
455 725 651 760 paterfamilias
668 726 810 760 discipulis

25 771 135 799 Christi.
167 771 230 799 Haec
245 777 335 798 autem
352 772 450 799 domus
470 771 595 806 superior
610 773 645 799 sit
659 772 737 799 nobis
750 780 808 799 ma-

25 825 74 851 gna
85 838 92 850 ,
107 822 138 844 ut
153 818 243 853 capiat
261 817 353 845 desum
368 817 486 844 Verbum
506 818 550 844 Dei
563 839 570 851 ,
588 822 614 845 et
631 817 808 853 Sapientiam,

25 868 50 890 et
63 862 220 896 Veritatem,
238 867 265 890 et
278 870 358 890 omne
371 863 444 898 quod
461 868 502 890 est
513 862 599 891 Filius
612 863 677 895 Dei,
690 865 736 898 qui
753 872 808 891 non

25 908 128 942 capitur
149 907 203 935 nisi
227 915 242 936 a
259 907 366 943 magnis
389 915 481 934 sensu.
513 907 546 934 Et
569 908 604 935 sit
627 909 726 936 domus
752 909 809 936 haec

26 957 175 988 praeparata
192 960 206 980 a
223 952 417 988 patrefamilias
435 953 571 980 intellectu
585 953 653 981 Filio
668 954 713 981 Dei
725 975 732 987 ,
754 962 808 982 non

26 999 110 1025 solum
126 999 153 1025 in
177 998 236 1026 loco
252 998 383 1034 superiori
396 1019 403 1030 ,
421 1007 472 1027 nec
492 999 680 1026 tantummodo
699 1007 807 1034 magna,

27 1043 70 1069 sed
88 1043 169 1070 etiam
187 1043 336 1076 mundata,
364 1044 439 1070 nullo
463 1044 544 1071 modo
569 1044 672 1072 habens
698 1044 809 1072 malitiae

27 1089 127 1121 sordes,
153 1089 232 1124 quasi
254 1097 268 1117 a
283 1090 374 1125 scopis
388 1090 456 1126 legis
471 1091 636 1118 coadunatas
651 1095 731 1125 atque
747 1099 810 1126 pro-

28 1134 118 1161 lectas.
149 1134 192 1161 Sit
205 1136 304 1162 domus
319 1136 370 1162 ista
387 1139 414 1162 et
435 1136 462 1163 in
475 1137 584 1163 civitate
599 1135 664 1169 Dei,
683 1136 709 1163 id
723 1140 764 1163 est
781 1137 808 1163 in

26 1180 155 1208 Ecclesia.
191 1180 232 1208 Sit
253 1186 345 1208 autem
366 1181 464 1210 domus
485 1182 558 1209 illius
584 1183 729 1217 princeps,
754 1189 808 1209 non

27 1226 261 1260 (pialibuscunque
286 1227 424 1261 cognitum
438 1226 542 1253 habens
557 1233 655 1253 nomen
680 1235 687 1252 :
710 1226 771 1253 ideo
783 1230 810 1253 et

28 1270 137 1304 mystice
152 1271 218 1297 dicit
232 1270 311 1298 Jesus
326 1280 332 1298 :
353 1270 393 1298 Ite
405 1271 440 1298 ad
454 1272 593 1306 quemdam
604 1271 637 1298 ".
672 1271 704 1299 Et
717 1272 754 1299 illi
769 1272 810 1299 di-

27 1320 105 1347 cant,
117 1316 164 1351 qui
180 1316 290 1343 Christo
312 1321 465 1351 praeparant
488 1317 587 1351 pascha
601 1326 608 1344 :
627 1317 755 1352 Magister
768 1318 810 1343 di-

27 1361 61 1386 cit
73 1369 81 1387 :
98 1361 175 1394 Apud
188 1366 211 1387 te
231 1361 330 1396 faciant
345 1362 443 1396 pascha
464 1371 524 1388 cum
538 1363 676 1397 discipulis
690 1363 755 1389 meis
767 1363 809 1396 7‘;

27 1407 186 1433 annuntient
207 1407 288 1433 etiam
313 1405 503 1441 patrifamilias
519 1407 558 1433 illi
583 1412 611 1434 et
630 1407 703 1441 quod
720 1407 808 1434 dicit:

30 1449 152 1485 Magister
172 1450 238 1477 dicit
255 1458 264 1478 :
284 1450 334 1478 Ubi
352 1456 390 1478 est
404 1452 576 1479 diversorium
591 1451 635 1478 ubi
656 1460 715 1478 cum
727 1452 810 1479 disci—

27 1497 94 1529 pulis
109 1497 262 1523 nllllldlltem
277 1497 373 1531 pascha
388 1497 431 1523 "7
447 1502 476 1524 ut
495 1496 689 1531 paterfamilias
706 1497 750 1524 ille
763 1497 809 1532 qui

29 1549 159 1577 prmparat
173 1543 354 1570 diversorium
367 1542 430 1570 Jesu
445 1549 472 1570 et
484 1542 626 1577 discipulis
640 1542 699 1574 eius
714 1550 810 1570 ascen-

31 1591 73 1616 i'at
88 1589 177 1616 locum
191 1589 357 1623 superiorem
368 1610 375 1622 ,
391 1594 417 1616 et
429 1593 544 1616 stratum
557 1608 564 1620 .
579 1593 606 1617 et
619 1593 811 1624 prmparatum,

29 1638 54 1660 tt
67 1642 204 1669 magnum,
226 1639 255 1661 ut
269 1634 381 1661 veniens
404 1634 467 1661 illuc
481 1633 560 1661 Jesus
575 1632 680 1661 festivet
691 1641 753 1661 cum
770 1634 813 1660 di-

33 1679 138 1714 scipulis
154 1680 222 1707 suis.
253 1680 307 1714 Ego
329 1684 418 1706 autem
442 1684 507 1714 puto
524 1679 597 1714 quod
612 1679 695 1706 homo
708 1679 755 1714 qui
770 1679 812 1706 in-

30 1725 212 1759 gredientibus
236 1725 378 1760 discipulis
394 1726 420 1752 in
442 1725 552 1752 civitate
568 1725 686 1752 occurrit
699 1724 739 1752 eis
754 1732 813 1751 am-

30 1771 138 1804 phoram
156 1778 234 1806 aquae
248 1776 368 1806 portans,
385 1774 465 1806 quem
479 1771 564 1797 voluit
574 1769 654 1798 Jesus
671 1775 700 1797 ut
714 1778 812 1805 seque-

29 1822 121 1844 rentur
132 1817 259 1852 discipuli
279 1817 339 1852 ejus
353 1821 461 1845 euntem
480 1817 506 1844 iu
519 1817 630 1844 domum
641 1835 648 1848 ,
667 1816 714 1851 qui
727 1815 814 1843 subti-

39 1871 79 1888 em
102 1863 175 1890 illam
193 1870 291 1897 aquam
309 1863 401 1889 domui
421 1862 596 1897 apportabat,
614 1866 644 1888 ut
656 1869 709 1897 non
724 1861 812 1889 solum

29 1911 99 1933 esset
112 1908 241 1934 mundata
252 1927 259 1939 ,
280 1906 328 1934 scd
340 1907 421 1934 etiam
439 1906 517 1941 aquis
531 1905 635 1941 plenius
649 1905 720 1933 eluta
731 1926 739 1938 ,
754 1911 813 1933 erat

31 1953 135 1986 quidem
159 1953 318 1981 ministrans
340 1952 540 1988 patrifamilias,
559 1952 639 1979 idest
654 1951 812 1985 intellectui,

31 2003 140 2032 portans
149 1999 348 2026 mundatoriam
365 2006 463 2033 aquam
477 1998 504 2024 in
518 1997 591 2025 fictili
608 2005 688 2030 vase,
706 2001 736 2025 ut
749 1997 814 2025 sub-

32 2044 130 2073 limitas
150 2045 258 2072 virtutis
271 2045 306 2072 sit
321 2044 378 2071 Dei.
398 2044 451 2071 Aut
463 2048 535 2071 certe
553 2043 697 2078 potabilem
714 2051 813 2078 aquam

30 2089 252 2117 subministrabat
269 2090 296 2117 in
310 2089 356 2117 illo
372 2089 446 2117 fictili
464 2097 537 2122 vase,
556 2093 584 2116 ut
606 2089 691 2116 Filius
704 2089 812 2124 quidem

32 2133 74 2161 Dei
89 2135 288 2170 generationem
303 2135 421 2169 praebeat
435 2134 507 2161 vitis.
543 2133 588 2160 llle
603 2138 692 2161 autem
710 2133 814 2161 intelle—

859 224 951 250 veuiat
974 228 1001 251 et
1024 223 1153 251 divinitas
1175 223 1312 259 Unigeniti
1338 224 1485 259 coepulans
1509 224 1649 259 discipulis

859 269 917 296 suis
930 269 956 296 in
972 269 1054 296 domo
1068 268 1207 304 praedicta.
1240 268 1316 296 Scire
1331 273 1420 296 tamen
1435 269 1568 296 debemus
1581 277 1650 304 quo-

860 316 933 342 niam
948 315 994 350 qui
1011 315 1038 342 in
1057 315 1259 350 epulationibus
1275 321 1302 342 et
1317 315 1547 343 sollicitudinibus
1564 323 1651 344 saecu-

859 360 964 387 laribus
979 365 1053 393 sunt,
1067 367 1121 387 non
1134 361 1285 388 ascendunt
1299 361 1325 387 in
1338 361 1450 388 domum
1473 362 1547 389 illam
1571 369 1651 396 supe-

861 405 972 437 riorem,
996 413 1047 432 nec
1062 406 1154 433 vident
1177 406 1393 441 magnitudinem
1408 407 1478 441 ejus,
1493 415 1543 434 nec
1561 407 1652 435 consi-

860 450 956 477 derant
970 454 1086 478 stratum
1099 451 1172 478 illius
1181 455 1319 478 ornatum.
1352 450 1498 486 Propterea
1510 459 1562 480 nec
1578 453 1650 479 cele-

861 495 944 523 brant
957 504 1019 523 cum
1032 495 1096 523 Jesu
1112 495 1227 528 Pascha,
1242 504 1291 524 nec
1303 496 1440 531 accipiunt
1456 504 1553 531 panem
1569 497 1653 525 bene—

861 541 988 569 dictionis
1003 542 1037 569 ab
1049 550 1093 575 eo,
1109 550 1159 570 nec
1171 542 1283 570 calicem
1296 542 1358 569 novi
1373 543 1539 570 testamenti.

895 591 940 618 80.
967 591 1076 626 Vespere
1093 596 1181 619 autem
1198 592 1269 626 facta
1292 592 1425 620 discubuit
1448 601 1508 619 cum
1531 592 1650 625 discipu-

860 635 892 662 lis
917 637 990 668 suis,
1013 642 1038 663 et
1057 636 1192 663 edentibus
1205 637 1243 664 eis
1270 636 1339 664 dixit
1359 644 1369 664 ξ
1383 636 1464 663 Amen
1484 636 1544 662 dico
1564 635 1648 669 vobis,

859 681 983 716 quoniam
1009 689 1077 708 unus
1098 689 1130 707 ea;
1152 680 1224 708 vobis
1254 681 1340 708 tradet
1365 689 1406 708 me
1428 682 1461 709 ⁷⁷.
1499 679 1646 715 Discipulis

859 727 1002 754 edentibus
1024 726 1125 761 pascha
1146 726 1295 754 secundum
1312 726 1380 762 legis
1395 727 1551 754 mandatum
1575 726 1644 753 dixit

859 771 941 800 Jesus
954 771 1000 806 qui
1015 771 1112 799 sciebat
1128 772 1192 807 quid
1204 778 1270 799 esset
1283 773 1311 799 in
1324 773 1428 800 homine
1437 792 1444 805 ,
1464 777 1491 800 et
1504 776 1647 807 propterea

860 825 911 844 non
927 817 1037 844 habebat
1053 825 1118 851 opus
1131 822 1160 844 ut
1176 817 1272 852 aliquis
1292 818 1469 845 testimonium
1488 819 1562 846 daret
1576 819 1601 846 ci
1617 818 1647 845 de

860 864 964 890 homine
981 863 1014 895 ⁷⁸,
1031 867 1058 890 et
1071 863 1139 890 dixit
1153 862 1187 890 de
1197 862 1267 890 Juda
1280 871 1342 891 cum
1360 870 1491 892 consueto
1507 865 1557 892 sibi
1569 865 1646 899 jure-

858 909 977 944 jurando
992 918 998 936 :
1016 909 1099 936 Amen
1118 910 1177 936 dico
1198 909 1280 941 vobis,
1304 910 1429 945 quoniam
1451 919 1519 937 unus
1533 918 1565 936 ea:
1577 911 1648 937 vobis

861 963 902 982 me
916 955 1002 981 tradet
1017 955 1051 982 ⁷³.
1071 954 1140 982 Cum
1156 955 1228 983 enim
1241 955 1372 989 potuisset
1382 963 1397 982 a
1412 955 1546 990 principio
1559 956 1650 990 prodi-

860 1004 946 1027 torem
963 1000 1116 1034 specialiter
1130 1000 1333 1032 demonstrare,
1350 1000 1400 1028 hoc
1413 1000 1522 1035 quidem
1540 1009 1592 1027 non
1609 1000 1649 1027 fe-

859 1045 913 1077 cit;
931 1045 1000 1072 dixit
1019 1048 1110 1071 autem
1128 1045 1306 1079 generaliter,
1332 1045 1404 1079 quod
1431 1053 1501 1072 unus
1524 1052 1557 1072 ex
1572 1045 1647 1072 vobis

860 1097 904 1117 me
919 1089 1016 1122 tradet,
1032 1093 1063 1117 ut
1080 1097 1113 1116 ex
1127 1089 1283 1117 testimonio
1298 1089 1419 1123 percussi
1440 1090 1532 1116 cordis
1552 1090 1647 1125 singu-

860 1135 948 1162 lorum
961 1135 1079 1170 qualitas
1091 1135 1268 1170 probaretur;
1280 1139 1310 1162 ut
1320 1134 1549 1170 etdiscipulorum
1561 1141 1649 1162 nslt'lt-

859 1181 936 1209 deret
950 1181 1111 1213 bonitatem,
1129 1180 1193 1216 quia
1209 1180 1270 1216 plus
1290 1180 1436 1208 credebant
1462 1180 1551 1208 verbis
1565 1179 1647 1207 Chri-

860 1227 895 1254 sti
913 1234 994 1261 quam
1009 1226 1183 1254 conscientiae
1197 1234 1273 1259 suae;
1287 1230 1315 1254 et
1327 1226 1403 1253 Judae
1416 1226 1546 1253 malitiam
1557 1245 1565 1258 ,
1584 1227 1648 1260 quia

861 1280 911 1300 nec
922 1272 1057 1308 cognitori
1073 1272 1252 1300 consiliorum
1264 1279 1377 1300 suorum
1390 1272 1527 1304 credebat,
1548 1276 1578 1299 ut
1589 1276 1650 1299 tur-

860 1318 970 1346 baretur
986 1323 1033 1346 aut
1045 1318 1202 1346 tristaretur
1221 1327 1229 1346 :
1246 1318 1374 1346 existimo
1385 1339 1392 1351 ,
1415 1318 1480 1353 quia
1501 1318 1528 1345 in
1552 1318 1649 1352 primis

860 1364 964 1398 putavit
977 1365 1060 1392 latere
1073 1364 1153 1399 quasi
1169 1364 1316 1392 hominem.
1349 1364 1400 1398 Qui
1417 1369 1564 1400 postquam
1581 1365 1649 1393 vidit

861 1408 1055 1436 conscientiam
1082 1416 1159 1436 suam
1185 1413 1277 1436 notam
1298 1409 1425 1441 Christo,
1444 1410 1587 1444 amplexus
1608 1414 1651 1437 est

861 1455 1071 1482 occultationem
1098 1454 1214 1488 positam
1241 1455 1269 1482 in
1295 1455 1384 1483 verbis
1410 1455 1512 1490 ipsius,
1533 1463 1649 1490 quorum

824 1510 847 1540 ο
862 1501 980 1536 primum
1002 1500 1169 1528 inﬁdelitatis
1185 1504 1261 1533 erat,
1285 1502 1435 1529 secundum
1451 1506 1541 1529 autem
1555 1502 1646 1536 impu-

862 1546 970 1574 dentiae.

898 1591 943 1618 8i.
966 1590 998 1617 Et
1012 1591 1163 1618 contristati
1178 1591 1257 1618 nimis
1274 1596 1406 1626 ceperunt
1426 1591 1525 1627 singuli
1537 1592 1623 1619 dicere
1639 1599 1649 1618 :

864 1636 993 1672 Nunquid
1016 1645 1063 1672 ego
1087 1645 1146 1664 sum
1156 1657 1164 1669 ,
1190 1636 1300 1664 Domine
1312 1637 1354 1664 ὀἳ
1372 1637 1480 1670 Quaeret
1494 1643 1584 1665 autent
1597 1638 1648 1665 ali-

862 1684 925 1718 quis
941 1683 1091 1718 quomodo,
1110 1683 1133 1710 si
1151 1683 1230 1710 bonae
1245 1683 1418 1711 conscientiae
1430 1688 1509 1711 erant
1523 1684 1648 1711 undecim

862 1729 989 1763 apostoli,
1006 1728 1070 1763 quia
1090 1729 1184 1755 mundi
1204 1733 1281 1756 erant
1293 1729 1328 1756 ab
1341 1729 1414 1755 omni
1431 1729 1583 1763 proditione
1594 1729 1651 1757 Ha-

863 1774 939 1809 gistri
951 1794 958 1807 ,
978 1773 1073 1808 utquid
1088 1773 1243 1800 contristati
1261 1775 1325 1800 sunt
1335 1774 1368 1800 dc
1378 1774 1471 1801 auditu
1482 1794 1490 1807 ,
1510 1775 1588 1809 quasi
1602 1783 1652 1809 po-

863 1818 959 1845 tuisset
981 1817 1039 1844 fieri
1057 1822 1086 1844 ut
1100 1825 1172 1845 unus
1193 1822 1266 1845 esset
1289 1825 1321 1845 ex
1344 1818 1409 1852 ipsis
1423 1819 1457 1845 de
1471 1826 1527 1853 quo
1541 1820 1650 1847 diceba-

863 1867 907 1889 tur
925 1861 1082 1889 ?Existimo
1095 1866 1186 1888 autem
1208 1861 1337 1896 quoniam
1355 1862 1544 1898 unusquisque
1569 1863 1652 1892 disci-

863 1907 989 1943 pulorum
1006 1907 1110 1935 sciebat
1123 1915 1155 1934 ex
1170 1907 1223 1935 his.
1237 1915 1298 1942 qua:
1318 1908 1449 1935 docuerat
1464 1907 1560 1942 Jesus,
1580 1916 1650 1944 quo-

864 1955 936 1981 niam
955 1953 1093 1980 mutabilis
1110 1957 1138 1980 et
1161 1953 1194 1980 ad
1219 1953 1320 1980 malum
1345 1953 1476 1981 vertibilis
1495 1958 1537 1981 est
1551 1959 1650 1982 natura

863 2000 993 2031 humana,
1004 2003 1030 2026 et
1039 1998 1169 2033 quoniam
1182 1998 1209 2026 in
1221 1999 1412 2027 colluctatione
1428 2000 1560 2028 adversus
1575 2000 1652 2035 prin-

864 2044 969 2079 cipatus
981 2064 988 2076 ,
1005 2048 1032 2071 et
1046 2048 1213 2079 potestates,
1230 2048 1258 2072 et
1271 2048 1390 2072 rectores
1403 2044 1485 2080 hujus
1501 2046 1594 2072 mundi
1611 2051 1652 2072 te-

865 2091 1022 2123 nebrarum,
1038 2095 1128 2126 potest
1138 2091 1195 2118 fieri
1210 2095 1240 2118 ut
1255 2091 1362 2118 decidat
1376 2091 1459 2118 homo
1471 2095 1518 2118 aut
1534 2092 1652 2119 circum-

863 2140 972 2168 ventus,
991 2141 1038 2163 aut
1051 2137 1104 2164 vim
1118 2143 1216 2171 passus
1229 2136 1263 2163 ab
1280 2136 1443 2164 adversariis
1457 2137 1603 2165 virtutibus
1618 2139 1651 2164 ad

30 2184 88 2207 ctus
102 2180 228 2207 minister
238 2188 270 2206 ex
283 2180 340 2214 lege
354 2185 381 2207 et
391 2180 528 2214 prophetis
542 2187 640 2214 aquam
657 2184 743 2214 portet
753 2187 813 2214 qua:
829 2179 851 2206 D
864 2181 966 2209 malum
981 2182 1187 2216 perficiendum.
1203 2181 1260 2209 Hoc
1275 2189 1340 2217 ergo
1353 2182 1558 2210 considerantes
1568 2191 1653 2211 unus-

31 2225 174 2251 inisceatur
189 2232 250 2251 cum
268 2225 331 2251 vino
347 2225 492 2260 evangelici
508 2225 594 2252 verbi.
619 2224 674 2252 Nos
687 2232 751 2259 ergo
766 2225 812 2260 qui

30 2275 155 2303 optamus
170 2270 203 2296 de
215 2269 332 2296 Ecclesia
347 2277 417 2301 esse,
431 2269 550 2297 volentes
562 2270 698 2297 celebrare
709 2269 812 2297 Pascha

31 2321 90 2341 cum
103 2315 179 2347 Jesu,
198 2323 346 2350 sequamur
361 2315 497 2343 hominem
516 2316 590 2342 illum
614 2316 660 2349 qui
676 2323 723 2343 vas
737 2315 814 2350 baju-

31 2361 66 2388 lat
79 2361 235 2397 hujusmodi
253 2370 331 2397 aquae
341 2382 348 2394 ,
371 2371 451 2397 quem
473 2367 538 2397 puto
553 2369 613 2389 esse
626 2361 734 2397 Moysen
748 2362 814 2396 legis

30 2407 161 2441 datorem,
185 2408 333 2443 spiritalem
347 2409 497 2435 doctrinam
511 2412 662 2442 portantem
677 2407 704 2434 in
716 2415 813 2442 corpo-

31 2453 132 2481 ralibus
157 2454 288 2481 historiis.
319 2453 370 2486 Qui
387 2458 476 2480 autem
495 2453 626 2481 accedunt
640 2453 672 2481 ad
687 2453 772 2488 legem
786 2457 813 2480 ct

31 2498 175 2532 prophetas
195 2498 273 2533 quasi
293 2498 325 2525 ad
345 2498 453 2533 eloquia
470 2499 555 2533 ipsius
575 2498 639 2531 Dei,
653 2506 706 2525 non
722 2502 812 2525 autem

32 2549 180 2577 Sequuntur
204 2551 265 2571 eum
293 2544 450 2578 spiritaliter
478 2545 524 2579 qui
552 2552 598 2571 vas
613 2545 716 2579 bajulat
737 2551 814 2579 aqua:

32 2589 110 2620 vivas,
129 2597 182 2615 non
196 2589 333 2616 celebrant
346 2588 449 2616 Pascha
463 2597 524 2616 cum
540 2589 603 2617 Jesu
614 2610 621 2623 ,
638 2597 687 2616 nec
702 2589 812 2616 calicem

33 2633 126 2661 bibunt
144 2635 205 2662 novi
221 2635 386 2662 testamenti.
416 2634 571 2669 Praeparcnt
585 2640 674 2662 autem
689 2635 814 2669 discipuli

33 2681 130 2713 [mscha
145 2679 208 2709 Jesu
221 2690 229 2714 ;
243 2687 269 2709 et
283 2687 345 2716 post
359 2690 498 2709 sermones
508 2682 703 2716 discipulorum
716 2682 815 2716 quibus

25 2757 29 2786 I

35 2815 76 2842 2t.
116 2815 138 2830 ⁷⁸
153 2814 233 2843 Joan.
253 2825 282 2850 ιι,
296 2817 340 2844 '25.
378 2818 401 2832 "’
417 2817 509 2845 Matth.
529 2823 601 2848 xxvi,
614 2817 658 2842 2t.

67 2780 90 2795 τ’
106 2781 115 2806 1
131 2780 194 2807 Cor.
212 2789 239 2814 v,
257 2782 283 2808 8.
322 2782 429 2809 "Joau.
448 2790 484 2812 Vt.
503 2782 546 2808 5t.
586 2779 713 2808 7‘Matth.
731 2788 804 2812 xxvi,
821 2779 863 2806 18.
901 2780 924 2796 "
941 2778 1004 2806 ibid.
1053 2779 1076 2797 "'
1096 2778 1179 2806 Marc.
1203 2787 1212 2805 ι

70 2834 76 2840 .
116 2815 138 2830 ⁷⁸
153 2814 233 2842 Joan.
253 2825 282 2842 ιι.
296 2817 340 2842 '25.
378 2818 401 2832 "'
417 2817 509 2842 Matth.
529 2823 601 2842 xxvi.
614 2817 658 2842 2t.
702 2815 724 2830 "°
741 2815 805 2842 ibid.
821 2815 866 2842 ‘22.
905 2815 925 2831 "
940 2813 1019 2841 Rom.
1039 2821 1098 2842 vin.
1114 2813 1159 2842 58.
1177 2813 1212 2841 59

741 2824 805 2842 tutu.
822 2824 866 2842 zz.
905 2824 925 2831 υ
940 2824 1019 2841 nom.
1039 2824 1098 2847 vui,
1114 2824 1159 2847 oo,
1178 2824 1221 2841 ou.

864 2228 980 2263 quisque
991 2228 1202 2263 discipulorum,
1215 2235 1248 2254 ne
1261 2227 1331 2254 forte
1342 2228 1399 2262 ipse
1410 2233 1482 2255 esset
1493 2229 1539 2263 qui
1554 2236 1654 2264 praeco-

863 2273 955 2308 gnitus
965 2278 1038 2301 esset
1047 2273 1177 2308 proditor,
1191 2272 1344 2300 contristati
1356 2277 1421 2300 sunt
1429 2274 1519 2305 valde,
1531 2278 1654 2309 proptr-r-

863 2326 895 2346 ea
905 2318 977 2353 quod
991 2318 1092 2345 dictum
1104 2318 1191 2345 fuerat
1209 2318 1250 2346 eis
1263 2327 1270 2345 :
1285 2317 1357 2346 Unus
1368 2326 1400 2346 ea:
1413 2318 1483 2346 vobis
1496 2327 1536 2346 ne
1548 2319 1653 2353 tradet,-

864 2369 892 2391 et
904 2368 1046 2398 coeperunt
1058 2363 1148 2390 dicere
1159 2364 1237 2398 quasi
1251 2364 1401 2391 nescientes
1417 2363 1514 2398 singuli
1528 2363 1650 2391 futurum

865 2409 899 2436 de
910 2417 938 2436 se
948 2417 955 2435 ε
967 2408 1096 2443 Nunquid
1106 2416 1225 2443 egosum,
1235 2408 1363 2435 Domine?
1374 2407 1401 2434 Si
1414 2413 1503 2434 autem
1515 2407 1596 2435 habet
1605 2415 1650 2435 ra-

865 2455 979 2487 tionem,
988 2455 1116 2489 quoniam
1131 2459 1240 2489 propter
1251 2454 1320 2481 hanc
1334 2461 1446 2481 causatn
1460 2454 1557 2480 timens
1569 2462 1650 2481 unus-

865 2501 982 2536 quisque
996 2501 1078 2536 897
1092 2508 1186 2529 eorum
1198 2500 1266 2528 dixit
1283 2508 1290 2526 :
1306 2499 1432 2534 Nunquid
1443 2507 1490 2534 ego
1509 2507 1578 2531 sum,
1592 2499 1649 2526 Do-

866 2547 957 2574 mine?
975 2546 1011 2573 De
1023 2546 1151 2573 omnibus
1169 2545 1267 2573 futuris
1292 2546 1442 2572 timendum
1463 2549 1504 2572 est
1517 2546 1595 2573 uobis
1609 2546 1652 2572 in-

866 2592 962 2625 hrmis,
977 2592 1023 2627 qui
1037 2592 1158 2619 nondum
1179 2591 1338 2627 sapientiam
1355 2590 1529 2625 perfectionis
1541 2591 1650 2625 accepi-

858 2644 936 2669 .mus,
951 2636 1100 2664 secundum
1115 2644 1197 2671 quam
1221 2636 1290 2663 dixit
1309 2635 1456 2670 Apostolus
1469 2635 1491 2652 ⁸¹
1508 2645 1514 2662 :
1537 2636 1649 2670 Conﬁdo

862 2683 931 2709 enim
944 2682 1007 2718 quia
1026 2690 1106 2717 neque
1121 2690 1201 2716 mors,
1217 2690 1297 2718 neque
1311 2682 1374 2714 cita,
1390 2686 1416 2709 et
1436 2685 1545 2714 caetera,
1565 2686 1650 2715 potest

1053 2779 1076 2797 ⁷⁸
1096 2777 1179 2806 Marc.
1203 2787 1265 2812 xiv,
1289 2779 1331 2807 lt.
1368 2780 1390 2795 "
1406 2776 1637 2809 Matth.xxv1.‘20
