1839 3053
41 84 105 112 733

611 88 941 117 COMMENTARIORUM
954 86 1092 120 SERIES.

1605 93 1672 122 1755

33 148 131 172 nerea
159 153 173 172 a
196 145 303 174 diabolo
316 146 424 181 quidem
439 146 593 179 traduntur,
610 153 699 176 tamen
720 156 768 184 per
783 150 833 176 bo-
847 153 869 181 Α
885 149 1001 177 forsitan
1019 154 1077 184 post
1088 150 1209 181 omnium
1221 151 1406 186 apostolorum
1417 153 1571 189 singillatim
1586 157 1668 186 inter-

33 190 127 217 nines
149 191 219 223 illos,
235 196 261 218 et
276 192 335 219 ideo
349 200 388 219 we
410 193 474 220 illis.
490 192 558 220 Nam
580 194 604 220 si
627 202 735 222 omnem
751 195 831 222 mall-

34 235 97 262 iam
126 235 159 263 in
181 237 334 265 hominibus
348 238 473 266 diabolus
488 247 533 274 per
547 239 672 267 homlnes
690 245 828 274 operatur,

33 286 49 308 rt
65 283 238 318 quicunque
249 284 408 312 interﬁcitur
420 285 454 312 ab
465 286 567 321 aliquo,
580 287 631 314 etsi
645 294 698 313 non
712 287 746 314 ab
758 287 828 321 ipso,

33 334 127 354 amen
142 336 190 363 per
202 329 289 364 ipsum
300 334 341 357 est
354 330 522 363 interfectus.
536 331 567 358 Et
581 331 602 359 si
616 331 698 366 judex
710 333 828 368 aliquem

33 373 216 408 nteri'ecerit,
245 375 345 409 injuste
374 377 469 403 mortis
495 376 657 404 sententiam
685 376 774 404 ferens
800 378 828 405 in

33 416 170 451 liquem,
196 420 336 446 sciendum
369 425 411 447 est
441 420 503 455 quia
528 421 585 455 ipse
609 421 698 448 locum
719 421 827 450 diabolo

33 462 101 489 lans
122 463 153 489 in
169 471 208 496 se,
228 464 384 491 ministrum
402 472 431 491 se
447 464 562 499 praebuit
575 463 684 491 diabolo
696 465 728 491 ad
744 465 827 492 inter-

33 510 184 536 ectinnem
197 510 317 538 hominis
334 511 495 539 innocentis.
510 512 613 538 Bonum
625 518 682 539 erat
696 514 730 546 ei,
744 514 767 540 si
783 523 827 540 na-

33 564 66 582 us
87 564 149 583 non
168 558 259 591 fuisset
284 559 360 584 homo
377 559 423 585 ille
447 558 493 585 ἰε
519 559 570 586 hoc
592 563 633 586 est
657 559 694 585 illi
724 560 825 586 bonum

33 606 90 628 :rat
108 602 136 629 si
153 607 232 630 natus
255 611 308 630 non
322 604 433 637 fuisset;
448 605 509 639 quia
522 613 572 632 nec
583 606 634 632 hoc
649 605 721 631 bono
738 604 826 632 luerat

33 647 135 681 lignus
152 652 182 674 ut
199 655 365 676 nasoeretur.
384 649 436 676 Sed
453 651 582 684 quoniam
596 655 676 684 aptus
691 650 778 676 fuerat
791 658 823 677 ex

39 694 152 720 rbitrio
172 703 223 722 suo
248 700 277 722 ut
300 696 352 723 hoc
376 696 556 723 ministerium
576 695 736 731 proditionis
757 703 823 723 con-

35 744 222 766 ummnretur
236 748 283 774 per
298 748 371 771 eum,
389 741 448 767 ideo
465 745 545 768 natus
559 745 602 768 est
624 741 695 768 malo
716 748 777 770 suo.
794 745 823 768 ut

33 791 45 809 ll
66 785 179 811 malum
196 787 267 819 quod
284 786 433 813 secundum
450 786 620 820 propositum
636 793 717 813 suum
733 793 821 813 mere-

33 834 121 860 tatur,
142 830 281 857 incideret.

54 874 108 901 84.
130 874 297 909 Respondeas
320 881 407 903 autem
424 876 512 903 ludus
526 876 594 902 dixit
609 884 618 903 :
636 875 764 911 Nunquid
773 884 821 909 ego

33 927 79 944 um
91 939 101 951 ,
128 919 213 947 Rabbi
235 921 279 947 9’?
293 921 325 947 Et
342 921 401 948 vide
414 921 542 955 quoniam
558 926 718 955 exspectans
735 920 820 948 Judas

33 970 136 991 intum
149 974 301 993 sermonem
315 966 415 994 Christi
426 967 459 994 de
472 975 510 998 so,
527 974 581 993 non
597 966 717 1001 praecidit
729 974 821 993 narra~

33 1018 131 1037 nonem
150 1011 210 1044 ejus
227 1019 275 1038 sua
299 1012 486 1046 responsione,
503 1012 549 1040 sed
575 1016 635 1046 post
659 1019 755 1038 omnes
774 1019 819 1038 re!

33 1055 139 1088 pnmlit
157 1056 249 1082 dicens
266 1065 272 1083 :
290 1056 417 1092 Nunquid
433 1066 478 1092 ego
499 1065 568 1089 sum,
588 1057 691 1083 Rabbi?
705 1056 764 1085 Non
784 1064 817 1084 ex

35 1100 126 1127 doctu
147 1101 280 1133 discendi,
296 1103 342 1129 sed
359 1103 508 1129 secundum
528 1102 752 1130 consuetudinem
769 1109 818 1129 ηοη

37 1146 151 1173 iinandi
176 1146 345 1181 Magistrum,
364 1155 425 1174 eum
448 1148 554 1175 vocavit
576 1147 713 1182 Magister,
739 1148 817 1182 quasi

33 1191 204 1218 ubsannans
220 1200 293 1222 euri),
307 1192 370 1226 quia
387 1193 672 1227 vocabaturniagister
685 1200 747 1218 cum
763 1200 816 1219 non

33 1245 82 1264 sse
101 1237 157 1264 hoc
173 1238 305 1264 vocabulo
321 1237 443 1272 dignum.
468 1237 502 1264 Et
524 1238 592 1264 dixit
606 1238 631 1264 ei
652 1237 729 1264 Jews
751 1245 760 1263 .'
778 1237 816 1264 Tu

36 1283 121 1310 ivisti
137 1284 172 1314 ",
185 1287 215 1309 ut
231 1290 263 1309 ex
279 1290 325 1309 ore
339 1283 424 1317 ipsius
434 1283 567 1318 judicarct
587 1291 647 1310 eum
663 1292 669 1309 :
686 1283 816 1317 quoniam

33 1328 64 1354 .le
94 1328 176 1362 quasi
206 1328 333 1355 dubitans
359 1328 464 1356 dixerat
491 1338 497 1355 :
529 1328 658 1363 Nunquid
680 1336 726 1363 ego
744 1337 815 1363 turn,

33 1373 107 1400 labbi
114 1374 127 1400 .9
138 1381 191 1400 non
200 1374 306 1408 quidem
316 1375 464 1402 secundum
477 1374 668 1401 conscientiam
676 1374 815 1406 dubitans,

33 1420 66 1446 ed
89 1419 198 1454 ﬁngens
217 1428 246 1447 se
267 1420 301 1448 de
318 1421 366 1447 hoc
381 1420 514 1447 dubitare.
537 1419 595 1447 Non
610 1420 681 1447 enim
698 1420 816 1447 habebat

33 1473 115 1499 psum
143 1466 267 1493 timorem
292 1475 372 1501 quem
389 1467 478 1494 caeteri
503 1466 617 1500 apostoli
642 1466 813 1499 habuerunt;

881 195 1046 230 rogationes,
1060 200 1088 222 et
1100 200 1162 230 p081
1177 196 1277 226 Christi
1293 198 1477 227 narrationem
1493 199 1526 226 de
1541 200 1613 235 ipso,
1625 200 1670 230 vix

880 240 1028 275 aliquando
1042 241 1134 276 etipse
1146 242 1418 278 interrogavit,quasi
1427 251 1459 271 ex
1470 244 1587 279 cogitatu
1600 253 1668 280 quo-

879 285 941 312 dam
956 290 984 314 et
997 291 1107 314 versuto
1117 287 1242 320 consilio,
1256 291 1286 317 nt
1304 288 1402 316 similia
1417 289 1524 316 caateris
1536 291 1669 325 apostolis

879 331 1083 367 interrogando,
1098 333 1196 362 celaret
1213 333 1320 360 interim
1341 334 1505 368 proditionis
1525 343 1582 363 suae
1603 344 1669 364 con-

879 377 981 404 silium.
1005 376 1072 405 Nam
1103 385 1163 407 vera
1189 378 1297 407 tristitia
1320 383 1347 405 et
1360 387 1460 415 urgens
1484 388 1538 410 non
1554 382 1669 411 sustinet

878 430 994 454 moram,
1009 423 1080 451 sicut
1096 431 1145 451 nuc
1161 423 1349 458 apostolorum
1370 425 1511 454 sustinuit.

913 467 957 495 85.
976 467 1121 497 Edentibus
1143 476 1228 499 autem
1249 469 1298 502 eis,
1315 469 1444 504 accipiens
1461 470 1540 499 Iesus
1562 479 1665 505 panem,

876 517 901 540 et
920 514 1021 548 gratias
1037 522 1125 548 agens,
1142 514 1220 548 [regit
1246 519 1270 542 et
1293 514 1365 541 dedit
1378 515 1518 550 discipulis
1535 516 1601 548 suis,
1629 517 1670 543 di-

876 566 934 586 cens
951 559 1103 593 :Accipite,
1122 564 1146 585 et
1166 559 1330 590 manducate.
1354 560 1401 587 hoc
1423 565 1460 589 est
1480 561 1549 590 enim
1573 569 1665 594 corpus

875 612 971 632 meum.
990 603 1024 631 Et
1044 605 1174 638 accipiens
1188 605 1306 637 calicem,
1320 611 1345 632 et
1363 606 1464 640 gratias
1482 613 1570 640 agens,
1593 605 1663 631 dedit

874 650 922 680 eis,
938 650 1027 676 dicens
1043 658 1052 676 :
1066 649 1152 676 Bibite
1167 657 1198 677 ex
1216 649 1264 676 hoc
1284 658 1382 681 onmes,
1398 651 1440 680 Iu'c
1453 655 1491 678 est
1509 651 1579 681 enim
1598 659 1659 677 san-

874 695 932 728 guis
949 694 1008 722 noui
1025 694 1182 726 testamenti,
1196 695 1240 729 qui
1253 702 1300 728 pro
1315 695 1404 721 multis
1417 695 1568 729 e/fundetur
1580 696 1606 721 in
1622 703 1664 721 re-

874 740 1024 767 missionem
1048 744 1216 773 peccaturum
1240 740 1274 766 9".
1299 739 1381 767 Panis
1407 740 1458 769 istc
1483 748 1563 774 quem
1591 741 1663 767 Deus

872 783 991 814 Verbum
1005 792 1106 818 corpus
1120 791 1200 813 Suum
1216 791 1277 811 esse
1291 783 1400 816 fatetur,
1418 784 1529 812 verbum
1550 789 1592 814 est
1608 792 1660 811 nue-

836 835 857 862 Β
873 829 1012 860 tritor-ium
1027 829 1190 862 animarum,
1209 829 1321 856 verbum
1337 829 1369 856 de
1386 829 1439 856 Deo
1456 829 1545 856 Verbo
1563 837 1659 864 prore-

873 875 950 907 dens,
964 879 990 902 et
1001 875 1078 909 panis
1090 876 1123 902 de.
1133 883 1202 910 pane
1218 875 1332 907 caelesti,
1346 875 1392 910 qui
1407 876 1512 911 positus
1525 881 1566 905 est
1579 884 1662 910 super

872 928 993 950 mensam
1021 921 1055 948 de
1081 928 1135 955 qua
1161 921 1292 956 scriptum
1320 926 1362 948 est
1376 921 1400 936 ⁸⁸
1418 931 1424 948 :
1445 921 1609 956 Pra’purusti
1633 922 1660 948 in

872 970 1008 1000 conspectu
1033 974 1088 992 meo
1114 974 1229 992 mensam
1246 966 1370 993 adversus
1393 974 1436 997 eos
1460 967 1505 1003 qui
1531 967 1660 995 Iribulunt

872 1019 922 1040 me.
939 1011 971 1040 Et
995 1017 1075 1045 putus
1096 1011 1146 1041 iste
1161 1019 1241 1046 quem
1263 1011 1334 1040 Deus
1360 1011 1480 1042 Verbum
1498 1013 1658 1048 sanguinem

871 1064 950 1085 suum
973 1056 1081 1088 fatetur,
1098 1057 1208 1084 verbum
1225 1061 1266 1084 est
1281 1062 1378 1091 potans
1394 1062 1420 1084 et
1436 1057 1574 1085 inebrians
1592 1066 1659 1092 pra:-

870 1102 943 1131 clare
964 1103 1045 1129 corda
1076 1102 1237 1134 bibentium,
1257 1102 1303 1137 qui
1327 1107 1369 1131 est
1385 1102 1411 1129 in
1431 1103 1528 1137 poculo
1554 1103 1586 1129 de
1603 1110 1659 1137 quo

870 1146 1000 1180 Scriptum
1016 1151 1058 1174 cst
1074 1146 1097 1161 ⁹⁹
1114 1155 1120 1173 :
1138 1145 1170 1172 Et
1185 1147 1305 1179 poculum
1323 1151 1397 1172 tuum
1422 1147 1556 1173 inebrians
1578 1156 1657 1182 quam

868 1191 1026 1227 prwclurum
1050 1196 1088 1218 est
1108 1191 1118 1218 !
1144 1191 1175 1218 Et
1197 1196 1236 1218 est
1260 1196 1340 1225 potus
1365 1192 1415 1219 iste
1439 1193 1577 1227 generatio
1595 1193 1658 1219 vitis

869 1244 939 1265 verte
952 1244 1013 1271 qua:
1030 1236 1096 1263 dicit
1113 1237 1120 1251 ¹
1144 1245 1149 1263 :
1170 1236 1225 1271 Ego
1238 1245 1296 1263 sum
1310 1237 1371 1263 uitis
1393 1245 1464 1264 vera.
1482 1237 1514 1265 Et
1530 1243 1571 1264 est
1591 1245 1658 1265 san-

868 1282 929 1316 guis
952 1290 1010 1311 uvae
1034 1282 1117 1314 illius,
1139 1290 1200 1317 qua:
1220 1282 1304 1313 missa
1327 1282 1354 1310 in
1376 1283 1497 1312 torcular
1519 1283 1656 1317 passionis

868 1328 980 1362 protulit
997 1332 1091 1363 potum
1105 1328 1187 1356 hunc.
1203 1327 1248 1356 Sic
1263 1333 1289 1356 et
1303 1329 1381 1364 panis
1393 1333 1435 1355 est
1451 1329 1565 1355 verbum
1578 1327 1656 1355 Chri-

868 1372 902 1399 sti
925 1371 1026 1400 laetum
1053 1373 1087 1400 de
1109 1372 1199 1399 tritico
1217 1372 1263 1399 illo
1277 1372 1351 1407 quod
1375 1373 1475 1400 cadens
1500 1373 1526 1399 in
1553 1377 1654 1400 terram

868 1417 982 1447 multum
994 1417 1108 1445 reddidit
1116 1417 1304 1453 fructum.(87)
1315 1417 1373 1445 Non
1385 1419 1456 1445 enim
1469 1426 1566 1453 panem
1577 1418 1652 1445 illum

867 1462 999 1491 visibilem
1025 1471 1106 1498 quem
1128 1463 1235 1492 tenebat
1252 1463 1278 1490 in
1301 1464 1437 1497 manibus,
1454 1471 1553 1499 corpus
1571 1472 1652 1492 suum

35 1511 67 1536 ed
85 1511 134 1538 ille
151 1511 210 1538 sine
227 1511 333 1543 timore,
348 1510 427 1545 quasi
447 1511 545 1538 timens
561 1510 677 1538 dicebat.
698 1509 732 1537 Et
753 1510 816 1538 ideo
829 1502 852 1533 (ἶ
867 1507 976 1535 dicebal
992 1507 1062 1536 Deus
1076 1507 1205 1541 Verbum.
1222 1509 1269 1535 80d
1283 1509 1395 1537 VGrIIum
1414 1510 1441 1536 iu
1455 1509 1534 1544 cujus
1551 1515 1653 1545 myste-

73 1598 101 1614 “
116 1598 211 1625 Matth.
231 1607 305 1630 xxvi,
331 1598 377 1625 21.
436 1597 460 1614 “’-
479 1597 545 1624 ibid.
573 1597 621 1627 25.
673 1598 697 1617 ⁹⁶
721 1597 786 1625 ibid.

45 1631 131 1663 Joan.
149 1641 194 1666 xv,
210 1634 234 1664 l.

45 1711 105 1745 (87)
117 1710 180 1738 Haec
186 1712 276 1738 verba:
283 1711 340 1738 Non
349 1712 418 1738 enim
425 1709 600 1746 pauentrillum
608 1708 811 1746 visibilem,etc..

33 1743 113 1780 isque
137 1746 170 1772 ad
193 1746 250 1773 lucc
269 1747 407 1778 inclusive,
425 1743 450 1772 et
472 1745 576 1772 verbum
601 1743 670 1780 quod
692 1743 812 1778 laetificat

34 1789 76 1811 or,
89 1789 153 1814 quae
170 1781 211 1806 hic
230 1781 257 1807 in
270 1785 370 1808 textum
389 1781 512 1811 restituo,
532 1780 558 1806 in
575 1779 655 1806 editis
671 1786 724 1808 non
737 1787 813 1808 coni.

33 1820 130 1845 lavent.
146 1815 192 1842 sed
210 1815 335 1850 leguntur
360 1816 386 1842 in
403 1816 511 1845 duobus
526 1814 645 1850 antiquis
659 1814 811 1850 manuscri-

33 1850 73 1876 >tis
94 1847 253 1880 codicibus:
277 1851 364 1884 iisque
386 1850 451 1877 solis
475 1847 651 1884 mihiino’tis;
677 1847 761 1875 altero
785 1856 810 1876 lx

34 1885 115 1911 :ecuii
141 1892 156 1911 e
173 1883 339 1912 monasterio
360 1885 388 1911 S.
412 1884 526 1918 Remigii
549 1883 708 1915 “emensis;
726 1884 811 1910 altero

36 1920 116 1946 a-enli
145 1927 183 1945 xu
206 1927 221 1945 e
243 1920 407 1947 monasterio
432 1919 650 1946 Gcmmeticeusi.
667 1918 694 1946 In
722 1918 812 1952 priore

33 1954 104 1989 'erba
122 1954 166 1980 illa
185 1955 254 1989 stylo
270 1959 402 1988 cxpuncta
420 1959 493 1985 sunt,
511 1961 570 1989 non
581 1953 617 1979 ita
636 1958 725 1980 tamen
734 1953 810 1989 _qui_u

36 1988 136 2016 lterius
147 1987 248 2016 codicis
265 1987 315 2023 ope
335 1989 385 2024 legi
402 1989 490 2016 adimo
511 1987 589 2024 facile
604 1993 714 2024 queant.
734 1987 810 2024 Umle

33 2030 116 2050 orsan
140 2023 267 2056 colligere
283 2022 465 2051 ’lieet‘solum
491 2023 612 2049 codicem
637 2022 665 2049 S.
694 2022 809 2056 Remigii

36 2058 123 2085 idissc
148 2057 302 2086 Mei-linum.
327 2058 455 2085 Videntur
476 2057 585 2092 quidem
611 2058 698 2091 prima
721 2057 811 2084 fronte

33 2100 118 2120 rarum
146 2093 278 2120 catholica
307 2093 340 2121 de
366 2092 537 2121 Eucharislia
559 2099 657 2120 sonare
680 2102 687 2119 :
712 2097 739 2121 at
755 2099 810 2120 non

33 2128 187 2155 usinceram
211 2127 295 2155 fuisse
318 2128 351 2156 de
377 2129 427 2156 hoc
448 2127 576 2162 mysterio
592 2126 670 2162 iidem
685 2126 808 2162 Origenis

36 2170 51 2188 x
71 2163 133 2196 ipso
153 2163 213 2189 loco
229 2163 317 2196 palam
339 2163 393 2195 ﬁet,
411 2162 434 2189 si
449 2161 483 2189 ad
499 2161 549 2188 tria
572 2161 808 2196 attendatur'quat

33 2195 200 2225 idamautius
217 2205 278 2224 cum
297 2198 433 2224 veteribus
452 2195 614 2230 quibusdam
629 2196 656 2222 in
674 2195 802 2224 Euchari-

34 2232 80 2271 tia
92 2232 264 2271 distinguit:
280 2239 375 2271 nempe
389 2232 505 2271 speciem
520 2235 658 2271 externam
681 2232 807 2271 sensibus

36 2267 190 2301 ubjectam;
208 2267 387 2294 substantiam
402 2266 475 2294 iutus
490 2266 615 2293 latentem
636 2271 663 2293 et
677 2267 733 2294 solo
747 2266 806 2297 tidei

34 2302 142 2328 ontuitu
166 2302 376 2336 aspectabilem;
394 2305 420 2328 et
440 2301 579 2336 mysticam
603 2301 746 2334 quamdam
762 2309 806 2327 sa—

838 1597 861 1613 ³⁷
878 1596 941 1624 ibid.
972 1596 1007 1624 26
1030 1602 1056 1624 et
1085 1605 1162 1633 seqq.

1217 1598 1239 1614 ³⁸
1253 1598 1324 1626 Psal.
1356 1606 1426 1634 χχιι,
1453 1598 1481 1626 5.
1534 1599 1557 1615 ⁸⁸
1585 1597 1651 1626 ibid.

865 1713 949 1736 totum
965 1710 1109 1737 articulum
1123 1711 1242 1742 disserit,
1254 1711 1336 1738 verba
1351 1711 1530 1739 institutionis
1545 1712 1653 1741 Eucha-

864 1744 947 1782 ristiae
960 1745 1103 1782 allegorice
1124 1745 1326 1782 interpretando
1344 1747 1377 1774 de
1398 1748 1480 1774 verbo
1506 1746 1563 1779 Dei,
1579 1750 1653 1782 quod

863 1779 948 1815 instar
972 1779 1114 1813 cujusdam
1141 1779 1219 1814 panis
1244 1786 1270 1808 et
1286 1787 1364 1815 potus
1379 1781 1497 1808 caelestis
1517 1779 1600 1809 nutrit
1625 1788 1651 1810 et

863 1813 991 1847 lwli/ical,
1008 1819 1092 1847 potat,
1104 1819 1128 1840 et
1140 1813 1249 1841 inebriat
1262 1813 1388 1848 prwclare
1402 1816 1482 1842 forda
1494 1816 1649 1845 bibentium.

864 1848 892 1875 S.
914 1849 1081 1883 Augustinus
1105 1856 1187 1883 serm.
1206 1850 1269 1882 272,
1284 1851 1318 1876 ad
1332 1850 1457 1883 infantes,
1481 1851 1577 1878 eodem
1593 1851 1650 1879 l'ere

862 1883 944 1910 modo
963 1882 1024 1917 quo
1041 1883 1084 1910 bic
1099 1882 1240 1918 Origenes.
1257 1882 1366 1912 disserit
1389 1885 1422 1911 de
1443 1885 1536 1912 altaris
1557 1893 1649 1912 sacra-

861 1922 963 1957 mento,
977 1926 1040 1958 cum
1058 1918 1109 1958 hoc
1130 1923 1219 1946 tamen
1241 1919 1397 1958 discriminc
1413 1920 1484 1958 quod
1501 1920 1533 1958 S._
1551 1919 1647 1958 Augu-

861 1953 949 1990 stinus
972 1953 1148 1990 symbolicam
1171 1954 1290 1990 mysterii
1314 1953 1486 1981 eucharistici
1512 1953 1648 1990 signiﬁca—

861 1987 962 2023 tionem
990 1987 1024 2014 ad
1053 1987 1333 2023 unitatem‘lidelium
1360 1989 1385 2015 in
1414 1996 1470 2015 uno
1496 1989 1649 2023 eodemque

859 2021 961 2048 Cbristi
978 2030 1093 2057 corpore
1115 2025 1241 2057 mystico,
1261 2018 1439 2052 Adamantius
1455 2030 1521 2055 vero
1535 2024 1568 2050 ad
1586 2018 1648 2051 vluti

860 2057 923 2083 bum
941 2052 1269 2093 Deiqdéﬂectat.Uterque
1284 2059 1370 2093 ipsam
1386 2052 1551 2089 sacramenti
1567 2063 1646 2085 natu-

859 2099 917 2128 ram
940 2091 1064 2120 lidelibus
1086 2093 1152 2119 satis
1175 2091 1267 2120 notam
1286 2091 1394 2120 nonnisi
1412 2094 1505 2120 leviter
1525 2098 1550 2119 et
1566 2093 1645 2128 quasi

860 2127 886 2152 in
901 2127 1016 2153 transitu
1034 2127 1151 2162 attingit,
1170 2129 1250 2155 unice
1273 2132 1391 2155 attentus
1408 2128 1441 2155 ad
1455 2129 1584 2162 mysticas
1599 2135 1647 2154 ra-

859 2161 947 2201 tiones
960 2157 1130 2203 aperiendas.
1146 2157 1261 2203 interim
1276 2157 1645 2203 observabqpri'genisalle-

859 2196 962 2230 goriam
977 2197 1111 2227 haereticis
1130 2198 1283 2225 nullatenus
1304 2198 1404 2225 favere.
1420 2197 1448 2224 Si
1460 2196 1531 2225 enim
1546 2198 1587 2224 hic
1598 2205 1646 2225 ex-

858 2231 982 2267 cludatur
997 2231 1110 2267 quilibct
1125 2240 1219 2260 sensus
1240 2238 1334 2266 praeter
1351 2234 1537 2267 allegoricum,
1553 2233 1646 2259 exclu-

858 2240 982 2259 cmualur
997 2240 1110 2258 (UllIDcl.
1125 2240 1219 2260 sensus
1240 2240 1334 2266 praeter
1351 2240 1537 2267 aucgorrcum,
1553 2240 1645 2259 excru-

857 2265 931 2302 ditur
949 2240 1070 2302 proiecto
1093 2267 1267 2294 Calvinianus
1289 2268 1322 2294 de
1343 2268 1439 2302 figura,
1455 2273 1528 2302 typo,
1547 2267 1645 2293 virtute

857 2305 885 2327 et
893 2300 1011 2328 efﬁcacia
1025 2302 1147 2336 corporis
1158 2302 1268 2330 Christi.
1280 2302 1307 2328 Si
1320 2300 1383 2329 vero
1398 2300 1473 2329 alius‘
1482 2300 1645 2336 supponitur

35 2337 151 2364 ramenti
161 2336 443 2372 signiﬁcatioiietn.Ad
455 2340 556 2370 partem
568 2339 709 2362 externam
718 2336 804 2372 oculis
820 2338 842 2365 D
856 2342 964 2372 sensus,
981 2337 1075 2370 utique
1091 2343 1190 2372 sensus
1202 2337 1325 2365 litteratis
1337 2337 1645 2372 Catholicorum,quem

36 2371 195 2404 pparentem
209 2376 236 2398 et
249 2371 350 2398 Christi
368 2371 494 2398 mam'bus
510 2374 702 2400 contrectatam
718 2371 807 2405 respis

36 2405 66 2435 it.
83 2414 145 2433 cum
160 2407 217 2433 ait:
231 2406 292 2432 Non
303 2406 372 2433 enim
386 2413 477 2438 panem
493 2405 570 2432 illum
581 2404 714 2440 visibilem
729 2404 805 2440 quem

33 2441 123 2467 auebat
140 2443 167 2467 in
184 2441 316 2472 manibus,
333 2449 426 2474 corpus
443 2448 519 2467 suum
532 2439 634 2466 dicebat
651 2439 718 2466 Deus
735 2439 804 2466 νεν-

38 2483 139 2503 um.....
154 2476 209 2502 Nec
220 2481 310 2510 potum
324 2475 400 2502 illum
413 2475 545 2502 visibilem
561 2475 715 2510 sanguinem
728 2482 804 2501 suum

33 2510 133 2537 ’τι-εὐαί.
161 2510 346 2538 Substantiam
363 2511 414 2537 sub
431 2514 542 2537 externa
565 2510 655 2544 specie
676 2509 804 2538 latentem

33 2551 113 2577 perte
127 2547 251 2579 designat
265 2549 321 2572 tum
341 2545 383 2571 bis
399 2544 612 2578 praecedentibus
623 2544 712 2571 verbis
729 2553 734 2570 :
755 2544 806 2570 Pu-

33 2580 60 2604 ris
74 2581 124 2607 iste
137 2588 213 2615 quem
228 2580 296 2607 Deus
327 2579 444 2615 Verbunt
461 2587 553 2615 corpus
566 2587 642 2615 suum
663 2587 718 2605 esse
735 2579 804 2613 fale-

33 2622 97 2642 ur...
115 2613 236 2649 et’potus
260 2615 310 2641 iste
331 2622 406 2649 quem
430 2613 497 2640 Deus
518 2613 627 2640 Verbum
651 2615 804 2649 sanguinem

37 2656 98 2676 unm
126 2647 245 2684 (eiciar:
269 2647 394 2677 tum'his
410 2649 599 2684 subsequentis
617 2649 745 2676 articuli:
769 2647 804 2676 Et

33 2685 132 2712 mandit
157 2684 258 2719 (Jcsus)
280 2684 385 2718 quando
409 2691 451 2710 eos
475 2683 644 2719 (discipulos)
668 2683 715 2710 lwc
737 2691 803 2717 pane

33 2721 115 2751 mtrit,
129 2718 264 2754 proprium
277 2727 332 2745 esse
345 2727 472 2751 corpus...
488 2718 707 2754 Deindedocebat
725 2718 803 2754 disci-

33 2753 105 2786 mlos,
127 2751 206 2789 qui"
226 2756 446 2780 ntanducauerant
462 2761 556 2789 corpus
578 2751 665 2789 Verbi,
678 2758 730 2780 etc.
747 2752 800 2780 De-

33 2788 101 2822 liquc
130 2788 162 2817 de
193 2790 306 2824 mystica
334 2789 495 2818 sacramenti
525 2788 721 2823 signiﬁcatione
752 2796 800 2823 per

856 2371 922 2398 satis
932 2371 1004 2398 clare
1016 2372 1143 2404 exprimit
1152 2371 1330 2399 Adamantius
1340 2372 1428 2399 verbis
1441 2371 1521 2398 modo
1534 2371 1642 2404 citatis;

856 2413 910 2432 non
927 2414 1024 2433 sensus
1041 2406 1273 2438 Calvinianorum,
1291 2407 1369 2440 cujus
1391 2406 1427 2433 ibi
1448 2413 1482 2432 ne
1499 2406 1642 2432 minimum

856 2440 965 2476 quidem
995 2441 1148 2476 vestigium.
1174 2441 1264 2468 Alium
1297 2449 1378 2476 porro
1403 2448 1514 2476 sensum
1544 2445 1643 2476 praeter

856 2475 1030 2511 allegoriam
1044 2474 1078 2503 de
1093 2477 1175 2503 verbo
1188 2477 1233 2503 Dei
1246 2474 1389 2511 agnovisse
1399 2474 1542 2511 Origenem
1558 2475 1644 2509 liquet

855 2518 888 2540 ex
906 2510 1000 2538 homil.
1018 2511 1051 2538 16
1068 2511 1094 2538 111
1110 2511 1189 2538 Num.
1207 2510 1299 2537 Bibere
1313 2511 1438 2542 dicimur,
1458 2510 1555 2544 inquit,
1580 2517 1641 2535 san-

856 2545 960 2579 guinem
970 2545 1081 2578 Christi,
1094 2554 1144 2572 non
1154 2546 1239 2572 solum
1250 2551 1482 2573 sacramentorum
1491 2545 1556 2576 ritu,
1564 2544 1608 2570 sed
1617 2549 1642 2570 et

858 2587 916 2615 cum
931 2588 1061 2607 sermones
1072 2580 1127 2614 ejus
1141 2581 1290 2615 recipimus,
1303 2581 1328 2606 in
1342 2582 1435 2614 quibus
1448 2580 1500 2606 vita
1512 2579 1641 2610 seruiuit,

857 2614 924 2650 sicut
938 2619 962 2640 et
976 2615 1031 2649 ipse
1045 2616 1109 2642 dicit
1125 2624 1134 2642 :
1158 2614 1241 2642 Verba
1259 2623 1317 2650 qua;
1331 2615 1433 2643 locutus
1449 2622 1519 2647 sum,
1531 2615 1642 2650 spiritus

855 2653 879 2674 et
900 2649 952 2676 rita
972 2655 1020 2677 est.
1039 2651 1120 2679 Suam
1140 2651 1185 2678 hic
1199 2649 1305 2677 laudem
1323 2649 1364 2677 fas
1386 2650 1420 2676 sit
1447 2650 1565 2676 tribucre
1583 2649 1640 2675 cla-

856 2682 1084 2720 rissimorvirol).
1102 2685 1203 2718 ltobbe,
1219 2686 1332 2720 hujusce
1355 2685 1444 2718 operis
1467 2683 1572 2720 censori
1599 2691 1641 2710 re-

855 2718 910 2753 gio,
926 2719 973 2754 qui
986 2719 1051 2746 mihi
1065 2720 1177 2746 haerenti
1193 2724 1220 2747 et
1233 2718 1337 2747 incerto
1350 2720 1496 2754 genuinum
1509 2719 1582 2754 hunc
1596 2726 1642 2744 vc.-

853 2761 970 2790 rumque
996 2755 1129 2782 intricata:
1153 2755 1236 2789 hujus
1262 2753 1397 2790 allegoriae
1424 2761 1535 2782 sensum
1561 2753 1640 2780 docte

853 2789 926 2817 solus
940 2789 1010 2817 inter
1024 2789 1155 2826 plurimos
1172 2791 1288 2826 aperuit.
