1839 3053
188 111 256 139 1735

784 109 946 138 υιιισεμιει
962 109 995 137 IN
1013 109 1221 138 IATTHA‘ZUM

1764 116 1822 144 I735

185 169 225 196 rio
250 170 338 198 fuerat
359 170 438 205 panis
459 169 504 196 ille
517 167 691 204 frangendus.
710 167 765 196 Nec
783 173 877 203 potmn
893 167 969 194 illum
985 169 1006 198 Λ
1022 166 1055 194 Et
1079 167 1152 202 quod
1176 167 1285 194 dicit’:
1302 169 1440 203 Accipiens
1468 168 1552 196 Jesus
1568 177 1679 204 panem,
1703 171 1823 200 similitu-

182 212 321 243 visibilem
339 215 500 249 sanguinem
523 221 603 240 suum
620 213 737 243 diccbat.
753 212 800 240 sed
815 213 926 239 vcrbum
950 213 975 238 in

186 261 266 295 cujus
291 260 420 294 mysterio
436 264 515 294 potus
532 259 576 285 ille
589 258 677 285 fuerat
700 257 890 284 ell‘undendus.
908 256 975 284 Nam

186 301 287 340 corpus
306 305 353 333 Dei
366 304 447 332 Verbi
465 304 532 340 (88),
545 309 592 331 aut
612 303 734 338 sanguis.
752 303 817 338 quid
832 303 903 330 aliud
916 309 977 330 esse

186 356 285 385 potest,
310 351 362 378 nisi
383 351 494 378 verbum
517 349 590 384 quod
610 349 705 379 nutrit,
721 353 749 376 et
773 349 886 375 verbum
903 349 974 384 quod

187 397 304 424 laetificat
319 396 387 423 cor?
405 396 460 423 Cur
473 399 564 422 autem
584 401 639 421 non
656 393 726 421 dixit
744 403 751 422 :
772 393 821 421 Hic
837 398 879 422 est
897 394 976 428 panis

185 443 248 469 novi
265 441 432 473 testamenti,
454 441 526 468 sicut
543 440 612 468 dixit
627 449 633 467 :
654 440 706 466 llic
724 445 762 466 est
780 440 889 475 sanguis
915 440 975 466 ποι-ἱ

187 489 357 516 testamenti?
382 487 517 520 Quoniam
546 487 625 522 panis
649 491 692 514 est
717 486 828 514 verbum
852 486 974 521 justitim,

184 542 266 570 quam
279 534 476 561 manducantes
488 533 586 560 animae
598 533 757 560 nutriuntur
771 541 777 559 :
791 536 872 567 potus
885 536 974 558 autem

183 585 225 608 est
236 581 348 607 verbum
364 579 511 614 agnitionis
521 578 634 610 Christi,
648 578 797 605 secundum
815 578 973 613 mysterium

182 625 242 660 ejus
269 625 418 652 nativitatis
441 629 467 652 et
491 624 637 660 passionis.
656 624 793 658 Quoniam
809 631 876 659 ergo
892 628 975 650 testa-

183 675 304 698 mentum
323 669 372 698 Dei
392 670 418 697 in
437 670 570 704 sanguine
586 669 722 704 passionis
737 669 838 696 Christi
855 669 974 704 positum

182 720 223 743 est
240 716 273 743 ad
291 723 353 748 nos,
372 720 401 742 ut
415 716 556 742 credentes
580 714 677 742 Filium
695 715 741 742 Dci
757 720 849 742 natum
867 720 894 742 et
910 722 972 749 pas-

182 769 243 789 sum
260 762 408 789 secundum
430 769 552 794 carnem,
568 761 635 789 salvi
659 761 807 788 elliciamur
822 761 906 796 899
918 769 972 788 non

182 807 208 833 in
222 807 340 841 justitia,
358 807 384 834 in
408 815 460 842 qua
479 808 536 834 sola
555 808 614 834 sine
637 807 689 834 lide
715 807 848 842 passionis
871 807 972 834 Christi

182 853 258 880 salu;
280 861 342 880 esse
369 861 422 879 non
442 858 563 887 poti-rat;
580 853 640 880 ideo
655 857 759 880 tantum
776 853 809 881 de
831 853 914 881 calice
930 854 972 880 di-

182 901 255 924 ctum
270 902 312 924 cst
326 906 333 924 :
348 897 398 923 Hic
410 903 448 924 est
466 898 538 924 calix
557 899 617 925 novi
632 899 792 925 testamenti.

217 942 262 969 86.
277 943 357 969 Amen
374 942 432 969 dico
447 942 528 975 vobis,
555 944 624 978 quod
643 944 738 970 amodo
763 952 814 971 non
838 944 925 971 bibam
939 945 971 971 de

180 988 347 1022 generatione
367 989 428 1015 ritis
449 989 540 1023 hujus,
561 989 614 1016 nisi
631 998 689 1016 cum
706 989 792 1016 bibam
806 989 872 1016 illud
887 990 971 1017 uobis-

179 1041 239 1060 cum
256 1041 350 1060 novum
375 1034 402 1060 in
422 1042 500 1068 regno
517 1033 608 1060 Patris
626 1034 676 1060 mei
699 1034 720 1060 '.
738 1033 790 1060 Sed
810 1038 836 1060 et
851 1034 884 1061 de
901 1041 971 1068 pane

178 1079 281 1105 dictmn
298 1083 339 1106 est
365 1080 436 1114 apud
458 1079 559 1106 Lucam
578 1079 704 1106 similiter
720 1089 726 1106 :
750 1079 885 1106 Desiderio
900 1080 970 1106 desi-

178 1125 267 1151 deravi
282 1125 330 1152 hoc
352 1125 450 1159 pascha
467 1125 628 1152 manducare
642 1125 786 1152 vobiscum.
804 1125 870 1152 Dico
886 1125 967 1158 vobis,

177 1171 246 1205 quod
264 1174 358 1197 antodo
376 1180 428 1198 non
452 1172 616 1198 manducabo
632 1171 711 1204 illud,
727 1172 779 1198 nisi
791 1172 925 1206 impletum
940 1172 968 1198 in

179 1224 256 1250 regno
281 1216 329 1243 Dei
353 1216 373 1243 ’.
388 1215 460 1251 Ergo
484 1217 660 1244 manducabit
687 1216 820 1250 Salvator,
836 1221 862 1244 et
883 1217 966 1248 bibet,

178 1269 273 1295 panem
300 1262 388 1295 illum,
406 1267 433 1289 et
455 1267 548 1297 potum
576 1262 730 1297 paschalem
755 1267 914 1290 renovatum
939 1263 966 1289 in

177 1314 260 1342 regno
283 1307 343 1341 Dei,
360 1313 386 1335 et
407 1308 582 1335 manducabit
596 1313 624 1336 et
645 1308 720 1336 bibet
740 1316 803 1336 cum
825 1307 967 1343 discipulis

177 1353 244 1381 suis.
265 1353 341 1381 Sicut
354 1355 426 1382 enim
444 1364 495 1382 non
513 1355 634 1390 rapinam
657 1356 804 1382 arbitratus
818 1360 924 1382 estesse
940 1363 966 1382 se

177 1398 304 1433 azqualem
321 1399 386 1432 Deo,
400 1400 446 1426 sed
467 1401 636 1435 semetipsum
658 1399 808 1426 humiliavit
832 1407 912 1434 usque
931 1399 965 1426 ad

175 1449 286 1471 mortem
299 1444 319 1477 ⁵,
336 1445 376 1472 sic
397 1445 573 1472 manducabit
586 1453 695 1480 panem,
713 1450 739 1473 et
753 1446 827 1473 bibet
839 1445 871 1472 de
885 1453 965 1479 gene-

175 1489 280 1516 ratione
296 1489 369 1522 vttis,
393 1495 420 1517 et
443 1490 516 1517 bibet
533 1498 648 1523 novum,
670 1494 697 1517 et
717 1495 827 1525 propter
850 1490 962 1517 multam
977 1506 998 1535 c

175 1535 324 1562 bonitatem
350 1542 427 1562 suam
452 1540 479 1562 et
495 1535 668 1562 dilectionem
686 1535 828 1562 hominum
845 1535 961 1562 mandu-

173 1580 246 1606 cabit
259 1584 286 1606 et
303 1580 376 1607 bibet
392 1588 454 1607 cum
480 1581 622 1614 discipulis
647 1581 723 1613 suis,
739 1588 801 1607 cum
823 1581 963 1607 tradiderit

173 1633 285 1660 regnum
303 1625 357 1652 Deo
383 1631 411 1653 et
434 1625 519 1653 Patri.
543 1627 659 1653 Attende
682 1627 753 1653 enim
776 1627 848 1662 quod
873 1627 960 1654 dicit:

173 1670 240 1697 Cum
262 1671 349 1697 bibero
374 1671 460 1705 ipsum
484 1671 616 1698 vobiscum
635 1679 740 1705 nouum,
759 1679 811 1699 non
827 1672 880 1699 alio
895 1676 962 1699 tem-

172 1724 249 1751 pore,
268 1717 319 1743 nisi
336 1717 362 1743 in
376 1725 454 1751 regno
470 1716 560 1743 Patris
576 1717 636 1744 mei.
653 1716 686 1744 Et
700 1717 767 1745 alias
783 1722 872 1744 autem
884 1717 895 1733 ⁸
911 1725 962 1744 non

172 1770 280 1797 regnum
297 1762 343 1790 Dei
362 1771 421 1790 esca
436 1767 460 1789 et
479 1768 566 1797 potus.
583 1762 766 1798 Corporaliter
776 1763 860 1794 enim,
877 1767 904 1790 et
918 1771 962 1790 se-

172 1807 290 1835 cundum
304 1808 510 1835 similitudinem
531 1808 672 1842 prasentis
689 1808 742 1835 cibi
757 1812 783 1834 et
797 1812 888 1842 potus,
906 1815 959 1834 non

170 1859 212 1880 est
223 1861 336 1889 regnum
350 1853 396 1880 Dei
408 1861 471 1881 esca
484 1858 511 1881 et
526 1858 604 1888 potus
617 1853 659 1881 his
671 1853 719 1889 qui
734 1854 917 1881 exbibuerunt
932 1862 961 1881 se

169 1900 266 1935 dignos
283 1907 353 1935 pane
365 1900 470 1927 caelesti
482 1905 508 1927 et
525 1907 594 1934 pane
607 1899 778 1934 angelorum,
793 1904 820 1926 et
833 1907 895 1926 esca
914 1899 959 1927 illa

169 1945 203 1973 de
216 1953 269 1980 qua
286 1945 351 1973 dicit
374 1945 498 1972 Salvator
513 1953 519 1970 :
546 1945 605 1971 Mea
619 1953 678 1972 esca
701 1949 739 1972 est
756 1949 785 1971 ut
801 1945 896 1980 faciam
912 1953 959 1972 eo:

169 1991 296 2018 luntatem
312 1990 369 2025 ejus
380 1992 424 2025 qui
444 1999 483 2018 nte
499 1991 584 2024 misit,
597 1994 621 2017 ct
637 1991 773 2025 perﬁciam
790 1998 854 2025 opus
871 1990 927 2025 ejus
936 1990 957 2017 ⁸.

169 2037 304 2070 Quoniam
329 2042 418 2064 autem
445 2037 471 2064 in
503 2044 587 2071 regno
613 2037 660 2064 Dei
686 2037 910 2064 ntattducabimus
932 2041 958 2064 ct

168 2083 306 2116 bibemus,
324 2091 356 2110 ex
375 2083 468 2110 multis
485 2083 554 2110 locis
569 2082 770 2118 Scripturarum
785 2087 827 2110 est
844 2083 958 2110 demon-

168 2133 266 2157 strare.
284 2127 418 2161 praecipue
432 2136 464 2154 ex
479 2135 512 2154 eo
527 2127 599 2162 quod
615 2128 745 2162 scriptum
759 2132 801 2154 est
812 2127 822 2142 ⁷
837 2126 956 2155 εΒεαΙιω

167 2173 212 2207 qui
235 2173 434 2199 manducauerit
460 2181 553 2208 panem
567 2174 593 2199 in
612 2181 688 2208 regno
705 2173 761 2201 Dei.
776 2173 846 2208 Ergo
860 2174 956 2208 imple-

167 2218 239 2244 bilnr
251 2217 278 2244 in
295 2225 379 2252 regno
394 2217 439 2245 Dei
455 2219 507 2245 hoc
528 2219 643 2254 pascha,
661 2223 687 2246 et
700 2219 875 2246 manducabit
890 2227 952 2247 eum

166 2263 246 2291 Jesus
272 2271 334 2290 eum
358 2264 501 2299 discipulis
526 2265 594 2297 suis,
617 2270 644 2292 et
668 2265 754 2298 bibet;
777 2270 803 2292 et
824 2266 952 2300 quoniam

165 2310 237 2344 quod
250 2310 314 2337 dicit
325 2309 473 2345 Apostolus
484 2311 494 2326 ³
507 2319 514 2336 :
538 2310 622 2337 Nemo
635 2319 678 2337 vos
693 2311 794 2345 judice!
809 2312 837 2338 in
854 2319 912 2338 esca
928 2317 953 2338 et

166 2356 192 2382 in
211 2361 286 2388 potu,
300 2360 327 2383 et
345 2360 457 2388 cetera,
473 2365 531 2391 quia
546 2361 606 2383 sunt
625 2356 718 2383 umbra
733 2357 892 2391 futurorum,
910 2365 953 2384 re—

165 2402 327 2429 vidationem
352 2402 432 2429 habet
456 2404 489 2429 ad
513 2401 604 2429 futura
628 2402 756 2438 mysteria
780 2402 814 2429 de
834 2403 904 2430 escis
926 2408 953 2429 et

163 2446 272 2480 potibus
285 2446 462 2480 spiritalibus,
480 2454 597 2481 quotutn
612 2447 709 2474 umbra
721 2447 831 2474 fuerunt
843 2454 903 2481 qua:
919 2447 953 2474 de

164 2491 233 2519 escis
249 2495 275 2519 et
294 2493 401 2527 potibus
415 2492 442 2519 in
459 2492 517 2527 lege
532 2492 640 2520 fuerant
655 2494 764 2528 scripta.
778 2492 951 2520 Manifestum

162 2543 204 2565 est
216 2542 305 2565 autem
320 2538 448 2573 quoniant
466 2546 557 2565 veram
582 2546 671 2566 escam
696 2543 723 2565 CI.
741 2546 835 2565 verum
857 2542 949 2573 potum

163 2584 389 2612 manducabimus
406 2588 432 2611 et
446 2584 570 2612 bibemus
587 2584 614 2611 in
634 2593 716 2619 regno
731 2584 795 2617 Dei,
812 2584 949 2612 aedifican-

162 2635 203 2656 tes
220 2637 267 2664 per
283 2638 314 2657 ea
330 2636 356 2657 et
372 2629 558 2658 confortantes
577 2631 747 2658 verissimam
763 2630 835 2657 illaut
852 2630 946 2657 vitam.

197 2688 207 2704 ³
221 2687 316 2715 Matth.
334 2688 463 2719 xxvt,‘29.
503 2689 513 2704 ³
528 2688 593 2715 Luc.
614 2696 680 2720 χχιι,
699 2688 742 2715 l5.
779 2688 791 2703 "
805 2687 902 2723 Philip.
919 2696 949 2720 ιι,
965 2688 1020 2716 6-8.
1060 2688 1071 2704 ⁸
1084 2687 1163 2714 Rom.
1179 2695 1250 2720 XlV,‘

197 2722 292 2749 loloss.
309 2732 338 2751 ιι.
368 2724 411 2751 l6.
429 2723 472 2750 l7.
524 2724 534 2739 °
552 2722 646 2750 Matth.
665 2731 739 2751 xxvi.
754 2723 798 2751 26.
823 2723 868 2750 27.
926 2724 946 2739 ιθ
964 2723 1031 2751 Gen.
1052 2731 1148 2751 xxvut.
1165 2723 1250 2749 20-22

988 2731 1031 2751 en.
1052 2731 1148 2755 xxvut,
1165 2731 1260 2749 zu-zz.

793 2759 814 2774 ’⁸
827 2757 921 2786 Matth.
938 2766 1010 2792 uri,
1021 2758 1066 2785 27.

160 2722 171 2738 ³
186 2722 292 2749 Coloss.
309 2732 338 2755 It,
368 2724 411 2754 lii,
429 2723 472 2750 i7.
524 2724 534 2739 °
552 2722 646 2750 Matth.
665 2731 739 2754 xxt'l,
754 2723 798 2754 96,
823 2723 868 2750 27.

162 2756 184 2772 ⁸³
197 2756 292 2784 Matth.
309 2765 382 2791 xxw,
398 2757 442 2789 27,
459 2758 504 2785 28.
556 2758 577 2774 “
592 2758 670 2785 Rom.
687 2767 713 2788 v,
729 2758 754 2786 5.

1027 217 1054 238 et.
1078 213 1208 247 accipiens
1232 214 1351 245 calicem.
1367 214 1415 248 qui
1441 215 1578 250 parvulus
1602 215 1719 250 quidem
1741 223 1779 244 est
1801 221 1821 246 tu

1027 257 1154 291 Christo,
1177 263 1204 285 et
1227 258 1253 285 in
1281 259 1392 286 Christo
1415 260 1508 287 adhuc
1535 261 1675 292 carnalis,
1704 262 1822 298 intelligit

1026 305 1210 331 communiter
1225 314 1232 332 :
1253 305 1412 339 prudentior
1428 311 1521 333 autem
1535 313 1661 342 quierat,
1675 316 1691 335 a
1711 317 1766 343 quo
1781 318 1822 337 ac-

1026 349 1130 384 cipiens
1145 349 1234 377 Jesus.
1254 349 1309 378 Deo
1332 352 1404 379 enim
1430 353 1515 380 dante
1538 353 1642 388 accipit
1665 358 1694 381 et
1717 354 1765 382 dat
1786 358 1821 384 eis

1026 395 1073 429 qui
1096 395 1170 430 digni
1197 400 1261 423 sunt
1282 404 1296 423 a
1322 396 1376 424 Deo
1395 398 1521 432 accipere
1534 406 1636 433 panem
1651 404 1679 426 et
1700 401 1818 428 calican.

1026 438 1168 471 Quomodo
1184 445 1274 467 autem
1289 441 1336 468 dat
1348 441 1420 469 Deus
1442 450 1551 477 panem,
1577 444 1721 478 signiﬁcat
1736 451 1761 473 et
1779 446 1819 473 Ja-

1027 483 1078 510 cob
1092 483 1187 511 dicens
1202 484 1224 500 ¹⁶
1239 493 1245 510 :
1262 484 1293 512 Si
1315 485 1393 520 fuerit
1419 486 1547 514 Dominus
1568 497 1644 516 meus
1667 498 1783 522 mecum,
1796 498 1818 519 ct

1025 528 1125 555 dederit
1144 529 1209 555 mihi
1224 538 1318 563 panem
1332 531 1367 557 ad
1384 532 1612 566 manducandum,
1628 539 1654 561 et
1677 537 1816 563 tulit-n-

1026 578 1081 600 tum
1096 575 1131 600 ad
1144 575 1313 608 vestiendum,
1326 577 1415 602 omnia
1428 585 1588 613 quttcunque
1600 580 1680 611 mihi,
1700 580 1815 613 Domine.

1024 619 1138 651 dederis,
1156 620 1283 646 decimam
1305 621 1439 648 decimaba
1462 623 1519 649 tibi.
1537 623 1602 650 Item
1626 625 1764 658 scriptum
1779 632 1815 654 est

1025 665 1051 691 in
1070 664 1215 700 Evangelia
1231 666 1379 694 secundum
1404 667 1536 696 Joannem
1561 669 1603 696 ¹¹;
1622 669 1689 697 Non
1715 671 1815 706 legs“

1024 710 1095 737 dedit
1111 711 1181 738 vobis
1198 720 1301 746 panem,
1319 713 1364 739 sed
1377 712 1461 740 Pater
1477 722 1548 741 meus
1563 715 1611 742 das
1635 717 1712 743 t-obt's
1727 726 1815 751 pansa

1024 757 1056 783 de
1072 757 1135 784 ctelo
1151 766 1249 785 verum.
1265 757 1297 785 Et
1313 766 1420 793 semper
1438 759 1520 788 Jesus
1534 761 1577 788 his
1591 763 1640 796 qui
1657 771 1755 790 secum
1771 772 1815 798 pa-

1024 801 1090 829 riter
1104 807 1187 838 agunt
1212 802 1394 836 festivitatem,
1417 805 1554 840 accipiens
1575 815 1678 841 panem
1701 816 1718 835 a
1741 809 1816 836 Patre

1023 849 1123 884 gratias
1137 849 1202 884 agit,
1218 854 1245 877 et
1265 849 1374 886 frangit,
1390 855 1418 878 et
1437 851 1483 878 dat
1504 852 1650 888 discipulis
1663 856 1813 882 secundum

1022 893 1094 928 quod
1111 895 1300 930 unusquisque
1312 902 1408 922 eorum
1422 896 1496 930 capit
1512 898 1656 931 accipere;
1672 903 1702 925 et
1719 899 1766 926 dat
1777 900 1815 926 di-

1022 947 1087 967 cens
1104 949 1111 967 :
1128 941 1255 974 Accipite,
1267 945 1292 967 et
1305 941 1463 968 manducata
1478 942 1515 975 ";
1531 947 1558 969 et
1571 944 1697 971 ostendit
1710 946 1813 979 quando

1021 993 1069 1014 eos
1095 986 1146 1014 hoc
1171 994 1240 1021 pane
1264 988 1360 1021 nutrit,
1377 989 1518 1023 proprium
1541 995 1603 1016 esse
1623 997 1741 1024 corpus,
1755 999 1810 1018 cura

1021 1031 1057 1059 sit
1080 1031 1138 1067 ipse
1158 1031 1286 1066 Verbum,
1300 1034 1372 1068 quod
1389 1038 1417 1061 et
1431 1041 1505 1061 nunc
1521 1035 1716 1061 necessarium
1736 1036 1812 1063 liabe-

1020 1085 1092 1111 mus,
1109 1083 1135 1105 et
1158 1086 1220 1105 cum
1244 1078 1326 1106 fuerit
1351 1079 1378 1106 in
1404 1087 1487 1114 regno
1507 1079 1554 1107 Dei
1574 1080 1723 1115 impletum
1747 1083 1810 1110 :sed

1020 1129 1093 1150 nunc
1117 1123 1225 1158 quidem
1248 1123 1369 1151 nondum
1395 1124 1535 1159 impletum
1549 1145 1556 1158 ,
1573 1130 1643 1154 tunc
1657 1132 1752 1154 autem
1766 1128 1811 1155 im-

1020 1168 1134 1202 pletum,
1148 1176 1209 1196 cum
1226 1177 1276 1197 nos
1293 1170 1436 1204 praeparati
1450 1170 1584 1199 fuerimus
1598 1172 1635 1199 ad
1651 1174 1809 1208 capiendum

1019 1214 1121 1248 pascha
1150 1215 1276 1249 plenum,
1301 1216 1373 1250 quod
1396 1218 1469 1244 venit
1493 1222 1523 1245 ut
1546 1219 1683 1254 impleat,
1700 1221 1749 1253 qui
1763 1228 1808 1247 nan

1019 1261 1092 1287 venit
1114 1261 1218 1288 solvere
1241 1261 1336 1296 legem,
1356 1262 1403 1289 sed
1429 1264 1590 1298 adimplere.
1611 1265 1648 1292 Et
1666 1274 1742 1292 nunc
1756 1275 1809 1301 ψη-

1017 1305 1077 1330 dem
1097 1305 1208 1340 implere
1223 1306 1301 1340 quasi
1319 1314 1366 1340 per
1389 1309 1530 1342 speculum
1552 1309 1580 1336 in
1603 1310 1808 1346 anigmateia»

1017 1350 1167 1385 pletionis:
1194 1355 1259 1379 tunc
1285 1359 1375 1380 autem
1401 1353 1469 1382 facie
1494 1355 1522 1381 in
1553 1354 1656 1382 faciem
1690 1356 1807 1392 implere,

1016 1403 1078 1424 cum
1093 1397 1196 1424 venerit
1209 1397 1281 1432 quod
1301 1398 1449 1432 perfectum
1462 1404 1514 1427 est.
1530 1399 1558 1427 Si
1575 1408 1644 1436 ergo
1659 1406 1688 1429 et.
1702 1410 1752 1429 nos
1766 1410 1807 1429 vo-

1015 1441 1107 1470 lumus
1132 1450 1229 1477 panem
1255 1443 1450 1472 benedictionis
1474 1446 1601 1479 accipere
1623 1448 1660 1474 ab
1683 1447 1748 1475 Jesu
1766 1448 1806 1483 qui

1015 1493 1162 1516 consuetus
1176 1494 1218 1516 est
1231 1498 1292 1517 eum
1307 1491 1380 1524 dare,
1397 1498 1492 1518 eamus
1507 1491 1534 1518 in
1556 1492 1701 1520 civitatem
1720 1494 1747 1521 in
1761 1495 1805 1521 do-

1015 1542 1089 1561 mum
1104 1535 1256 1569 cujusdam,
1275 1535 1320 1562 ubi
1336 1535 1399 1562 facit
1420 1535 1499 1563 Jesns
1522 1538 1628 1571 pascha
1647 1546 1712 1566 cum
1731 1539 1805 1566 disci-

1013 1580 1085 1614 pulis
1114 1581 1171 1607 suis
1196 1581 1411 1615 pmparanlibus
1436 1583 1524 1615 ipsum
1550 1583 1625 1610 notis
1653 1584 1760 1618 ipsius,
1782 1591 1804 1611 et

1013 1627 1192 1652 ascendamus
1205 1625 1238 1652 ad
1253 1626 1421 1660 superiorem
1438 1630 1542 1660 partem
1555 1628 1660 1656 domus
1671 1636 1802 1664 magnam,

1013 1674 1040 1698 et
1063 1675 1187 1701 stratam,
1203 1675 1229 1697 et
1252 1675 1441 1704 prirparatam,
1460 1671 1506 1698 ubi
1528 1673 1671 1707 accipiens
1695 1681 1711 1700 ι
1731 1673 1802 1700 Patre

1012 1716 1135 1748 calicem,
1157 1720 1185 1743 ct
1206 1716 1306 1751 gratias
1332 1724 1433 1750 agens,
1457 1717 1503 1744 dat
1525 1718 1566 1745 eis
1592 1720 1642 1753 qui
1666 1727 1731 1746 cum
1750 1721 1801 1754 ipsa

1012 1761 1197 1794 ascenderint,
1213 1762 1329 1788 dicens:
1354 1761 1456 1795 Bibite,
1478 1763 1543 1797 quia
1565 1764 1609 1789 hic
1633 1769 1672 1790 est
1699 1766 1800 1799 sanguis

1011 1815 1083 1834 meus
1105 1808 1164 1834 noui
1189 1808 1381 1840 testamenti“,
1394 1809 1441 1843 qui
1466 1813 1494 1836 et
1515 1809 1621 1836 bibitur
1642 1815 1669 1837 et
1691 1810 1800 1838 cﬂ‘undi-

1011 1858 1055 1881 tur
1069 1863 1076 1881 :
1091 1854 1190 1881 bibitur
1207 1854 1316 1888 quidem
1342 1862 1357 1881 a
1385 1854 1540 1889 discipulis,
1554 1856 1705 1883 effunditur
1717 1862 1797 1884 autem

1011 1899 1037 1926 in
1053 1899 1242 1926 retnissioncm
1255 1904 1429 1934 peccatorum
1447 1902 1664 1928 commissorum
1681 1903 1717 1929 ab
1733 1903 1770 1930 eis
1784 1910 1796 1929 ι

1009 1945 1109 1979 quibus
1123 1944 1224 1971 bibitur
1236 1949 1261 1971 et
1281 1944 1438 1972 effunditur.
1455 1945 1483 1972 Si
1499 1951 1592 1974 autem
1613 1948 1718 1982 quaeris
1734 1956 1795 1982 qo-

1008 1992 1090 2018 modo
1111 1991 1194 2018 etiam
1221 1991 1384 2023 ell‘unditur,
1411 1991 1521 2019 discute
1549 2001 1611 2019 cum
1642 1994 1696 2020 hoc
1722 1994 1794 2020 verba

1007 2036 1088 2063 etiam
1106 2036 1179 2070 quod
1195 2036 1326 2070 scriptum
1343 2041 1385 2064 est
1400 2037 1422 2052 ”
1442 2047 1448 2064 :
1466 2037 1602 2069 Quoniam
1619 2039 1738 2065 citaritas
1754 2039 1793 2065 Dei

1006 2079 1091 2113 effusa
1104 2085 1142 2106 est
1157 2080 1184 2106 in
1198 2079 1321 2107 cordibus
1345 2082 1452 2108 nostris.
1469 2082 1498 2108 Si
1524 2089 1615 2110 autem
1637 2085 1750 2118 sanguis
1761 2089 1791 2111 te-

1006 2124 1134 2152 stamenti
1149 2124 1255 2152 infusus
1267 2126 1346 2152 estin
1361 2127 1443 2154 corda
1459 2132 1553 2155 nostra
1570 2128 1595 2154 in
1609 2130 1791 2157 n‘missionﬂl

970 2177 995 2206 ι)
1008 2175 1180 2205 peccatorum
1197 2175 1365 2204 nostrorum,
1377 2171 1464 2200 eﬂ'uso
1480 2181 1514 2200 c0
1534 2175 1647 2207 potabili
1668 2176 1790 2210 sanguine

1007 2215 1034 2242 in
1047 2215 1128 2242 corda
1145 2220 1249 2249 nostra,
1266 2217 1440 2244 remittuntur
1452 2223 1479 2245 et
1493 2218 1622 2246 delentur
1634 2222 1727 2248 omnia
1740 2228 1789 2255 qui

1007 2262 1142 2297 gessimus
1157 2268 1219 2290 ante
1235 2269 1355 2298 peccata.
1370 2263 1430 2298 ipse
1449 2270 1541 2293 autem
1562 2267 1610 2301 qui
1627 2274 1740 2302 accepto
1753 2275 1790 2294 a-

1007 2307 1058 2334 Iice
1072 2307 1138 2334 dicit
1151 2308 1173 2323 ¹⁸
1185 2316 1191 2332 z
1211 2307 1298 2335 Bibite
1312 2317 1344 2335 ex
1359 2310 1407 2336 hoc
1422 2318 1527 2343 omnes,
1541 2312 1625 2339 nobis
1645 2313 1789 2340 bibentibus

1007 2361 1060 2380 non
1073 2353 1188 2381 discedit
1199 2361 1214 2381 a
1232 2354 1321 2386 nobis,
1336 2356 1382 2382 sed
1405 2355 1474 2382 bibit
1489 2364 1552 2383 eum
1577 2358 1723 2385 nobiscum
1736 2367 1787 2386 cum

1004 2399 1040 2427 sit
1065 2399 1092 2426 in
1118 2400 1232 2435 singulis
1247 2401 1305 2435 ipse
1327 2402 1477 2436 :qnoniam
1499 2411 1555 2429 non
1581 2411 1730 2437 possumus
1746 2405 1786 2431 soli

1003 2449 1030 2472 et
1044 2445 1104 2473 sine
1125 2453 1157 2472 eo
1179 2446 1221 2473 vel
1245 2447 1409 2474 manducare
1429 2448 1464 2474 de
1485 2456 1557 2483 pane
1575 2449 1634 2483 iilo,
1650 2451 1692 2476 vel
1709 2451 1787 2477 bibere

1003 2491 1037 2518 de
1049 2492 1222 2525 generatione
1246 2491 1319 2519 illius
1339 2493 1401 2520 vitis
1416 2501 1495 2521 verae.
1513 2493 1571 2522 Nec
1595 2496 1706 2523 mireris
1727 2503 1786 2531 qu0<

1004 2538 1076 2564 niam
1093 2537 1149 2572 ipse
1165 2541 1207 2564 est
1221 2542 1248 2564 et
1262 2538 1356 2572 panis,
1376 2543 1404 2565 et
1423 2539 1574 2567 manducat
1590 2542 1734 2569 nobiscum
1747 2550 1785 2576 pa-

1003 2592 1075 2615 nem,
1094 2584 1151 2619 ipse
1162 2589 1203 2612 est
1214 2589 1241 2611 et
1253 2590 1331 2619 potus
1346 2586 1532 2620 generationis
1546 2587 1583 2614 dc
1602 2589 1668 2621 vite,
1685 2595 1711 2615 et
1729 2589 1784 2615 bibit

1003 2630 1157 2658 nobiscum.
1179 2628 1358 2664 Omnipotens
1380 2635 1422 2657 est
1446 2631 1522 2658 enim
1548 2631 1673 2660 Verbum
1698 2634 1782 2668 Debet

1060 2688 1071 2704 ⁸
1084 2687 1163 2714 Rom.
1179 2695 1234 2720 xtv,
1248 2687 1291 2715 l7.
1329 2686 1430 2715 ‘Joan.
1441 2696 1476 2721 tv,
1490 2689 1536 2716 54.
1579 2691 1589 2705 τ
1605 2691 1673 2719 Luc.
1689 2693 1781 2722 stati.

1314 2723 1334 2738 “
1353 2731 1389 2755 vt,
1403 2724 1448 2750 52.
1505 2725 1527 2740 ¹¹
1546 2724 1647 2753 Matth.
1666 2728 1773 2758 uvt,:‘b'

198 2812 254 2845 (88)
269 2812 386 2847 Uterque
407 2823 457 2842 ms.
481 2815 566 2842 codex
585 2814 674 2848 habet,
691 2823 784 2842 currus
808 2815 854 2842 Dei
881 2814 1011 2846 Verbum;
1039 2814 1086 2843 sed
1101 2813 1243 2849 legendum
1263 2813 1368 2840 videtur
1388 2823 1395 2839 :
1413 2821 1510 2848 corpus
1525 2815 1579 2843 Dei
1603 2817 1691 2845 Verbi.
