1839 3053
14 114 86 146 175⁵1

1586 128 1656 157 Πῧδ

10 182 135 210 diversis
155 181 382 219 appellationibus
403 191 587 221 nuncupatur,
605 192 632 214 et
652 187 809 215 innumera-
826 191 848 219 Α
862 185 926 215 dum
952 186 1120 224 Seripturam
1148 195 1198 224 pro
1224 188 1304 216 nobis
1332 187 1460 216 omnibus
1486 187 1566 216 Pater
1587 189 1658 217 Filio

13 229 80 256 bilis
107 235 150 257 est
172 230 230 265 ipse
258 231 408 259 secundum
435 233 636 261 multitudinem
665 234 810 267 virtutum,

11 282 78 319 eum
93 277 131 303 sit
146 277 236 305 omnis
247 278 335 306 virtus
353 287 424 307 ttnus
446 285 474 307 et
499 280 566 315 ipse.
582 280 684 308 Deinde
698 281 812 308 docebat

10 323 169 358 discipulos
187 325 234 360 qui
256 325 431 354 festivitatem
451 327 656 355 eelebraverant
675 335 736 355 cum
756 328 811 354 Ma-

10 369 116 403 gistro,
131 373 157 397 et
169 376 332 406 acceperant
350 372 548 401 benedictionis
568 381 677 408 panem,
694 379 721 401 et
733 382 812 401 matt-

10 412 187 442 ducaverant
202 423 302 451 corpus
319 415 412 450 Verbi,
433 422 459 444 et
478 417 601 446 biberant
622 418 733 446 calicem
751 426 812 454 gra-

10 459 118 486 tiarum
136 461 269 495 actionis,
295 470 344 497 pro
362 462 405 490 his
420 463 549 492 omnibus
574 464 705 500 hymnum
723 465 812 492 dicere

8 503 100 536 Patri,
118 509 145 532 et
158 506 191 532 de
210 506 264 533 alto
282 507 397 535 transire
411 508 438 534 in
457 508 541 535 altum
556 518 562 535 :
579 509 642 544 quia
658 509 743 536 fidelis
758 517 811 536 non

7 554 104 583 potest
131 551 277 585 aliquando
301 552 403 587 aliquid
427 561 507 588 agere
530 555 558 581 in
584 555 722 588 convalle;
748 563 811 590 pro-

7 600 108 629 pterea
127 597 307 625 ascenderunt
322 599 348 625 in
367 604 486 627 montem
500 599 608 634 Oliveti,
627 601 654 628 iu
669 609 723 636 quo
742 610 811 629 uua-

7 649 133 677 quieque
156 643 227 670 oliva
245 644 325 679 qttasi
347 645 430 673 arbor
455 645 557 674 faciens
582 646 700 674 frttctum
721 648 811 675 dicere

7 691 105 721 potest
124 697 130 715 :
150 688 205 724 Ego
221 695 309 717 autem
326 691 396 718 sicut
420 691 489 719 oliva
512 692 655 728 fructifera
680 694 707 720 in
733 695 810 721 domo

7 732 60 759 Dei
73 733 109 760 ".
130 733 158 761 Et
179 735 224 769 qui
238 737 358 763 nondum
376 742 439 765 sttnt
455 737 519 765 iacti
536 741 615 774 qttasi
631 741 700 768 oliva
716 741 812 768 fructi-

7 779 65 806 fera
81 780 170 815 900
185 781 212 807 in
235 781 317 809 domo
344 782 400 816 Dei,
424 785 471 811 sed
489 790 553 812 sunt
567 785 657 814 adhuc
672 788 749 821 quasi
764 797 811 814 no-

7 826 78 853 rella
98 828 231 855 olivarum
255 831 282 856 in
302 831 416 858 circuitu
441 840 539 860 meum
562 833 584 848 ”
604 834 735 868 spiritalis
759 834 811 862 Pa-

865 235 945 262 unico
966 242 1018 261 non
1043 235 1173 270 pepercit,
1190 235 1237 262 sed
1260 234 1372 261 tradidit
1387 241 1448 261 eum
1467 241 1517 269 pro
1539 235 1618 262 nobis
1635 236 1659 252 "

864 279 890 304 in
916 279 1082 313 passionem,
1101 283 1131 306 ut
1155 279 1188 306 ad
1215 279 1351 306 modicum
1379 278 1571 314 disperguntur
1592 288 1657 308 oves

863 326 952 360 gregis
968 325 1126 352 scandalum
1143 325 1226 360 passi,
1243 329 1304 359 post
1319 326 1370 352 ltoc
1384 330 1475 353 autem
1489 333 1658 360 congregetu—

863 374 908 396 tur
920 377 934 396 a
952 375 1110 405 resurgente
1123 370 1242 403 Christo,
1259 376 1286 398 et
1301 371 1469 405 prmcedente
1483 379 1530 398 cos
1543 372 1570 398 in
1585 371 1659 399 Gali-

863 416 951 448 lzeam,
970 417 1016 452 qui
1034 425 1063 444 se
1084 417 1160 452 sequi
1176 417 1312 444 voluerint
1331 416 1358 444 in
1381 416 1533 450 Galilaeam,
1549 423 1577 444 ut
1593 425 1658 453 gen-

864 462 930 489 tium
947 463 1062 497 populus
1080 463 1125 497 qui
1141 464 1252 491 sedebat
1266 463 1293 490 in
1310 463 1439 495 tenebris,
1461 463 1550 490 videat
1566 464 1658 491 lumen

864 517 1004 544 magnum,
1020 515 1047 536 et
1063 510 1110 544 qui
1136 510 1163 537 in
1189 510 1299 545 regione
1321 515 1349 538 et
1366 509 1463 536 umbra
1483 510 1591 542 mortis,
1613 511 1656 538 lux

862 555 902 582 eis
918 555 1023 582 oriatur
1038 556 1071 583 ".

898 600 942 628 88.
959 600 1123 636 Respondens
1145 607 1235 628 autent
1251 600 1346 629 Petrus
1370 602 1439 629 dixit
1456 602 1480 629 ei
1497 610 1506 629 .'
1524 601 1553 629 Si
1568 610 1657 630 onum

862 645 1040 672 scandalizati
1065 646 1179 680 fuerint,
1204 655 1250 682 ego
1281 655 1415 683 nunquam
1441 647 1656 676 scandalizabor.

862 690 937 717 Dixit
952 692 976 717 ei
992 691 1070 718 Iesus
1086 700 1095 718 :
1109 693 1190 720 Amen
1206 692 1265 720 dico
1288 693 1346 727 tibi,
1360 693 1486 728 quoniam
1499 695 1524 720 in
1539 695 1590 721 ista
1608 703 1656 721 no-

862 742 910 768 cte,
927 737 1083 772 priusquam
1106 739 1193 774 gallus
1219 744 1316 773 cantet,
1336 744 1375 766 ter
1393 748 1433 767 nte
1450 740 1565 775 negabis.
1580 740 1656 768 Dixit

861 784 885 810 ei
903 783 999 811 Petrus
1015 793 1024 811 .'
1044 784 1103 811 Etsi
1128 787 1274 820 oportuerit
1297 795 1337 813 me
1353 791 1437 814 tecum
1459 787 1538 819 mori,
1561 795 1614 813 non
1632 793 1657 814 te

862 831 971 864 negabo.
999 830 1130 858 Similiter
1151 837 1176 859 et
1206 841 1293 859 omnes
1318 833 1444 867 discipuli
1472 833 1595 860 dixerunt
1621 834 1653 861 “.

7 872 57 899 tris
73 873 134 906 sui,
151 881 263 908 passum
275 883 336 904 esse
354 876 381 903 in
397 881 489 904 monte
501 877 610 911 Oliveti,
632 879 665 906 de
679 887 734 914 quo
749 887 810 914 pro-
828 873 848 900 Β
863 875 933 903 Dicit
948 877 1095 911 Apostolus
1110 877 1136 904 in
1155 878 1274 913 Epistula
1292 878 1325 905 ad
1345 878 1482 906 Romanos
1495 879 1517 894 ’⁷
1537 889 1543 906 :
1560 878 1590 906 Si
1607 888 1657 906 au-

7 918 107 952 phetat
123 925 149 946 et
165 920 322 948 Zacharias.
335 921 367 949 Et
384 929 465 957 quain
481 927 542 958 apte
561 931 640 952 mons
656 925 810 952 miscricor-

7 964 59 991 diaa
76 969 126 992 est
146 966 264 1000 electus,
281 968 326 994 tibi
345 969 572 1002 pronuntiaturus
589 969 677 997 fuerat
694 971 809 998 seanda-

7 1010 63 1037 lum
91 1011 265 1040 infirmitatis
287 1013 483 1048 discipulorum
510 1023 622 1043 suorum
640 1025 647 1044 :
665 1017 730 1051 quia
755 1025 808 1045 non

7 1058 127 1091 aptabat
145 1062 173 1085 ut
192 1058 276 1093 licrct,
296 1060 343 1087 sed
360 1061 555 1094 pronuntiabat
570 1063 642 1097 quod
659 1067 718 1090 erat
733 1062 806 1090 futu—

8 1112 80 1137 ‘um,
97 1104 158 1138 jam
181 1109 245 1133 tunc
264 1111 432 1141 praeparatus
446 1116 500 1135 non
521 1113 551 1136 ut
570 1109 711 1144 repelleret
727 1110 809 1138 disci-

7 1150 88 1178 Dulos
106 1150 314 1184 descendentes,
336 1153 384 1180 scd
404 1158 434 1181 ut
458 1154 591 1189 reciperet
608 1160 807 1183 convertentes.

39 1195 89 1224 87.
112 1195 186 1223 Tunc
201 1198 265 1225 dicit
283 1199 321 1226 eis
337 1198 416 1227 Iesus
436 1209 446 1228 :
462 1200 557 1228 Omnes
580 1209 624 1228 vos
650 1202 807 1229 scandalum

7 1242 153 1269 watiemini
169 1243 194 1269 in
210 1252 249 1271 me
265 1244 314 1271 Iluc
330 1250 413 1273 nocte.
429 1245 564 1281 Scriptum
576 1254 615 1274 est
631 1248 721 1276 enim:
741 1247 808 1275 Pcr-

7 1288 113 1315 ‘ntiam
131 1294 274 1322 pastorem,
293 1296 316 1317 et
331 1292 514 1327 disprrgentur
536 1301 594 1321 oves
618 1295 714 1329 gregis.
741 1294 808 1321 Cum

7 1339 98 1360 autem
127 1342 282 1368 surrexere,
308 1337 456 1370 prwcedam
484 1346 528 1365 eos
556 1339 582 1365 in
611 1337 752 1366 Galilwam
774 1339 806 1366 ".

7 1380 56 1412 Qui
74 1380 313 1415 scandalizentur,
330 1390 384 1410 non
405 1383 432 1410 in
448 1383 492 1411 die
510 1384 740 1418 scandalizantur,
759 1385 807 1413 sed

13 1434 30 1451 ιι
52 1430 152 1458 nocte,
165 1431 191 1453 et
206 1426 232 1453 in
247 1432 326 1455 nocte
348 1428 393 1456 illa
413 1429 439 1456 in
457 1438 511 1465 qua
530 1430 653 1465 proditur
669 1431 805 1460 Christus.

7 1471 50 1498 Sic
68 1471 149 1498 enim
169 1476 196 1499 et
211 1471 308 1501 Petrus
326 1473 480 1510 denegans,
502 1484 555 1503 non
574 1476 600 1503 in
621 1477 664 1504 die
680 1477 805 1513 denegat,

7 1518 48 1544 .ed
73 1518 104 1544 in
127 1523 216 1552 nocte,
232 1523 259 1546 et
275 1519 302 1546 in
319 1524 400 1548 nocte
422 1521 465 1548 cui
488 1522 609 1549 nondum
635 1522 803 1558 propinqua-

7 1569 82 1591 -erat
114 1564 172 1596 lux,
190 1569 253 1592 ante
269 1571 380 1593 catttum
406 1567 480 1594 enim
507 1568 570 1603 galli
592 1573 682 1603 negat.
702 1568 805 1604 Siquis

7 1617 97 1639 ιιιιειιι
117 1617 222 1647 quaerat
236 1615 373 1648 quomodo
388 1619 450 1650 post
467 1621 540 1643 tanta
552 1621 579 1644 et
594 1617 657 1644 talia
673 1617 761 1652 signa,
780 1622 806 1646 et

7 1658 145 1694 trodigia,
159 1663 186 1686 et
197 1667 339 1688 sermones
351 1668 405 1688 non
421 1669 453 1689 ex
470 1661 594 1690 inferiori
610 1663 709 1690 virtute
722 1671 805 1698 quam

7 1713 29 1731 εκ
48 1713 109 1739 qua
123 1704 193 1732 facta
211 1705 319 1734 fuerant
336 1707 413 1743 signa
426 1713 453 1735 et
462 1709 595 1743 prodigia,
611 1709 709 1742 dictos,
723 1718 805 1737 scan-

7 1752 166 1779 lalizantur
177 1752 302 1788 discipuli
319 1762 326 1780 :
344 1754 414 1782 sciat
436 1755 500 1789 quia
522 1756 579 1782 vult
600 1757 743 1784 ostendere
759 1765 806 1792 per

7 1808 59 1827 nec
74 1804 183 1831 sermo,
196 1800 325 1834 quoniam
342 1801 413 1828 sicut
424 1809 498 1828 nemo
513 1807 598 1836 potest
612 1802 697 1829 dicere
712 1803 805 1830 Domi-

7 1854 63 1872 tum
79 1844 194 1879 Iesum,
211 1846 262 1873 nisi
285 1847 311 1873 in
330 1846 433 1882 Spiritu
450 1853 540 1875 sancto
557 1848 588 1880 ¹⁹,
604 1848 644 1876 sic
661 1856 741 1876 nemo
756 1857 806 1885 po-

7 1897 50 1919 est
72 1891 138 1919 sine
155 1892 285 1920 seandalo
299 1900 360 1920 esse
377 1893 437 1921 sine
454 1893 557 1928 Spiritu
571 1899 677 1922 sancto.
689 1895 804 1928 Quando

13 1942 97 1965 utem
119 1936 283 1972 implebatur
304 1938 377 1973 quod
399 1939 505 1966 dixerat
525 1938 629 1967 Jcsus:
651 1940 746 1969 Omnes
761 1950 804 1969 vos

7 1983 168 2012 cauda/um
185 1985 324 2018 patiemini
338 1985 364 2012 in
381 1993 421 2012 me
433 1985 483 2012 hac
493 1990 579 2020 nocte,
592 1987 707 2014 nondum
725 1988 804 2016 datus

8 2037 56 2059 rat
76 2030 202 2065 Spiritus
215 2035 323 2058 sanctus
340 2031 443 2065 adhuc,
456 2033 580 2068 quoniam
595 2033 673 2061 Jesus
688 2035 804 2062 nondum

7 2081 92 2105 uerat
118 2076 308 2110 honoriﬁcatus
322 2077 356 2103 ".
376 2076 432 2105 Nos
454 2082 545 2105 autem
568 2083 712 2115 postquam
738 2086 804 2108 con-

7 2123 65 2152 Essi
85 2121 226 2150 fuerimus
244 2122 390 2150 Dominutn
415 2122 508 2151 Jesum
531 2124 557 2152 in
578 2125 679 2160 Spiritu
698 2131 802 2161 sancto,

11 2169 140 2197 ueniant
155 2168 200 2203 qui
216 2168 319 2204 Spiritu
333 2168 381 2196 Dei
397 2174 521 2204 aguntur,
533 2171 560 2197 Ili
571 2171 622 2205 ﬁlii
637 2171 684 2198 Dei
700 2174 802 2207 sunt",

864 926 914 948 tein
939 921 1007 948 Deus
1024 930 1113 956 verax,
1136 923 1221 950 omnis
1243 928 1332 950 mrtem
1356 923 1432 950 homo
1449 924 1572 955 mendax,
1589 925 1656 951 sicut

862 967 989 1001 scriptum
1015 972 1079 1000 est;
1106 976 1159 995 nou
1186 969 1348 1004 praecipiens
1376 977 1485 996 omnem
1518 970 1656 997 hominem

862 1013 918 1040 fieri
937 1013 1105 1046 mendacem,
1129 1015 1176 1042 sed
1197 1015 1379 1050 pronuntians
1404 1023 1465 1043 esse
1485 1016 1655 1050 mendacem,

860 1059 967 1093 psalmo
984 1060 1091 1088 dicente
1102 1060 1124 1076 ³⁸
1138 1069 1145 1087 :
1162 1060 1217 1096 Ego
1233 1060 1290 1088 diri
1303 1061 1328 1088 in
1343 1069 1449 1088 excessu
1463 1062 1556 1088 utentis
1573 1070 1655 1089 nican-

863 1105 956 1133 Omnis
974 1105 1051 1132 homo
1074 1105 1198 1133 mendax.
1216 1105 1266 1134 llic
1288 1110 1379 1133 autem
1402 1105 1515 1139 Petrus,
1541 1107 1656 1134 audiens

861 1148 1029 1178 Saltatorcm
1045 1150 1179 1178 dicentem
1195 1159 1202 1177 :
1222 1150 1318 1178 Omnes
1334 1159 1378 1178 vos
1398 1151 1554 1178 scandalum
1570 1152 1655 1186 patie-

860 1197 926 1223 mini
939 1197 966 1223 in
983 1203 1022 1223 me
1037 1197 1087 1223 hac
1102 1201 1186 1230 nocte,
1204 1196 1349 1224 Dominum
1365 1201 1489 1224 nostrum
1510 1196 1652 1231 proﬁteba-

859 1248 904 1271 tur
917 1243 1006 1271 facere
1021 1244 1178 1271 mendaeem
1196 1251 1243 1278 per
1259 1251 1291 1271 ea
1308 1251 1369 1278 qua:
1383 1243 1435 1270 sibi
1457 1243 1597 1270 confidens
1610 1243 1654 1271 di-

859 1289 937 1316 cebat
954 1297 960 1315 :
978 1288 1008 1316 Si
1021 1297 1110 1316 omnes
1127 1289 1304 1316 scandulizati
1323 1289 1434 1322 fuerint,
1447 1297 1493 1324 ego
1508 1297 1559 1315 non
1577 1298 1653 1316 scan-

859 1333 1015 1367 dalizabor,
1042 1342 1097 1361 non
1120 1334 1297 1362 considerans
1320 1335 1451 1370 quoniam
1480 1335 1528 1370 qui
1553 1335 1622 1362 dixit
1645 1345 1652 1361 τ

860 1378 916 1414 Ego
939 1387 997 1406 sum
1020 1380 1117 1406 raritas
1142 1380 1175 1413 ",
1192 1380 1300 1407 mentiri
1319 1388 1372 1407 non
1396 1385 1511 1415 poterat.
1539 1379 1653 1415 Propter

859 1426 922 1457 hoc.
939 1427 1019 1456 sicuti
1032 1427 1170 1461 existimo,
1185 1435 1281 1455 omnes
1296 1428 1405 1462 quidem
1425 1428 1553 1463 discipuli
1571 1435 1652 1455 scatt-

858 1472 966 1501 dalizati
985 1477 1049 1500 sunt
1072 1476 1178 1500 tantum
1200 1473 1227 1500 in
1249 1473 1362 1507 Jesum;
1378 1473 1474 1501 Petrus
1488 1478 1590 1506 autem,
1605 1473 1652 1508 qui

858 1518 1025 1545 existimavit
1043 1519 1201 1546 mendacem
1222 1527 1302 1554 posse
1325 1519 1415 1547 facere
1430 1520 1582 1552 veritatem,
1598 1528 1652 1546 non

858 1569 962 1591 tantum
980 1565 1181 1593 scandalizatus
1194 1570 1247 1598 est,
1260 1565 1307 1593 sed
1321 1566 1404 1593 etiam
1423 1560 1569 1594 derelictus
1588 1574 1652 1601 pro—

857 1615 918 1646 pter
932 1611 1063 1639 audacem
1085 1619 1163 1639 suam
1189 1612 1421 1647 promissionem,
1443 1613 1521 1647 juxta
1537 1613 1654 1640 scanda-

858 1657 913 1685 lum
927 1658 1009 1686 etiom
1023 1658 1175 1694 denegavit.
1192 1658 1224 1686 Et
1240 1659 1370 1694 quoniam
1384 1666 1439 1686 non
1453 1660 1541 1687 solttm
1556 1660 1654 1686 incon—

858 1704 985 1738 siderate,
1004 1705 1051 1733 sed
1067 1712 1136 1740 pene
1153 1705 1235 1732 etiam
1254 1705 1337 1740 impie
1356 1704 1448 1732 dixit:
1465 1704 1500 1731 Et
1519 1705 1542 1732 si
1564 1713 1653 1732 omne:

857 1750 1039 1778 scandalizati
1063 1751 1162 1786 fuerint
1186 1752 1214 1778 in
1238 1756 1272 1784 te,
1297 1759 1343 1786 ego
1358 1759 1410 1778 non
1433 1751 1652 1783 scandalizabar.

858 1804 908 1824 nec
920 1797 1046 1832 cogitans
1059 1797 1192 1825 lubricam
1207 1802 1333 1824 naturam
1349 1797 1508 1829 humanam,
1520 1804 1651 1831 magnotu

857 1843 970 1879 protulit
990 1843 1114 1876 verbum,
1134 1843 1195 1870 ideo
1211 1850 1261 1870 nec
1280 1843 1315 1870 ad
1331 1842 1469 1870 modicum
1487 1848 1530 1870 est
1551 1843 1652 1870 dereli-

856 1894 928 1922 ctus,
946 1893 976 1916 ut
991 1889 1095 1917 scilicet
1105 1889 1262 1924 denegaret,
1278 1889 1318 1916 vel
1330 1889 1413 1917 semel
1431 1889 1588 1924 denegaret,
1604 1890 1651 1916 sed

856 1936 1041 1963 abundantius
1067 1936 1284 1970 derelinquitur,
1308 1940 1339 1962 ut
1365 1940 1408 1963 ter
1431 1936 1577 1970 denegaret
1598 1941 1652 1963 :ut.

856 1987 988 2018 arguatur
1009 1983 1123 2010 audacia
1145 1982 1335 2017 promissionis
1354 1982 1414 2016 ejus
1435 1990 1483 2017 per
1501 1990 1584 2009 unam
1600 1990 1651 2009 an—

855 2029 957 2063 cillam,
973 2034 999 2057 et
1013 2030 1066 2056 hoc
1077 2029 1188 2056 verbum
1204 2028 1416 2063 interrogantem
1431 2033 1458 2055 et
1469 2029 1647 2056 dicentem":

856 2076 892 2103 Et
907 2081 935 2103 tu
951 2084 1009 2103 eum
1026 2075 1090 2102 Jesu
1113 2075 1226 2102 Galilwo
1243 2084 1312 2102 eras.
1336 2074 1371 2102 Et
1397 2075 1535 2110 denegavit
1560 2083 1650 2102 coram

856 2123 977 2150 omnibus
990 2123 1079 2149 diceris
1092 2131 1101 2150 :
1117 2121 1212 2149 Nescio
1225 2122 1289 2157 quid
1311 2122 1391 2149 dicis.
1409 2121 1443 2148 Et
1458 2123 1554 2149 iterum
1573 2122 1651 2148 dene-

856 2170 938 2204 gavit,
954 2177 1007 2196 non
1023 2168 1194 2203 simpliciter,
1214 2168 1261 2196 sed
1277 2176 1336 2195 cum
1347 2168 1512 2203 juramento.
1527 2167 1560 2195 Et
1571 2168 1650 2196 tertia

7 2218 13 2244 i
36 2220 112 2251 post
133 2213 266 2249 Spiritum
290 2220 415 2244 sanctum
440 2217 598 2244 scandalum
623 2219 696 2252 passi
721 2218 804 2246 fueri-
822 2224 842 2251 ο
857 2216 914 2243 vice
933 2223 985 2242 non
1006 2215 1095 2243 solutn
1120 2222 1182 2242 cum
1197 2215 1366 2249 juramento,
1383 2215 1429 2242 sed
1453 2223 1515 2242 eum
1536 2215 1652 2242 advoca-

9 2270 63 2290 tus
81 2264 137 2288 aut
148 2261 385 2296 denegaverimus,
402 2270 456 2290 non
475 2262 608 2291 habemus
618 2265 804 2293 excusationis

7 2316 111 2339 )cum,
131 2307 211 2342 quasi
227 2308 404 2335 scandalizati
429 2308 488 2335 sine
502 2308 612 2344 .Spiritu
636 2315 741 2341 sancto.
758 2315 805 2338 aut

8 2357 176 2389 cncgantcs
204 2354 264 2381 sine
291 2353 394 2388 Spiritu
423 2359 525 2382 sancto.
558 2355 591 2382 Et
621 2356 659 2383 illi
693 2357 803 2391 quidem

7 2398 189 2429 randalizati
204 2403 269 2425 sunt
284 2399 364 2433 quasi
379 2399 470 2426 adhuc
481 2400 661 2428 consistentes
674 2401 701 2428 in
713 2406 803 2433 nocte,

8 2445 82 2472 obis
99 2447 193 2470 autem
203 2442 262 2476 jam
276 2451 328 2470 no.1:
346 2448 445 2470 remota
463 2448 512 2476 est,
527 2444 582 2471 dies
605 2449 693 2472 autent
706 2454 803 2481 appro-

7 2489 146 2526 inquauit
163 2490 197 2516 ".
214 2489 328 2523 l‘ropter
343 2489 415 2524 quod
431 2489 531 2517 dicitur
545 2499 551 2517 :
565 2490 640 2517 Sicut
655 2491 681 2517 in
699 2491 741 2518 die
755 2491 800 2518 lio-

7 2542 71 2565 rste
92 2534 261 2562 ambulemus
275 2535 308 2561 ³³.
326 2535 376 2568 Qui
393 2540 482 2562 autem
499 2536 612 2564 honeste
626 2537 758 2571 ambulat,
774 2538 801 2564 in

7 2588 58 2610 tce
85 2583 149 2611 est,
172 2587 226 2606 non
248 2579 364 2615 denegat
386 2579 542 2613 Christum,
564 2582 627 2616 quia
647 2590 700 2609 lIOn
716 2587 758 2610 est
774 2583 801 2610 in

7 2633 94 2657 ncte.
122 2625 217 2653 Adhuc
245 2630 336 2653 autem
361 2626 422 2654 ideo
445 2627 481 2653 illi
501 2627 677 2655 scandalizati
694 2633 757 2656 sunt
774 2629 802 2656 iu

7 2677 94 2706 octe,
110 2671 183 2698 sicut
201 2670 332 2698 Dominus
347 2670 405 2707 ipse
419 2676 543 2705 testatur,
557 2674 685 2707 quoniam
704 2682 803 2702 secun-

28 2759 58 2776 ι·
71 2755 152 2784 Psal.
169 2763 206 2788 LI,
227 2755 269 2782 10.
311 2755 332 2771 ¹⁷
349 2754 421 2783 Psal.
436 2763 536 2789 cxxvu,
554 2757 581 2784 3.

7 2803 80 2823 mn.
105 2799 155 2823 νη,
171 2791 215 2818 59.
255 2791 277 2806 ’⁵
290 2790 371 2818 Hom.
384 2800 444 2824 vttt,
458 2792 499 2818 ii.

29 2828 140 2857 .\latth.
171 2834 245 2862 xxvi,
271 2826 306 2853 35
327 2831 354 2854 et
373 2835 447 2862 seqq.

31 2867 127 2894 “om.
142 2870 181 2895 ιι,
195 2861 240 2889 ωο.

149 2910 287 2942 ΡΑτιιοι..
306 2909 365 2941 Gn.
381 2909 467 2941 Xlll.

552 2792 576 2808 "
590 2791 671 2821 Rom.
691 2802 751 2827 xui,
764 2795 809 2822 η.

621 2757 643 2773 ¹⁶
654 2757 749 2786 Matth.
769 2767 844 2794 xxvi,
869 2760 900 2787 5|
921 2765 948 2788 et
962 2767 1039 2822 seqq.
1080 2761 1101 2776 ”
1118 2759 1202 2788 lCor.
1219 2768 1268 2790 xu.
1285 2761 1312 2788 5.

621 2800 671 2821 tm.
691 2795 809 2822 “tu”.
864 2796 886 2812 ’³
902 2796 1008 2822 ibid..i
1032 2816 1039 2822 .
1079 2796 1102 2812 ”
1126 2795 1205 2822 Rom.
1236 2804 1294 2822 vnt.

855 2262 938 2294 tione,
952 2262 1014 2296 quia
1030 2261 1117 2288 nescia
1132 2261 1274 2287 hominem.
1291 2260 1342 2288 Per
1360 2261 1413 2288 hoc
1432 2265 1523 2288 autem
1537 2261 1651 2288 instrui-

854 2316 925 2340 mur,
945 2311 974 2334 ut
989 2315 1128 2342 nunquam
1151 2307 1210 2334 sine
1228 2306 1447 2335 consideratione
1463 2306 1565 2342 aliquid
1587 2314 1650 2341 pro-

855 2354 995 2381 mittamus
1020 2361 1103 2388 super
1126 2353 1315 2380 habitudinem
1340 2358 1462 2381 nostram
1488 2352 1649 2384 humanam,

854 2400 935 2435 quasi
958 2399 1005 2434 qui
1031 2399 1169 2427 valeamus
1190 2399 1293 2427 Christi
1314 2399 1427 2434 implere
1445 2398 1648 2426 confessione»):

857 2453 890 2473 ex
906 2445 996 2478 nobis,
1014 2449 1061 2472 aut
1081 2445 1182 2480 aliquid
1198 2450 1394 2481 praeceptorum
1412 2444 1469 2477 Dei,
1486 2444 1650 2471 admonente

857 2499 907 2519 nos
927 2492 1058 2526 Aposwlo
1079 2496 1106 2519 et
1120 2492 1227 2519 dicente
1245 2492 1266 2508 ³¹
1281 2502 1288 2519 :
1305 2491 1369 2518 Noti
1384 2492 1468 2518 altum
1489 2499 1591 2526 sapere,
1604 2491 1648 2517 scd

858 2537 928 2563 time.
946 2537 1081 2565 Debuerat
1099 2538 1182 2569 cuitu,
1195 2542 1339 2573 postquam
1356 2537 1470 2568 audivit,
1484 2538 1547 2572 quia
1560 2545 1649 2564 omnes

857 2590 900 2610 vos
909 2583 1066 2610 scandalum
1075 2584 1214 2619 patiemini
1223 2585 1250 2611 in
1259 2592 1298 2611 me
1307 2584 1355 2610 Itac
1364 2588 1448 2616 nocte,
1458 2587 1485 2610 et
1496 2583 1650 2617 postulasse

858 2628 1016 2661 Dominum,
1038 2634 1066 2657 et
1087 2630 1211 2658 dixisse:
1233 2629 1267 2657 Et
1293 2630 1315 2657 si
1343 2637 1438 2657 omnes
1471 2628 1648 2656 scandalizati

858 2674 957 2703 fuerint
972 2676 999 2702 in
1018 2680 1054 2711 te,
1074 2681 1134 2704 esto
1154 2677 1181 2704 in
1203 2685 1262 2710 me,
1278 2681 1309 2704 ut
1324 2684 1377 2704 non
1391 2683 1440 2710 ego
1453 2675 1623 2703 scandalizer
1638 2682 1645 2700 :

1351 2760 1373 2776 '°
1388 2759 1481 2786 Matth.
1501 2767 1575 2791 χχιιι,
1595 2759 1646 2791 5i:

864 2794 1039 2828 "ibid.,i5.
1079 2796 1102 2812 ”
1126 2795 1205 2823 Rom.
1236 2804 1294 2828 vnt,
1323 2796 1367 2823 3'2.
1421 2795 1443 2810 "
1471 2794 1523 2822 lsa.
1551 2803 1589 2828 Ix,
1620 2796 1643 2824 Ξ,

488 2828 509 2842 ¹⁷
535 2835 575 2862 ιιι,
599 2828 627 2856 ι.
667 2829 689 2846 ”
705 2837 767 2866 cw,
792 2831 836 2859 ii.
876 2830 989 2859 "Joan.
1019 2839 1072 2864 xtv,
1099 2831 1125 2858 6.
1178 2831 1200 2847 '°
1215 2831 1308 2858 Matth.
1323 2839 1398 2867 “Vt,
1416 2830 1462 2862 69.
1477 2830 1578 2863 70,71,
1602 2830 1645 2858 7ι.

1467 2911 1507 2942 55
