1839 3053
241 84 253 112 i
260 84 311 112 759

840 82 1002 111 ORIGENIS
1022 82 1055 109 ΙΝ
1077 80 1284 110 ΜᾹΤΤΙΙᾸΕΗΜ

1051 83 1055 109 l
1077 80 1284 110 MATTIMEUM
1743 86 1777 114 litt

240 148 266 170 et
281 142 352 170 dona
366 142 433 170 mihi
446 142 581 178 pratcipue
595 142 709 178 gratiam
725 142 806 174 hanc,
822 147 852 170 ut
865 143 891 169 in
911 147 1031 179 tempore
1045 145 1066 172 Α
1081 147 1105 170 ει
1124 150 1204 168 unum
1223 141 1313 168 Elite?
1327 141 1444 169 nesciens
1462 141 1523 176 quid
1538 142 1675 178 loqueretur,
1684 143 1778 172 sicutscn‘.

239 196 301 214 cum
324 195 420 215 omnes
437 187 563 223 discipuli
587 188 625 215 tui
649 187 750 215 fuerint
771 188 928 215 scandalum
943 188 1027 223 passi,

238 241 288 268 ego
301 233 327 261 in
342 234 546 269 denogalionem
563 242 617 260 non
637 233 731 261 cadam
747 241 795 261 ncc
807 234 841 261 ab
858 234 936 262 initio
951 242 1030 262 sean-

239 279 349 307 dalizer.
370 280 396 309 Si
414 288 476 307 eum
492 280 664 314 postulasset,
686 279 811 314 forsitan,
829 280 928 307 amotis
944 280 977 307 ab
995 288 1028 308 eo

239 325 345 353 ancillis
359 325 520 359 canet-isque
544 325 677 352 ministris
688 345 695 358 ,
719 332 772 352 non
789 325 958 360 denegasset.
974 324 1029 352 Nec

239 370 311 396 enim
327 374 432 403 poterat
448 370 504 396 fieri
521 374 566 402 ut,
584 369 654 396 facta
677 370 905 406 interrogatione.
923 371 1028 405 potuis-

239 418 279 440 set
294 413 383 440 dicere
401 412 546 440 Dominum
562 411 655 441 Iesum
681 413 708 440 in
734 412 835 451 Spiritu
857 418 962 446 sancto,
981 417 1028 441 aut

238 459 380 486 confessus
405 458 510 491 fuisset,
534 467 596 487 cuin
619 458 737 494 Spiritus
763 463 875 486 sanctus
905 459 1026 489 nondum

239 505 333 532 fuisset
347 505 437 532 datus.
454 505 564 538 Qutercs
579 511 680 533 autem.
693 505 715 533 si
733 505 863 540 possibile
879 509 937 533 erat
948 509 977 534 ut
994 512 1027 533 ne

236 552 468 580 scaudalizaretur
490 552 573 579 setnel
593 552 732 581 Salvatore
749 552 865 584 dicente,
881 553 944 587 quia
968 561 1027 579 orn-

235 606 280 625 nes
299 606 342 625 vos
359 598 516 626 scandalum
529 599 668 634 patiemini
682 600 708 625 in
727 607 777 627 me.
797 598 837 625 Ad
853 606 935 633 quam
949 607 1025 634 quaa-

235 645 350 673 stionem
373 645 470 681 aliquis
490 645 664 682 respondebit
682 645 812 681 quoniam
839 652 950 672 necesse
967 648 1026 671 erat

234 691 314 726 θοι
335 699 383 719 ore
402 691 546 720 verissimo
566 691 739 726 prtedicente,
764 691 829 726 quia
859 698 954 718 omnes
976 698 1025 718 vos

234 737 499 770 scandalizabimini,
514 737 572 765 lieri
585 737 658 773 quod
669 737 827 773 praedictum
836 741 894 763 erat
905 736 938 764 ab
948 735 1023 763 Jesu.

235 783 312 811 Alius
323 788 414 810 autem
436 783 526 811 dicet:
544 783 674 820 quoniam
690 782 736 817 qui
750 786 880 811 exoratus
895 790 910 808 a
921 781 1025 809 Ninivi-

236 830 281 862 tis,
295 837 355 865 qua:
377 829 539 864 prmdixerat
562 837 609 864 per
633 828 730 857 Jonam
746 836 800 855 non
827 828 890 855 fecit
914 832 1024 863 propter

235 875 422 909 pmnitentiam
437 874 632 908 Ninivitarum,
652 875 692 902 sic
710 874 839 909 possibile
861 873 912 901 fuit
932 878 962 901 ut
981 881 1024 901 re-

235 921 347 955 peilcret
363 919 444 947 etiam
458 928 472 946 a
489 919 570 947 Petro
585 919 743 948 scandalum
756 919 931 954 deprecante.
946 917 1025 945 Nunc

235 971 325 993 autem
356 965 501 1000 promissio
523 965 583 1000 ejus
617 965 706 994 audax
733 972 765 992 ex
795 964 891 992 clleetu
912 964 1023 999 quidem

235 1016 371 1046 prompto,
387 1019 440 1039 non
456 1017 545 1038 tamen
558 1011 696 1046 prudenti,
713 1010 784 1039 facta
796 1015 839 1037 est
851 1010 877 1038 ei
893 1018 976 1038 causa
995 1014 1024 1037 ut

234 1066 287 1085 non
300 1059 388 1086 solutn
404 1058 649 1090 scandalizaretur,
662 1065 756 1085 verum
781 1057 862 1084 etiam
888 1061 928 1084 tcr
942 1056 1025 1084 dene-

233 1108 316 1138 garet.
335 1102 446 1136 Quzercs
463 1103 564 1135 adhuc,
591 1102 614 1130 si
633 1107 777 1137 postquam
807 1102 913 1130 audivit
929 1101 1023 1129 Jesum

233 1150 367 1178 dicentem
385 1157 392 1176 :
410 1149 493 1176 Amen
506 1149 565 1176 dico
583 1149 640 1180 tibi,
656 1148 811 1183 priusquam
832 1147 920 1183 gallus
936 1152 1022 1175 cantet

233 1196 260 1222 in
274 1195 322 1222 huc
341 1200 424 1228 nocte,
436 1201 474 1223 ter
490 1203 531 1225 mc
542 1195 647 1230 negabis
666 1194 706 1227 ",
720 1202 774 1222 non
794 1193 943 1223 addidisset
961 1202 968 1221 :
993 1192 1023 1220 Si

234 1242 314 1276 [iter-it
329 1242 392 1268 mihi
407 1242 474 1270 mori
491 1246 586 1274 tecum,
600 1248 651 1267 non
669 1245 692 1267 te
706 1239 804 1275 negabo
819 1240 841 1255 "
853 1249 859 1273 ;
873 1239 920 1267 sed
931 1239 1024 1275 depre-

233 1293 310 1316 catus
327 1287 424 1317 fuisset
435 1291 466 1315 ut
480 1287 656 1322 repelleretur
668 1286 702 1313 ab
713 1294 745 1314 eo
759 1286 923 1320 praecognita
937 1286 1023 1321 ipsius

233 1334 386 1368 denegatio,
404 1333 427 1361 si
443 1332 513 1361 forte
528 1340 582 1361 non
595 1332 766 1370 denegasset.
786 1332 818 1358 Et
841 1332 940 1367 aliquis
962 1332 1024 1367 qui-

233 1381 293 1407 (lem
309 1379 376 1407 dicit
397 1379 526 1415 quoniam
549 1379 641 1406 locum
661 1379 770 1413 quidem
795 1378 911 1406 habebat
927 1378 1024 1413 depren

234 1427 304 1453 cutio
317 1425 390 1452 Petri
403 1446 411 1456 ,
427 1433 488 1452 cum
507 1425 623 1454 dixisset
641 1434 649 1452 :
673 1424 769 1451 Omnes
795 1432 839 1452 vos
866 1423 1023 1452 scandalum

233 1471 371 1506 patiemini
392 1472 418 1498 in
439 1479 479 1498 me
491 1471 525 1503 ",
541 1470 674 1500 auxilium
693 1470 815 1506 accipere
835 1473 865 1497 ut
884 1477 919 1496 ne
943 1476 1022 1497 scan-
1036 1486 1060 1517 Ο

234 1517 410 1546 dalizarctur.
429 1515 483 1544 Nec
496 1517 568 1543 enim
588 1524 649 1544 cum
667 1523 742 1545 amen
764 1515 899 1552 prolatum
923 1515 1020 1546 fuerat.

234 1561 336 1589 dictum
352 1565 394 1588 est
409 1569 415 1587 :
435 1562 531 1588 Omnes
545 1569 588 1589 vos
603 1559 761 1588 scandalum
777 1560 927 1597 patiemini.
943 1559 1023 1588 Post‘

234 1613 315 1640 quam
328 1611 417 1634 autem
432 1613 493 1633 cum
506 1605 685 1635 affirmatione
699 1605 848 1640 juramcnti
863 1605 1023 1641 pronuntia-

235 1653 283 1685 vit,
301 1660 354 1680 nou
374 1657 432 1680 erat
447 1652 575 1689 possibile
590 1655 620 1680 ut
637 1659 690 1679 non
707 1652 860 1686 denegaret.
892 1652 920 1678 Si
948 1652 1021 1679 enim

234 1697 415 1732 juramcntum
432 1702 491 1725 erat
506 1695 607 1723 Christi
626 1704 712 1729 amen,
728 1696 857 1724 mcntitus
870 1695 966 1723 fuisset
981 1697 1022 1724 di-

235 1751 322 1771 cens:
350 1742 431 1769 Amen
453 1742 511 1769 dico
537 1742 595 1773 tibi,
621 1742 645 1771 si
663 1749 755 1768 verum
779 1742 893 1771 dixisset
915 1741 1020 1774 Petrus,

237 1790 298 1823 quia
323 1797 375 1817 non
394 1794 417 1816 te
436 1787 544 1823 negabo.
571 1786 704 1814 Videntur
729 1792 819 1815 autern
843 1787 908 1814 Inibi
932 1788 1021 1815 caeteri

234 1835 358 1869 discipuli
376 1834 438 1862 Jesu
452 1842 512 1861 cum
527 1839 671 1869 prospectu
691 1838 717 1860 et
731 1834 862 1869 cogitatu,
877 1834 950 1868 quod
966 1834 1021 1868 pri-

235 1889 308 1908 mum
328 1880 437 1916 quidem
452 1879 541 1911 fuerat
555 1879 657 1907 dictum
675 1887 681 1906 :
697 1879 792 1906 Omnes
804 1888 847 1906 uos
865 1880 1021 1906 scandalum

233 1927 371 1960 patiemini
383 1926 431 1952 Imc
443 1930 527 1958 nocte,
547 1925 614 1952 nihil
632 1925 751 1957 dixisse,
770 1934 858 1960 neque
883 1925 1021 1962 profeSsos

234 1973 317 1999 fuisse
345 1972 422 2007 quasi
448 1980 501 1998 nou
524 1976 616 1998 essent
646 1971 869 1998 scandalizandi:
894 1971 1022 2001 videbant

233 2018 305 2044 enim
319 2025 441 2045 reracem
455 2025 515 2045 esse
534 2016 624 2044 Jesum
637 2017 695 2045 huic
707 2017 905 2052 praedicentem.
921 2017 960 2044 Ad
970 2019 1021 2046 hoc

234 2070 323 2090 autem
342 2063 414 2098 quod
429 2063 480 2090 soli
494 2063 596 2091 dictum
609 2068 651 2089 est
670 2061 750 2091 Petro
767 2072 773 2090 :
790 2063 871 2091 Amen
885 2063 945 2092 dico
961 2064 1020 2095 tibi,

233 2113 371 2142 antequam
387 2108 473 2144 gallus
491 2113 594 2140 cantet,
611 2113 649 2137 ter
673 2117 712 2134 me
735 2108 861 2143 negabis;
887 2109 1019 2144 promise-

1082 191 1161 221 ptura
1185 186 1206 202 "
1228 190 1343 215 testatur
1360 186 1393 213 de
1409 194 1453 218 co.
1472 186 1511 214 sic
1533 191 1558 214 ct
1580 187 1618 214 hie
1639 188 1731 215 nesciens
1746 192 1778 224 quid

1081 231 1248 266 loqueretur,
1266 231 1351 258 dixit:
1373 230 1403 258 Si
1424 232 1506 265 fuerit
1533 233 1594 258 mori
1614 233 1668 259 mihi
1682 238 1779 265 terra,“

1081 282 1105 304 te
1119 277 1227 312 negabo.
1243 276 1311 304 Cum
1326 276 1388 303 Jesu
1404 277 1478 305 enim
1496 277 1561 304 mori
1579 285 1622 312 pro
1637 279 1699 306 nobis
1708 280 1780 307 omniin

1081 324 1212 351 moriente
1223 327 1253 350 ut
1271 330 1320 350 nos
1340 323 1475 355 vivamus,
1492 323 1622 351 hominum
1638 332 1680 351 non
1693 331 1779 360 eratque

1080 370 1152 397 niam
1172 377 1269 397 onmes
1281 369 1389 399 fuerant
1400 369 1428 396 in
1444 369 1572 405 peccatis.
1583 374 1607 398 et
1619 378 1697 398 omnes
1705 372 1780 405 opuslu-

1079 416 1179 443 bebant
1204 421 1233 445 ut
1260 423 1309 450 pro
1323 415 1363 443 eis
1387 415 1459 444 alius
1482 420 1634 449 moreretur,
1651 423 1693 444 nou
1714 417 1780 452 ἱμείρω

1078 462 1150 490 aliis.

1114 508 1156 535 89.
1179 507 1250 535 Tunc
1274 507 1341 535 venit
1360 506 1437 534 Iesus
1452 515 1513 534 cum
1534 507 1586 535 illis
1600 507 1624 535 in
1636 508 1732 542 praedium
1745 511 1781 543 qut

1077 553 1177 581 dicitur
1191 552 1357 581 Cet/tsemani
1371 552 1403 581 ³³.
1433 551 1535 580 Scienti
1563 552 1721 581 llebraiconun
1735 555 1782 581 noui.

1078 606 1143 625 num
1161 597 1426 632 interpretationem.
1447 597 1532 625 etiam
1554 604 1644 624 nomen
1660 597 1781 632 ltujuspmtii

1077 645 1150 679 quod
1166 649 1265 672 vocant
1282 643 1459 672 Gethscmaui
1486 643 1594 678 prodest
1611 643 1640 671 ad
1655 644 1781 672 manifestam»

1077 699 1138 718 neut
1153 691 1204 718 loci
1220 691 1313 722 istius.
1330 690 1461 725 quoniam
1482 697 1537 716 non
1562 689 1617 718 sine
1636 697 1701 717 causa
1713 691 1780 726 positus

1076 741 1118 766 est
1133 737 1203 771 apud
1218 737 1373 765 Matth-arum
1383 741 1409 763 et
1422 735 1545 763 Marcum
1556 736 1630 764 etiam
1641 736 1712 771 ιιι-Μἰί
1720 743 1781 764 nomen.

1077 781 1132 809 Nos
1150 786 1253 815 autem,
1270 781 1510 817 praetermittentes
1523 780 1600 813 illud,
1615 781 1659 809 hoc
1670 781 1733 809 solum
1750 788 1781 814 ng-

1076 828 1196 863 gerimus
1220 827 1357 862 quomodo
1384 826 1464 854 Jesus
1491 834 1553 855 cum
1569 827 1691 861 discipulis
1704 826 1751 853 venit
1766 827 1781 853 al

1076 874 1207 908 prtedium
1222 874 1274 901 hoc
1291 873 1362 908 quod
1386 879 1503 902 vocatur
1516 873 1689 905 Gethsemani,
1704 874 1782 907 arripui

1074 926 1122 946 eos
1137 926 1170 945 ex
1187 919 1246 946 loco
1259 919 1314 951 illo,
1328 919 1354 945 in
1371 927 1425 953 quo
1437 920 1540 954 pascha
1551 927 1608 948 cum
1621 919 1655 948 eis
1666 918 1777 946 manducavit

1075 963 1128 990 Nec
1146 964 1217 990 enim
1236 963 1415 990 conveniebat
1428 972 1491 990 cum
1508 965 1666 999 proderetur,
1679 964 1704 990 ah
1714 964 1743 990 illo
1751 970 1781 995 np

1075 1009 1136 1039 loco
1150 1009 1194 1035 ubi
1211 1017 1272 1036 cmn
1287 1009 1429 1044 discipulis
1445 1011 1649 1038 manducaverat
1663 1007 1782 1044 pasclufuu

1074 1056 1201 1083 veniebat
1220 1062 1309 1084 autem
1323 1060 1349 1084 et.
1364 1056 1526 1092 priusquam
1543 1056 1782 1091 prodereturmnrcei

1075 1103 1172 1129 orandi
1192 1102 1290 1137 eligere
1303 1102 1394 1129 locum
1409 1102 1544 1130 mundum
1562 1102 1593 1129 ad
1608 1098 1781 1127 oratiouem.Scit~

1073 1148 1120 1175 bat
1139 1148 1210 1176 enim
1227 1150 1354 1183 quoniam
1380 1148 1452 1176 sicut
1473 1148 1566 1176 differt
1584 1156 1627 1174 aer
1641 1148 1670 1174 ab
1684 1153 1729 1174 aere
1741 1153 1782 1172 ltllllr

1073 1195 1160 1227 diore,
1177 1194 1217 1221 sic
1232 1198 1303 1221 terra
1325 1194 1412 1221 sancti
1428 1194 1480 1222 loci
1499 1199 1527 1221 et
1542 1193 1681 1224 sanctioris,
1692 1192 1741 1218 sicut
1749 1191 1782 1217 sm-

1072 1244 1149 1275 ptum
1164 1244 1206 1267 est
1218 1240 1238 1255 ³⁷
1253 1249 1259 1266 ;
1278 1239 1362 1266 Locus
1387 1240 1414 1266 in
1425 1247 1475 1275 quo
1496 1245 1524 1266 tu
1539 1245 1605 1271 stas,
1622 1245 1681 1266 terra
1693 1243 1782 1265 mittant.

1073 1281 1107 1313 Et
1120 1293 1225 1321 quaeras
1239 1286 1261 1313 sl
1277 1290 1374 1320 praeter
1388 1285 1516 1312 allectum
1529 1285 1637 1317 orantis,
1651 1285 1714 1312 etiam
1728 1283 1783 1309 erlou

1073 1333 1204 1360 orationis
1228 1332 1254 1358 in
1280 1339 1334 1366 quo
1356 1331 1419 1366 quis
1439 1336 1510 1364 orat,
1528 1331 1556 1358 fit
1580 1333 1660 1360 oratio
1674 1329 1783 1358 muniiord

1073 1377 1277 1413 acceptabilior,
1292 1378 1442 1404 secundum
1458 1377 1534 1411 quod
1547 1377 1665 1411 scriptum
1677 1380 1708 1402 est
1719 1374 1734 1389 ²¹
1745 1373 1783 1399 :Dr

1074 1431 1132 1451 mus
1156 1431 1224 1455 mea,
1253 1423 1346 1449 domus
1376 1423 1508 1448 orationis
1538 1421 1670 1449 vocabitur.
1690 1419 1718 1446 De
1729 1422 1785 1453 quia

1074 1469 1138 1496 alibi
1157 1469 1178 1485 ³⁸
1192 1469 1293 1496 dicitur
1310 1476 1318 1494 :
1343 1467 1377 1494 Et
1389 1468 1526 1495 exaudiuit
1541 1468 1572 1494 dc
1590 1466 1674 1503 templo
1685 1470 1748 1491 sancto
1763 1470 1784 1487 av

1074 1524 1161 1542 vocem
1187 1523 1280 1542 meam.
1307 1514 1339 1542 Et
1357 1515 1400 1541 Vll‘
1417 1514 1530 1549 quidem
1543 1513 1663 1541 Iudaicus
1681 1519 1718 1538 nec
1727 1509 1785 1537 άυιιω

1073 1561 1107 1588 de
1124 1560 1279 1596 huiusmodi
1293 1568 1300 1586 ι
1314 1561 1360 1594 qui
1377 1565 1467 1586 autem
1482 1565 1590 1596 propter
1601 1557 1689 1586 Christi
1696 1554 1784 1583 doctrinm

1074 1606 1188 1632 receSsit
1202 1613 1216 1632 a
1230 1605 1351 1633 Judaicis
1362 1605 1462 1633 fabulis
1477 1610 1506 1632 et
1521 1605 1556 1632 ab
1570 1603 1684 1631 omnibus
1701 1609 1743 1636 qua
1757 1607 1786 1626 cur

1074 1653 1205 1688 pcraliter
1216 1652 1249 1679 ab
1262 1652 1303 1679 eis
1318 1651 1522 1686 intelliguntur,
1536 1651 1601 1678 dicit
1617 1658 1663 1678 non
1680 1653 1755 1683 proptr!
1767 1645 1786 1669 lt-

1074 1706 1135 1725 cunt
1149 1698 1206 1724 fieri
1219 1697 1371 1724 orationem
1385 1697 1536 1725 distantem
1549 1697 1583 1724 ab
1595 1695 1709 1726 oraticne.
1719 1695 1786 1725 δίκην

1074 1744 1171 1771 melius
1186 1747 1228 1771 est
1239 1751 1300 1770 cum
1318 1743 1393 1770 nullo
1408 1750 1488 1769 orare
1503 1750 1586 1777 quant
1603 1749 1658 1768 eum
1671 1740 1729 1767 malis
1739 1745 1784 1763 οητνς

1073 1789 1114 1815 Ad
1125 1788 1385 1816 demonstrationem
1398 1793 1490 1815 autem
1509 1787 1659 1815 traditionis
1671 1785 1731 1813 istius
1741 1788 1786 1811 uti-iu

1073 1836 1210 1870 exetuplo,
1230 1835 1301 1869 quod
1321 1834 1400 1861 Iesus
1416 1835 1442 1860 in
1457 1835 1543 1861 domo
1559 1833 1623 1861 Jairi
1633 1831 1746 1861 sacerdotis
1758 1836 1786 1854 υίλ

1073 1886 1153 1908 turus
1168 1889 1217 1916 pro
1231 1886 1337 1908 mortua
1355 1881 1408 1908 lilia
1422 1881 1493 1915 ejus,
1511 1889 1606 1908 omnes
1629 1879 1697 1915 ejccit
1709 1877 1785 1906 famul

1075 1930 1132 1953 tres
1148 1931 1251 1953 tantum
1270 1925 1350 1962 elegit
1365 1934 1470 1958 secum,
1481 1926 1528 1960 qui
1541 1931 1568 1953 et
1581 1932 1656 1960 super
1667 1918 1785 1950 montetulét'ﬂ

1074 1972 1182 1999 fuerant
1201 1977 1283 2000 testes
1305 1972 1558 2007 transﬂgurationis
1573 1972 1662 2009 ipsius.
1679 1965 1785 2002 Proptrtit‘

1072 2019 1144 2046 cnitn
1162 2023 1188 2046 et
1202 2019 1228 2045 in
1240 2018 1370 2046 Ecclesiis
1383 2018 1486 2045 Christi
1502 2018 1666 2046 consuetudo
1679 2015 1741 2043 tenuit
1751 2012 1785 2037 uiis

1074 2070 1102 2091 ut
1121 2064 1168 2099 qui
1186 2064 1323 2091 manifesti
1340 2068 1403 2090 sunt
1419 2063 1446 2090 in
1460 2065 1570 2099 magnis
1583 2058 1785 2095 delictis,eiicbtii‘

1073 2110 1106 2136 ab
1119 2110 1241 2137 oratione
1258 2109 1408 2141 communi,
1426 2117 1459 2136 ne
1476 2111 1614 2137 modicum
1629 2109 1751 2136 fermentum
1761 2107 1784 2126 te"

233 2158 293 2179 runt
308 2152 435 2179 similiter
452 2156 479 2179 et
495 2151 576 2179 Pctro
592 2161 599 2179 :
616 2151 648 2178 Et
666 2153 689 2179 si
707 2151 879 2180 fuerituobis
897 2153 965 2180 mori
983 2158 1020 2180 tc-
1038 2155 1057 2182 ι)
1073 2162 1106 2182 ex
1124 2155 1206 2182 corde
1225 2154 1327 2181 tnuudo
1342 2154 1480 2181 orantium
1498 2159 1585 2181 totam
1606 2153 1702 2181 unitatis
1717 2153 1785 2180 tota?

233 2206 305 2230 cum,
323 2206 376 2224 non
391 2203 416 2225 te
431 2198 602 2232 ucgabimus.
618 2198 695 2231 Quod
713 2198 809 2226 Petrus
831 2199 939 2233 quidem
966 2207 1019 2226 non

233 2243 424 2273 convenienter
447 2242 514 2269 facit
533 2247 593 2277 post
619 2242 719 2269 Christi
743 2243 913 2278 prophetiam
931 2244 964 2271 dc
988 2251 1020 2271 eo

233 2293 364 2327 ucgaturo
377 2293 416 2315 ter
429 2293 491 2315 ante
504 2289 566 2323 galli
582 2294 703 2316 cautum.
717 2289 814 2316 Ca‘leri
830 2294 930 2321 autem,
942 2290 1020 2325 quasi

231 2334 277 2367 qui
291 2340 344 2359 non
361 2337 439 2359 erant
462 2333 653 2368 comprehensi
679 2334 704 2359 in
733 2333 778 2360 illa
795 2335 946 2370 prophetia,
972 2342 1021 2362 nec

232 2379 394 2406 tenebantur
417 2379 444 2406 in
467 2379 522 2406 illis
545 2387 606 2415 quae
624 2379 656 2406 ad
676 2379 784 2406 Petrum
803 2379 909 2407 fuerant
926 2381 998 2407 dicta
1011 2400 1018 2413 ,

232 2425 432 2460 responderunt
462 2425 660 2460 promittentes,
696 2433 748 2451 non
789 2427 1020 2460 promissionibus

231 2470 289 2497 suis
315 2470 472 2496 mendacem
490 2469 635 2496 Demittunt
657 2470 746 2496 facere
765 2471 923 2505 cupientes,
949 2471 1020 2498 sicut

233 2515 322 2542 facere
336 2514 422 2542 voluit
435 2514 543 2542 Petrus.
561 2514 637 2542 Sicut
652 2515 724 2542 enim
739 2523 800 2542 cum
813 2516 1020 2550 transﬁguratus

233 2559 328 2588 fuisset
348 2560 374 2587 in
392 2564 484 2588 monte
505 2560 631 2593 excelso,
657 2561 851 2595 apparentibus
879 2560 905 2586 in
933 2561 1019 2595 gloria

232 2606 313 2633 simul
330 2614 391 2634 cum
403 2605 466 2634 Jesu
483 2606 576 2643 Moyse
601 2613 628 2634 et
649 2606 705 2633 Elia
719 2627 725 2638 ,
743 2607 811 2634 dixit
830 2617 836 2634 :
870 2606 915 2634 Vis
935 2607 1022 2641 faria-

232 2660 288 2678 mns
300 2651 341 2678 hic
356 2653 408 2679 tria
424 2652 603 2684 tabernacula,
618 2661 697 2679 unum
714 2653 769 2685 tibi,
786 2658 810 2680 et
823 2661 903 2680 unum
921 2652 1019 2688 Moysi,

265 2755 287 2769 ³¹
302 2755 396 2782 Matth.
416 2764 490 2788 nrt,
502 2757 546 2784 54.

586 2758 610 2777 ³⁸
626 2758 704 2790 ibid..
716 2758 760 2786 55.
799 2759 821 2774 ³⁵
837 2759 914 2790 ilu'd..
931 2760 976 2786 51.

233 2789 252 2804 ⁵⁷
274 2790 357 2818 Exod.
375 2799 414 2823 ut,

492 2792 514 2808 ³⁸
527 2793 576 2820 Isa.
593 2800 646 2826 tri,
669 2793 693 2820 7.
732 2794 755 2808 ³⁹
768 2793 839 2822 Psal.
857 2802 922 2826 δίνη,
945 2796 966 2822 1.

1016 2760 1038 2775 "
1064 2759 1162 2788 Matth.
1177 2768 1243 2792 xvu,
1269 2760 1378 2793 £;Luc.
1403 2769 1448 2794 Ix,
1481 2762 1526 2789 53.

1025 2795 1048 2811 ‘°
1064 2794 1130 2823 Luc.
1148 2803 1225 2829 xvut,
1247 2796 1290 2823 15.

1073 2202 1176 2229 sionem
1199 2206 1227 2228 ct
1240 2209 1391 2229 consunsus
1415 2208 1586 2236 corrumpat.
1605 2200 1682 2227 liabet
1703 2202 1760 2224 auiti!
1774 2196 1785 2216 εδ

1073 2247 1117 2274 hic
1131 2255 1237 2280 sensus,
1257 2247 1327 2282 quod
1339 2247 1413 2283 jnste
1425 2247 1577 2281 obiiciatur
1593 2247 1632 2274 his
1649 2245 1688 2281 qui
1708 2249 1743 2270 non
1753 2245 1784 2273 lii“i

1073 2294 1155 2320 ntodo
1169 2293 1320 2320 debenlsic.
1338 2293 1510 2328 intelligunt,
1533 2294 1687 2328 accipientes
1707 2289 1735 2316 sic
1748 2290 1785 2311 (κδ’

1072 2336 1178 2363 sionem
1196 2341 1225 2363 ut
1253 2337 1345 2363 dit‘ﬂttl
1376 2337 1502 2371 proximo
1516 2345 1568 2365 suo
1586 2347 1592 2364 :
1607 2336 1642 2363 Ne.
1659 2331 1784 2370 κυναρίων

1073 2381 1151 2414 mihi,
1170 2381 1233 2416 quia
1252 2382 1371 2409 mundus
1390 2391 1463 2409 sum.
1481 2383 1560 2416 Quod
1578 2383 1639 2410 fecit
1658 2386 1680 2408 et
1697 2376 1784 2405 Pharii?”

1072 2429 1105 2454 ad
1124 2428 1299 2462 publicanum
1315 2428 1393 2464 longe
1409 2434 1548 2460 orantem.
1560 2434 1586 2456 et
1598 2433 1683 2464 pectus
1695 2430 1748 2452 suum
1758 2426 1785 2452 [θ’

1072 2473 1219 2500 cutientem
1234 2494 1241 2506 ,
1264 2479 1290 2500 ct
1309 2474 1444 2501 dicentem
1460 2482 1467 2501 :
1499 2474 1622 2505 Domine,
1646 2472 1743 2507 propitia
1761 2469 1783 2490 Nx

1072 2519 1137 2545 mihi
1151 2519 1283 2553 peccatori
1299 2519 1331 2545 ⁵ο.
1351 2519 1506 2547 Mrnsuratc
1521 2528 1588 2555 ergo
1605 2519 1684 2547 facere
1696 2517 1732 2543 loc
1745 2511 1782 2538 θῖίθ

1072 2571 1144 2596 mus,
1158 2567 1186 2589 ut
1202 2570 1253 2590 nec
1268 2571 1330 2590 cum
1346 2563 1465 2600 indignis
1480 2571 1594 2591 oremus
1606 2571 1668 2598 prop
1678 2570 1702 2587 cr
1714 2560 1784 2585 hourmi

1072 2608 1218 2642 orationis,
1245 2609 1395 2636 secundum
1424 2617 1486 2636 cum
1505 2610 1554 2645 qui
1574 2608 1690 2636 dixit“:
1707 2603 1783 2630 Sil!”1

1071 2655 1145 2681 vobis
1165 2656 1331 2682 convenerint
1353 2655 1378 2682 in
1394 2655 1522 2690 idipsum,
1538 2656 1571 2682 dc
1587 2655 1655 2682 omni
1671 2661 1693 2679 rc
1703 2651 1777 2685 cum"

1568 2762 1592 2781 “
1606 2761 1688 2789 Matth.
1704 2762 1750 2784 ml.

1344 2797 1366 2812 “
1382 2797 1478 2826 Matth.
1496 2806 1556 2831 xu,
1570 2798 1613 2824 19.
