1839 3053
14 134 77 165 ΠΗ

572 104 914 163 ‘COMMENTARIORUM
935 133 1065 163 SERIES.

1564 140 1632 168 17ιὲ

12 203 60 231 qur
74 192 206 228 ριιιὲει-ἰιιι,
224 191 268 227 ﬁet
283 192 330 219 eis.
345 190 400 220 Nec
411 191 552 221 inferiores
570 201 731 228 spernamns
743 202 793 221 nos
808 196 830 224 A
845 198 899 226 tur,
912 199 1040 229 umquam
1059 193 1082 221 si
1096 192 1169 222 dicat
1186 201 1192 220 :
1211 194 1332 223 Tristitia
1355 200 1442 231 empta
1462 201 1504 225 est
1525 198 1552 226 In
1577 205 1630 230 me.

13 243 198 275 pra-ponentes
213 241 322 272 propter
341 238 478 272 iactantia:
497 246 623 271 causam,
646 240 795 267 secttndum

12 293 71 311 cum
86 284 132 319 qui
147 283 212 310 dixit
228 284 251 300 “
264 291 270 310 .'
287 283 339 316 Qui
351 291 378 310 se
392 284 505 315 exultat.
520 285 715 313 Immiliabitnr.
733 286 796 313 Haec

12 335 98 358 autem
125 329 301 356 tractavimus
323 336 462 364 propterea
486 331 558 365 quod
574 331 676 358 dictum
694 337 735 359 est
751 332 794 359 "2

11 376 100 403 Sedete
116 376 170 405 hic,
187 375 268 401 donec
280 383 309 401 ea
327 376 391 402 illuc
407 384 494 404 orare.

42 423 85 449 90.
108 421 244 456 Accipiens
261 428 347 449 autent
366 422 484 454 Petrum,
502 428 527 450 et
548 424 615 450 duos
631 423 699 457 ﬁlios
712 422 794 450 Ζεὺσ-

9 468 69 495 dwi.
84 468 161 502 coepit
177 469 280 495 tristari
292 473 316 495 et
330 468 434 495 ta'rliari
445 469 480 496 “.
497 468 542 496 Vel
559 469 630 497 sicut
644 469 753 496 Marcus
770 469 792 485 "

9 514 127 547 exponit,
145 515 221 548 capit
237 522 332 548 pavere
351 518 375 540 et
393 514 507 541 Itediari.
526 514 581 542 Hos
604 515 677 550 ipsos
702 518 793 542 autem

9 560 156 594 discipulos
179 560 338 594 assumpsit,
357 564 382 586 et
399 567 480 594 super
492 559 573 595 902
592 565 711 588 montem
728 570 790 589 cum

9 611 76 632 rsset
92 604 340 640 transﬁgurandns,
358 610 384 633 et
399 606 430 632 ad
449 605 530 632 ﬁliam
550 605 615 633 Jairi
633 608 791 635 sacerdotis.

9 650 37 677 Et
49 659 145 685 qutcro
161 651 183 678 si
197 651 298 686 aliquid
311 652 443 679 secretius
459 650 528 679 forte
538 652 604 679 vidit
618 652 643 679 in
658 657 790 687 tempore,

9 698 165 733 priusquam
193 702 330 733 pateretur
348 697 447 730 Iesus,
473 702 500 725 ct
524 698 560 725 ibi
584 698 683 725 vadens
708 699 792 726 voluit

9 752 91 770 arare.
108 743 235 770 Forsitan
255 743 326 770 enim
344 742 411 769 vidit
430 742 588 770 assistentes
606 750 681 778 rcges
702 748 789 776 terra,

9 793 28 815 ιι
39 789 178 823 principes
200 793 379 824 congregatos
399 789 425 815 in
440 795 524 815 unum
541 788 671 815 adversus
697 787 790 815 Domi-

9 842 75 866 ium,
88 839 118 861 et
132 833 263 861 adversus
277 841 306 861 se
317 834 455 861 Christum
467 833 526 868 ejus
541 833 573 860 “.
590 832 703 868 Propter
716 834 788 868 quod

9 880 79 915 lnasi
108 880 202 908 multis
229 880 282 907 illis
313 879 478 912 constitutis,
508 883 535 906 et
564 880 590 906 in
608 879 710 907 malitia
738 887 788 914 po-

10 926 133 959 cntibus,
151 926 233 961 coepit
249 926 351 954 tristari
365 930 392 953 et
408 925 522 956 ttediari,
538 925 616 953 velet
628 925 790 961 pavere..Et

9 972 144 999 tonsitlet-a
163 972 292 1006 quianon
309 971 377 998 dixit
390 971 549 998 tristabatur
565 975 592 997 et
615 970 787 1004 taediabatur,

9 1018 42 1044 .cd
60 1018 147 1052 carpit
164 1017 264 1044 trislari
283 1021 309 1044 et
325 1017 437 1044 L'ediari.
454 1016 567 1044 Multum
583 1017 655 1044 enim
676 1016 789 1043 interest

9 1063 189 1090 ntertristari
216 1066 244 1090 et
259 1062 378 1097 incipere
392 1062 504 1090 trislari.
535 1062 563 1090 Si
588 1069 652 1097 ergo
676 1062 787 1096 aliquis,

9 1108 149 1136 lefendens
161 1109 301 1143 passiones
317 1109 461 1140 humanas,
481 1107 585 1143 profert
605 1107 685 1135 nobis
706 1108 787 1134 etiam

9 1163 87 1189 psmn
112 1154 250 1181 tristatum
266 1154 351 1182 fuisse
363 1154 466 1187 lesum,
483 1154 576 1181 audiat
597 1153 726 1189 quoniam
741 1153 787 1188 qui

9 1206 118 1228 entatus
129 1206 167 1228 est
180 1209 226 1236 per
236 1201 325 1227 omnia
342 1200 485 1227 secundum
498 1199 710 1232 similitudinem,
723 1206 789 1234 pm-

9 1257 36 1274 cr
53 1251 196 1282 peccatum
212 1246 245 1279 ⁸⁷,
261 1247 304 1274 hic
316 1253 369 1274 non
394 1251 435 1274 est
450 1245 573 1273 tristatus
590 1245 700 1273 tristitia
723 1252 788 1280 pas-

11 1293 85 1319 ionis
103 1292 203 1328 ipsius,
220 1292 269 1320 sed
293 1292 382 1320 factus
404 1296 446 1320 est
467 1291 616 1319 secundum
640 1291 787 1319 humanam

9 1343 126 1364 laturam
144 1341 249 1365 tantum
264 1338 290 1364 in
306 1337 366 1372 ipso
382 1337 515 1373 principio
530 1337 647 1364 tristitia:
663 1341 690 1364 et
705 1344 787 1372 pavo-

10 1384 43 1415 is,
59 1387 89 1410 ut
101 1383 379 1418 ostendatdiscipulis
396 1383 454 1411 suis
469 1382 658 1417 praesentibus,
670 1382 787 1410 maxime

9 1430 74 1455 ὀιΓο
93 1435 194 1463 magna
211 1428 244 1455 de
259 1435 288 1455 se
308 1428 484 1461 existimanti,
501 1428 584 1456 rebus
608 1428 684 1463 ipsis,
713 1427 786 1462 quod

11 1477 90 1500 oslea
106 1473 149 1500 eis
165 1473 243 1504 dixit,
270 1473 332 1508 quia
353 1473 465 1507 spiritus
481 1477 619 1507 promptus
638 1477 676 1500 eu
688 1491 696 1504 ,
724 1479 787 1499 caro

11 1523 83 1545 utcm
97 1519 208 1552 inﬁrma
223 1518 256 1546 ’⁸.
273 1518 305 1545 Ει
316 1526 370 1546 non
384 1523 425 1546 est
437 1518 583 1553 aliquando
594 1517 785 1546 conlidendum
801 1528 822 1558 ο

9 1572 78 1596 rea,
102 1563 153 1590 sed
173 1571 278 1598 semper
299 1564 449 1591 timendum
468 1565 500 1591 de
522 1571 572 1596 ea,
589 1563 654 1598 quia
676 1563 786 1591 incauta

9 1609 164 1637 cnﬁdentia
178 1609 210 1636 ad
225 1609 384 1644 jactantiam
400 1609 485 1642 ducit,
502 1610 584 1636 timor
604 1613 694 1636 autem
711 1609 788 1636 inﬁr-

9 1655 99 1683 iitatis
117 1655 151 1682 ad
166 1655 297 1682 auxilium
312 1655 358 1682 Dei
370 1655 517 1690 confugere
528 1655 698 1687 adhortatur,
715 1656 787 1683 sicut

9 1705 15 1727 L
29 1701 184 1728 Dominum
200 1701 288 1735 ipsum
302 1701 441 1736 paululum
454 1700 591 1736 progredi,
606 1705 633 1728 et
646 1701 743 1728 cadere
758 1701 785 1728 in

9 1745 108 1778 iciem,
123 1749 150 1772 ct
163 1752 251 1772 orare.
271 1745 341 1780 Ergo
359 1745 440 1780 cwpit
453 1745 674 1780 quidemtristari
689 1752 787 1774 secun-

9 1799 55 1817 nm
74 1791 227 1818 humanam
245 1795 368 1818 naturam
380 1811 388 1824 ,
415 1798 476 1825 quae
486 1790 587 1818 talibus
611 1791 786 1825 passionibus

11 1838 103 1864 tbtlita
114 1841 166 1869 cst,
182 1844 234 1864 non
249 1841 339 1864 autem
356 1837 504 1864 secundum
515 1837 633 1864 divinam
647 1836 784 1869 virtutem,

9 1890 51 1910 nae
71 1883 109 1910 ab
127 1882 283 1916 hujusmodi
300 1883 428 1917 passione
447 1883 525 1917 longe
548 1887 651 1910 remota
675 1887 727 1910 est.
753 1882 787 1909 Et

9 1935 48 1955 κε
64 1927 188 1955 dicimus
200 1927 233 1954 de
247 1927 323 1960 Jesu,
338 1931 366 1954 ιιι
385 1935 439 1954 non
455 1927 608 1960 arbitreris,
627 1926 698 1954 sicut
711 1935 786 1962 qua:-

9 1981 50 2000 im
69 1973 204 2005 hmreses,
222 1973 359 2000 hominem
375 1980 438 2000 eum
453 1972 549 2005 fuisse,
569 1973 615 2000 sed
633 1971 718 2000 Deum
739 1980 785 2000 ve-

9 2027 47 2046 im
65 2018 183 2045 humani
198 2018 321 2053 corporis
336 2017 489 2052 suscepisse
503 2023 626 2045 naturam
639 2036 646 2050 ,
666 2017 713 2053 qui
737 2025 787 2053 po-

13 2071 59 2092 rat
91 2063 211 2097 compati
237 2063 441 2092 inﬁrmitatibus
466 2063 578 2096 nostris,
606 2063 735 2098 quoniam
759 2067 786 2091 et

9 2119 46 2139 Ise
59 2110 254 2138 circumdatus
266 2115 326 2137 erat
340 2110 449 2137 inﬁrma
472 2114 569 2137 natura
587 2110 701 2138 humani
724 2118 786 2138 core

9 2158 64 2184 )ris
85 2165 93 2184 :
111 2155 238 2183 similiter
251 2161 278 2182 et
287 2156 345 2190 ipse
367 2155 535 2191 participans
554 2163 654 2190 corpus
679 2159 706 2183 ct
719 2163 784 2183 san-

9 2204 105 2229 tinem
117 2222 124 2232 .
151 2201 381 2236 quemadmodum
401 2206 428 2229 et
442 2201 518 2236 pueri
529 2201 563 2229 de
577 2201 677 2236 quibus
692 2201 757 2228 dicit
775 2209 782 2228 :
801 2193 823 2221 Ῑ)

9 2258 56 2276 cce
75 2256 126 2283 ego
145 2252 170 2274 et
183 2248 258 2282 pueri
269 2255 333 2282 quos
349 2248 413 2274 milii
432 2247 503 2275 dedit
527 2247 604 2280 Deus,
621 2247 783 2282 participant

9 2295 66 2322 mn‘
87 2298 114 2321 et
130 2293 254 2328 sanguini
267 2293 299 2320 ⁸³.
314 2293 415 2321 Videns
431 2300 496 2328 ergo
508 2293 613 2320 instans
629 2292 681 2320 sibi
698 2295 786 2320 certa-

9 2349 63 2373 σξη,
84 2340 160 2374 quod
178 2347 231 2366 non
245 2344 302 2367 erat
319 2339 343 2367 ei
356 2339 487 2367 adversus
504 2346 614 2366 carnem
634 2344 661 2366 et
673 2338 784 2374 sangui-

9 2395 63 2417 3m,
90 2384 140 2412 sed
152 2384 283 2413 adversus
303 2389 394 2412 tantos
411 2393 488 2420 rcges
514 2391 592 2412 terra:
613 2385 784 2417 assistentes,

42 2430 192 2466 principes
220 2435 397 2465 congregatos
421 2431 447 2457 in
479 2438 564 2458 unum
589 2430 720 2457 adversus
744 2437 783 2461 se,

9 2482 116 2504 tantos
131 2483 283 2510 nunquam,
301 2477 380 2511 coepit
398 2484 498 2511 pavere
520 2477 562 2504 vel
587 2475 700 2507 tris-tari,
717 2475 785 2502 nihil

9 2522 114 2557 nplius
127 2521 245 2548 tristitiae
255 2521 296 2548 vel
307 2521 416 2556 pavoris
424 2522 540 2556 patiens,
552 2521 604 2549 nisi
623 2521 784 2556 principium

9 2574 114 2596 ntnm.
132 2567 188 2595 Nec
204 2568 275 2595 enim
292 2568 424 2603 scriptum
438 2573 479 2595 cst
497 2568 560 2603 quia
579 2569 652 2603 pavit
672 2567 715 2596 vel
737 2567 784 2594 tri-

9 2621 82 2642 itus
114 2617 167 2645 est,
197 2614 245 2641 sed
270 2614 353 2648 cmpit
383 2622 490 2649 pavere,
521 2619 548 2641 et
563 2615 645 2649 erepit
670 2612 783 2646 tristnri,

9 2661 107 2688 tundo
121 2663 147 2686 et
163 2659 232 2687 dixit
246 2660 269 2676 '°
287 2670 293 2688 :
312 2660 406 2688 Tristis
423 2664 461 2686 est
479 2660 568 2687 anima
584 2668 641 2687 mea
660 2667 738 2695 usque
751 2659 785 2685 ad

9 2712 118 2735 artem.
136 2704 216 2739 Quod
232 2705 320 2741 ipsum
338 2706 391 2733 tale
413 2706 516 2740 aliquid
540 2705 693 2741 signiﬁcare
712 2705 787 2733 vide-

35 2789 63 2805 ⁸³
88 2787 158 2814 Luc.
174 2795 253 2822 xvut,
267 2787 313 2814 M.
350 2787 373 2803 "
386 2786 482 2814 Matth.
496 2794 570 2819 xxvi,
585 2786 630 2813 ‘56.
663 2786 686 2802 ⁸⁵
701 2784 778 2817 ibid.,

77 2823 103 2837 ιιι
123 2822 204 2837 lla-ul.
245 2830 308 2837 ιιυιιι
335 2822 362 2837 ιι
424 2822 446 2837 η
461 2821 532 2837 ΙΙιιΙηι
561 2829 580 2837 ιι
612 2821 644 2837 IX
671 2821 699 2837 ΙΙ
757 2821 781 2837 σο

876 2785 896 2801 ³³
916 2783 999 2814 Marc.
1016 2793 1072 2819 xiv,
1093 2783 1139 2811 55.
1177 2783 1200 2801 “
1213 2779 1287 2811 Psal.
1308 2791 1338 2817 ιι,
1351 2784 1378 2812 2.

876 2829 880 2837 I
906 2827 967 2837 1-1111
1007 2820 1040 2837 ’ΧΩ
1092 2820 1113 2836 ll
1137 2820 1191 2837 "nl-il
1243 2820 1266 2836 ⁵1
1293 2820 1346 2837 “sill

190 2823 217 2849 h.
245 2819 320 2855 ium,
332 2822 376 2849 Η.
424 2822 446 2838 ⁵³
460 2821 542 2849 llebr.
561 2829 592 2852 ll,
612 2821 655 2853 15,
671 2821 713 2848 Η.
757 2821 781 2837 ⁸⁸
797 2819 892 2847 Matth.
906 2827 980 2853 xxvr,
1007 2820 1050 2848 58.

190 2857 212 2873 ⁵⁸
228 2856 316 2886 lCor.
332 2865 381 2890 vn,
408 2857 443 2885 20
457 2891 461 2895 _
492 2857 527 2873 δι’
545 2856 616 2885 Psal.
631 2864 694 2887 cxx.
710 2856 737 2884 ι.
774 2856 797 2872 ⁸³
808 2854 903 2884 Matth.
916 2863 989 2890 xxvi,
1015 2855 1059 2883 '59.

77 2823 103 2839 δ’
121 2822 217 2850 Matth.
245 2830 320 2855 xxvr,
332 2822 376 2849 Η.
424 2822 446 2838 ⁵³
460 2821 542 2849 llebr.
561 2829 592 2852 ll,
612 2821 655 2853 15,
671 2821 713 2848 Η.

9 2839 47 2887 ii.
60 2879 70 2893 ,
88 2839 137 2887 τιόῖ

848 244 877 266 ιιι
889 247 942 266 non
955 239 1112 267 omnimodo
1124 241 1175 267 sim
1188 240 1246 268 sine
1257 246 1337 276 gustu
1350 243 1484 270 tristitiae:
1495 249 1548 270 non
1561 251 1631 271 sem-

846 292 903 319 per.
914 285 961 312 sed
976 292 1062 320 usque
1073 285 1106 313 ad
1125 290 1231 321 tempus
1244 287 1340 315 mortis
1356 287 1382 314 in
1403 296 1447 315 me
1460 293 1512 323 est,
1526 295 1554 316 ιιι
1568 296 1629 317 cuni

846 334 969 356 mortuus
983 329 1059 356 fuero
1080 336 1201 365 peccato,
1219 333 1322 359 moriar
1339 337 1366 359 et
1385 334 1520 361 universae
1545 335 1633 362 tristi-

846 375 901 406 tim,
923 375 1002 409 cujus
1017 376 1181 411 principium
1197 382 1302 404 tantum
1330 378 1381 406 fuit
1393 380 1419 406 in
1435 386 1489 407 me.

880 419 924 446 9i.
943 419 1077 447 Sustinete
1091 421 1143 453 hic,
1157 427 1181 448 et
1199 422 1305 456 vigilate
1322 430 1422 449 mecum
1437 422 1460 439 “
1474 433 1481 457 ;
1496 431 1528 452 ac
1550 425 1572 453 si
1587 425 1614 453 di
1624 441 1630 447 -

844 467 888 491 cat
906 472 913 490 :
930 464 964 491 Et
975 465 998 492 si
1013 466 1074 493 aliis
1089 466 1230 501 discipulis
1243 467 1298 494 dixi
1314 475 1321 494 :
1340 467 1432 495 Sedete
1458 469 1501 496 Itic
1517 489 1525 501 ,
1548 470 1630 498 donec

844 511 910 537 vado
922 511 986 538 illnc
1002 520 1078 539 orare
1100 513 1122 528 ⁸¹
1137 532 1144 545 ,
1160 517 1186 539 et
1196 513 1294 540 adduxi
1311 521 1360 541 vos
1375 519 1430 541 tres
1456 523 1544 550 usque
1564 517 1627 549 huc,

845 555 907 584 nolo
923 564 969 584 vos
990 558 1103 585 ulterius
1119 559 1254 593 progredi,
1273 560 1388 587 necdum
1413 560 1486 588 enim
1505 562 1629 596 potestis.

842 600 956 637 Propter
969 603 1020 631 hoc
1034 609 1141 632 manete
1156 605 1199 632 hic
1212 605 1367 639 vigilantes.
1389 606 1462 634 sicut
1480 611 1506 634 ct
1522 615 1572 642 ego
1589 608 1630 635 vl-

843 647 907 682 gilo,
922 648 1038 677 scientes
1050 650 1179 683 quoniam
1197 656 1310 678 etcteros
1322 651 1429 686 quidem
1447 651 1517 686 jussi
1535 653 1630 680 sedere

842 692 889 724 ibi,
901 693 979 727 quasi
993 693 1148 728 inferiores,
1161 694 1195 721 ab
1217 702 1303 730 agone
1318 695 1369 722 isto
1382 703 1494 723 servans
1516 704 1564 724 eos
1584 705 1628 724 se-

841 745 932 770 curos,
943 746 991 766 vos
1004 743 1093 766 autem
1109 740 1186 774 quasi
1204 739 1338 767 ﬁrmiores
1353 741 1463 774 adduxi,
1475 746 1505 768 ut
1522 750 1627 770 mecum

841 784 1013 812 collaboretis
1027 785 1053 812 in
1067 785 1167 820 vigiliis
1181 791 1207 813 et
1221 787 1401 814 orationibus.
1420 787 1520 815 Tamen
1537 793 1564 815 ct
1578 796 1627 816 vos

842 835 949 857 maneto
963 831 1017 862 hic,
1032 835 1059 858 ut
1073 833 1264 867 unusquisque
1279 833 1305 859 in
1324 834 1408 868 gradu
1424 841 1480 860 suae
1505 835 1627 862 vocatio-

842 875 885 902 nis
911 877 1060 910 consistat,
1081 877 1210 912 quoniam
1234 883 1260 905 et
1277 879 1366 905 omnis
1382 879 1485 914 gratia,
1502 881 1626 914 quamvis

841 921 922 949 fuerit
933 930 1042 957 magna,
1066 923 1147 950 habet
1176 928 1204 950 et
1233 925 1413 959 superiorem.
1434 925 1511 958 Quod
1536 931 1626 954 autem

841 965 894 993 hoc
908 966 1044 1002 signiﬁcat
1057 967 1152 995 dicens
1171 977 1178 995 :
1198 968 1303 996 Manete
1330 969 1371 996 hic
1387 969 1420 1002 ",
1450 970 1626 998 manifestum

839 1015 882 1038 est
898 1018 931 1038 ex
946 1019 979 1038 eo
996 1011 1068 1046 quod
1085 1012 1112 1039 in
1130 1014 1308 1047 sequentibus
1324 1014 1424 1042 dicitur
1440 1024 1446 1042 :
1466 1015 1627 1050 Progressus

840 1061 927 1083 autem
946 1056 1082 1091 pusillum,
1115 1058 1210 1085 cecidit
1233 1059 1260 1086 in
1286 1060 1380 1094 [aciem
1399 1068 1486 1088 suam.
1513 1061 1626 1096 Propter

840 1102 912 1137 quod
925 1111 1083 1131 maneamus
1094 1104 1138 1131 ubi
1152 1106 1277 1140 prtecepit
1288 1105 1377 1138 Iesus,
1388 1108 1537 1135 secundum
1551 1109 1624 1143 quod

839 1152 867 1175 et
880 1148 1025 1183 Apestolus
1046 1150 1191 1177 mandat“
1209 1159 1215 1177 :
1237 1151 1422 1188 Unusquisque
1438 1153 1465 1180 in
1477 1161 1529 1189 qua
1548 1161 1625 1182 voca-

841 1194 909 1221 tione
937 1199 1042 1221 vocatus
1065 1200 1115 1229 est,
1130 1196 1157 1222 in
1181 1196 1229 1223 Itac
1245 1202 1349 1224 maneat
1378 1199 1450 1232 apud
1478 1199 1572 1234 Deum,
1596 1205 1626 1229 ιιι

840 1240 932 1267 omnia
947 1239 1092 1273 faciamus,
1109 1245 1137 1267 ιιι
1154 1249 1215 1268 cum
1233 1249 1265 1269 eo
1281 1243 1381 1277 pariter
1398 1243 1550 1279 vigilemus,
1577 1247 1624 1281 qui

839 1293 893 1313 non
903 1286 1012 1320 dormit,
1023 1294 1111 1322 neque
1119 1287 1257 1320 dormitat,
1269 1288 1425 1317 custodiens
1436 1289 1518 1318 Israel
1527 1292 1571 1319 δν.
1584 1292 1623 1319 Ad

840 1333 892 1360 hoc
906 1337 995 1360 autem
1009 1333 1122 1360 adduxit
1133 1341 1193 1365 eos.
1215 1334 1332 1362 maxime
1345 1334 1454 1362 Petrum
1481 1344 1580 1372 magna
1591 1338 1625 1366 de

840 1385 870 1405 se
883 1378 1073 1412 conﬁdentem,
1091 1384 1121 1407 ut
1133 1379 1241 1407 videant
1257 1384 1285 1407 et
1296 1380 1406 1408 audiant
1421 1380 1466 1408 ubi
1485 1387 1527 1410 est
1544 1390 1625 1417 posse

839 1423 959 1450 hominis
973 1427 999 1451 et
1012 1424 1151 1458 quomodo
1179 1425 1350 1459 impetratur.
1373 1424 1489 1454 Videant
1515 1427 1623 1463 quidem

839 1468 979 1496 cadentem
1001 1469 1028 1496 in
1047 1469 1143 1497 faciem
1169 1477 1259 1502 suam,
1278 1471 1389 1498 audiant
1414 1475 1505 1500 autem
1532 1473 1624 1501 dicen-

839 1519 892 1542 tem
911 1515 933 1531 ⁵⁵
951 1524 957 1542 ;
973 1514 1066 1547 Pater,
1082 1515 1106 1542 si
1115 1515 1243 1550 possibile
1258 1520 1307 1550 est,
1320 1521 1437 1545 transeat
1460 1518 1533 1545 cali:
1546 1519 1596 1546 iste
1609 1528 1625 1546 α

838 1569 889 1592 me,
903 1565 930 1588 et
943 1561 1051 1589 discant
1062 1569 1116 1588 non
1132 1569 1229 1596 magna
1241 1562 1275 1589 de
1287 1570 1316 1590 se
1329 1570 1436 1598 sapere,
1448 1564 1496 1591 sed
1510 1564 1624 1592 humilia

837 1607 985 1639 aestimare.
1006 1615 1059 1634 non
1075 1607 1181 1635 veloces
1202 1615 1263 1635 esse
1284 1608 1316 1635 ad
1338 1610 1560 1644 promittendum.
1579 1611 1626 1639 sed

837 1653 947 1681 solliciti
964 1653 997 1681 ad
1011 1653 1157 1681 orandum.
1174 1653 1236 1681 ldeo
1249 1658 1276 1682 et
1294 1654 1356 1682 illos
1384 1655 1463 1682 duxit
1488 1656 1536 1691 qui
1551 1655 1627 1684 vide-

837 1699 937 1726 bantur
950 1699 1087 1727 ﬁdeliores
1100 1703 1127 1727 et
1141 1699 1236 1731 fortes,
1251 1699 1355 1728 similes
1366 1700 1457 1733 Petro,
1479 1701 1506 1728 in
1525 1702 1626 1736 quibus

837 1745 961 1774 similiter
987 1745 1067 1774 facile
1098 1750 1205 1781 poterat
1231 1747 1321 1774 locum
1351 1746 1474 1779 invenire
1494 1748 1625 1782 jactantia

836 1796 949 1826 propter
961 1791 1088 1819 ﬁduciam
1105 1791 1178 1819 ﬁdei.
1203 1791 1353 1819 Mediocrcs
1369 1797 1459 1819 autem
1470 1813 1478 1825 ,
1493 1797 1624 1828 quantum

837 1837 870 1864 ad
882 1837 1033 1871 periculum
1054 1837 1115 1865 dico
1135 1837 1283 1872 jnctantiae,
1311 1839 1369 1874 ipsa
1393 1839 1455 1867 ﬁdei
1479 1840 1626 1875 exiguitate

837 1882 935 1909 muniti
952 1887 1024 1909 sunt.

872 1927 918 1955 92.
939 1927 974 1954 Et
999 1936 1152 1963 progressus
1182 1929 1307 1963 pusillum
1323 1949 1331 1962 ,
1362 1930 1456 1956 cecidit
1476 1931 1503 1957 in
1530 1931 1625 1962 faciem

837 1981 914 2000 suam
927 1981 1017 2004 orans.
1028 1980 1051 2001 et
1064 1973 1153 2001 dicens
1170 1982 1179 2001 :
1196 1973 1286 2007 Pater,
1303 1975 1327 2001 si
1339 1975 1463 2010 possibile
1476 1980 1525 2010 cst,
1535 1981 1625 2005 trans.

836 2023 878 2046 eat
890 2018 963 2046 calin:
978 2019 1028 2045 iste
1043 2027 1059 2045 a
1075 2027 1124 2046 me.
1144 2018 1196 2052 Qui
1208 2019 1275 2047 dixit
1287 2020 1310 2035 ⁵³
1327 2027 1334 2045 :
1353 2019 1452 2047 Discite
1469 2029 1485 2048 a
1496 2029 1536 2048 me
1561 2022 1624 2056 quia

837 2065 908 2092 mitis
918 2068 977 2091 sum
991 2069 1014 2091 et
1026 2065 1134 2091 humilis
1143 2065 1231 2098 corde,
1242 2065 1413 2093 laudabiliter
1424 2073 1454 2094 se
1465 2066 1623 2102 humilians,

836 2115 864 2138 et
887 2118 959 2138 nunc
983 2110 1055 2138 cadit
1079 2110 1106 2137 in
1123 2109 1219 2138 faciem
1238 2118 1331 2144 orans,
1349 2116 1376 2139 et
1401 2112 1490 2140 adhuc
1507 2113 1625 2148 amplius

836 2154 1009 2189 postmodum
1033 2154 1157 2182 humiliat
1184 2162 1213 2182 se
1226 2155 1314 2182 factus
1335 2155 1467 2184 obediens
1489 2165 1576 2193 usque
1590 2158 1625 2185 ad

838 2204 970 2232 mortem,
998 2201 1127 2236 quoniam
1146 2201 1262 2236 pretium
1290 2202 1463 2230 exaltationis
1486 2203 1626 2231 humilitas

837 2251 889 2274 est.
902 2245 957 2273 Nec
975 2247 1047 2274 enim
1062 2247 1197 2274 cxaltatur
1208 2254 1221 2273 a
1236 2246 1300 2280 Deo,
1314 2247 1365 2276 nisi
1384 2249 1430 2283 qui
1443 2249 1626 2278 humiliaverit

837 2300 867 2320 se
883 2296 993 2328 propter
1005 2292 1099 2319 Deum.
1112 2292 1190 2319 Cadit
1205 2296 1296 2320 autem
1313 2293 1338 2320 in
1355 2293 1451 2321 faciem
1464 2301 1557 2327 orans,
1571 2303 1625 2322 non

838 2338 952 2364 multum
967 2345 1139 2372 progressus,
1153 2337 1199 2365 sed
1213 2338 1341 2372 pusillum
1355 2346 1370 2365 a
1383 2339 1469 2366 tribus
1484 2339 1625 2374 discipulis

838 2384 896 2411 suis
909 2384 1084 2410 manentibus
1098 2391 1202 2411 secum.
1221 2382 1334 2411 Nolebat
1345 2383 1417 2410 enim
1430 2384 1507 2420 longe
1520 2386 1577 2413 ﬁeri
1590 2387 1625 2413 ab

836 2429 887 2461 eis,
914 2429 960 2456 sed
975 2428 1052 2463 juxta
1069 2436 1116 2456 eos
1133 2429 1298 2456 constitutus
1315 2436 1404 2456 orare.
1427 2429 1504 2462 Quod
1533 2436 1624 2459 autem

836 2475 903 2502 dicit
926 2482 1007 2501 orans
1023 2482 1029 2500 :
1046 2474 1076 2501 Si
1091 2475 1214 2509 possibile
1239 2481 1288 2507 est,
1305 2478 1422 2502 transeat
1448 2475 1520 2502 calix
1541 2477 1591 2504 iste
1607 2486 1625 2503 a

837 2529 887 2553 me,
900 2520 1081 2548 manifestans
1091 2520 1117 2547 in
1128 2520 1250 2548 oratione
1259 2528 1337 2548 suam
1352 2520 1535 2553 devotionem.
1546 2522 1625 2556 quasi

836 2567 950 2596 dilectus
964 2567 1051 2595 Filius
1064 2572 1091 2595 et
1102 2567 1274 2602 complacens
1283 2563 1510 2601 dispositionibus
1522 2567 1623 2598 Patris.

838 2613 940 2641 addidit
959 2621 966 2639 ι
984 2612 1037 2639 Sed
1054 2621 1106 2640 aon
1120 2612 1188 2639 sicut
1199 2620 1245 2646 ego
1259 2611 1326 2644 volo,
1338 2611 1382 2639 sed
1390 2611 1457 2638 sicut
1472 2616 1511 2645 tu,
1523 2612 1625 2640 docens

839 2664 869 2687 ut
894 2667 948 2687 non
963 2666 1074 2686 oremus
1087 2663 1209 2686 nostram
1234 2658 1292 2686 ﬁeri
1307 2657 1472 2686 voluntatem
1483 2679 1490 2692 ,
1513 2659 1624 2694 quando

839 2704 940 2733 factum
956 2702 1038 2731 fuerit
1054 2708 1084 2731 ut
1095 2703 1198 2738 aliquid
1213 2703 1286 2730 aliud
1301 2702 1416 2731 velimus
1431 2711 1512 2738 quam
1538 2702 1622 2730 Deus.

1431 2783 1453 2800 θ’
1473 2782 1557 2811 llebr.
1581 2789 1607 2810 tv
1617 2802 1626 2816 ,

1092 2820 1113 2836 ⁸¹
1136 2820 1203 2848 ibi].
1243 2820 1266 2836 ⁵³
1292 2820 1374 2849 ιυια..
1399 2819 1444 2849 56.
1483 2819 1505 2835 ¹³
1527 2818 1624 2847 Matth.

1113 2854 1136 2871 "
1167 2854 1263 2883 Matth.
1277 2862 1315 2889 x1,
1332 2854 1377 2883 ‘39.
