1839 3053
192 100 261 128 Πιι3

798 96 961 125 ORlGE-NIS
982 97 1015 125 IN
1035 97 1244 126 MATTllel'M
1762 98 1803 125 litt

190 156 273 183 Pater
284 177 290 188 ,
307 155 332 182 ti
344 154 470 190 possibile
485 159 535 187 est,
553 158 672 182 transeat
690 155 763 182 mlta:
776 154 851 182 islea
868 163 924 187 nte;
939 156 986 182 sed
1001 158 1022 186 Α
1038 160 1128 183 autent
1147 156 1220 184 hunc
1239 157 1284 192 qui
1310 155 1416 183 bibitur
1441 154 1604 190 passionis,
1625 154 1652 182 in
1670 154 1750 182 multis
1762 156 1803 183 loris

189 211 240 230 non
255 203 326 230 sicut
338 211 385 238 ego
400 202 468 235 volo,
481 203 524 229 sed
539 203 607 228 sicut
623 207 662 229 tu.
678 201 834 229 Secundum
848 202 920 236 quod
932 210 985 229 (ιω-

191 250 229 284 pit
241 256 340 284 pavere
350 254 377 276 et
386 249 499 281 tristari,
512 249 664 276 secundum
681 248 745 275 illud
755 253 782 274 et
795 252 856 274 orat
872 248 984 275 calicem

190 295 328 329 passionis
343 295 460 322 transire
474 302 487 321 a
504 302 548 325 se;
562 294 607 320 sed
621 301 676 320 non
688 293 840 326 sicut"vult,
851 294 897 320 sed
913 294 986 321 sicut

191 341 247 368 vult
255 341 345 368 Pater.
355 341 515 375 Suscipiens
526 340 599 367 enim
610 344 736 367 naturam
745 340 836 367 carnis
847 340 984 372 humanae,

190 395 288 415 omnes
299 386 477 422 proprietates
491 385 623 420 implevit,
642 393 671 412 ut
682 394 735 413 non
746 380 772 412 in
782 386 926 421 phantasia
937 387 985 413 ha-

191 433 284 460 buisse
298 440 407 459 carnem
421 432 636 464 existimaretur,
648 432 694 459 sed
704 432 731 458 in
741 431 870 466 veritate;
884 440 985 460 secun-

189 479 254 506 dum
263 478 336 513 qttod
349 479 374 505 in
386 479 437 505 ltoc
448 478 507 506 loco
522 483 583 505 orat
594 479 706 506 calicem
718 479 855 514 passionis
867 479 986 508 transire

189 532 204 551 a
218 524 346 560 se,903
361 524 408 551 sed
422 531 476 551 non
486 524 557 552 sicut
567 525 625 552 vult
640 525 709 560 ipse,
723 525 770 552 sed
781 525 853 552 sicut
865 526 922 552 vult
935 525 987 553 Pa-

188 574 240 596 ter.
266 568 402 602 Quoniam
429 569 570 604 propriunt
586 574 626 597 est
641 570 731 597 omnis
752 571 872 599 hominis
887 571 984 603 ﬁdelis,

190 614 307 649 primum
322 615 431 650 quidem
450 615 520 642 nolle
546 615 601 650 pati
616 616 718 651 aliquid
735 616 849 648 doloris,
867 618 987 645 maxime

189 660 262 695 quod
278 661 353 687 ducit
368 668 456 694 usque
470 661 503 688 ad
523 666 639 688 mortent
651 681 658 692 .
684 662 748 697 quia
767 663 850 690 homo
867 667 910 690 est
925 670 987 690 car-

189 707 277 739 nalis;
290 707 312 734 si
328 711 418 734 autent
435 707 476 734 sic
488 707 604 734 voluerit
619 707 700 740 Deus,
714 709 891 743 acquiescere
903 709 986 736 etiam

190 757 284 780 contra
307 753 474 780 voluntatem
500 761 589 787 suam,
607 755 671 789 qttia
690 755 778 782 ﬁdelis
798 759 850 788 est,
868 763 902 783 tte
925 756 987 790 plus

191 799 314 825 \ideatur
335 800 362 826 itt
386 807 416 826 se
437 800 583 835 desperare
603 808 685 835 quant
704 801 731 828 in
754 800 840 828 Deuttt
864 809 984 836 sperare.

1038 202 1162 229 nominat
1178 202 1331 238 Scriptura,
1344 202 1489 237 prateipue
1503 201 1554 236 qui
1571 209 1588 228 a
1605 201 1758 236 martyribus
1769 211 1803 236 pr.»

1037 248 1095 282 prie
1114 249 1224 280 bibitur.
1247 249 1318 276 sicut
1335 253 1377 276 est
1398 248 1436 275 ibi
1455 248 1480 264 ⁵⁷
1502 257 1509 274 :
1536 246 1613 280 Quid
1635 247 1762 274 retribuam
1776 249 1803 275 Do

1036 294 1109 320 mina
1125 302 1172 328 pro
1191 294 1312 320 omnibus
1327 302 1386 328 qutv
1409 293 1541 319 retribuit
1563 292 1657 319 mihi.“
1672 291 1771 319 Calima
1780 303 1805 319 κς

1037 339 1133 366 [utaris
1147 340 1288 374 accipiant,
1301 345 1323 366 et
1339 347 1433 366 nomen
1450 339 1565 365 Domini
1581 339 1719 366 invocabo.
1732 339 1755 365 Si
1766 348 1806 373 erga

1037 385 1107 412 calix
1126 385 1255 413 saltttaris
1277 385 1346 412 calix
1376 385 1504 420 martyrii
1531 389 1588 416 est,
1617 392 1729 412 necesse
1747 391 1807 412 estu:

1037 430 1174 458 salvemus
1190 431 1302 458 calicem
1316 430 1403 462 illum,
1422 434 1512 456 tutum
1530 429 1611 456 illunt
1628 430 1754 463 bibentes,
1767 440 1807 464 qut:

1036 476 1107 503 calix
1127 481 1170 503 est
1184 476 1325 508 salutaris,
1342 482 1370 503 ιιι
1387 476 1456 502 nihil
1475 475 1634 502 fundamus
1658 484 1692 503 ex
1712 484 1747 504 eo.
1762 477 1807 504 Βῐίιιι

1037 530 1102 557 ergo
1126 523 1240 549 calicem
1266 527 1370 556 totum,
1395 522 1443 557 qui
1473 522 1580 555 patitur
1604 530 1659 557 pro
1687 523 1807 549 testimonia

1037 568 1168 603 quidquid
1180 567 1262 595 fuerit
1275 569 1297 595 ei
1313 568 1429 595 illatum.
1446 567 1569 595 Eﬂundit
1584 574 1681 595 autem
1694 569 1807 603 accipiem,

1037 613 1084 648 qui
1101 617 1214 640 vocatus
1230 614 1263 640 ad
1289 614 1450 648 martyrium
1476 614 1594 648 denegat
1613 620 1651 640 ne
1668 614 1761 648 aliquid
1778 622 1807 647 pr

1039 659 1131 686 tiatur.
1148 657 1196 686 Est
1210 663 1237 693 et
1250 659 1361 686 alterius
1376 660 1485 692 generis
1498 660 1570 687 calix
1589 660 1742 691 inebrians,
1753 667 1807 694 qua

1039 703 1108 730 bibit
1121 703 1184 738 quis
1200 708 1344 738 postquam
1357 703 1566 731 utanducaverit
1583 710 1762 739 purpuratam
1776 706 1808 731 siti

1039 756 1162 776 mensam
1181 757 1196 775 a
1210 748 1265 776 Deo
1278 749 1410 776 adversus
1425 749 1487 777 illos
1506 749 1554 785 qui
1575 751 1808 786 lribulauljustum

1038 794 1193 823 Notandum
1209 800 1251 823 est
1276 800 1367 823 autem
1387 796 1520 831 quoniam
1544 797 1660 824 Marcus
1686 798 1780 832 quidem
1795 804 1808 822 rt

190 843 258 871 Nam
273 845 345 872 sicut
364 846 481 873 multum
496 846 633 874 conﬁdere
649 855 703 874 ιιοη
725 846 867 878 debemus,
880 855 915 874 ne
934 856 984 875 ιιι)-
1003 838 1023 865 Β
1038 841 1128 869 Lucas
1143 841 1196 869 hoc
1214 841 1303 876 ipsum
1320 842 1501 877 scripserunt,
1521 842 1570 877 qui
1589 847 1618 870 ει
1639 847 1764 870 lentatum
1781 851 1809 868 r1-

193 894 276 917 stram
289 890 416 917 virtutem
433 891 576 918 videamur
589 891 724 926 proﬁteri,
748 892 789 919 sic
800 893 916 919 multum
933 901 985 928 pu‘

192 935 365 963 sillanimiter
377 944 468 972 agere,
483 942 511 964 et
525 937 647 965 diliidcre
663 946 716 965 non
734 938 877 972 debemus,
892 947 925 966 ne
939 939 986 966 Dei

191 979 327 1016 adjutoris
338 983 425 1008 nostri
439 982 628 1017 impotentiam
640 983 784 1011 videamur
796 984 984 1019 pronuntiare.

192 1025 255 1054 llaec
277 1034 341 1062 ergo
358 1027 486 1055 voluntas
503 1036 586 1064 quam
613 1029 680 1056 dicit
703 1039 711 1057 :
735 1029 765 1057 Si
781 1030 907 1064 possibile
935 1035 985 1062 est,

193 1078 309 1100 transeat
323 1074 395 1101 calix
410 1075 460 1102 iste
473 1083 490 1102 a
508 1083 564 1106 me;
584 1078 628 1102 sed
646 1084 697 1102 non
713 1077 781 1102 sicut
795 1084 841 1111 ego
861 1076 929 1108 vola,
943 1077 987 1103 εαιι

191 1119 260 1145 sicut
277 1123 316 1152 tu,
333 1127 387 1147 non
403 1125 445 1147 est
461 1121 613 1148 secundutn
630 1122 809 1149 substantiam
827 1122 947 1149 divinam
961 1126 988 1150 ct

193 1165 402 1200 impassibilem,
423 1168 470 1194 sed
504 1168 655 1195 secundum
686 1174 811 1196 naturam
839 1168 987 1196 humanam

191 1212 252 1245 ejus
275 1217 301 1239 et
323 1212 470 1240 inﬁrmant.
489 1213 579 1240 Altera
604 1220 696 1241 autent
723 1214 912 1250 interpretatio
934 1214 987 1241 loci

193 1259 276 1292 hujus
289 1263 332 1286 cst
344 1259 416 1292 talis,
430 1260 561 1294 quoniam
577 1261 655 1295 quasi
673 1260 757 1288 Filius
772 1260 913 1288 charitatis
928 1259 986 1293 Dei,

193 1304 343 1332 secundum
368 1305 569 1339 pracscicutiam
594 1306 704 1340 quidem
729 1306 858 1342 diligebat
876 1313 924 1334 eos
940 1306 987 1342 qui

191 1358 224 1377 ex
241 1351 367 1385 gentibus
385 1350 492 1378 fuerant
504 1351 650 1385 credituri;
671 1351 779 1380 Judaeos
794 1358 893 1386 autem,
909 1353 988 1387 quasi

192 1404 285 1424 seu‘teu
302 1401 408 1432 patrum
425 1401 595 1429 sanctorum,
614 1405 731 1432 quorum
749 1398 870 1433 adoptio,
887 1404 913 1426 et
931 1399 988 1434 glo-

193 1443 243 1475 ria,
265 1448 293 1470 et
321 1447 499 1475 testamenta,
529 1447 556 1470 et
589 1444 828 1477 repromissioucs,
860 1445 987 1481 diligebat

191 1489 269 1516 uuasi
289 1497 380 1516 ramos
400 1489 478 1516 boum
492 1489 579 1516 olivae.
605 1489 723 1524 Diligens
744 1495 832 1517 autem
850 1499 897 1518 eos
913 1491 987 1518 vide-

192 1533 237 1560 bat
253 1534 343 1568 qualia
361 1539 439 1561 erant
459 1535 564 1569 passuri
583 1539 705 1569 potentes
721 1543 784 1563 eum
800 1536 833 1563 ad
851 1541 966 1564 mortem
977 1558 984 1570 ,

191 1583 219 1606 et
235 1578 385 1606 Darabbazn
406 1580 537 1615 eligentes
556 1581 589 1607 ad
610 1581 711 1614 vitant;
732 1582 792 1609 ideo
815 1582 922 1610 dicebat
939 1583 988 1610 do~

192 1626 250 1652 lens
270 1626 303 1653 de
323 1626 363 1653 eis
380 1635 387 1652 :
412 1625 505 1660 Pater,
524 1627 547 1653 si
566 1627 691 1662 possibile
706 1634 755 1660 est,
780 1633 898 1656 transeat
915 1629 987 1656 ralia:

192 1672 242 1698 islt.‘
256 1679 272 1698 α
288 1679 337 1698 me.
353 1671 459 1699 Rursus
472 1679 605 1700 revocans
616 1673 781 1700 desiderium
799 1681 890 1707 snunt,
905 1679 932 1701 et
947 1674 987 1701 ιι-

192 1718 261 1744 deus
279 1723 380 1752 quanta
403 1718 507 1746 utilitas
524 1719 618 1745 mundi
638 1719 722 1746 totius
734 1724 807 1746 esset
825 1718 917 1747 l'utura
940 1727 988 1754 per

192 1763 348 1797 passionem
369 1763 464 1798 ipsius,
482 1764 589 1792 dicebat
608 1774 614 1791 :
632 1764 683 1791 Sed
700 1773 750 1792 non
767 1766 835 1792 sicut
853 1773 899 1799 ego
916 1764 985 1796 rolo,

191 1809 236 1836 sed
257 1810 326 1836 sicut
345 1815 382 1836 tu.
401 1811 515 1838 Videbat
534 1811 624 1838 adhuc
645 1815 757 1846 propter
779 1811 855 1838 illum
871 1811 984 1838 calicem

191 1855 339 1889 passionis,
352 1855 433 1883 etiant
450 1855 547 1883 Judam
561 1858 606 1891 qui
619 1865 652 1884 ex
668 1857 811 1885 duodecim
829 1865 901 1885 unus
915 1862 985 1889 erat,

193 1902 277 1928 tiliunt
301 1902 358 1929 fore
380 1902 550 1937 perditionis.
568 1902 675 1930 ltursus
701 1903 868 1938 iutelligebat
885 1911 933 1938 per
953 1904 984 1930 il-

191 1948 248 1975 luttt
276 1949 388 1976 calicem
413 1950 561 1984 passionis,
593 1950 760 1984 principatus
784 1955 811 1976 et
839 1954 986 1984 potestates

192 1993 401 2028 triumphaudas
430 1994 456 2020 in
480 2001 596 2029 corpore
621 2003 681 2022 suo.
705 1993 820 2029 Propter
846 1995 896 2022 hos
920 2002 985 2029 ergo

191 2048 261 2073 quos
281 2040 307 2066 itt
325 2039 453 2074 passione
469 2047 519 2066 sua
540 2040 649 2066 nolebat
667 2040 764 2074 perire,
780 2040 887 2067 dicebat
903 2050 909 2067 :
931 2039 986 2066 Pa-

192 2090 240 2116 ter,
259 2085 282 2110 si
303 2085 427 2118 possibile
444 2089 492 2116 est,
512 2089 629 2111 transeat
655 2086 727 2112 calix
744 2086 791 2112 iste
816 2094 832 2112 tt
851 2094 907 2115 me:
923 2094 986 2120 pro-

191 2135 250 2165 pter
264 2131 379 2157 salutent
394 2135 484 2157 autetn
502 2131 585 2158 totius
602 2131 712 2158 humani
728 2132 847 2166 generis,
863 2140 923 2167 qua:
937 2140 986 2167 per

1038 893 1142 923 pottuttt
1159 896 1174 915 a
1189 888 1299 916 diabolo
1315 887 1421 916 .lesum.
1434 888 1557 916 Joannes
1572 894 1669 916 autem
1685 890 1809 924 passiam-1n

1037 935 1146 970 quidem
1164 935 1287 969 exponit,
1301 934 1534 969 quemadmodum
1554 935 1621 967 alii;
1647 942 1762 962 orantem
1781 934 1810 962 le

1037 989 1098 1009 sum
1115 985 1145 1008 ut
1160 981 1289 1008 transiret
1309 981 1344 1008 ab
1365 988 1400 1008 eo
1418 981 1493 1008 calix
1511 988 1566 1008 non
1586 981 1750 1013 introducit,
1762 982 1811 1008 sim;

1038 1034 1088 1054 nec
1103 1031 1236 1054 tentatum
1250 1027 1363 1061 exponit
1375 1033 1391 1054 a
1405 1026 1517 1053 diabolo
1530 1025 1642 1054 Iesum.
1657 1027 1767 1054 Causast
1779 1035 1811 1053 ιιι-

1038 1079 1093 1101 tem
1111 1074 1181 1101 hanc
1199 1074 1317 1101 arbitror
1332 1082 1405 1107 esse,
1424 1074 1556 1109 qttoniam
1579 1074 1607 1101 lti
1623 1074 1735 1109 quidem
1750 1082 1810 1108 mag:

1038 1121 1190 1148 secundum
1207 1121 1354 1147 humanam
1371 1120 1433 1155 ejus
1449 1125 1578 1147 naturam
1596 1125 1740 1155 exponunt
1753 1120 1778 1146 de
1791 1128 1811 1144 eu

1038 1175 1121 1202 quam
1134 1167 1284 1194 secundum
1297 1166 1436 1199 divinant;
1449 1166 1571 1193 Jontues
1585 1171 1682 1193 autem
1698 1166 1775 1200 magis
1785 1173 1810 1191 se

1039 1213 1160 1241 euttdum
1177 1213 1297 1240 ditinam
1314 1220 1397 1247 quam
1416 1212 1570 1240 Secundum
1588 1212 1739 1239 humanam
1754 1212 1811 1237 itur:-

1039 1260 1199 1294 pretabatur
1221 1264 1367 1292 naturam;
1388 1259 1522 1286 divinitas
1546 1263 1642 1285 autem
1671 1258 1811 1285 intenuit:

1039 1312 1108 1334 erat.
1123 1306 1185 1333 Ideo
1199 1311 1254 1333 tres
1266 1305 1375 1340 quidem
1390 1305 1567 1340 evangelista:
1579 1309 1764 1340 exposuerunt
1776 1311 1813 1330 ιτηιη

1039 1358 1125 1379 tatum
1141 1361 1148 1379 :
1171 1351 1291 1379 Joannes
1309 1359 1399 1379 autent
1420 1351 1575 1379 sccuttdum
1591 1351 1670 1386 quod
1693 1354 1813 1385 coeperat:

1040 1398 1074 1426 In
1099 1399 1228 1432 principio
1252 1403 1309 1426 erat
1338 1398 1462 1430 Verbum,
1489 1403 1514 1424 et
1546 1397 1664 1424 Verbum
1692 1402 1746 1424 erat
1767 1402 1813 1428 apta

1040 1444 1135 1477 Deum,
1159 1450 1183 1471 et
1200 1444 1270 1471 Deus
1290 1449 1346 1471 erat
1369 1443 1484 1470 Verbum
1500 1443 1543 1476 ⁵¹,
1560 1444 1651 1470 nescit
1675 1443 1756 1470 Deum
1771 1442 1813 1467 Va.-

1039 1491 1104 1518 butn
1121 1499 1200 1526 posse
1213 1491 1323 1518 tetttari.
1342 1490 1388 1518 Sic
1402 1494 1429 1517 et
1442 1490 1487 1517 ltic
1503 1494 1560 1518 tres
1574 1490 1691 1525 quidem
1706 1489 1749 1517 isti
1762 1495 1813 1515 nut-

1039 1538 1129 1564 leruttt
1144 1536 1238 1564 Jesum
1254 1537 1409 1572 postulasse
1424 1545 1439 1564 a
1461 1537 1543 1564 Patre
1563 1542 1593 1564 ut
1621 1537 1751 1563 transiret
1766 1537 1812 1562 tam

1039 1583 1073 1610 ab
1083 1590 1126 1614 co,
1139 1583 1269 1617 quoniattt
1281 1586 1308 1609 et
1319 1582 1460 1617 proprium
1476 1582 1602 1609 hominis
1617 1586 1690 1612 erat,
1707 1586 1814 1616 quantae

1039 1629 1072 1655 ad
1089 1629 1275 1655 inﬁrmitatem
1293 1629 1410 1663 pertinet
1425 1628 1531 1660 carnis,
1553 1627 1625 1654 velle
1645 1628 1758 1655 evadere
1773 1634 1813 1660 pas

1039 1675 1162 1706 sionem;
1178 1674 1297 1701 Joannes
1313 1679 1403 1701 autem
1415 1693 1423 1705 ,
1441 1673 1618 1708 propositum
1636 1673 1742 1700 habens
1754 1679 1815 1705 exp--

1039 1728 1103 1748 nere
1116 1720 1209 1748 Jesunt
1224 1721 1308 1748 Deunt
1324 1719 1457 1751 Verbum,
1471 1719 1566 1746 sciens
1577 1719 1644 1754 quia
1659 1719 1719 1753 ipse
1730 1723 1767 1745 est
1778 1717 1814 1742 \iu

1038 1773 1064 1796 et
1081 1767 1262 1800 resurrectio,
1282 1766 1370 1794 nescit
1388 1765 1474 1793 Deum
1493 1765 1699 1800 impaSsibitem
1718 1763 1815 1797 refugas

1037 1814 1202 1849 passionem.

1073 1860 1118 1887 93.
1140 1859 1173 1886 Et
1190 1859 1258 1886 venit
1273 1858 1307 1885 ad
1320 1857 1468 1892 discipulos
1479 1865 1553 1890 suos,
1567 1861 1591 1883 et
1606 1857 1707 1884 int-cuit
1720 1863 1759 1881 eos
1773 1861 1814 1878 eor-

1038 1905 1156 1932 mientes.
1173 1903 1207 1930 Et
1223 1904 1291 1930 dixit
1308 1902 1389 1929 Petro
1403 1911 1412 1929 .'
1429 1902 1477 1930 Sic
1494 1910 1546 1928 non
1561 1901 1691 1936 pot..istis
1709 1908 1758 1926 una
1769 1899 1814 1923 iter:

1037 1951 1148 1986 vigilare
1160 1950 1281 1977 mecum?
1297 1948 1424 1984 l'igilate,
1437 1952 1462 1974 et
1477 1952 1562 1979 orate,
1577 1955 1609 1973 ne
1622 1947 1730 1972 intratis
1743 1947 1767 1970 it:
1776 1949 1814 1968 tes

1038 1998 1165 2024 tationem
1183 1997 1216 2022 ⁵⁵.
1233 1994 1359 2028 Quandiu
1380 1994 1493 2029 quidem
1510 1993 1599 2020 adfuit
1618 1991 1705 2019 Iesus
1717 1991 1814 2023 discitur

1037 2043 1071 2070 lis
1086 2043 1154 2075 suis,
1173 2050 1226 2069 tton
1247 2041 1436 2072 dormierunt;
1454 2039 1583 2074 pusillutn
1606 2044 1704 2066 autem
1723 2043 1812 2071 prius»

1037 2088 1128 2115 dieute
1141 2095 1175 2114 eo
1190 2087 1225 2113 ab
1240 2086 1290 2117 eis.
1311 2093 1362 2112 ttec
1385 2093 1439 2112 una
1457 2085 1523 2112 hora
1547 2088 1702 2119 potuerunt
1723 2081 1812 2116 vigilaﬁ

1037 2143 1070 2161 eo
1084 2134 1208 2161 absente.
1228 2132 1342 2167 Propter
1356 2131 1430 2166 quod
1451 2139 1563 2159 oremus
1578 2135 1609 2157 ut
1627 2138 1680 2158 nec
1699 2130 1812 2156 modum

191 2183 307 2203 mortem
326 2177 388 2211 ejus
408 2177 462 2204 Deo
482 2177 572 2204 fuerat
590 2178 765 2212 acquirendo,
783 2178 892 2205 dicebat
905 2178 983 2213 quasi
1002 2183 1024 2212 |)
1038 2179 1185 2215 aliquando
1201 2178 1281 2206 Jesus
1296 2178 1490 2213 progrediatur
1504 2184 1520 2204 a
1537 2176 1630 2209 nobis,
1657 2176 1707 2203 sed
1726 2174 1812 2206 impii.

190 2222 347 2256 recogitans
364 2231 371 2249 :
388 2222 439 2249 Sed
458 2230 510 2249 non
527 2223 595 2249 sicut
609 2231 655 2258 ego
669 2223 737 2256 volo,
752 2223 798 2250 sed
815 2223 883 2250 sicut
900 2227 943 2256 tu;
957 2223 983 2250 id

189 2273 242 2301 est,
261 2268 283 2295 si
300 2269 429 2303 possibile
441 2273 482 2296 est
497 2274 526 2296 ut
540 2269 599 2296 sine
616 2270 744 2304 passione
758 2278 816 2297 mea
832 2270 923 2297 omnia
938 2270 982 2297 illa

189 2314 262 2341 bona
282 2315 453 2349 proveniant,
480 2323 541 2350 quas
565 2323 612 2350 per
638 2316 791 2350 passionem
814 2323 904 2343 meam
919 2321 985 2343 sunt

190 2365 366 2396 preventura,
384 2366 505 2388 transeat
524 2362 616 2396 passio
631 2362 686 2389 luet:
700 2370 714 2389 a
739 2370 792 2395 me,
809 2366 839 2389 ut
857 2367 885 2389 et
902 2370 982 2389 mttu-

190 2408 243 2435 dus
258 2408 387 2441 salvetur,
401 2413 425 2435 et
439 2407 524 2435 lubei
538 2408 563 2434 in
580 2409 706 2443 passione
719 2417 778 2435 mea
795 2417 847 2435 ttott
860 2414 982 2444 pereant.

191 2454 220 2481 Si
239 2460 328 2481 anteiit
354 2454 414 2481 sine
440 2454 592 2488 perditione
619 2455 813 2489 quorumdam,
836 2455 983 2482 tnultoruut

190 2501 265 2528 salus
283 2508 337 2527 non
356 2505 446 2535 potest
470 2500 620 2532 introduci,
643 2505 776 2536 quantuni
800 2501 833 2528 ad
846 2500 982 2535 justitiam

189 2553 276 2579 tuam,
292 2554 346 2574 non
360 2551 482 2573 transeat
496 2546 568 2573 sicut
583 2553 634 2581 ego
649 2546 720 2578 volo,
737 2547 784 2582 sed
800 2547 872 2573 sicut
889 2551 927 2573 tu.
945 2546 983 2574 Ae

190 2594 212 2620 si
230 2593 325 2619 dicat:
341 2593 394 2619 ista
412 2592 522 2627 quidem
543 2596 585 2619 est
604 2600 664 2618 mea
687 2592 824 2625 voluntas,
849 2592 895 2619 sed
917 2599 984 2626 quo-

190 2639 263 2666 niam
280 2644 325 2665 tua
339 2639 468 2665 voluntas
486 2638 572 2665 ntttlto
592 2638 756 2665 eminentior
772 2643 824 2669 est,
842 2639 920 2673 quasi
939 2639 982 2664 in-

189 2686 272 2720 geniti
295 2685 359 2718 Dei,
374 2685 453 2720 quasi
467 2684 560 2712 Patris
576 2685 711 2717 omnium,
726 2689 868 2720 propterea
894 2686 981 2719 magis

190 2731 252 2758 \ulo
266 2736 341 2758 tuam
358 2731 526 2758 voluntatem
551 2731 609 2758 ﬁeri
630 2739 713 2766 quain
738 2738 837 2758 meam.
859 2730 978 2758 Calicem

225 2789 246 2805 ⁸⁷
270 2788 341 2816 Psal.
359 2796 420 2820 cxv,
435 2789 484 2820 ΛΞ,
501 2789 544 2817 15.

192 2823 213 2840 ιι
234 2823 327 2850 Matth.
347 2831 420 2856 χιιι,
437 2824 481 2851 ιο.

582 2790 606 2807 ⁵³
625 2788 705 2817 Joau.
722 2797 747 2822 I,
764 2789 787 2817 l.

828 2789 850 2805 δ’
871 2788 965 2816 Matth.
985 2796 1058 2821 xm,
1076 2788 1120 2821 40,
1132 2789 1177 2816 Η.

1037 2227 1109 2262 quod
1132 2225 1258 2260 promisit
1272 2225 1299 2252 in
1315 2224 1405 2255 nobis,
1420 2224 1514 2250 dicens
1528 2231 1535 2249 :
1556 2221 1626 2249 Ecce
1640 2230 1691 2256 ego
1704 2220 1813 2248 rabiam:

1036 2281 1080 2300 ero
1096 2272 1216 2299 omnibus
1234 2270 1336 2302 diebus,
1354 2278 1436 2304 usque
1452 2269 1486 2295 ad
1507 2268 1764 2295 consummatione!
1780 2271 1813 2288 ιε’

1036 2318 1090 2345 culi
1105 2317 1138 2345 ⁵⁸.
1155 2318 1199 2344 hic
1211 2317 1283 2344 enim
1296 2315 1472 2350 vigilabimus
1488 2321 1520 2340 eo
1535 2313 1698 2340 excutient:
1709 2316 1812 2339 solum!

1036 2364 1072 2391 ab
1087 2363 1177 2390 attima
1195 2367 1299 2393 nostra,
1313 2362 1372 2389 sine
1386 2368 1442 2395 quo
1454 2359 1586 2394 possibile
1598 2367 1655 2386 non
1668 2363 1711 2386 est
1725 2357 1812 2390 impii?!

1037 2409 1194 2437 mandatum
1209 2408 1280 2443 quod
1296 2407 1363 2434 dicit
1378 2416 1384 2433 :
1402 2406 1459 2433 Nec
1473 2407 1518 2434 des
1534 2413 1660 2432 somnum
1673 2404 1757 2430 oculis
1768 2408 1811 2427 ttr.

1037 2461 1084 2483 aut
1098 2455 1228 2490 palpebris
1242 2455 1293 2481 tuis
1308 2454 1538 2485 dormitationem,
1553 2458 1581 2479 ut
1593 2452 1696 2479 evadas
1709 2451 1773 2477 sint
1785 2453 1813 2472 ὼ·

1037 2503 1110 2529 mula
1126 2510 1158 2529 ea:
1179 2501 1276 2528 retibus
1297 2505 1322 2527 et
1340 2500 1409 2526 sicut
1432 2500 1488 2526 aris
1508 2507 1542 2526 ex
1559 2498 1658 2534 laqueo
1680 2498 1715 2524 “.
1732 2495 1812 2523 Taurii

1036 2548 1148 2575 veniens
1161 2548 1194 2575 ad
1206 2546 1367 2581 discipulos,
1382 2551 1409 2573 et
1421 2546 1565 2573 inveniens
1577 2545 1761 2573 dormieulfs.

1035 2594 1103 2621 citat
1113 2601 1160 2621 eos
1172 2593 1255 2620 verbo
1267 2593 1299 2619 ad
1314 2592 1495 2623 audiendum,
1510 2595 1540 2618 ut
1551 2592 1610 2626 jam
1621 2591 1706 2626 quasi
1721 2590 1811 2616 ιικίλείτ·

1037 2640 1110 2667 tibus
1130 2640 1204 2667 dicat
1227 2639 1299 2674 quod
1321 2639 1393 2665 dicat
1415 2638 1456 2665 sic
1477 2637 1500 2653 “
1516 2646 1523 2665 :
1540 2637 1604 2663 Non
1626 2637 1751 2672 potuistis
1775 2642 1810 2658 ιιο

1035 2685 1102 2712 liora
1122 2685 1232 2720 vigilare
1249 2683 1370 2710 merum."
1390 2682 1519 2718 Praecipit
1539 2688 1632 2710 atttent
1658 2683 1773 2717 vigilare.
1792 2681 1809 2701 εί

1035 2731 1179 2766 vigilantes
1203 2738 1324 2758 oremus.
1352 2728 1454 2764 Vigilat
1476 2732 1570 2756 autent
1589 2729 1637 2764 qtti
1665 2729 1731 2756 facit
1750 2730 1807 2758 υίίί

1217 2789 1238 2804 ⁶⁰
1257 2787 1351 2814 Matth.
1370 2793 1469 2818 xxvut,
1485 2785 1532 2813 αθ.
1571 2786 1593 2802 ⁶¹
1616 2785 1699 2812 P.0v.
1714 2794 1747 2811 ιι.
1761 2783 1779 2811 ι,
1792 2780 1806 2804 ζ
