1839 3053
208 123 281 157 ηπ

796 125 959 154 οιιιοΕΝιε
977 125 1011 154 IN
1029 125 1238 155 MATTHIEUM

1771 124 1817 153 liii

205 190 249 214 est
278 193 374 213 omnes
406 189 499 221 gentes
515 203 524 218 .
571 189 602 213 ut
642 185 766 213 bibentes
803 185 993 219 inebrientur,
1009 186 1031 215 A
1045 193 1098 214 non
1119 185 1277 220 simpliciter
1299 183 1433 218 dormire,
1454 183 1506 212 sed
1529 182 1605 211 οιιω’
1616 183 1723 218 requie.
1733 183 1817 212 Iahn

205 230 287 266 905
309 235 337 258 ct
359 235 505 264 evomant,
526 235 554 258 et
577 231 696 259 insanire
713 231 845 259 desistant
867 232 900 257 "‘.
917 232 994 260 Sicut

203 277 280 304 enim
304 284 354 311 pro
380 277 458 304 nobis
480 278 608 305 omnibus
632 282 757 305 mortuus
781 282 842 311 est,
859 283 889 305 ut
905 283 995 306 trans-

205 327 250 350 eat
265 329 316 349 nos
338 329 413 350 ntors
435 321 545 349 inimica
565 321 684 355 Christi,
711 321 751 349 sic
773 330 821 357 pro
839 322 918 349 nobis
932 330 994 349 om-

208 368 303 401 nibus,
325 368 372 402 qui
386 367 522 395 debitores
542 374 652 395 eramus
673 371 702 394 ut
717 367 743 394 in
768 372 900 395 aeternum
923 367 995 395 bibe—

207 421 310 446 remus,
323 414 435 440 calicem
453 413 528 441 illum
546 413 624 442 bibit.
640 417 670 441 ut
687 421 734 448 per
749 414 801 441 hoc
815 414 905 448 ipsum
921 415 995 449 quod

207 459 306 486 transit
320 458 355 485 ab
370 465 403 485 eo
423 458 504 491 calix,
518 463 639 486 transeat
661 463 689 486 et
702 467 717 486 a
735 459 814 486 nobis
828 467 882 486 non
901 459 995 486 biben-

207 505 278 531 tibus
295 504 381 530 illum.
401 503 437 530 De
457 511 512 537 quo
535 504 620 532 calice
632 504 698 532 dicit
711 503 844 531 Jeremias
855 504 877 520 ⁷⁷
895 513 901 531 :
921 503 994 531 Dixit

205 549 335 575 Dominus
359 548 429 576 Dt'tu
452 547 539 576 Israel
563 550 597 576 ad
621 550 794 584 me:Accipe
809 549 918 577 culicem
941 550 994 577 vini

207 595 271 621 meri
287 594 366 629 hujus
390 594 422 622 de
447 603 528 622 manu
550 604 607 622 mea
618 615 625 627 ,
640 601 664 622 el
685 596 789 630 potabis
806 604 893 623 omnes
907 601 994 631 gentes

205 640 241 667 ad
258 648 325 675 quas
347 649 393 673 ego
410 641 486 668 mitto
504 645 549 673 te;
570 646 594 667 et
617 640 716 672 bibent,
729 647 754 668 et
770 646 898 673 euoment,
913 647 937 668 et
952 642 993 668 in-

205 685 294 712 unire
317 685 442 712 desistent
460 694 476 712 α
499 685 567 720 [acie
587 685 672 720 gladii
695 694 772 720 quem
795 694 842 720 ego
864 686 939 713 mitto
968 686 996 713 in

205 730 290 757 medio
307 738 408 757 eorum.
426 730 477 762 Qui
503 738 567 765 ergo
591 730 706 757 audiunt.
728 730 891 764 Dominum,
914 736 940 759 et
955 731 994 758 vi-

204 779 271 803 vunt
285 776 436 803 secundum
450 775 561 802 verbum
580 775 650 810 ejus,
667 779 693 803 et
716 780 781 803 sunt
795 775 934 803 emundati
948 783 996 810 per

207 821 284 848 tidem
300 821 398 855 ipsius,
411 820 468 855 jam
485 829 539 847 non
556 828 625 856 opus
641 821 740 848 habent
754 821 799 848 illa
819 821 995 849 mundatione

204 875 266 901 qua:
280 867 310 894 ﬁt
326 874 374 902 per
387 867 499 894 calicem
518 866 592 894 illum
615 867 670 894 iraa.
690 866 767 894 Sicut
787 867 859 894 enim
876 867 923 902 qui
947 867 994 894 loti

204 917 269 940 sntit.
295 921 348 939 non
376 920 445 947 opus
469 912 566 940 habent
592 913 687 946 lavari,
711 914 776 948 quia
800 919 864 940 sunt
881 913 993 945 mundi,

204 959 269 993 quia
285 958 385 986 Christi
402 959 529 993 discipuli
543 963 623 992 sunt;
639 959 679 987 sic
692 959 738 995 qui
754 967 806 987 non
820 964 884 986 sunt
900 960 994 987 mundi

206 1004 389 1032 necessarium
420 1005 520 1032 habent
546 1005 658 1033 calicem
685 1006 782 1038 illum,
808 1005 924 1032 Domino
947 1013 995 1033 eos

205 1051 332 1077 hortante
346 1059 353 1076 :
371 1050 470 1083 Bibite,
482 1055 506 1077 et
521 1051 701 1083 inebriamini,
717 1056 741 1078 et
758 1052 867 1078 cuontite
877 1051 909 1077 ⁷⁸.
925 1050 994 1077 Audi

203 1097 277 1123 enim
301 1097 437 1132 quomodo
463 1096 584 1131 loquitur
613 1096 756 1131 Jercmias,
790 1097 876 1132 magis
903 1101 993 1124 autem

206 1142 275 1170 Deus
296 1143 324 1169 in
344 1141 474 1174 let-entia,
499 1143 648 1170 exhortans
664 1150 712 1170 eos
738 1142 784 1177 qui
809 1142 994 1170 necessarium

205 1189 304 1215 habent
329 1187 442 1215 calicem
468 1188 545 1215 illum
570 1188 666 1221 talem;
691 1188 819 1222 quoniam
844 1187 995 1215 voluntarie

203 1235 302 1262 debent
318 1242 379 1262 eum
396 1234 498 1266 bibere,
516 1234 562 1269 qui
586 1234 770 1262 necessariam
797 1234 897 1262 habent
913 1234 994 1262 talem

204 1281 419 1309 exundationem.
435 1280 569 1313 Quoniam
583 1284 673 1308 autem
687 1280 835 1308 exhortans
851 1280 884 1307 ad
899 1280 995 1308 biben-

202 1328 266 1355 dum
293 1328 349 1354 haec
375 1327 441 1354 dicit
465 1326 547 1358 Deus.
571 1326 715 1354 considera
741 1325 812 1360 quod
836 1325 902 1353 dicit
926 1325 995 1353 inle-

203 1373 260 1400 rius
273 1373 295 1389 ⁷⁵
311 1382 318 1400 :
336 1372 368 1398 Et
384 1372 445 1403 erit,
462 1371 559 1406 inquit,
574 1379 633 1397 eum
648 1370 781 1398 noluerint
802 1369 933 1405 suscipere
947 1379 992 1397 ca-

202 1419 279 1446 licem
301 1419 334 1446 de
360 1427 441 1446 manu
469 1423 515 1445 tua
539 1418 574 1444 ad
594 1417 744 1450 bibendum,
758 1417 830 1444 dicer
851 1418 889 1444 eis
905 1425 913 1443 :
931 1416 995 1444 "are

201 1465 267 1492 dicit
286 1464 411 1491 Dominus
428 1465 558 1491 virtutum
573 1471 582 1490 :
596 1463 718 1490 Bibentes
742 1463 848 1496 bibetie,
868 1462 994 1498 quoniam

1013 855 1033 883 Β

1044 233 1118 260 enim
1132 232 1221 259 diﬂ'ert
1242 232 1390 260 secundum
1405 236 1577 266 praceptum
1594 230 1701 258 Christi
1719 231 1818 262 domin,

1045 281 1072 305 et
1093 276 1265 312 requiescere
1288 284 1303 304 a
1325 276 1522 304 dormitatione
1551 281 1653 304 contra
1680 275 1819 303 voluntatem

1046 321 1133 356 ipsius
1155 322 1289 349 dicentis:
1312 321 1416 348 Manete
1431 321 1491 353 hic,
1508 326 1534 348 et
1559 321 1675 356 vigilate
1690 329 1781 347 mecum
1792 323 1819 353 5';

1045 373 1072 394 ct
1085 368 1294 402 improperantis
1307 371 1417 402 propter
1436 375 1577 398 somnum,
1594 371 1623 393 et
1640 367 1756 394 dicentis
1771 368 1819 395 :Sn

1046 420 1098 440 non
1110 413 1235 447 potuistis
1250 421 1303 439 una
1319 413 1384 439 hora
1401 412 1513 448 vigilare
1526 420 1632 439 mecum
1649 412 1691 438 "?
1706 411 1762 439 Non
1774 421 1820 448 erga

1045 458 1182 487 contraria
1207 458 1259 485 sibi
1283 457 1369 491 dixit,
1390 457 1486 485 dicens
1502 458 1558 485 illic
1579 467 1587 484 :
1606 457 1719 492 vigilate
1733 458 1831 490 ma,’

1046 505 1090 533 hic
1108 510 1209 537 autem,
1230 505 1342 531 dormite
1355 509 1381 531 et
1396 505 1566 539 requiescite;
1584 505 1634 532 sed
1660 509 1692 531 ut
1707 506 1768 532 ordo
1781 513 1821 531 scr-

1046 555 1133 584 vrtttr,
1147 555 1176 578 ut
1189 551 1305 586 primutn
1318 551 1427 585 quidem
1447 551 1593 585 vigilemus
1606 555 1734 582 orantes,
1746 556 1771 577 tu
1783 559 1820 576 nos

1046 597 1179 624 intremus
1200 597 1227 623 in
1251 597 1441 629 tentalionem,
1455 601 1482 623 et
1506 600 1604 632 postea
1625 596 1790 623 dormtnus
1804 603 1821 622 et

1046 642 1250 676 requiescamus
1285 642 1434 669 secundum
1469 641 1517 669 Dei
1547 646 1733 677 praeceptum.
1756 641 1821 674 Quem

1046 695 1172 715 somnum
1197 687 1326 715 Salomon
1354 687 1430 721 ponit
1455 687 1482 714 in
1505 687 1699 722 promissione
1720 688 1781 714 bene
1795 688 1823 713 vi-

1045 734 1182 766 ventibus,
1201 734 1294 761 dict-ns
1308 734 1336 760 in
1349 732 1503 760 Proverbiis
1524 733 1585 760 suis
1600 733 1626 753 ἰ
1645 742 1653 759 ;
1668 732 1699 760 Si
1720 734 1783 760 enim
1795 743 1823 759 κο

1046 779 1127 812 derit,
1141 780 1198 806 sine
1211 780 1303 806 timore
1317 778 1386 810 erit;
1400 778 1424 804 si
1440 783 1527 804 autem
1550 778 1714 812 dormieris,
1731 780 1822 805 tuatim

1046 825 1170 856 dormiet,
1183 830 1208 851 et
1224 832 1276 851 non
1291 823 1394 851 timebit
1408 831 1529 857 pavorem
1545 823 1781 856 superuenientem,
1792 833 1822 849 ιιι

1046 871 1157 905 impetus
1184 871 1324 905 impiorum
1352 870 1490 896 irruentes.
1519 869 1554 896 Et
1591 869 1698 902 David,
1723 871 1822 897 diversas

1045 917 1135 944 sciens
1151 917 1257 951 vigilias
1272 921 1300 943 et
1314 916 1536 947 dormitationes,
1558 915 1672 950 juravit
1686 915 1793 942 Domino
1805 923 1823 942 et

1044 967 1137 990 votum
1153 963 1225 990 vovit
1240 962 1295 990 Deo
1305 961 1400 995 Janob,
1413 969 1464 989 non
1477 961 1630 989 ascendere
1647 969 1733 996 supra
1746 961 1822 989 lectu

1046 1014 1150 1036 stratus
1164 1009 1217 1041 sui,
1234 1016 1285 1035 nec
1304 1008 1371 1035 dare
1393 1016 1517 1036 somnum
1532 1007 1625 1034 oculis
1640 1008 1703 1034 suis
1723 1015 1768 1034 nec
1780 1009 1823 1042 pal-

1045 1054 1137 1089 pebris
1158 1055 1216 1082 suis
1238 1054 1472 1085 dormitationcm,
1488 1058 1518 1081 et
1543 1053 1599 1080 hoc
1621 1054 1721 1080 tantiiu
1746 1054 1824 1085 (aere,

1045 1101 1132 1127 donec
1156 1099 1275 1127 inveniat
1296 1099 1384 1125 locum
1402 1098 1535 1130 Domino,
1559 1098 1772 1125 tabernaculum
1785 1098 1824 1125 Dee

1044 1145 1129 1173 Jacob
1144 1146 1186 1172 5‘:
1207 1150 1235 1172 ut
1251 1153 1312 1172 cum
1331 1144 1465 1171 invenerit
1485 1144 1579 1172 locum
1601 1144 1735 1176 Domino,
1749 1152 1824 1171 ascra-

1045 1191 1092 1218 dat
1109 1197 1192 1225 supra
1205 1190 1304 1217 lectum
1315 1194 1418 1217 stratus
1430 1189 1483 1220 sui.
1500 1193 1528 1216 et
1542 1190 1592 1216 det
1609 1197 1745 1217 somnum
1759 1191 1825 1217 oculis

1045 1237 1103 1264 suis
1120 1235 1314 1263 renoranlibus
1325 1242 1366 1268 se,
1382 1239 1411 1262 et
1433 1239 1493 1269 post
1515 1234 1646 1269 requiem
1668 1242 1825 1270 [ιτ-τμηθῇ-

1046 1282 1097 1310 bus
1115 1282 1149 1310 ad
1164 1289 1262 1309 novam
1279 1285 1306 1308 et
1322 1280 1486 1308 diviniorem
1506 1281 1732 1314 surrectiortem,
1747 1289 1824 1308 secer

1044 1329 1110 1356 dum
1133 1327 1206 1363 quod
1231 1327 1300 1355 solet
1325 1327 1516 1361 corporalibus
1543 1327 1715 1354 horninibus
1738 1328 1825 1354 evenire

1045 1378 1107 1409 post.
1121 1380 1247 1401 somnum
1262 1371 1413 1399 naturalem
1431 1376 1457 1398 et
1474 1379 1586 1399 sanum.
1603 1371 1738 1399 Forsitan
1755 1378 1824 1399 autem

1046 1423 1073 1446 et
1089 1418 1179 1445 anima
1192 1425 1246 1444 non
1267 1421 1363 1451 potens
1381 1423 1490 1450 semper
1505 1415 1625 1443 sull‘erre
1644 1416 1756 1444 labores
1767 1418 1824 1451 qua

1045 1469 1134 1492 creata
1151 1468 1178 1490 et
1191 1463 1342 1495 incarnata,
1355 1467 1382 1489 et
1400 1469 1454 1488 non
1469 1461 1611 1489 suﬁiciens
1626 1462 1691 1490 sine
1709 1462 1825 1489 intemn-

201 1510 230 1536 ὄπ
243 1510 348 1537 ciuitate
361 1518 440 1545 super
455 1517 535 1545 quam
551 1509 700 1536 invocatum
722 1513 761 1536 est
787 1517 880 1535 nomen
895 1516 992 1542 nteant,
1007 1522 1029 1551 ο
1045 1510 1122 1538 sione
1144 1515 1253 1536 servare
1277 1507 1392 1539 bonum,
1413 1507 1593 1534 remissiones
1610 1507 1675 1534 sine
1698 1508 1824 1542 reprehen-

200 1563 279 1589 auper
305 1556 390 1588 ipsam
414 1555 538 1589 incipiant
563 1563 609 1589 ego
629 1554 754 1581 inducere
782 1553 874 1586 mala,
898 1558 922 1580 et
947 1562 991 1580 vos

202 1600 374 1627 mundatione
404 1600 609 1626 mmnlabt'mini.
641 1599 708 1626 Vide
739 1603 830 1626 autent
860 1599 990 1633 quoniam

203 1649 265 1679 post
282 1645 397 1679 primam
417 1645 567 1672 orationem
583 1645 653 1672 venit
676 1645 709 1672 ad
730 1644 894 1679 discipulos.
909 1649 935 1671 et
951 1645 992 1671 in-

202 1691 276 1717 venit
292 1698 339 1718 eos
355 1691 537 1724 dormientes;
556 1691 680 1717 similiter
703 1695 762 1725 post
783 1690 929 1718 secundam
948 1698 991 1717 vc-

202 1734 280 1762 n'tens
297 1735 400 1762 invenit
416 1743 463 1762 eos
486 1735 661 1767 dormientes,
684 1735 810 1769 quoniam
831 1740 906 1762 erant
922 1735 992 1762 oculi

201 1787 291 1806 eorum
312 1781 414 1814 gravati
429 1780 463 1807 °°.
485 1779 555 1807 Puto
578 1784 668 1807 autem
694 1788 747 1807 non
771 1785 875 1808 tantum
894 1788 992 1815 corpo-

201 1833 262 1852 rum
278 1833 371 1852 eorum
388 1826 460 1853 oculi
476 1830 608 1860 quantum
635 1826 787 1852 animarum
806 1833 912 1853 eorum.
935 1825 990 1852 Ad-

202 1871 255 1899 huc
271 1872 342 1899 cnim
358 1873 478 1898 nondum
497 1876 636 1898 amoverat
650 1871 684 1897 ab
696 1872 783 1898 oculis
794 1871 990 1906 discipulorum

200 1926 313 1945 suorum
328 1926 472 1952 gravantem
495 1918 663 1952 impositum,
680 1925 730 1944 nec
749 1918 821 1944 cnim
841 1918 929 1944 fuerat
944 1917 992 1945 ad—

203 1963 256 1990 huc
274 1963 480 1990 honorilicatus.
507 1962 539 1988 Et
560 1963 630 1989 sicut
652 1962 772 1989 nondunt
797 1966 857 1989 erat
873 1962 991 1997 Spiritus

201 2008 292 2040 datus,
310 2008 439 2043 quoniam
464 2006 543 2035 Jesus
569 2007 688 2034 nondum
712 2012 770 2034 erat
785 2007 990 2040 lionorilicatus,

203 2056 243 2083 sic
257 2055 329 2082 oculi
344 2062 439 2082 eorum
458 2053 578 2080 nondum
601 2052 708 2080 fuerant
729 2053 840 2080 rerelati
864 2062 879 2080 a
896 2061 992 2089 grava-

203 2100 286 2133 mine,
301 2100 431 2134 quoniam
446 2098 526 2127 Iesus
540 2099 659 2125 nondum
680 2098 769 2126 fuerat
784 2098 990 2126 honorilicatus.

201 2145 280 2173 Unde
294 2153 348 2172 non
360 2153 407 2172 eos
420 2145 604 2180 reprehendit,
618 2145 665 2173 sed
682 2144 782 2172 vadens
796 2145 894 2172 iterum
914 2145 991 2172 tertia

1044 1556 1121 1583 sione
1143 1554 1233 1589 aliqua
1256 1558 1455 1588 consequetur,
1480 1560 1543 1587 quae
1564 1553 1715 1581 moraliter
1741 1554 1826 1580 somnia

1043 1607 1124 1636 atque
1138 1599 1343 1627 dormitationes
1366 1599 1505 1631 dicuntur,
1525 1602 1554 1624 ut
1579 1606 1672 1633 usque
1687 1600 1825 1634 aliquanta-

1043 1647 1098 1674 lum
1115 1646 1245 1680 temporis
1270 1645 1374 1672 habens
1398 1645 1592 1672 remissionem
1604 1666 1612 1678 ,
1632 1653 1752 1681 surgens
1766 1653 1827 1672 reno-

1043 1695 1105 1718 vata
1129 1691 1316 1718 resuscitetur.
1332 1689 1361 1719 Si
1386 1695 1478 1718 autem
1502 1690 1554 1718 hoc
1580 1691 1636 1718 erit
1660 1699 1780 1726 semper.
1801 1698 1825 1717 an

1042 1745 1109 1769 non,
1124 1735 1309 1763 abundantius
1333 1739 1438 1769 quaerat
1460 1735 1507 1770 qui
1533 1739 1626 1769 potest
1647 1735 1682 1762 dc
1705 1735 1797 1762 talibus
1809 1741 1826 1760 et

1042 1789 1164 1817 qumrcrc
1181 1786 1207 1808 et
1228 1781 1377 1816 intelligere
1393 1780 1428 1807 de
1442 1780 1543 1808 divinis
1559 1779 1730 1815 ScripturisI
1744 1785 1768 1807 et
1783 1781 1825 1807 SlE't

1042 1826 1164 1862 periculo
1177 1826 1363 1861 pronuntiare.

1077 1872 1121 1900 97.
1138 1871 1204 1899 Ecce
1219 1870 1439 1906 appropinquavit
1462 1869 1528 1897 liora
1539 1891 1546 1903 ,
1572 1875 1598 1897 et
1625 1869 1719 1898 Filius
1733 1871 1824 1897 homin

1043 1918 1163 1944 tradetur
1176 1917 1204 1943 in
1226 1925 1319 1943 uiantis
1338 1921 1507 1950 peccatorum
1521 1914 1554 1942 “.
1576 1913 1696 1950 Propter
1712 1916 1778 1943 hanc
1791 1916 1824 1941 ba-

1043 1971 1100 1990 ram
1118 1967 1183 1998 puto
1205 1967 1229 1989 cl
1244 1961 1278 1988 ad
1294 1966 1407 1988 matrem
1425 1968 1504 1988 suant
1526 1959 1638 1988 dicebat
1651 1961 1695 1987 "2
1720 1960 1824 1987 Nondu-

1042 2008 1110 2035 venit
1125 2008 1192 2034 ltoru
1208 2015 1274 2033 mea.
1294 2005 1325 2033 Et
1349 2006 1393 2033 llic
1415 2005 1489 2032 enim
1513 2004 1594 2031 docet
1617 2005 1753 2039 quoniam
1775 2006 1823 2030 bon

1043 2052 1207 2088 appropians
1225 2053 1275 2078 hoc
1291 2050 1388 2086 agebat
1402 2055 1432 2077 ut
1449 2048 1536 2077 Filius
1550 2049 1675 2077 hominis
1692 2050 1823 2077 traderetur

1044 2098 1071 2125 in
1089 2106 1186 2125 manus
1202 2101 1390 2131 peccatorum.
1403 2093 1514 2122 Utinam
1530 2095 1598 2121 etin
1617 2095 1733 2122 illorum
1750 2102 1821 2130 pem-

1044 2149 1133 2170 torum
1149 2141 1338 2170 tantummodo
1350 2149 1449 2168 manus
1461 2140 1542 2168 Jesus
1554 2140 1677 2168 traditus
1694 2146 1758 2167 tunc
1774 2140 1822 2166 iui»

201 2192 260 2218 vicc
283 2190 516 2225 oravit'idipsum,
532 2190 633 2218 docens
649 2195 677 2218 et
701 2199 751 2218 nos
772 2199 818 2226 pcr
833 2190 885 2218 hoc
901 2191 990 2225 ipsum
1007 2191 1031 2221 D
1045 2191 1100 2218 set!
1116 2197 1189 2217 nunc
1205 2194 1293 2216 autem
1312 2187 1431 2215 arbitror
1453 2195 1563 2222 semper
1577 2187 1604 2214 in
1629 2195 1732 2214 manus
1750 2194 1821 2221 pm?

202 2241 231 2264 ιιι
246 2243 300 2264 non
313 2236 471 2263 deﬁciamus
485 2236 511 2262 in
528 2237 662 2269 oratione,
678 2236 724 2264 sed
743 2244 950 2271 permaneamus
962 2237 989 2264 in

202 2283 260 2317 ipso
283 2281 366 2309 verbo
391 2282 540 2314 orationis,
563 2282 650 2310 donec
674 2282 850 2317 impetremus
875 2289 907 2310 ea
930 2290 992 2317 qua:

201 2329 338 2364 postulare
351 2329 408 2363 jam
422 2329 565 2363 coepimus.
855 2362 858 2364 _

236 2375 280 2402 96.
301 2374 372 2402 Tune
398 2375 501 2401 veniens
526 2375 596 2401 dixit
611 2374 749 2408 discipulis
766 2375 820 2400 suis
838 2382 846 2400 :
870 2372 990 2402 Dormite

201 2430 279 2455 nunc,
294 2425 318 2448 et
333 2421 500 2457 requiescite;
515 2429 571 2447 ecce
588 2421 727 2455 appropiat
742 2421 787 2456 qui
804 2429 844 2448 me
857 2422 941 2448 tradet
955 2420 988 2448 ⁸¹.

201 2467 278 2495 Tunc
302 2468 361 2495 sine
387 2467 470 2494 dubio
494 2471 555 2502 post
579 2467 739 2494 orationem.
758 2466 815 2493 Non
839 2472 929 2493 autent
949 2471 992 2494 est

202 2514 246 2540 ille
269 2514 326 2548 ipse
349 2521 463 2540 somnus
479 2520 558 2548 quem
583 2513 659 2547 jubet
681 2518 746 2539 tunc
762 2512 912 2547 discipulos
925 2518 991 2540 suos

201 2560 335 2591 dormire,
364 2563 391 2586 ct
415 2559 459 2586 ille
481 2559 527 2594 qui
549 2559 590 2586 bis
613 2560 738 2594 superius
759 2559 888 2586 scribitur
905 2559 992 2586 conli-

201 2603 273 2638 gisse
289 2603 440 2638 discipulis.
464 2602 520 2631 Illic
544 2604 616 2630 enim
641 2604 807 2630 dormientes
830 2603 943 2636 invenit,
964 2609 991 2631 et

202 2657 256 2676 non
284 2649 506 2683 requiescentes:
529 2654 556 2676 ct
582 2650 678 2676 iterum
701 2649 867 2677 dormientes
889 2650 991 2677 invenit

201 2699 327 2729 gravatos
340 2695 437 2722 oculos
454 2696 599 2728 habentes;
617 2703 690 2722 nunc
708 2700 798 2723 autem
813 2695 939 2730 praecepit
952 2696 992 2723 eis

237 2777 260 2792 ⁷⁸
270 2776 326 2804 Jcr.
343 2785 406 2809 xxv,
426 2777 472 2807 l5,
490 2776 532 2804 16.
575 2777 597 2792 ⁷⁷
618 2777 682 2804 ibid.

203 2812 226 2826 ⁴¹
244 2812 309 2847 ibid.
407 2812 430 2827 ⁸³
450 2811 516 2838 ibid.
532 2811 576 2838 ιο.
615 2813 638 2828 ⁸⁵
663 2812 745 2840 l‘rov.
766 2813 882 2847 “1,21,
906 2813 950 2840 25.

213 2853 246 2879 ιι,
260 2846 286 2872 ι.
324 2847 347 2876 ⁷⁸⁸
366 2846 462 2874 Matth.
479 2854 553 2878 xxvi,
572 2847 615 2874 46.

721 2778 744 2794 ⁷⁸
764 2778 828 2805 ibid.
849 2776 894 2805 27.
932 2778 955 2793 ⁷⁹
974 2778 1038 2804 ibid.
1060 2777 1112 2809 28,
1127 2777 1172 2803 9.9.
1210 2776 1232 2792 ⁸ο
1249 2775 1344 2803 Matth.
1368 2783 1444 2806 nrt.
1459 2776 1506 2802 43.

721 2821 745 2840 ν.
766 2813 882 2840 ιιι.2ι.
906 2813 950 2840 25.
992 2814 1013 2829 ⁸⁵
1033 2812 1104 2840 Psal.
1129 2820 1228 2840 cxxxt.
1255 2812 1310 2839 5-5.
1349 2812 1371 2828 "
1391 2811 1492 2838 Matth.

1056 2820 1104 2840 sat.
1129 2820 1210 2840 cxxxt
1221 2832 1228 2844 ,
1256 2820 1310 2839 o-o.

1045 2240 1133 2263 torum
1160 2235 1276 2262 traditur
1297 2233 1387 2267 Iesus,
1405 2232 1518 2268 quando
1546 2232 1574 2259 bi
1601 2233 1652 2267 qui
1671 2233 1789 2259 videntur
1804 2232 1820 2254 ἐκ

1043 2281 1136 2310 .Iesum
1153 2282 1274 2314 credere,
1290 2281 1390 2308 habent
1403 2279 1500 2306 Jesum
1515 2279 1542 2306 in
1560 2280 1692 2306 manibus
1708 2280 1765 2306 suis
1778 2285 1821 2304 cr:

1043 2328 1097 2355 sint
1107 2331 1274 2362 peccatores.
1288 2325 1340 2353 Sed
1355 2330 1382 2353 et
1396 2326 1620 2360 quotiescunque
1633 2325 1730 2360 justus
1743 2324 1822 2351 intra

1045 2374 1071 2401 in
1090 2382 1118 2401 sc
1139 2368 1233 2400 iesutn
1255 2373 1281 2399 in
1300 2375 1434 2407 potestate
1461 2370 1552 2398 I‘actus
1570 2370 1656 2398 fuerit
1669 2375 1821 2406 peccat-aram

1046 2417 1204 2446 facientium
1219 2419 1243 2446 ei
1260 2418 1333 2453 quod
1361 2422 1489 2452 possunt,
1514 2417 1596 2445 Iesus
1615 2421 1662 2445 est
1686 2416 1795 2444 traditus
1806 2421 1821 2439 ιιι

1045 2473 1142 2492 manus
1157 2469 1340 2500 peccatorum.

1079 2510 1123 2539 98.
1141 2510 1257 2546 Surgite,
1273 2518 1375 2542 eamus,
1389 2517 1447 2536 ecce
1467 2509 1641 2544 appropiovit
1663 2509 1710 2544 qui
1732 2516 1769 2534 tne
1786 2514 1823 2532 παι

1045 2559 1086 2584 det
1102 2558 1136 2584 ⁸⁵.
1150 2556 1298 2591 Postquam
1313 2556 1458 2583 suscitavit
1473 2563 1522 2584 eos
1537 2557 1573 2584 ab
1590 2556 1638 2583 illo
1650 2561 1749 2583 somno
1762 2559 1821 2588 quc'5

1045 2604 1175 2635 diximus,
1184 2604 1382 2637 consequenter
1395 2601 1463 2628 dicit
1474 2602 1620 2637 discipulis
1634 2603 1694 2629 suis
1708 2609 1715 2626 :
1728 2599 1821 2633 Surgit.

1045 2656 1146 2675 eamus.
1163 2646 1196 2675 Et
1210 2647 1305 2675 videns
1318 2646 1346 2674 in
1360 2646 1444 2682 906
1461 2645 1563 2682 spiritu
1580 2647 1821 2682 appropinquatum1

1045 2694 1143 2722 Judam
1169 2694 1317 2727 traditioni,
1341 2694 1389 2729 qui
1415 2693 1540 2720 nondum
1563 2693 1711 2721 videbatur
1734 2700 1748 2719 a

1546 2777 1568 2791 "‘
1588 2776 1655 2803 ibid.
1722 2780 1747 2802 ‹·ι
1766 2779 1817 2806 snit

1349 2812 1371 2828 "
1391 2811 1492 2838 Matth.
1519 2820 1608 2847 uri,
1628 2812 1674 2839 45.
1725 2811 1747 2826 ⁸⁷
1762 2809 1816 2837 ἅμα
