1839 3053
21 138 87 166 1749

580 137 905 167 ΟΟΜΜΕΝΤΑΜΟΒΗΜ
926 137 1061 166 SEMES.

1572 139 1640 177 17.30

18 196 87 230 pulis
98 194 178 230 ejus,
197 194 267 222 dixit
286 204 292 222 :
313 194 380 224 Ecce
396 196 560 231 appropiaoit
581 198 626 232 qui
647 205 687 225 me
704 197 800 224 tradet.
816 200 837 227 Α
854 196 949 223 Rabbi.
965 195 999 223 Et
1017 195 1152 223 osculatus
1173 200 1213 222 est
1238 204 1307 224 eum.
1333 196 1368 223 At
1394 196 1472 224 Iesus
1494 197 1563 224 dixit
1584 199 1608 224 ei
1629 205 1639 226 :

19 241 72 276 Ego
89 245 180 268 autem
193 245 260 276 puto
274 248 327 268 non
341 249 402 269 esse
419 241 547 276 idipsuni,
559 250 624 270 ecce
636 243 803 278 appropiavit

18 286 93 318 milii,
108 290 136 312 et
157 294 216 313 ecce
232 287 396 321 appropian't
409 288 454 322 qui
475 297 514 316 me
533 291 629 315 tradet.
653 288 709 316 Nec
729 289 804 316 enim

14 333 64 366 ipsi
83 331 149 359 Jesu
164 332 399 367 appropinquabat
413 335 527 362 traditur
542 335 610 369 ejus,
626 335 672 369 qui
687 342 716 362 se
727 335 803 362 elon-

14 382 124 412 gaverat
148 377 266 412 peccatis
287 378 345 406 suis
368 379 402 406 ab
423 379 488 407 Iesu
501 400 509 414 ,
529 385 556 408 et
583 381 734 414 proditione
748 389 803 416 qua

15 423 123 449 tradere
149 430 211 449 eum
239 423 400 451 consiliatus
423 431 482 459 est;
507 427 555 454 sed
575 427 746 462 appropiavit
768 427 801 454 ad

19 468 182 495 tradendum
207 468 307 495 Filium
327 469 370 496 Dei
394 478 475 504 quem
495 471 551 506 jam
568 472 732 507 prodiderat.
749 473 801 500 Sed

16 518 42 540 et
52 521 149 540 omnes
165 517 384 554 transgressores
407 516 483 551 prius
503 517 621 552 produnt
638 517 742 551 Jesum,
754 526 802 553 po-

15 564 68 585 stea
84 559 206 586 tradunt.

48 604 91 631 99.
118 603 155 630 Et
170 604 255 631 adhuc
280 613 310 632 eo
336 606 468 640 loquente,
493 609 552 634 ecce
576 607 664 635 ludas
687 616 754 635 unus
769 615 801 634 ea:

13 650 150 676 duodecim
166 650 246 684 venit,
262 656 288 677 et
303 659 361 678 cum
378 659 408 679 eo
423 652 502 679 turba
525 653 610 679 multa
626 662 685 680 cum
702 654 799 688 gladiis

12 702 35 722 et
55 695 171 730 [uitibus
193 697 269 724 miui
284 706 300 724 a
313 697 475 731 principibus
490 699 656 727 sacerdotum
670 704 695 726 et
715 701 800 726 senio-

13 741 82 768 ribus
95 742 188 776 populi
198 743 231 769 ⁸³.
245 742 353 775 Quaeret
366 747 457 770 autem
473 744 574 779 aliquis
590 746 671 772 etiam
686 753 798 772 causam

12 795 59 815 cur
75 789 161 815 inulta
182 789 262 816 trba
285 789 368 817 fuerit
390 796 553 825 congregata
575 799 637 818 cum
663 792 759 826 gladiis
772 796 799 818 et

13 832 128 861 fustibus
146 840 228 868 super
248 842 322 862 eum.
347 835 410 863 Erat
428 840 530 868 autem,
550 837 699 864 secundum
715 836 798 864 Joan—

855 244 955 275 Amice,
977 242 1012 269 ad
1037 243 1101 277 quid
1127 242 1220 270 uenisti
1243 243 1282 269 "‘3
1308 242 1423 278 Dignum
1451 247 1492 270 est
1518 252 1640 278 quaerere

853 295 935 322 quam
950 288 985 315 ob
1004 295 1126 319 causam,
1140 295 1202 315 cum
1225 287 1312 322 palam
1339 288 1476 316 docuisset
1495 287 1575 316 Iesus
1592 298 1640 324 per

853 334 974 368 singulas
987 334 1122 366 civitates,
1134 338 1161 360 et
1176 334 1258 364 vicos,
1271 338 1297 360 et
1312 341 1473 369 synagogas,
1489 335 1640 370 przedicans

853 380 992 416 Evangelii
1010 381 1134 412 verbum,
1150 380 1186 407 ita
1209 385 1238 406 tit
1262 379 1333 406 fama
1357 381 1415 414 ejus
1438 381 1525 408 exiret
1542 382 1568 408 in
1581 390 1640 409 om-

853 435 913 454 nem
938 427 1087 462 regionem,
1110 430 1136 453 et
1159 425 1309 453 secundum
1333 425 1429 453 faciem
1450 427 1640 455 maniiestatus

851 477 923 501 esset
942 474 1070 500 omnibus
1093 472 1279 500 habitantibus
1306 473 1334 500 in
1356 473 1465 506 Judzea,
1487 474 1564 508 quasi
1585 483 1638 502 non

851 519 1077 554 cognoscentibus
1101 519 1214 554 ciligiem
1240 519 1299 553 ejus
1326 519 1399 547 dedit
1427 519 1533 554 signum
1554 519 1639 548 Judas

851 565 943 591 missis
969 572 984 592 a
1010 565 1178 600 principibus
1197 565 1386 598 sacerdotum,
1406 565 1498 593 dicens
1515 575 1521 592 :
1538 565 1636 597 Quem-

851 619 950 646 cunque
962 610 1096 637 osculatus
1109 611 1195 645 [uero,
1210 611 1264 645 ipse
1278 617 1327 638 est.
1346 611 1423 644 Quod
1438 616 1527 638 autem
1544 616 1570 639 et
1586 612 1637 646 ipsi

850 657 896 691 qui
912 661 1041 684 venerant
1054 665 1115 684 cum
1130 656 1198 684 Juda
1215 657 1248 684 ad
1263 657 1547 692 comprehendendum
1562 665 1636 686 eum.

850 701 1006 736 frequenter
1024 709 1088 729 eum
1108 701 1250 733 vidissrnt,
1267 701 1456 728 manifestatur
1472 709 1505 728 ex
1518 709 1551 729 eo
1564 702 1636 736 quod

850 745 906 780 ipse
922 745 1002 773 Jesus
1013 746 1079 773 dicit
1096 747 1130 773 ad
1146 747 1240 774 turbas
1256 756 1262 773 :
1279 746 1362 778 Quasi
1376 746 1410 772 ad
1422 746 1550 772 latronem
1567 747 1638 773 veni-

849 791 897 818 stis
912 800 970 818 cum
988 791 1086 826 gladiis
1102 797 1126 818 et
1142 791 1257 826 fustibus
1271 791 1485 826 comprehendere
1503 800 1551 819 me.
1569 791 1638 824 Quo-

850 836 913 863 tidie
931 837 1064 864 vobiscum
1089 837 1209 864 sedebant
1234 837 1259 863 in
1287 836 1381 871 templo
1400 837 1512 870 ducens,
1534 841 1558 863 et
1585 845 1638 863 non

12 886 69 905 nem
84 879 120 912 '°,
133 880 218 907 multa
236 880 293 907 haec
314 881 392 909 turba
412 883 512 910 cohors
531 883 660 916 militum,
676 888 701 910 et
716 883 796 910 mini-
813 872 834 899 Β
850 882 972 908 tenuislis
987 890 1027 908 me
1042 881 1076 908 ".
1091 881 1222 909 Similiter
1238 885 1265 908 et
1280 880 1400 908 Joannes
1417 881 1499 908 refert
1515 889 1576 908 eum
1595 881 1636 908 di-

12 923 56 950 stri
70 932 84 951 ii
99 924 269 959 principibus
284 926 456 954 sacerdotum
476 928 641 955 transmissi.
660 928 693 954 Et
708 932 797 963 potest

12 969 96 997 dicere
110 971 211 1005 aliquis
222 971 350 1005 quoniam
366 978 475 1007 propter
487 973 686 1001 multitudinem
701 982 795 1001 eorum

12 1015 53 1048 qui
67 1015 123 1050 jam
137 1017 313 1044 crediderant
327 1017 355 1044 in
368 1026 430 1045 eum
447 1026 480 1046 ex
500 1019 610 1054 populo,
632 1020 699 1046 tanti
715 1028 796 1047 vene.-

12 1066 71 1088 runt
84 1062 219 1089 adversus
242 1071 315 1096 cum,
336 1065 463 1093 timentes
489 1072 523 1092 ne
546 1065 631 1092 multa
649 1065 795 1092 multitudo

12 1105 174 1133 credentium
199 1107 233 1134 de
255 1108 382 1144 manibus
404 1116 499 1135 eorum
523 1113 629 1143 raperet
650 1117 723 1136 eum.
739 1109 796 1144 Ego

12 1153 94 1176 autem
107 1151 235 1178 existimo
255 1152 368 1180 alteram
384 1161 494 1181 causam
518 1159 688 1189 congregata
703 1155 796 1181 multi-

12 1195 107 1222 tudinis
119 1201 215 1224 contra
229 1206 303 1230 eum,
319 1199 448 1232 quoniam
472 1199 518 1234 qui
536 1200 667 1234 putabant
688 1191 749 1228 enni
767 1202 793 1228 in

12 1240 153 1270 Bee!zebub
176 1243 274 1277 ejicere
302 1244 390 1271 solere
419 1245 567 1278 daemonia,
591 1246 796 1274 arbitrabantur

12 1293 67 1312 eum
81 1295 113 1314 ex
129 1288 293 1322 quibusdam
312 1290 443 1317 maleticis
465 1290 616 1325 disciplinis
639 1296 666 1318 et
681 1292 794 1326 magicis

12 1338 84 1365 posse
102 1332 220 1368 cil‘ugere
235 1334 268 1361 de
288 1334 377 1361 medio
392 1335 539 1362 volentium
560 1343 622 1365 eum
646 1340 746 1363 tenere.
762 1336 794 1364 Et

12 1377 119 1404 lorsitan
148 1377 260 1412 quidam
290 1387 384 1406 eorum
410 1380 552 1408 audierant
576 1382 714 1416 quomodo
745 1382 795 1408 alio

12 1423 114 1455 quando
130 1431 193 1450 cuin
210 1424 266 1458 jam
290 1424 500 1459 principitandus
521 1425 618 1453 fuisset
643 1426 676 1453 de
699 1433 794 1461 supcr-

12 1468 67 1495 eitio
85 1470 197 1502 montis,
211 1470 305 1505 eliugit
328 1478 423 1498 manus
440 1470 496 1505 jam
515 1471 662 1499 tenentium
685 1479 724 1504 se,
739 1480 793 1499 non

12 1513 66 1547 luga
89 1515 206 1550 simplici
230 1521 258 1543 et
284 1516 420 1550 humana,
436 1517 483 1545 sed
501 1517 553 1544 alia
576 1518 692 1552 quadam
716 1522 792 1545 extra

12 1564 126 1587 naturam
149 1561 309 1590 humanam.
335 1562 448 1598 Propter
470 1564 540 1591 hanc
563 1565 663 1591 etenim
677 1572 789 1592 causam

12 1605 83 1632 etiam
104 1607 175 1640 apud
191 1607 312 1635 Marcum
335 1607 418 1636 Judas
435 1609 543 1637 dicebat
561 1610 647 1637 turba:
668 1618 728 1644 qum
747 1619 791 1637 ve-

12 1649 94 1677 niebat
110 1659 172 1679 cum
189 1653 248 1688 ipso
260 1661 321 1680 cum
336 1654 433 1689 gladiis
446 1659 472 1681 et
489 1654 607 1682 fustibus
620 1663 626 1681 ί
643 1655 791 1687 Quemcun-

12 1702 53 1728 que
66 1697 198 1724 osculatus
213 1699 288 1732 [uero
303 1699 358 1734 ipse
373 1704 423 1733 est,
444 1704 526 1727 tenete
544 1708 614 1733 eum,
629 1705 653 1727 et
668 1701 791 1729 adducite

12 1741 143 1776 diligenter
155 1745 176 1760 “
190 1753 197 1777 ;
213 1745 330 1779 maligne
350 1749 377 1772 et
396 1754 458 1772 cum
475 1746 672 1781 signiﬁcatione
686 1747 791 1775 videtur

12 1785 114 1819 dixisse,
138 1793 268 1824 tanquam
288 1791 311 1817 si
332 1791 417 1823 dicat.
439 1792 492 1819 nisi
515 1793 657 1827 diligenter
673 1801 734 1820 eum
752 1799 790 1822 te-

12 1837 97 1860 nentes
115 1834 293 1868 adduxeritis,
313 1845 375 1864 cum
403 1838 520 1865 voluerit
541 1838 650 1873 eil‘ugict
675 1847 732 1867 vos.
747 1839 789 1867 illi

12 1883 107 1912 autem,
131 1881 273 1909 audientes
294 1883 443 1910 secundum
465 1884 692 1912 existimationem
714 1885 790 1913 indie

12 1926 81 1959 quasi
106 1935 158 1954 non
184 1932 296 1962 paterna
319 1929 459 1957 divinitate
481 1931 603 1965 adjutuni
626 1934 678 1958 hoc
694 1940 786 1966 agere,

12 1971 46 1997 vel
68 1972 119 1999 alia
137 1974 234 2005 multa,
255 1974 347 2001 omnia
367 1974 500 2003 iaciebant
522 1981 549 2003 ut
568 1977 709 2012 diligenter
726 1986 788 2004 enni

12 2020 124 2046 tenerent
143 2023 170 2046 ct
192 2020 373 2047 custodirent.
393 2019 467 2047 Multi
489 2021 576 2058 [sunt]
593 2027 620 2049 et
637 2030 710 2050 nunc
726 2031 787 2050 cum

12 2062 170 2095 spiritalibus
188 2065 295 2100 gladiis,
311 2067 401 2100 specie
419 2067 610 2101 malignorum,
627 2074 653 2095 et
671 2068 789 2096 fustibus

12 2107 126 2137 similiter
143 2115 239 2138 contra
258 2110 351 2138 Jesum
376 2111 532 2145 militantes,
558 2114 788 2148 quemadmodum

12 2152 41 2179 liii
68 2163 74 2180 :
97 2163 213 2190 quorum
240 2158 346 2184 insidiis
375 2158 486 2185 omnino
512 2160 608 2187 melior
638 2160 665 2187 lii
697 2160 787 2194 Jesus,

12 2202 125 2231 quamvis
144 2211 193 2237 pro
209 2208 330 2238 tempore
348 2203 480 2239 suscipiat
491 2205 517 2232 in
539 2213 568 2233 se
588 2214 682 2233 eorum
697 2207 789 2234 incur~

12 2250 62 2278 sus,
77 2251 105 2274 ut
121 2247 284 2283 impleantur
302 2254 413 2284 peccata
430 2250 617 2279 insidiantium
634 2252 669 2285 ei,
690 2257 716 2279 ct
731 2261 789 2280 ina-

12 2290 127 2321 nifestata
155 2296 201 2321 liat
230 2295 334 2323 malitia
358 2296 507 2324 voluntatis
537 2305 631 2324 eorum
657 2298 788 2327 adversus

12 2338 139 2367 Veritatem
160 2341 291 2376 unigeniti
305 2341 398 2370 Verbi.
421 2341 472 2375 Qui
493 2347 582 2370 autem
601 2343 640 2371 sic
653 2351 714 2371 cum
731 2344 788 2378 gla-

12 2382 55 2410 liis
78 2389 104 2412 et
127 2385 244 2414 fustibus
271 2387 388 2414 militant
411 2392 506 2415 contra
531 2387 635 2421 Jesum,
659 2390 739 2416 variis
760 2395 788 2416 ct

15 2427 115 2459 liversis
129 2432 301 2468 dogmatibus
321 2433 471 2467 Venientes,
486 2434 610 2469 exposito
627 2434 671 2470 [ex
690 2443 788 2470 propo-

12 2473 65 2510 sito]
82 2477 244 2506 insidiantur
258 2478 334 2506 Jesu.
352 2479 422 2507 Sunt
437 2485 526 2507 autent
546 2487 573 2509 et
586 2481 632 2516 qui
650 2489 664 2508 a
679 2482 789 2519 presby-

12 2520 67 2547 teris
92 2522 166 2558 impii
193 2525 235 2552 sui
261 2526 416 2554 transmissi
442 2527 534 2561 populi
558 2533 653 2554 contra
673 2528 786 2556 verbum

12 2566 118 2596 militant
135 2571 268 2604 veritatis,
283 2572 354 2607 quod
369 2577 411 2599 est
426 2572 452 2600 in
467 2572 542 2601 Jesu.

40 2612 97 2641 i00.
122 2614 174 2647 Qui
190 2622 279 2644 autem
304 2618 415 2645 tradidit
438 2626 508 2651 eum,
530 2619 602 2645 detlil
626 2620 662 2646 eis
683 2619 786 2654 signant

12 2654 88 2684 licens
101 2667 110 2685 :
126 2660 311 2698 Quemcunque
327 2663 462 2690 osculatus
481 2664 555 2698 fuero
571 2665 625 2699 ipse
640 2670 688 2697 est,
705 2671 786 2692 tenete

12 2707 70 2729 tum.
88 2703 119 2731 Et
137 2707 275 2742 confestim
297 2709 421 2737 accedens
441 2709 475 2735 ad
495 2709 586 2736 Jesum
610 2711 680 2738 dixit
694 2719 703 2738 :
719 2712 785 2744 Ave,

806 1539 827 1567 (Ζ

805 2217 826 2244 D

41 2800 61 2816 "
75 2801 377 2870 d’ililalkénxx::,ﬂf7.‘.ugo
399 2817 478 2843 xvni,
498 2810 524 2838 5.
563 2811 583 2827 ἰι
606 2810 687 2839 Marc.
705 2819 758 2844 xtv,
774 2812 820 2840 Η.

849 927 943 954 xisse:
963 925 1017 960 Ego
1039 926 1130 960 palam
1152 925 1256 953 locutus
1281 934 1339 952 sum
1369 926 1429 952 huic
1457 926 1565 958 mundo,
1591 935 1636 960 ego

847 980 948 1005 semper
971 972 1049 998 docui
1067 972 1093 998 in
1107 980 1242 1007 synagoga
1257 977 1281 998 et
1304 972 1331 998 in
1354 972 1449 1007 templa
1461 993 1467 1003 ,
1489 972 1533 998 ubi
1549 980 1637 998 omnes

846 1016 936 1044 Judwi
958 1017 1114 1044 conveniunt
1135 1017 1167 1044 ".
1195 1017 1273 1044 Venit
1288 1026 1353 1051 ergo
1377 1018 1488 1044 traditio
1514 1017 1576 1044 talis
1603 1017 1636 1043 ad

847 1070 897 1090 nos
912 1063 945 1089 de
961 1070 1004 1095 eo,
1019 1063 1150 1098 quoniam
1178 1071 1233 1090 non
1257 1063 1345 1090 solum
1368 1063 1429 1090 (iure
1453 1062 1547 1089 formae
1561 1062 1588 1088 in
1604 1070 1638 1088 co

846 1108 966 1141 luerunt,
980 1117 1034 1137 una
1049 1110 1160 1144 quidem
1184 1110 1334 1137 secundum
1359 1117 1442 1144 quam
1463 1116 1558 1136 omnes
1573 1115 1635 1134 eum

845 1155 983 1186 videbant,
1005 1155 1090 1182 altera
1109 1159 1201 1182 autem
1218 1155 1368 1182 secundum
1387 1161 1468 1188 quam
1491 1152 1638 1187 transﬁgu-

846 1205 922 1227 ratus
946 1204 988 1227 est
1011 1207 1104 1228 coram
1121 1200 1262 1234 discipulis
1279 1200 1336 1227 suis
1352 1200 1379 1226 in
1404 1204 1506 1230 monte,
1524 1198 1638 1234 quando

844 1251 871 1272 et
890 1242 1058 1280 resplenduit
1082 1245 1164 1272 facies
1183 1245 1244 1280 ejus
1266 1249 1395 1279 tanquam
1413 1243 1453 1271 sol
1465 1263 1472 1275 ,
1490 1243 1537 1270 sed
1552 1243 1634 1271 etiam

845 1291 993 1325 unicuique
1006 1292 1154 1327 apparebat
1171 1291 1321 1318 secundum
1337 1290 1408 1324 quod
1426 1289 1513 1316 fuerat
1525 1289 1635 1325 dignus.

847 1336 880 1364 Et
895 1345 956 1364 cum
975 1337 1071 1365 inisset
1085 1338 1154 1373 ipse,
1174 1336 1253 1372 quasi
1271 1344 1323 1362 non
1344 1336 1401 1370 ipse
1415 1335 1543 1362 omnibus
1558 1335 1634 1362 vide-

844 1383 934 1410 batur.
961 1383 1117 1410 Secundum
1141 1383 1214 1417 quod
1236 1382 1269 1409 de
1297 1389 1396 1408 manna
1423 1385 1466 1409 est
1490 1381 1635 1416 scriptum,

843 1428 951 1462 quando
981 1427 1051 1456 Deus
1074 1428 1137 1456 liliis
1165 1428 1248 1456 lsracl
1278 1435 1374 1462 panem
1400 1427 1475 1454 misit
1505 1428 1537 1454 de
1565 1427 1635 1454 caelo

844 1484 952 1503 onmem
973 1475 1178 1502 delectationem
1196 1475 1339 1501 habentem
1349 1494 1356 1503 .
1371 1478 1398 1501 et
1413 1473 1447 1500 ad
1464 1481 1571 1500 omnem
1585 1480 1636 1507 gu-

845 1527 917 1549 stum
940 1521 1146 1549 convenientcm
1173 1530 1179 1548 :
1199 1520 1310 1554 quando
1338 1519 1473 1546 desiderio
1496 1518 1639 1546 oﬂ'ercntis.

845 1569 1010 1603 obsequens,
1032 1567 1066 1594 ad
1090 1567 1163 1602 quod
1190 1567 1252 1601 quis
1277 1565 1401 1592 voluerat
1417 1565 1582 1592 vertebatur.
1601 1564 1636 1590 Et

845 1621 898 1640 non
927 1612 992 1639 mibi
1019 1612 1125 1639 videtur
1149 1610 1315 1638 incredibilis
1342 1617 1403 1637 esse
1427 1609 1537 1636 traditio
1561 1610 1638 1642 bace,

845 1659 901 1686 sive
917 1658 1097 1693 corporaliter
1112 1661 1221 1692 propter
1244 1656 1333 1691 ipsum
1355 1655 1448 1683 Jesum
1459 1674 1467 1687 ,
1490 1659 1519 1682 ut
1535 1655 1593 1682 alio
1607 1661 1635 1682 et

844 1703 898 1730 alio
933 1703 1014 1729 modo
1048 1702 1185 1728 videretur
1216 1701 1397 1732 hominibus;
1433 1699 1490 1726 sive
1524 1704 1634 1734 propter

845 1747 930 1782 ipsam
949 1746 1028 1773 Verbi
1052 1750 1191 1778 naturam,
1215 1745 1287 1780 quod
1309 1752 1363 1771 non
1385 1744 1510 1772 similiter
1527 1743 1632 1771 cunctis

844 1798 965 1828 apparet.
991 1793 1019 1819 Si
1044 1796 1132 1818 autem
1157 1791 1208 1818 hoc
1229 1791 1264 1817 ita
1287 1799 1316 1818 se
1338 1790 1429 1822 habet,
1449 1790 1577 1824 possibile
1591 1795 1632 1817 est

844 1839 1006 1866 Solutioneni
1024 1838 1083 1872 ejus
1109 1837 1231 1864 invenire
1245 1837 1317 1871 quod
1340 1836 1481 1870 quaeritur.
1496 1835 1629 1868 Quoniam

842 1889 868 1911 et
885 1885 908 1911 si
927 1884 1082 1918 frequenter
1100 1890 1161 1910 eum
1179 1882 1303 1909 viderunt
1319 1881 1404 1908 turba:
1419 1882 1556 1908 venientes
1567 1887 1632 1907 cum

842 1929 930 1961 Juda,
953 1929 1131 1955 nihilominus
1154 1935 1222 1962 opus
1246 1927 1398 1959 habebant,
1416 1931 1525 1961 propter
1541 1931 1630 1954 trans-

842 1975 1019 2003 formaiiones
1036 1975 1112 2009 ejus,
1129 1975 1174 2008 qui
1196 1981 1258 2000 eum
1277 1973 1431 2000 ostenderet
1454 1973 1509 2004 eis,
1525 1972 1629 2000 habens

843 2024 967 2050 notitiam
984 2023 1043 2057 ejus
1063 2021 1265 2048 iaiiiiliariorein
1281 2028 1328 2054 per
1342 2020 1456 2046 multam
1475 2027 1627 2047 commora-

842 2070 944 2096 tionem
970 2076 1031 2095 cum
1059 2076 1109 2100 eo,
1135 2073 1164 2094 ut
1190 2067 1350 2101 intelligeret
1376 2065 1630 2092 transformationes

842 2114 901 2148 ejus
925 2113 1075 2140 secundum
1101 2120 1171 2147 quas
1193 2113 1251 2139 suis
1275 2118 1406 2145 apparere
1429 2110 1553 2138 solebat:
1578 2110 1629 2137 hoc

842 2161 913 2187 idem
930 2159 1098 2194 signiﬁcatur
1111 2158 1193 2185 etiam
1214 2166 1260 2192 per
1273 2157 1405 2184 Joannem
1423 2157 1630 2192 evangelistam,

843 2205 886 2232 uhi
902 2205 991 2232 sciens
1005 2203 1084 2231 Iesus
1097 2211 1158 2239 qua:
1176 2207 1376 2238 supervontura
1388 2207 1466 2230 erant
1477 2203 1513 2235 ei,
1533 2210 1629 2238 proce-

842 2253 909 2280 dens
925 2252 998 2278 l'oras
1019 2251 1087 2277 dixit
1102 2259 1109 2276 :
1127 2251 1210 2282 Quem
1225 2250 1363 2284 qutcritis?
1386 2249 1420 2276 At
1437 2249 1474 2275 illi
1491 2249 1628 2281 dixerunt,

840 2297 931 2324 Jesum
949 2296 1131 2323 Nazarenam.
1147 2295 1178 2321 Et
1190 2295 1260 2322 dixit
1273 2295 1313 2321 eis
1330 2303 1336 2321 :
1356 2294 1410 2330 Ego
1428 2303 1496 2321 sum.
1513 2293 1545 2320 Et
1558 2294 1629 2320 abie-

841 2349 902 2371 runt
919 2349 942 2370 et
958 2343 1107 2369 ceciderunt
1124 2346 1266 2368 retrorsqu
1276 2342 1311 2367 ³⁵.
1326 2341 1407 2368 Vides
1417 2340 1481 2374 quia
1499 2348 1551 2366 non
1565 2347 1631 2367 eum

841 2389 1044 2425 cognoscebant
1067 2396 1129 2415 cum
1156 2387 1312 2422 frequenter
1341 2386 1489 2417 vidissent,
1518 2390 1628 2420 propter

843 2434 1095 2470 traiisiignrationes
1109 2432 1204 2467 ipsius.
1228 2432 1254 2458 Si
1272 2437 1360 2458 autem
1377 2434 1459 2458 etiam
1475 2431 1547 2457 illam
1561 2439 1627 2458 cau-

842 2488 900 2508 sam
921 2484 1026 2514 quterat
1042 2479 1151 2514 aliquis,
1169 2486 1218 2505 cur
1234 2479 1328 2505 osculo
1350 2477 1434 2505 indas
1455 2477 1566 2504 tradidit
1583 2476 1628 2503 Je-

841 2535 914 2558 sum,
930 2527 1001 2553 hanc
1017 2525 1144 2552 dabimus
1162 2525 1305 2556 rationein,
1320 2530 1462 2558 quoniam,
1476 2522 1625 2550 secundum

840 2573 972 2609 quosdam
987 2571 1095 2606 quidem
1106 2592 1114 2604 ,
1131 2570 1219 2598 voluit
1237 2570 1415 2597 reverentiam
1429 2569 1577 2603 quamdam
1592 2568 1627 2595 ad

840 2617 920 2653 907
934 2618 1094 2652 magistrum
1110 2624 1236 2648 servare,
1253 2623 1306 2642 non
1325 2615 1430 2642 audens
1443 2615 1586 2641 inaniieste
1598 2613 1627 2641 in

840 2672 901 2691 cum
919 2663 1024 2691 imiere
1037 2667 1064 2690 et
1080 2663 1253 2698 impudenter
1270 2662 1390 2697 proﬁteri
1413 2669 1443 2689 se
1459 2661 1625 2696 proditorem

840 2710 976 2746 magistri.
990 2709 1145 2737 Secundum
1157 2709 1226 2736 alios
1240 2712 1342 2742 autem,
1361 2709 1413 2736 hoc
1427 2708 1487 2736 ideo
1504 2708 1566 2736 iecit
1576 2706 1626 2734 Jua-

859 2813 881 2829 "
903 2812 998 2841 Matth.
1019 2820 1100 2845 xxvi,
1122 2810 1207 2841 43-50
1255 2808 1404 2839 “ibid.55.
1424 2809 1625 2841 “ioanauit,
