1839 3053
223 139 288 167 1751

824 131 987 160 οκῑαεΝιδ
1004 130 1039 159 IN
1059 130 1268 159 narra/sun

1752 132 1787 159 lii!

222 201 283 233 das,
299 199 401 228 timens
413 205 447 227 ne
466 198 546 232 forte,
559 197 584 226 si
595 195 770 224 manifestum
786 203 816 224 se
831 196 1016 224 adversarium
1032 196 1054 225 Λ
1069 193 1200 221 adversus
1221 193 1373 226 Christum,
1400 191 1578 220 adversarius
1601 190 1690 218 Cirriin
1714 191 1788 227 princeps

222 246 386 280 praebuisset
409 249 436 273 ct
459 244 625 280 proditorem
655 242 790 277 magistri,
815 242 875 277 ipse
890 242 914 269 ei
940 241 1017 268 ﬂeret

223 299 308 318 causa
334 290 483 321 evasionis,
509 296 571 317 cum
587 292 690 324 posset,
718 292 851 322 quantum
876 286 910 314 ad
933 286 1017 322 ipsius

224 338 423 373 opinationem,
438 345 470 364 ex
483 335 646 372 quibusdam
659 334 853 362 secretioribus
866 333 1017 368 disciplinis

225 382 355 417 attingere,
381 387 407 409 et
421 382 509 408 facere
523 388 552 408 se
567 381 593 407 in
608 387 732 414 parvum.
752 377 788 406 Ut
802 386 867 414 ergo
878 378 946 405 nihil
966 378 1018 405 tale

225 429 370 463 suspicans
396 426 486 458 Jesus,
508 425 658 454 secundum
686 424 760 459 quod
781 423 866 451 Judas
883 423 1018 457 opinaba-

226 477 280 504 tur,
301 473 346 499 sud
363 476 463 506 putans
477 478 540 498 eum
558 471 689 502 amicum,
713 469 852 504 quomodo
871 469 959 496 nescit
978 469 1019 496 sic

226 521 362 553 insperate
376 518 625 553 comprehendatur
640 538 648 550 ,
672 517 733 544 ideo
747 517 800 544 hoc
811 515 884 543 dedit
897 516 1016 551 signum,

225 564 316 591 sciens
328 564 384 598 jam
397 563 526 598 quoniam
541 563 563 589 si
578 562 710 590 noluisset
725 561 930 596 comprehendi,
948 569 1018 588 nun-

225 618 307 645 quant
331 610 549 645 comprehensus
565 609 672 641 fuisset,
687 609 734 636 sed
749 609 844 636 volens
858 608 973 643 przcbuit
989 615 1019 635 se

227 656 354 683 manibus
375 659 561 691 peccatorum.
585 654 642 688 Ego
654 659 746 682 autent
765 659 830 689 puto
847 653 920 689 quod
936 654 1017 680 etiam

226 709 321 729 omnes
333 702 486 737 proditores
502 701 635 733 veritatis,
649 708 742 728 amare
755 700 897 727 veritatem
916 699 1019 734 ﬁngen-

227 753 278 779 tes,
303 753 330 775 ct
355 748 441 775 osculi
465 748 544 783 signo
571 752 676 774 utentes
688 746 768 782 quasi
783 747 900 780 quadam
915 746 1019 773 indica-

226 797 301 822 tione
327 794 479 826 charitatis,
505 794 624 828 produnt
653 792 770 819 Verbum
798 791 846 819 Dei
864 791 1019 819 volentibus

227 841 316 875 ipsum
335 845 426 868 tenere
441 839 608 867 adversariis
629 839 700 874 ejus,
726 838 794 866 nihil
814 838 958 873 pacilicum
974 836 1017 864 in-

227 887 311 920 dntis,
334 886 447 913 bellicos
474 890 564 912 autem
580 885 695 920 gladios,
711 889 738 912 et
755 885 879 919 injurias,
894 888 921 911 et
934 883 1020 911 fustes

228 933 401 960 habentibus.
428 931 461 959 Et
485 933 550 959 dicit
567 931 689 966 proditor
705 930 769 958 Jesu
785 940 792 958 :
808 930 900 957 Rabbi.
918 929 1020 958 Omnes

227 979 300 1006 enim
317 978 452 1012 lueretici,
471 978 701 1013 quemadmodum
717 976 802 1004 ludas
814 997 822 1010 ,
845 977 884 1004 sic
899 976 962 1004 Jesu
980 975 1021 1003 di-

228 1030 294 1052 cunt
308 1033 314 1052 :
329 1024 424 1058 Rabbi,
436 1024 482 1059 qni
502 1029 528 1052 et
544 1024 705 1052 osculantur
721 1031 783 1051 eum
801 1023 870 1050 sicut
886 1027 912 1050 et
925 1022 1019 1050 Judas.

227 1071 268 1098 Ad
295 1079 365 1106 quos
390 1071 483 1098 omnia
511 1071 656 1106 placabilia
684 1070 750 1098 dicit
763 1069 856 1101 Jesus,
884 1076 946 1096 cum
967 1068 1021 1095 sint

227 1124 323 1145 omnes
337 1116 421 1144 Judas
437 1117 560 1152 proditor
579 1126 585 1144 :
603 1115 686 1150 Iuda,
705 1115 795 1143 osculo
820 1114 921 1141 Filium
937 1114 1022 1140 homi-

229 1164 269 1190 nis
283 1163 368 1190 tradis
380 1163 420 1190 "'l
437 1163 508 1190 Dicit
522 1168 613 1190 autem
625 1162 649 1190 ei
666 1163 855 1198 improperans
866 1162 1021 1189 simulatio—

229 1218 290 1237 nem
313 1210 438 1237 amicitia:
458 1209 518 1245 ejus
534 1219 540 1236 :
558 1209 657 1241 Amice,
678 1210 712 1235 ad
730 1209 794 1244 quid
808 1208 951 1235 venisti"?
966 1207 1022 1235 Hoc

228 1257 301 1283 enim
315 1257 424 1283 nontine
445 1255 581 1283 neminem
609 1255 743 1282 bonorum
764 1254 791 1281 in
816 1254 965 1289 Scripturis
977 1262 1022 1282 co-

229 1302 388 1338 gnoscimus
403 1302 580 1337 appellatum.
596 1301 637 1328 Ad
655 1301 757 1328 malum
771 1301 855 1334 enim,
868 1305 895 1328 et
910 1308 963 1328 non
978 1301 1022 1327 in~

229 1350 324 1377 dntnm
359 1349 526 1384 nuptialibus
552 1348 722 1375 vestimentis
746 1348 811 1375 dicit
834 1348 856 1363 ’⁸
883 1357 889 1374 :
917 1347 1020 1379 Amice,

228 1396 292 1432 quid
307 1395 356 1422 Ituc
369 1396 462 1422 venisti
477 1403 527 1422 non
547 1394 643 1422 habent
655 1399 748 1421 vestem
761 1394 905 1429 nuptialem
915 1393 1021 1421 Hlalus

230 1447 320 1469 anteiri
341 1446 382 1469 est
394 1441 440 1476 qui
455 1446 481 1469 ct
499 1442 524 1468 in
539 1441 667 1476 parabola
686 1441 790 1468 denarii
809 1441 903 1468 audit:
920 1440 1020 1472 Amice,

230 1497 283 1514 non
301 1488 346 1514 tibi
362 1488 431 1522 [acia
451 1487 587 1521 injuriam.
612 1486 708 1513 Nonne
726 1487 760 1513 ad
775 1486 913 1512 denarium
932 1493 1023 1512 conve-

1070 243 1244 269 saccrdotum
1261 239 1392 272 Caiphas.
1408 238 1525 265 Videtur
1541 241 1629 264 autem
1644 237 1698 264 mihi
1709 238 1787 271 quorum

1070 287 1117 322 qui
1133 294 1166 314 ex
1187 286 1314 322 gentibus
1335 284 1514 311 crediderunt
1528 303 1536 315 ,
1553 290 1644 310 omnes
1655 290 1712 309 unus
1722 284 1789 317 populi;

1069 333 1209 360 constituti
1226 333 1251 359 in
1265 331 1390 362 Christo,
1409 338 1458 365 per
1475 329 1529 356 hoc
1551 329 1635 363 ipsum
1649 329 1707 362 quod
1717 330 1789 355 cretii»

1069 383 1134 405 runt
1148 378 1174 404 in
1191 377 1342 408 Christum,
1363 375 1426 402 facti
1445 377 1512 401 sunt
1524 380 1606 400 causa
1626 377 1652 399 ut
1665 372 1790 406 pmitlerun

1068 424 1225 452 Judzcorum
1247 422 1351 450 auditio
1373 421 1492 453 dextra,
1522 418 1665 446 secundum
1679 418 1791 452 qualium

1069 471 1262 506 prophetatum
1289 469 1323 495 de
1338 469 1378 496 eis
1391 468 1400 484 ‘
1419 476 1426 495 :
1446 467 1538 495 Grava
1564 473 1639 492 aures
1659 464 1728 499 populi
1742 464 1791 498 iniu,

1068 523 1092 544 et
1113 516 1202 544 oculos
1225 523 1314 542 eorum
1327 514 1453 549 deprime,
1474 518 1505 540 ut
1524 521 1556 539 nc
1577 512 1683 539 ridentes
1694 510 1792 540 ridemur.

1069 562 1205 588 audientes
1218 560 1379 596 intelligant,
1395 564 1420 586 et
1442 562 1640 590 convertantur,
1657 561 1677 582 ct
1688 563 1751 582 sarum
1763 563 1791 581 ea.

1106 608 1167 635 102.
1188 607 1262 634 Tunc
1282 606 1320 633 ait
1336 605 1416 633 Iesus
1439 605 1465 632 ei
1479 611 1488 630 :
1504 603 1630 631 Converte
1647 601 1738 637 gladium
1754 606 1791 625 tua

1070 655 1096 680 iu
1108 653 1194 680 locum
1208 661 1284 680 suum
1296 653 1317 679 ⁵.
1331 651 1392 679 Mox
1409 649 1494 678 Iesus
1511 649 1546 676 ad
1561 656 1622 676 eum
1637 648 1678 682 qui
1692 646 1792 680 fueratgla-

1069 699 1116 726 dio
1136 706 1203 726 usus
1215 719 1223 732 ,
1244 703 1271 725 et
1288 697 1438 725 abstulerat
1452 695 1609 723 auriculam
1624 693 1685 721 servi
1697 693 1749 719 illius
1760 692 1793 717 du-

1071 750 1152 777 tram,
1171 751 1225 771 non
1246 744 1315 771 dixit
1338 755 1344 771 :
1366 742 1462 770 Exime
1488 741 1608 776 gladium
1621 760 1628 772 ,
1643 739 1704 766 sed:
1721 737 1793 764 Coma

1071 791 1190 826 gladium
1205 790 1232 816 in
1248 790 1335 816 locum
1349 797 1438 816 suum.
1465 787 1517 815 Est
1535 794 1600 822 ergo
1616 785 1686 821 gladii
1700 784 1767 818 aliquis
1775 784 1793 807 ιε-

1071 845 1130 870 cus,
1145 844 1178 864 ex
1195 843 1251 871 quo
1273 844 1327 863 non
1349 835 1412 862 licet
1437 834 1569 868 accipere
1594 839 1653 859 cum
1670 830 1707 865 qui
1719 837 1755 855 non
1766 828 1794 853 rut

1073 883 1162 918 perire
1173 903 1181 915 ,
1201 882 1320 909 maxime
1335 882 1362 908 in
1377 881 1480 916 gladio.
1499 878 1631 906 Paciﬁcas
1647 877 1707 904 enim
1719 875 1795 902 rullus»:

1071 928 1152 957 Jesns
1177 929 1329 963 discipulos
1353 935 1428 960 suos,
1459 930 1491 953 ut
1508 925 1634 953 bellicum
1650 923 1742 959 gladium
1757 921 1794 946 tua

1072 975 1249 1009 deponentes,
1275 973 1389 1001 alterum
1410 973 1560 1007 pacificum
1584 969 1703 1005 accipiant
1719 967 1794 1002 gladium,

1072 1028 1153 1056 quem
1168 1020 1234 1048 dicit
1247 1019 1388 1054 Scriptura
1406 1019 1416 1034 ⁸
1428 1018 1553 1054 gladium
1573 1016 1685 1051 spiritus.
1698 1014 1794 1040 Similem-

1072 1071 1126 1094 tem
1144 1066 1211 1093 mihi
1228 1066 1336 1093 videtur
1357 1064 1430 1100 quod
1447 1065 1518 1091 dicit
1539 1072 1547 1091 τ
1566 1062 1658 1090 Omnes
1672 1060 1794 1094 quinctium

1072 1113 1203 1149 gladium,
1220 1112 1311 1148 gladio
1322 1116 1346 1138 et
1363 1111 1506 1147 peribant‘
1520 1119 1527 1144 ;
1544 1109 1571 1136 id
1586 1113 1636 1141 est,
1649 1114 1725 1134 omnes
1732 1106 1794 1140 quinm

1073 1163 1138 1188 sunt
1151 1158 1268 1194 paciﬁci,
1285 1158 1331 1185 sed
1346 1157 1408 1184 belli
1422 1157 1621 1187 concitatores,
1638 1155 1662 1182 in
1674 1161 1700 1180 eo
1713 1151 1795 1184 bellor-r-

1073 1206 1151 1233 ibunt
1173 1205 1245 1240 quod
1268 1204 1417 1237 concitant,
1440 1208 1471 1230 ut
1491 1203 1529 1230 sit
1550 1203 1577 1229 in
1594 1202 1632 1228 cis
1649 1199 1795 1234 glailiusnmt»

1075 1253 1145 1280 rium
1165 1252 1227 1279 belli
1240 1256 1267 1278 et
1281 1251 1349 1278 litis.
1367 1249 1400 1277 Et
1416 1255 1485 1285 puto
1501 1249 1576 1284 quod
1596 1254 1681 1275 omnes
1697 1246 1790 1272 tumultu"

1073 1303 1100 1326 et
1116 1297 1301 1325 concitatores
1322 1295 1454 1323 bellorum
1469 1315 1477 1327 ,
1505 1298 1533 1321 et
1557 1288 1795 1320 cunturhantesaniub

1074 1342 1229 1373 hominum,
1248 1341 1366 1368 maxime
1381 1339 1585 1370 Ecclesiarum,
1599 1336 1718 1371 accipiunt
1728 1332 1795 1367 gladium

1074 1389 1101 1416 in
1116 1396 1171 1423 quo
1188 1393 1214 1415 et
1231 1387 1282 1422 ipsi
1300 1386 1443 1422 peribunt;
1468 1385 1604 1420 quoniam
1614 1383 1656 1418 qui
1667 1381 1720 1416 fodit
1733 1379 1795 1412 furtu.

1074 1436 1130 1471 ipse
1141 1435 1234 1462 incidit
1251 1435 1277 1461 in
1290 1442 1347 1460 eant
1360 1433 1388 1466 ⁸;
1403 1432 1540 1467 quoniam
1557 1433 1704 1457 convertetur
1713 1426 1763 1452 dolor
1774 1430 1795 1448 re

1074 1491 1135 1510 rum
1159 1482 1184 1509 in
1207 1485 1287 1516 caput
1305 1480 1438 1514 ipsorum,
1454 1483 1481 1505 et
1498 1477 1626 1512 iniquitas
1644 1481 1721 1502 eorum
1732 1473 1749 1497 in
1760 1478 1795 1496 cm-

230 1534 293 1559 m'sti
307 1515 427 1560 meeum?
443 1534 537 1567 Accipe
555 1533 624 1568 quod
645 1538 719 1559 tnunt
736 1537 774 1559 est
789 1553 796 1565 ,
816 1536 841 1559 et
859 1532 933 1559 vade.
954 1531 1020 1558 Volo
1035 1537 1058 1569 α
1075 1530 1151 1556 brum
1174 1515 1269 1556 eorum
1291 1525 1428 1552 descendet
1439 1525 1460 1551 ’.
1476 1524 1533 1551 Sed
1550 1527 1577 1550 et
1593 1515 1795 1569 simpliciter-auditi

230 1584 318 1605 autent
335 1584 358 1606 ct
375 1579 436 1605 ltuic
451 1579 592 1605 nouissimo
610 1578 675 1604 dare
685 1578 754 1604 sicut
771 1582 795 1604 et
813 1577 861 1603 tibi
872 1577 905 1603 9'.

266 1625 327 1651 101.
351 1624 422 1651 Tunc
434 1625 597 1657 accedentes,
616 1632 708 1650 ntauus
729 1623 873 1656 iniecerunt
888 1623 914 1650 in
932 1622 1024 1650 Jcsum

231 1676 255 1697 et
279 1675 417 1697 tenuerunt
438 1679 496 1697 eum
515 1671 533 1697 ‘.
561 1669 627 1698 Post
650 1669 775 1697 osculum
799 1669 930 1697 continuo
957 1669 1024 1696 nihil

231 1717 387 1745 diil‘erentcs
403 1718 481 1744 turba
498 1717 555 1748 illa,
585 1716 699 1743 forsitan
712 1716 838 1743 timentes
855 1723 888 1743 ne
910 1715 944 1743 de
964 1723 1024 1742 ma-

232 1764 313 1801 nibus
338 1771 432 1791 eorum
450 1764 562 1799 effugiat
583 1763 674 1795 Jcsus,
699 1771 798 1790 manus
823 1762 976 1797 injeccrunt
997 1762 1024 1789 in

231 1810 305 1837 eum’.
320 1809 352 1837 Et
362 1818 418 1837 ecce
426 1818 491 1836 unus
501 1817 532 1836 ex
540 1810 581 1836 liis
591 1809 716 1845 quierant
730 1816 789 1834 cum
801 1807 876 1840 Jesu,
885 1809 1025 1836 extendens

231 1865 350 1890 manum,
364 1857 459 1884 exciuit
475 1857 594 1891 gladium
610 1864 697 1888 suum,
716 1861 741 1882 et
756 1856 905 1890 percutiens
923 1863 1026 1882 servum

231 1904 359 1938 principis
385 1903 564 1936 sacerdotum,
594 1903 740 1937 amputavit
767 1901 917 1928 auriculam
934 1901 990 1936 ejus
1003 1903 1024 1928 ¹.

234 1949 315 1978 Unus
333 1954 424 1978 autem
441 1958 536 1977 eorum
553 1950 600 1985 qui
617 1955 770 1978 erantcum
785 1950 851 1978 Iesu
867 1971 876 1983 ,
904 1950 1025 1978 nondum

233 1996 377 2025 manifeste
401 1997 560 2032 concipiens
580 1997 651 2032 apud
668 2005 697 2024 se
716 1998 900 2033 evangelicam
922 1997 1028 2032 patien-

234 2044 298 2070 tiam
315 2043 388 2070 illam
405 2043 533 2070 traditam
543 2043 595 2071 sibi
611 2051 626 2071 a
638 2042 759 2077 Christo,
775 2051 826 2071 nec
837 2051 931 2078 pacem
945 2050 1027 2078 quam

233 2090 308 2116 dedit
324 2089 468 2124 discipulis
482 2090 551 2122 stris,
568 2090 616 2118 sed
633 2091 784 2118 secundum
802 2094 964 2125 potestatem
981 2089 1029 2116 da—

235 2140 289 2161 tam
306 2134 407 2162 Iudaeis
423 2143 470 2170 per
485 2135 571 2170 legem
585 2135 619 2163 de
634 2135 753 2164 inimicis
766 2157 774 2170 ,
799 2135 949 2164 extendens
972 2143 1030 2162 rna-

236 2188 301 2206 num
316 2181 421 2215 accepit
437 2181 557 2216 gladium
568 2201 576 2213 ,
604 2185 631 2208 ct
647 2181 783 2216 percussit
799 2189 908 2209 servum
925 2181 1026 2216 princi—l

237 2226 278 2261 pis
293 2226 467 2254 sacerdotum
481 2232 508 2254 et
527 2227 680 2262 amputavit
700 2228 850 2256 auriculam
865 2227 935 2262 ejus.
953 2227 1030 2254 Sicut

235 2278 325 2300 autem
342 2273 408 2301 dicit
426 2272 547 2302 Joannes
563 2274 585 2308 ³,
602 2274 626 2302 ei
650 2275 773 2302 dextram
795 2274 947 2302 auriculam
969 2281 1028 2300 am-

236 2319 353 2353 putavit,
378 2319 449 2354 apud
474 2327 555 2355 quem
583 2325 611 2348 et
628 2328 728 2347 nomen
744 2320 815 2347 servi
829 2319 941 2352 dicitur,
965 2318 1030 2354 quia

236 2364 359 2393 Malchus
373 2366 533 2393 vocabatur.
550 2365 582 2393 Et
598 2366 711 2394 forsitan
725 2366 797 2401 quod
811 2366 906 2401 agebat
921 2364 1029 2398 Petrus,

238 2412 398 2447 mysterium
415 2417 485 2445 erat,
497 2412 627 2447 quoniam
642 2412 751 2440 Judaici
765 2412 858 2448 populi
873 2411 968 2438 dextra
981 2418 1029 2437 au-

237 2458 305 2485 ditio
337 2457 427 2485 fuerat
450 2458 620 2493 amputanda
648 2462 759 2494 propter
781 2457 912 2484 malitiam
935 2464 1032 2484 eorum

237 2503 452 2532 demonstratam
472 2505 499 2531 in
514 2504 619 2532 .lesum.
640 2505 709 2532 Nam
727 2504 778 2532 etsi
794 2504 921 2531 videntur
937 2502 1034 2530 audire

238 2551 324 2587 legem
340 2551 433 2584 modo,
450 2559 513 2579 cum
531 2556 644 2580 sinistro
660 2551 756 2579 auditu
774 2551 890 2578 audiunt
907 2550 1031 2577 umbram

239 2598 393 2625 traditionis
415 2598 449 2626 de
475 2599 543 2634 lege,
572 2607 626 2626 non
641 2598 793 2630 veritatem,
811 2604 874 2624 cum
892 2596 949 2624 sint
961 2595 1033 2623 servi

239 2645 374 2672 sermonis
389 2645 543 2679 proﬁtentis
561 2644 706 2672 servitium
724 2644 783 2676 Dei,
800 2652 855 2671 non
871 2648 962 2671 autem
977 2649 1035 2670 ser-

239 2689 338 2717 vientis
352 2690 379 2717 in
393 2691 518 2718 veritate.
541 2689 630 2725 Hujus
645 2689 781 2718 sermonis
798 2688 960 2724 mysterium
975 2691 1034 2715 erat

274 2803 299 2819 “
313 2803 379 2836 Luc.
396 2813 463 2835 χχιι.
480 2805 525 2832 l8.

241 2838 251 2853 '
269 2838 334 2865 ibid.
355 2839 399 2866 5|.

241 2872 252 2888 ¹
270 2872 358 2901 Eeclc.
375 2882 406 2906 κ,
424 2875 449 2901 8.

563 2806 585 2821 ’7
599 2803 693 2832 Matth.
707 2812 784 2835 xxvi,
801 2803 846 2830 50.

451 2841 461 2856 ³
482 2849 565 2872 xvm,
584 2840 624 2867 ill.
676 2842 686 2855 "
707 2839 759 2866 isa.
778 2847 802 2865 VI
815 2859 821 2868 ,
840 2837 883 2864 10.

488 2876 498 2891 ⁰
519 2875 591 2902 Psal.
609 2883 644 2903 vn
657 2895 665 2908 ,
684 2875 726 2902 i7.
767 2874 787 2889 “
808 2874 880 2902 Psal.
899 2880 961 2900 uix
975 2893 982 2906 ,
997 2873 1022 2898 7.

1076 1581 1115 1603 tes
1135 1575 1208 1610 quod
1230 1573 1317 1601 dicit:
1338 1571 1390 1603 Qui
1407 1571 1547 1605 accipiunt
1563 1569 1672 1604 gladium
1687 1565 1789 1610 gladium

1075 1623 1162 1654 ibunt,
1177 1628 1275 1649 cavere
1289 1627 1338 1647 nos
1355 1617 1496 1650 convenit,
1519 1621 1550 1644 ut
1571 1623 1604 1642 ne
1617 1607 1796 1641 occasionem“?!

1076 1673 1123 1696 aut
1154 1667 1282 1694 vindicta!
1314 1664 1488 1700 propriarum
1526 1661 1679 1696 injuri-arum
1705 1656 1796 1683 erimina

1077 1714 1208 1750 gladium,
1224 1712 1313 1740 autob
1327 1711 1447 1744 aiiquam
1462 1708 1649 1738 occasionem,
1662 1710 1726 1739 quam
1737 1705 1796 1726 unum

1076 1760 1233 1796 evangelica
1249 1758 1423 1786 abominatur
1436 1756 1495 1783 haec
1503 1754 1609 1781 Christi
1625 1751 1797 1796 doctrinm-prii?

1077 1793 1160 1843 piens
1171 1811 1202 1834 ut
1214 1806 1376 1840 impleamus
1396 1802 1468 1838 quod
1492 1802 1626 1836 scriptum
1637 1802 1674 1825 cst
1685 1797 1717 1822 ":
1728 1793 1797 1821 Call-5

1077 1842 1123 1888 qui
1150 1852 1262 1878 oderunt
1285 1856 1375 1884 pacem
1404 1856 1478 1875 eram
1497 1846 1638 1882 paciﬁcus.
1664 1842 1687 1870 Si
1707 1848 1752 1874 erg"
1766 1843 1797 1863 (τι

1078 1886 1234 1926 odientibns
1255 1903 1348 1932 pacem
1365 1894 1499 1922 debemus
1521 1900 1586 1920 esse
1605 1888 1706 1926 paciﬁci,
1723 1886 1796 1912 adunci

1079 1944 1216 1971 neminem
1241 1942 1331 1978 gladio
1356 1941 1395 1968 uti
1419 1939 1567 1967 debemus.
1593 1937 1628 1964 Ita
1640 1935 1725 1964 volens,
1735 1931 1756 1958 ad
1767 1935 1795 1955 tus

1078 1989 1124 2025 qui
1144 1997 1198 2016 non
1214 1988 1346 2015 didicerat
1358 1987 1473 2021 loquens
1488 2006 1495 2017 ,
1522 1992 1575 2012 nos
1587 1984 1677 2011 docere
1691 1983 1791 2008 omneslll'

1079 2023 1152 2063 niam
1164 2035 1258 2062 volens
1267 2033 1378 2061 tradidit
1389 2032 1574 2066 semctipsum
1588 2037 1634 2065 pro
1644 2027 1709 2055 nobis
1717 2023 1795 2051 urnula--

1079 2081 1183 2109 addidit
1200 2086 1227 2108 et
1245 2081 1312 2108 dicit
1326 2080 1346 2096 “
1364 2088 1372 2107 :
1392 2079 1432 2105 An
1453 2083 1535 2113 putas
1555 2077 1671 2112 quoniam
1691 2080 1729 2099 non
1741 2075 1795 2104 Pw“

1081 2127 1159 2154 modo
1175 2135 1269 2162 rogare
1284 2125 1393 2152 Patrem
1413 2132 1512 2157 meum,
1529 2129 1554 2150 et
1573 2120 1691 2149 exhibebit
1710 2117 1795 2145 militi"

1081 2182 1163 2209 quam
1192 2173 1332 2199 duodecim
1364 2171 1479 2206 legiones
1513 2167 1794 2205 attgelarumftanqml‘”

1046 2211 1067 2238 ί)
1082 2219 1154 2246 dicat
1170 2228 1176 2246 :
1192 2217 1233 2245 Tu
1247 2218 1357 2253 quidem
1373 2217 1413 2244 sic
1427 2216 1551 2252 gladium
1567 2211 1691 2242 exemisti.
1707 2213 1726 2236 et
1736 2212 1795 2241 prrit."

1083 2265 1142 2292 sisti
1161 2265 1291 2300 principis
1307 2271 1428 2295 servum,
1455 2262 1537 2297 quasi
1562 2261 1627 2288 mihi
1649 2255 1748 2285 auxilium
1764 2255 1795 2304 lii“

1083 2316 1177 2344 stans;
1191 2318 1242 2345 ego
1257 2315 1347 2337 autem
1364 2309 1387 2337 si
1401 2309 1564 2340 voluissem,
1580 2311 1690 2342 poteram
1702 2294 1795 2335 Mam”

1083 2363 1151 2386 trem
1171 2366 1223 2385 non
1244 2357 1394 2383 humanum
1414 2354 1550 2381 auxilium
1570 2353 1713 2387 impetrare.
1729 2344 1758 2372 si"
1768 2348 1795 2366 Ψ

1083 2405 1194 2437 liorum,
1211 2403 1236 2431 id
1250 2408 1292 2431 est
1305 2402 1465 2437 angelorum
1477 2422 1485 2433 ,
1502 2409 1554 2428 nec
1569 2400 1655 2430 utrius,
1668 2396 1705 2423 sed
1715 2393 1794 2428 ριυίιίιίθλ

1085 2451 1229 2479 duodecim
1241 2450 1389 2485 legionum.
1406 2447 1447 2475 Ex
1464 2447 1517 2475 hoc
1529 2439 1794 2486 demonstratur

1085 2498 1236 2526 secundum
1259 2496 1342 2531 908
1363 2494 1569 2521 multitudinem
1589 2490 1724 2526 angelorum
1740 2482 1794 2518 [έὶίηΓΔ

1086 2545 1206 2572 tudinem
1224 2541 1374 2578 legionum]
1387 2541 1492 2568 militia:
1504 2539 1657 2569 mundialis,
1672 2533 1795 2563 sument?“

1086 2591 1174 2619 lorum
1192 2590 1312 2625 legiones
1330 2589 1435 2616 militia:
1449 2588 1581 2620 caelestis,
1599 2577 1793 2625 militantium

1085 2638 1206 2674 legiones
1227 2637 1383 2664 daemonum
1405 2635 1593 2662 habitantium
1613 2633 1637 2659 in
1651 2624 1753 2672 εερυίπτῖὲ

1084 2672 1197 2719 ειήθρυὰ
1217 2683 1319 2711 Lucam
1348 2682 1369 2697 "
1392 2680 1542 2709 multitudo
1565 2678 1661 2707 militize
1681 2672 1792 2702 eadem”

886 2802 908 2818 ⁸⁸
926 2801 1021 2828 Matth.

1075 2799 1174 2832 .u,ts.
1218 2799 1241 2815 ι»
1262 2798 1357 2825 Matth.
1380 2797 1558 2828 xx,15.li.
1597 2776 1790 2832 (alucinari?

937 2838 947 2853 ⁸
967 2836 1060 2863 Matth.
1089 2843 1171 2866 xxvr,
1194 2835 1239 2861 5‘2.

1427 2821 1556 2865 iiii-1.1"
1578 2835 1587 2849 ⁷
1606 2829 1688 2857 Matth.
1712 2827 1760 2850 ΗΠ·

1064 2871 1083 2887 ¹¹
1105 2871 1200 2898 Matth.
1220 2877 1301 2902 xxvi,
1317 2868 1362 2896 55.

1403 2869 1424 2884 "
1445 2876 1482 2901 tt,
1500 2868 1543 2895 15.
