1839 3053
32 138 112 168 1753

608 139 939 170 εοιιιιΕΝτΑῐιιοιιυΜ
960 139 1094 168 SERIES.

1601 143 1671 172 1TH

27 199 102 238 dita
113 188 336 226 estlaudantium
354 198 438 227 Deum
457 187 566 235 propter
587 199 689 228 Christi
703 199 830 227 nativita-
845 198 868 227 Α
883 197 1057 226 manifestum
1074 201 1116 225 est
1131 198 1260 226 omnibus
1279 199 1507 234 cognoscentibus
1519 206 1574 228 me.
1592 199 1669 233 Quo-

33 249 108 272 tem.
124 243 152 271 Si
168 248 260 272 autent
280 245 425 272 multitudo
442 245 545 272 militiae
559 246 678 274 rceleslis
693 250 753 273 erat
771 245 830 272 lau-

30 291 165 318 dantium
183 291 280 323 Deum,
297 291 391 318 militia
405 295 495 318 autem
510 292 602 320 omnis
615 296 724 327 pmpter
735 291 831 319 adver-

32 337 131 364 sarios
153 337 314 372 intelligitur
339 337 500 369 constituta,
529 342 728 372 consequenter
741 341 768 364 et
785 337 830 364 illa

34 383 139 409 militia
155 387 264 417 propter
278 382 451 410 adversarios
467 382 563 410 militat
581 383 645 410 Deo.
672 383 724 410 Sed
748 383 830 410 etiam

32 427 127 455 Jacob
151 428 241 455 locum
269 427 386 462 aliquem
415 428 519 455 voravit
542 433 643 455 castra.
666 427 774 455 Domini
797 427 828 460 ¹¹,

31 473 172 508 quoniam
190 473 314 500 militiam
331 473 386 501 illic
399 474 506 508 aspexit
524 473 694 508 angelorum.
722 473 755 500 Et
771 472 832 500 ubi-

31 526 152 553 cunque
168 523 233 546 sunt
251 518 335 546 Deum
351 519 495 552 timentes,
512 519 585 546 circa
601 526 649 546 eos
665 523 730 546 sunt
742 523 831 545 castra

31 564 211 599 angelorum.
229 563 361 591 Immittet
377 564 449 592 enim
474 564 581 599 angelus
607 564 712 591 Domini
733 565 761 591 in
777 565 831 591 cir-

32 611 115 637 cuitu
128 611 278 637 timentium
290 618 360 644 eum,
370 615 394 637 et
408 611 499 644 eripiet
512 618 555 637 eos
571 610 607 643 “;
619 610 691 637 sicut
704 609 789 638 fuisse
803 614 831 638 et

31 656 114 684 circa
132 655 258 683 Elisaaum
271 656 352 684 rel'ert
366 656 433 683 liber
442 655 598 691 Regnorum
612 656 643 683 ¹³,
656 655 687 683 Ει
699 655 806 683 attende
824 664 831 682 :

32 708 123 737 putas
139 703 219 738 quasi
233 702 336 738 angelis
352 702 466 729 inferior
483 702 620 734 Salvator,
645 707 693 729 aut
708 702 832 738 indigens

31 750 144 776 auxilio
158 750 316 784 angelorum
331 749 440 777 dicebat
454 759 461 776 :
478 750 518 776 An
535 754 614 784 putas
629 749 693 784 quia
707 757 759 775 non
773 756 834 782 pos-

30 804 98 823 sum
118 803 211 830 rogare
222 795 330 822 Patrem
353 803 450 827 meum,
473 800 497 822 et
524 795 656 822 exhibebit
679 794 744 821 mihi
758 794 833 829 plus-

31 849 121 876 quam
136 840 273 868 duodecim
297 840 411 876 legiones
432 841 608 876 angelorum?
624 840 679 868 Aut
700 839 769 867 forte
789 847 833 867 sc-

33 887 164 914 cundum
187 887 420 914 existimationem
436 886 508 914 Petri
522 887 638 914 volentis
654 887 678 914 ei
699 886 832 913 auxilium

34 934 126 966 ferre,
151 937 178 960 ct
203 933 321 968 gladium
335 933 500 968 proferentis
512 955 520 966 ,
534 938 561 960 et
575 933 742 967 amputantis
759 932 833 959 auri-

33 980 133 1007 culam
159 979 241 1011 servi,
267 979 332 1006 talia
354 984 395 1007 est
418 979 642 1014 locutus?lllagis
656 980 728 1006 enim
745 979 834 1014 angeli

32 1032 113 1060 opus
139 1025 239 1052 habent
258 1025 362 1052 auxilio
378 1025 510 1060 unigeniti
526 1024 586 1051 Filii
603 1025 660 1058 Dei,
683 1032 764 1060 quam
777 1025 835 1060 ipse

34 1072 166 1098 illorum.
193 1070 308 1105 Propter
331 1071 382 1098 hoc
395 1072 509 1104 etquod
530 1071 660 1098 scribitur
676 1080 683 1097 ε
702 1070 835 1103 Quoniam

35 1116 147 1152 angelis
161 1117 216 1143 suis
230 1116 365 1143 mandavit
381 1117 412 1143 de
425 1121 465 1148 te,
481 1121 510 1143 ut
526 1117 677 1143 custodiant
693 1120 717 1143 te
733 1117 759 1142 in
776 1124 834 1143 ont-

35 1163 123 1190 nibus
137 1163 184 1189 riis
204 1163 255 1189 tuis
269 1163 302 1195 ",
319 1170 373 1189 non
391 1162 425 1189 de
440 1155 509 1189 Filio
522 1162 568 1189 Dei
582 1162 723 1197 unigenito
734 1161 834 1189 intelli-

33 1209 119 1244 gitur
141 1209 255 1241 dietum,
280 1208 328 1235 sed
354 1212 401 1235 aut
421 1208 447 1235 in
464 1215 580 1243 persona
594 1208 697 1235 Christi
711 1208 744 1235 de
758 1207 833 1235 omni

36 1256 105 1282 viro
121 1255 196 1290 justo
215 1263 296 1289 quem
318 1254 445 1282 Christus
459 1254 582 1289 portabat
600 1254 627 1280 in
642 1261 757 1288 corpore
771 1261 833 1286 suo,

34 1306 91 1330 aut
107 1301 140 1329 de
155 1301 266 1329 Christo
286 1301 436 1328 secundum
460 1301 606 1327 humanam
624 1300 684 1334 ejus
697 1304 834 1326 naturam.

38 1347 168 1381 Denique
192 1351 218 1374 et
245 1346 317 1381 quod
331 1346 397 1374 dicit
414 1346 434 1361 "
450 1355 457 1373 :
474 1345 607 1372 Liberabit
629 1350 653 1372 te
677 1353 693 1371 a
709 1345 787 1371 ruina
811 1349 835 1370 et

36 1394 177 1421 damna/tio
203 1393 373 1425 meridiano,
407 1399 580 1427 nequaquam
608 1391 735 1418 convenit
768 1390 836 1418 Filio

37 1442 104 1468 Dei.
124 1440 175 1468 Sed
186 1445 213 1468 ct
230 1440 303 1475 quod
319 1439 385 1467 dicit
400 1439 422 1455 ⁸⁸
439 1448 445 1466 :
466 1438 526 1465 Non
541 1438 643 1465 timebis
656 1447 672 1465 α
686 1439 779 1465 timore
790 1445 837 1464 no-

37 1493 153 1520 cturno,
168 1496 184 1513 a
200 1487 298 1522 sagitta
311 1486 416 1513 volante
430 1493 476 1520 per
486 1485 554 1511 diem
566 1505 573 1518 ,
588 1493 603 1510 η
617 1484 720 1519 negotio
732 1491 838 1518 peram-

38 1533 155 1560 bulante
175 1533 203 1559 in
228 1532 351 1565 tenebris,
365 1531 451 1566 magis
462 1531 588 1558 convenit
599 1530 742 1565 virojusto
754 1537 835 1564 quam
850 1545 872 1575 ο

40 1579 118 1606 Filio
136 1577 191 1605 Dei.
218 1578 285 1605 Cum
310 1585 375 1612 ergo
399 1581 493 1611 posset
506 1576 628 1610 accipere
645 1575 774 1611 legiones,
789 1583 838 1602 no-

38 1625 121 1651 lebat
137 1624 269 1658 accipere,
291 1627 320 1650 ut
336 1630 384 1657 per
397 1623 554 1657 patientiam
578 1622 637 1657 ejus
660 1621 838 1656 implerentur

40 1669 197 1704 Scriptum
222 1669 416 1704 prophetantes
431 1668 464 1696 dc
486 1668 560 1703 ipsof,
576 1667 706 1703 quoniam
723 1667 759 1694 ita
774 1674 837 1693 eum

40 1715 102 1750 pati
115 1715 303 1742 conveniebat.

85 1761 148 1787 itt3.
164 1761 196 1787 In
212 1761 261 1787 illa
277 1761 342 1787 hora
357 1760 425 1787 dixit
437 1759 516 1787 Iesus
529 1759 563 1786 ad
581 1758 671 1785 turbas
685 1765 694 1784 :
713 1757 788 1784 Sicut
802 1757 838 1784 ad

44 1809 182 1835 latronem
201 1808 294 1834 existis
310 1815 370 1834 cum
387 1806 483 1842 gladiis
498 1810 522 1833 et
539 1805 653 1840 fustibus
673 1804 839 1839 comprehen-

41 1854 111 1880 (lere
125 1862 182 1886 me;
208 1854 326 1888 quotidie
348 1853 419 1887 apud
440 1861 482 1880 vos
495 1852 521 1878 in
543 1851 638 1886 templo
653 1850 774 1878 sedebant
791 1850 838 1876 d0<

41 1907 120 1931 cens,
147 1903 170 1925 et
194 1906 245 1925 non
272 1898 394 1925 tenuisti:
415 1905 455 1924 me
470 1898 501 1924 ".
522 1896 654 1924 Voluntas
671 1902 765 1922 eorum
778 1901 839 1929 qua:

42 1946 74 1973 in
94 1945 146 1972 hoc
163 1945 223 1971 loco
237 1944 376 1977 dicuntur,
392 1943 455 1970 talis
469 1943 536 1969 mihi
552 1942 668 1974 videtur,
684 1941 756 1976 quod
773 1941 838 1968 dicit

43 1991 176 2018 Salvator
196 1991 229 2018 ad
251 1991 346 2017 turbas
363 1999 370 2017 ;
390 1989 418 2017 Si
437 1990 499 2024 quis
511 1989 645 2016 latronem
662 1988 719 2015 vult
735 1993 837 2020 tenere,

44 2046 106 2066 non
123 2043 164 2064 est
180 2037 361 2072 incongruum
377 2044 440 2064 cum
457 2035 554 2071 gladiis
570 2040 597 2062 et
616 2035 733 2062 fustibus
747 2033 840 2061 venire

42 2085 82 2112 ad
107 2091 180 2115 cum,
203 2083 266 2118 quia
293 2083 355 2110 talis
380 2088 422 2110 est
449 2086 475 2109 et
491 2082 560 2108 latro
578 2085 607 2108 ut
624 2081 715 2108 omnia
731 2081 839 2114 audeat,

42 2130 200 2158 dununodo
217 2129 285 2156 nihil
301 2129 363 2155 mali
378 2128 513 2163 patiatur;
541 2132 567 2154 ct
592 2128 615 2154 si
637 2131 736 2162 potest,
758 2134 840 2161 para-

43 2183 93 2204 tus
109 2180 150 2202 est
169 2175 258 2210 gladio
274 2175 312 2202 uti
331 2179 358 2202 et
373 2174 444 2201 fuste
460 2174 592 2201 adversus
611 2174 841 2208 comprehendere

881 244 963 271 modo
979 249 1070 271 autem
1087 249 1113 272 et
1137 253 1189 271 non
1203 245 1270 272 estis
1292 245 1388 280 placati
1401 243 1523 280 quotidie
1542 254 1670 281 perman-

882 289 987 316 sionem
999 297 1089 316 meam
1105 289 1227 317 videntes
1240 290 1269 317 in
1279 291 1380 325 templo
1395 289 1452 324 Dei,
1465 296 1492 318 et
1507 291 1670 326 praebentem

882 342 926 362 me
938 335 1067 362 omnibus
1079 335 1233 363 volentibus
1252 344 1295 363 me
1309 337 1415 369 audire,
1432 341 1462 364 ut
1476 337 1671 372 coniungerent

881 389 928 408 eos
944 381 1009 408 mihi
1032 381 1065 408 ad
1086 381 1320 416 prodiiieationem
1342 391 1436 410 eorum
1453 391 1501 418 per
1517 383 1629 410 verbum
1647 388 1674 410 et

882 428 966 454 \itam
986 428 1019 455 ad
1043 428 1239 456 beatitudinem
1265 428 1330 456 Dei?
1345 429 1400 456 Aut
1412 434 1475 457 tunc
1490 429 1601 464 quidem
1619 438 1672 457 non

883 474 1009 502 tenuistis
1032 483 1076 502 me
1099 475 1219 503 videntes
1242 475 1386 503 docentem
1400 480 1426 503 et
1445 476 1514 503 nihil
1528 476 1673 504 iacientem

882 519 994 554 dignum
1021 520 1117 554 reatui,
1146 529 1218 548 nunc
1246 526 1336 549 autem
1365 522 1444 557 quasi
1472 527 1606 550 mutatum
1631 531 1675 550 me

883 566 1056 599 existimatis,
1076 572 1105 594 ut
1123 567 1202 602 quasi
1218 567 1351 595 latronem
1367 568 1466 596 debere
1480 570 1674 603 comprehendi

884 612 1005 647 putetis?
1032 612 1085 640 Sed
1099 621 1149 641 nec
1161 614 1187 640 in
1205 614 1256 642 hoc
1271 614 1447 641 occasionem
1464 615 1583 649 aliquam
1600 615 1676 642 inve.-

885 658 962 690 nitis,
981 659 1060 693 quasi
1078 659 1111 685 ad
1127 659 1241 686 verbum
1258 665 1392 687 mutatmn
1405 661 1440 688 ab
1455 661 1496 688 eis
1506 669 1567 696 quae
1581 661 1607 688 in
1619 661 1674 696 pri-

884 704 936 731 mis
959 712 1155 739 proposueram
1176 706 1306 740 prodessc
1320 706 1475 734 volentibus
1490 707 1579 734 verbis
1591 712 1616 734 et
1630 707 1671 734 la-

884 750 944 778 ctis.
970 750 1004 777 Et
1020 750 1080 777 vide
1094 755 1239 785 postquam
1254 751 1323 779 dixit
1339 753 1373 779 ad
1390 751 1500 780 Petrum
1521 761 1528 780 :
1552 752 1675 780 Reeande

884 796 1003 832 gladium
1018 801 1091 824 tuum
1103 797 1129 824 in
1142 799 1244 824 thecam
1255 806 1333 824 suam
1342 799 1375 831 ὀ,
1386 800 1458 833 quod
1471 803 1513 826 est
1523 799 1673 833 patientiae:

886 847 1030 876 postquam
1048 842 1200 870 auriculam
1214 843 1335 870 restituit
1348 848 1530 878 amputatum,
1548 844 1619 871 sicut
1634 844 1676 871 al~-

887 891 926 914 ter
941 887 1008 914 dicit
1022 887 1200 922 evangelista,
1222 887 1295 921 quod
1316 892 1343 914 et
1364 895 1479 915 summae
1502 888 1676 923 benignitatis

886 932 1017 960 indicium
1037 932 1125 960 fuerat
1140 932 1243 967 pariter
1256 937 1283 960 et
1297 933 1397 961 divina
1409 934 1528 967 virtutis,
1548 939 1613 962 tunc
1624 935 1675 963 iSta

885 978 967 1005 verba
985 978 1092 1006 locutus
1117 984 1169 1010 est,
1195 983 1225 1005 ut
1246 978 1335 1006 ﬁdelia
1359 979 1516 1007 viderentur
1528 987 1561 1007 ex
1578 987 1678 1014 praten—

886 1023 1013 1050 dentibus
1028 1024 1119 1050 verbis
1134 1028 1161 1051 et
1177 1023 1268 1057 iactis,
1295 1029 1325 1051 ut
1343 1025 1366 1052 si
1380 1025 1516 1059 praeterita
1536 1025 1677 1053 benefacta

887 1077 941 1096 non
958 1073 1148 1102 PCCOI‘tIal‘IllII',
1164 1070 1205 1097 vel
1219 1071 1362 1104 praesentia
1378 1076 1587 1106 τεςοειιοεοηιιι.

923 1115 984 1142 104.
1010 1115 1066 1142 Hoc
1082 1120 1170 1142 autem
1189 1121 1271 1142 totum
1284 1116 1384 1151 factum
1397 1122 1446 1149 est,
1465 1121 1493 1144 ut
1507 1117 1679 1152 implerentur

887 1161 1033 1196 Scriptum
1058 1162 1247 1196 prop/letarum
1270 1162 1302 1190 de
1328 1163 1481 1197 Itujusmodi
1505 1164 1538 1190 ¹¹.
1564 1163 1677 1190 Multum

887 1212 978 1235 autem
1003 1212 1044 1235 est
1063 1215 1137 1234 nunc
1153 1208 1254 1243 eligere
1273 1208 1306 1236 de
1327 1209 1487 1243 prophetis,
1508 1209 1599 1244 qualia
1618 1217 1680 1244 quae

887 1258 952 1281 tunc
973 1254 1084 1289 impleta
1115 1259 1178 1282 sunt
1204 1255 1312 1289 eloquia
1339 1255 1547 1290 prophetarum,
1568 1256 1678 1289 quando

888 1300 945 1327 haec
964 1307 994 1327 se
1015 1301 1069 1334 pati
1086 1300 1213 1328 Christus
1229 1301 1338 1328 dicebat
1357 1310 1363 1327 :
1379 1305 1406 1328 et
1423 1301 1540 1328 studiosi
1559 1301 1679 1328 hominis

886 1351 928 1374 est
943 1350 970 1374 ct
984 1346 1068 1373 multa
1083 1347 1195 1374 scicntis
1208 1354 1374 1381 congregare
1385 1347 1468 1374 verba
1482 1347 1676 1382 prophetarum

887 1399 948 1426 qua}
967 1396 1031 1419 sunt
1048 1392 1168 1426 impleta.
1195 1391 1227 1419 Et
1250 1391 1278 1418 in
1295 1392 1445 1419 centesimo
1460 1399 1556 1420 octavo
1572 1392 1679 1427 psalmo

889 1437 958 1464 forte
965 1438 1093 1472 pleraque
1100 1437 1222 1465 invenies
1229 1437 1418 1464 convenientia
1428 1437 1487 1465 istis
1494 1437 1539 1473 qui
1548 1444 1679 1465 venerunt

887 1491 951 1511 cum
973 1482 1042 1510 Juda
1062 1482 1294 1517 comprehendere
1308 1481 1414 1515 Jesum,
1436 1483 1507 1510 sicut
1529 1487 1555 1510 et
1578 1482 1630 1509 alia
1645 1482 1679 1509 de.

888 1529 957 1557 Juda
974 1529 1001 1556 in
1017 1529 1112 1556 eodem
1130 1528 1202 1556 dicta
1216 1532 1282 1556 sunt.
1296 1529 1402 1562 psalmo
1417 1538 1423 1556 :
1445 1528 1517 1556 Tum:
1531 1527 1612 1555 simui
1623 1537 1678 1555 om-

889 1583 933 1602 nes
946 1575 1071 1601 derelicto
1080 1582 1109 1601 eo
1124 1573 1247 1609 fugerunt
1259 1575 1293 1600 “.
1310 1573 1450 1601 Timentes
1461 1581 1526 1608 ergo
1541 1574 1636 1601 turbas
1652 1578 1680 1601 et

889 1620 1039 1656 principem
1053 1627 1148 1647 eorum
1162 1619 1273 1652 ludam,
1286 1618 1422 1654 fugerunt.
1436 1618 1491 1646 Nec
1507 1619 1580 1646 enim
1597 1619 1681 1646 habe-

886 1666 955 1693 bant
970 1665 1061 1692 adhuc
1080 1664 1223 1699 Spiritum,
1235 1665 1361 1699 quoniam
1372 1663 1450 1691 Jesus
1464 1665 1580 1691 nondum
1593 1665 1681 1698 fuerat

889 1712 1078 1746 honoriﬁcam:
1088 1711 1122 1743 “,
1139 1718 1190 1738 nec
1208 1710 1342 1745 Spiritum
1355 1710 1466 1737 Virtutis
1483 1715 1510 1737 et
1527 1710 1678 1738 cltaritatis.

889 1756 975 1791 Quem
988 1756 1011 1784 si
1029 1755 1207 1787 habuissent,
1223 1763 1276 1782 non
1291 1760 1383 1783 essent
1400 1755 1528 1782 infirmati
1540 1777 1548 1789 ,
1563 1763 1613 1783 nec
1629 1756 1680 1783 ali-

889 1803 953 1838 quid
968 1802 1041 1829 aliud
1054 1806 1132 1829 extra
1149 1802 1269 1828 divinam
1289 1801 1449 1828 cbaritatem
1464 1801 1593 1836 egissent.

924 1848 986 1875 £05.
1003 1847 1036 1873 Et
1049 1847 1090 1873 illi
1104 1852 1220 1874 tenentes
1233 1845 1339 1878 Iesum,
1351 1846 1484 1872 duxerunt
1503 1846 1537 1872 ad
1551 1845 1679 1880 Caipham

889 1894 1033 1929 principem
1047 1893 1226 1925 sacerdotum,
1245 1891 1289 1918 ubi
1304 1891 1404 1918 Scriba:
1420 1896 1444 1918 et
1456 1893 1570 1918 seniores
1589 1900 1677 1919 conta:-

891 1941 996 1968 niebant
1011 1938 1044 1965 ".
1059 1938 1185 1965 Arbitror
1198 1938 1287 1970 enim,
1303 1937 1431 1971 quoniam
1450 1945 1541 1964 sermo
1559 1937 1680 1964 deservi-

891 1986 973 2014 tionis
989 1985 1128 2016 Judaicze,
1146 1992 1201 2019 quo
1219 1992 1291 2011 nunc
1306 1983 1426 2010 derelicti
1443 1983 1582 2010 deservire
1596 1984 1678 2018 proti-

891 2035 992 2063 tentur,
1013 2029 1132 2064 Caiphas
1143 2034 1194 2061 est,
1209 2029 1256 2064 qui
1273 2028 1410 2056 adversus
1426 2029 1565 2056 veritatem
1582 2029 1680 2057 militat

890 2077 954 2104 Jesu
971 2076 1016 2111 qui
1030 2075 1130 2103 dicitur
1145 2075 1272 2109 princeps
1283 2074 1467 2102 sacerdotum.
1480 2073 1560 2102 Jesus
1574 2080 1678 2107 autem.

891 2123 1041 2151 secundant
1067 2121 1227 2153 veritatem,
1255 2120 1383 2147 sacerdos
1406 2124 1448 2148 est
1474 2119 1594 2147 Verbum
1620 2120 1682 2152 Dei,

891 2169 943 2196 sub
964 2175 1019 2203 quo
1042 2166 1183 2195 constituti
1209 2169 1274 2192 sunt
1296 2172 1393 2192 omnes
1416 2165 1463 2200 qui
1480 2166 1681 2200 acceptabilitcr

43 2231 77 2251 se
103 2222 235 2254 volentes,
258 2221 348 2256 potius
362 2228 443 2255 quam
461 2224 491 2247 ut
507 2220 578 2246 ultro
593 2219 683 2246 tradat
693 2227 723 2246 sc
737 2219 764 2246 in
781 2227 840 2246 ma-
856 2222 877 2251 ο
892 2214 1014 2242 servi-unt
1032 2213 1088 2240 Deo
1101 2211 1186 2239 Patri.
1200 2210 1251 2238 Ubi
1267 2215 1357 2238 autem
1371 2210 1489 2246 Caipbas
1503 2216 1546 2239 est
1557 2212 1683 2247 princeps

44 2278 104 2298 nus
119 2276 223 2296 corum.
240 2267 297 2302 Ego
314 2271 405 2294 autem
420 2267 492 2302 quod
509 2274 562 2293 non
577 2274 638 2293 sum
652 2265 728 2298 talis,
743 2273 839 2292 omnes

42 2315 97 2351 qui
118 2320 182 2342 sunt
196 2315 222 2341 in
237 2313 330 2341 Judma
349 2314 450 2345 sciunt,
465 2313 511 2340 alii
532 2311 641 2346 quidem
657 2312 780 2339 videntes
791 2311 840 2338 do-

43 2361 167 2390 ctrinam
185 2368 271 2387 meam
290 2364 317 2387 et
341 2367 422 2394 opera
441 2366 511 2388 mea,
535 2358 580 2385 alii
608 2363 698 2384 autem
715 2357 838 2384 auditum

45 2408 181 2436 habentes
195 2407 293 2439 deme,
310 2410 356 2432 aut
372 2404 606 2432 conversationem
622 2411 710 2430 nteant
724 2410 840 2437 sequen-

46 2460 108 2485 tes;
121 2452 252 2487 quoniam
268 2451 392 2487 quotidie
404 2451 501 2478 sedens
515 2451 541 2477 in
559 2450 618 2477 loco
634 2449 719 2476 sancti
736 2448 839 2483 templi,

46 2499 130 2535 quasi
151 2506 271 2533 congruo
285 2497 318 2524 ad
332 2497 470 2525 doctrinas
487 2496 610 2528 divinas,
628 2494 838 2522 manifestabam

45 2553 113 2581 qua:
139 2544 300 2580 pertinentia
319 2549 396 2571 erant
411 2543 444 2570 ad
459 2544 585 2578 pietatem
599 2547 626 2568 et
646 2542 728 2568 vitam
744 2549 838 2568 sanam

47 2590 201 2619 secundum
220 2590 305 2625 legem
325 2588 388 2622 Dei,
414 2593 441 2616 et
466 2595 512 2623 per
538 2588 589 2614 hoc
616 2587 840 2615 commendabam

49 2635 196 2672 paciﬁcum
218 2643 260 2662 me
270 2642 343 2662 esse.
357 2633 435 2667 Quod
447 2637 535 2660 autem
546 2632 647 2659 nullam
660 2632 741 2659 habet
758 2632 840 2658 ratio-

50 2690 115 2710 ncm
131 2681 255 2708 idoneam
273 2688 362 2716 neque
378 2680 516 2707 insidiatio
533 2685 622 2706 vestra
639 2678 769 2705 adversus
786 2685 839 2711 mc,

50 2735 142 2764 neque
162 2727 257 2754 militia
278 2731 368 2755 vestra
389 2734 450 2754 cum
465 2725 562 2761 gladiis
574 2730 600 2753 et
615 2724 733 2752 fustibus
748 2724 818 2751 facta
830 2743 840 2757 ,

92 2799 114 2816 ¹³
133 2799 201 2826 Gen.
220 2806 314 2826 xxvut.
354 2797 376 2814 ¹⁸
394 2797 466 2824 Psal.
485 2804 582 2826 sum.
599 2795 624 2822 8.

51 2843 126 2865 ΠΗ,
151 2834 195 2860 Ξὶῖἱ.
249 2835 271 2851 ¹⁰
290 2833 369 2862 Joan.
387 2841 463 2866 xvtn,
487 2832 529 2860 ll.

50 2872 73 2888 "
83 2869 149 2898 ibid.
160 2869 205 2897 58.

667 2795 687 2811 "
707 2794 740 2822 IV
761 2795 826 2829 Reg.
843 2802 881 2822 vr.

583 2831 603 2847 "
624 2830 708 2858 Matth
738 2838 810 2864 mi,

890 2260 1074 2292 sacerdotum,
1098 2259 1135 2285 ibi
1159 2263 1359 2293 congregantur
1378 2257 1492 2290 Seribze,
1509 2258 1534 2284 id
1552 2263 1594 2285 est
1613 2258 1682 2285 litte-

891 2306 953 2338 rati,
978 2305 1024 2340 qui
1050 2309 1171 2339 praesunt
1192 2304 1287 2332 littera:
1305 2303 1449 2331 occidenti.
1476 2303 1508 2330 Et
1531 2305 1680 2331 secundum

890 2352 988 2379 littera:
1004 2350 1088 2385 909
1104 2349 1262 2385 qualitatem
1279 2348 1438 2376 Scribarum
1454 2353 1519 2376 sunt
1538 2350 1680 2381 seniores,

891 2398 938 2433 qui
953 2405 1008 2424 non
1023 2398 1049 2423 in
1066 2396 1220 2429 veritatem,
1231 2395 1277 2422 sed
1290 2394 1316 2421 in
1329 2399 1490 2422 vetustatem
1505 2395 1601 2422 litterae
1613 2396 1680 2422 sim-

892 2444 970 2479 plicis
985 2448 1049 2470 sunt
1064 2442 1253 2470 recumbentes
1268 2447 1296 2470 ct
1316 2442 1383 2469 nihil
1407 2441 1525 2475 amplius
1547 2442 1680 2476 negotiari

892 2489 1024 2517 volentes.

928 2535 989 2562 106.
1012 2534 1106 2561 Petrus
1127 2538 1215 2560 autem
1232 2533 1388 2567 sequebatur
1398 2540 1457 2559 eum
1470 2531 1502 2558 de
1513 2531 1589 2566 longe
1600 2539 1680 2566 usque

892 2583 919 2608 in
936 2582 1036 2608 atrium
1052 2580 1180 2615 principis
1196 2580 1374 2606 sacerdotum.
1395 2577 1429 2604 Et
1443 2578 1576 2613 ingressus
1595 2578 1679 2609 intra,

891 2627 996 2655 sedebat
1015 2635 1075 2653 cunt
1096 2626 1225 2652 ministris
1238 2630 1266 2651 ut
1281 2625 1377 2652 videret
1393 2624 1494 2651 exitum
1506 2623 1543 2650 rei
1555 2623 1588 2649 “.
1611 2623 1680 2650 Cum

893 2674 1038 2701 duceretur
1053 2677 1143 2700 autem
1160 2671 1299 2706 Magister,
1315 2671 1481 2705 sequebatur
1495 2670 1604 2706 quidem
1626 2669 1677 2696 Pc-

894 2725 972 2748 trns:
995 2726 1048 2746 non
1065 2723 1156 2745 autem
1178 2722 1284 2752 poterat
1305 2717 1338 2744 de
1354 2716 1482 2752 proximo
1505 2723 1568 2744 cum
1590 2716 1679 2750 sequi,

1206 2789 1226 2804 "
1248 2789 1313 2815 ibid.
1327 2789 1355 2816 6.
1393 2788 1414 2804 ’⁸
1434 2787 1498 2814 ibid.
1539 2785 1560 2802 ¹⁹
1584 2784 1680 2812 Matth.

1377 2824 1399 2839 “
1419 2823 1513 2851 Matth.
1533 2829 1615 2855 xxvi,
1635 2820 1669 2848 51

927 2793 948 2809 ¹⁶
967 2792 1040 2820 Psal.
1058 2798 1109 2823 sc,
1128 2790 1170 2816 ll.

920 2830 942 2845 ²¹
963 2828 1028 2856 ibid.
1079 2827 1103 2843 "
1118 2825 1199 2854 Joan.
1218 2832 1267 2856 vn,
1289 2824 1335 2852 59.
