1839 3053
44 100 111 134 ns":

611 102 937 133 COMMENTARIORCM
957 103 1089 133 SERlES.

1596 105 1608 132 Ι
1615 105 1664 133 τ58

43 169 134 191 nostra
155 162 251 199 dignos
273 170 321 191 eos
334 163 495 195 habeamus,
516 169 567 190 nec
588 162 733 191 defendere
760 171 826 191 nos-
839 166 863 194 Α
878 167 916 190 est
931 163 974 197 “,
995 163 1112 190 faciebat
1136 166 1226 190 autem
1256 166 1398 198 peccatum
1429 162 1510 190 etiam
1538 163 1664 199 princeps

44 214 182 244 metipsos,
199 209 244 236 ubi
260 217 314 236 non
330 214 395 236 sunt
415 209 604 237 convenientia
619 217 681 243 qute
696 209 826 237 dicuntur

44 255 172 282 adversus
190 263 250 282 nos.
277 254 346 287 Quid
370 254 441 281 cuitu
462 261 531 289 opus
555 259 596 282 est
621 254 675 281 illis
699 254 826 281 resistere

44 301 91 334 qui
109 300 157 327 sibi
176 299 226 334 ipsi
242 300 378 326 contraria
393 299 514 327 dicentes
531 299 685 327 resistunt?
707 299 826 326 maxime

47 345 91 372 ubi
107 344 193 378 majus
207 348 250 371 est
265 344 348 371 libere
366 349 394 371 et
410 343 517 370 fortiter
539 344 620 370 silere
634 351 715 378 quam
730 343 825 370 defen-

44 391 108 418 dere
122 391 179 418 sine
193 390 248 417 ul'o
264 389 396 424 profectu,
413 393 443 416 ut
460 397 512 416 non
529 389 705 416 httmiliemur
720 397 735 416 a
752 389 827 417 testi-

44 436 96 464 bus
109 435 182 463 falsis
199 440 227 463 et
241 435 485 463 calumniatoribus
503 435 641 469 improbis.

81 481 139 508 ιιο.
165 480 198 507 Et
213 480 281 508 dixit
295 481 318 507 ei
338 481 457 515 princeps
480 481 644 508 sacerdotum
664 488 673 507 :
687 481 788 515 Adjuro
803 485 827 507 te

41 534 90 560 per
108 526 186 553 Deum
207 526 309 558 vivunt,
332 531 359 552 ut
378 526 452 552 dicos
474 527 548 552 nobis
567 527 590 553 si
609 531 637 552 tu
657 535 684 553 es
706 526 826 553 Christus

45 571 130 599 Filius
149 572 204 600 Dei.
226 572 260 599 Et
281 573 348 598 dixit
372 573 396 599 ei
411 571 488 599 Iesus
502 580 511 598 :
527 571 566 598 Tu
586 572 679 599 dixisti
693 572 725 599 ³⁸.
749 571 781 598 Ει
799 572 826 599 in

41 618 100 654 lege
113 618 219 654 quidem
237 618 380 653 adjurandi
399 625 478 645 usum
496 617 660 645 invenimus.
678 617 707 644 ln
724 617 824 645 Nume~

41 665 81 692 ris
94 665 162 692 enim
176 665 198 680 ³⁹
212 664 277 691 dicit
292 664 344 696 lex.
359 663 488 698 quoniam
503 663 638 698 adjurabit
655 672 713 690 eam
733 672 826 692 sacer-

39 711 107 743 dos,
130 710 155 738 id
177 715 219 738 est
243 710 384 738 mulierem
405 710 478 737 illam
503 710 529 736 in
556 710 635 744 cujus
658 710 716 737 riro
739 710 827 738 factus

38 761 84 784 est
99 755 209 791 spiritus
224 756 284 789 zeli,
296 759 323 783 et
331 756 403 782 dicet
415 754 523 782 mulieri
533 754 661 782 sacerdos
675 755 697 771 ⁸ο
710 764 717 782 :
731 755 760 782 Si
775 763 827 782 non

38 803 255 838 dormictaliquis
267 808 351 830 tecum
361 823 368 835 ,
383 807 408 829 et
429 803 481 829 nisi
504 807 668 838 transgressa
683 811 710 830 es
725 808 753 829 ut
770 811 828 830 ma-

36 849 136 876 culeris
157 858 172 875 α
186 850 241 876 viro
258 857 310 876 non
326 854 369 875 tua
380 869 388 879 ,
410 848 534 875 innocens
553 848 605 875 eris
620 848 652 874 ab
668 857 736 884 aqua
747 857 828 883 argu-

39 895 120 921 tionis
133 895 180 921 hac
195 894 348 921 maledicta.
373 892 405 922 Et
422 898 483 928 post
505 902 591 929 pauca
603 894 623 909 “
639 903 645 921 :
660 894 694 921 Et
717 895 828 929 adjura—

39 940 96 971 bit,
121 940 229 974 inquit,
254 941 376 967 sacerdos
403 940 539 967 mulierem
562 941 589 966 in
613 940 827 975 adjurationibus

39 987 232 1013 rotaledictiunis
256 986 345 1020 hujus.
366 985 430 1012 ltem
454 987 481 1013 iu
504 987 582 1013 tertio
599 986 701 1021 Regum
718 987 741 1002 “
760 987 828 1014 dixit

38 1040 87 1058 rex
102 1031 193 1058 Achab
211 1031 243 1058 ad
260 1031 400 1058 Michaeam
419 1040 426 1058 ι
441 1031 542 1064 Adiuro
566 1036 590 1058 te
613 1036 640 1058 ut
657 1031 774 1067 loquaris
793 1032 827 1058 ad

38 1086 81 1104 me
100 1077 234 1104 veritatem
261 1077 288 1103 in
314 1077 418 1103 nomine
434 1076 550 1104 Domini.
573 1077 715 1112 Adjuravit
737 1083 826 1105 autem

37 1131 88 1149 rex
110 1122 286 1157 prophetam,
313 1126 339 1149 et
369 1122 505 1157 adjuravit
531 1131 584 1150 non
608 1123 679 1150 sicut
701 1125 828 1152 sacerdos

36 1169 68 1197 in
82 1169 216 1196 Numen-is.
237 1168 281 1196 Ille
294 1168 366 1195 enim
382 1176 413 1196 ex
430 1169 497 1204 legis
512 1174 656 1204 prmcepto,
675 1171 724 1198 iste
737 1176 826 1198 autent

35 1223 72 1242 cx
97 1213 209 1241 arbitrio
240 1223 299 1242 suo.
326 1215 359 1242 Et
378 1223 450 1242 nunc
476 1216 503 1242 in
520 1215 580 1243 loco
596 1215 720 1250 praesenti
734 1215 826 1244 Jesutu

35 1261 166 1288 sacerdos
180 1261 287 1294 adjurat
302 1269 349 1295 per
366 1261 449 1290 Deum
466 1261 567 1288 vivunt.
588 1262 720 1290 Existimo
736 1267 827 1290 autem

35 1305 169 1340 quoniam
188 1314 242 1333 nou
269 1310 373 1341 oportet
402 1310 431 1333 ut
454 1306 495 1333 vir
519 1307 566 1341 qui
591 1307 648 1334 vult
677 1308 827 1335 secundum

37 1352 215 1387 Erangelium
240 1353 344 1385 vivere,
370 1353 478 1388 adjuret
505 1352 632 1380 alterum.
665 1352 760 1380 Simile
787 1357 829 1381 est

33 1399 112 1426 enim
128 1399 199 1433 quod
215 1399 282 1426 dicit
296 1399 322 1426 in
337 1398 483 1433 Evangelio
500 1397 631 1426 Dominus
647 1399 703 1434 ipse
716 1399 753 1425 ηε
773 1398 828 1434 Ego

35 1449 127 1470 aufem
149 1444 207 1470 dico
235 1452 285 1470 ιιοιι
309 1444 404 1478 jurare
431 1443 547 1475 omnino,
574 1448 600 1470 et
626 1452 679 1470 non
703 1444 830 1479 adjurarc

33 1488 160 1515 Utltltlllll.
190 1489 218 1515 Si
247 1490 318 1516 cnim
341 1489 436 1523 jurare
464 1497 518 1516 non
548 1490 609 1516 licet
633 1494 767 1524 quantum
795 1491 827 1518 ad

31 1534 222 1567 c'rangrl’cunt
239 1535 340 1562 Christi
359 1535 526 1566 mandatum.
540 1543 632 1562 verum
646 1540 685 1563 est
700 1537 762 1571 quia
781 1545 830 1564 nec

37 1579 168 1614 adjurare
189 1580 303 1606 alterum
327 1580 399 1607 licet.
429 1580 575 1615 Propterea
598 1582 771 1609 manifestum
788 1586 830 1609 est

34 1624 169 1660 quoniam
188 1625 314 1660 princeps
336 1621 508 1652 sacerdotum
531 1622 622 1652 illicitc
636 1622 728 1652 Jesum
752 1625 830 1660 adju-

30 1669 118 1702 mvit,
133 1670 256 1704 quamvis
271 1670 296 1697 vi
308 1670 395 1697 leatur
410 1678 457 1705 per
472 1668 555 1697 Deum
572 1671 661 1697 vivunt
676 1670 828 1705 adjurassc.

29 1716 145 1749 Qumlet
167 1716 266 1750 aliquis
282 1715 304 1742 si
322 1716 449 1743 convenit
463 1717 504 1743 vel
520 1716 657 1743 daemones
678 1714 805 1750 adjurare
819 1726 825 1743 :

33 1767 67 1788 et
83 1760 130 1795 qui
148 1769 208 1796 resp
220 1762 256 1788 cit
271 1762 303 1788 ad
320 1760 419 1788 multos
435 1762 480 1796 qui
498 1761 559 1789 talia
575 1761 663 1789 facere
681 1762 740 1789 ausi
754 1767 827 1794 sunt,

28 1808 109 1836 dicet
131 1816 184 1834 non
199 1807 258 1834 sine
280 1807 385 1834 ratione
400 1807 456 1834 lieri
476 1806 535 1834 hoc.
558 1806 609 1840 Qui
628 1812 718 1835 autent
733 1809 830 1843 aspicit

30 1853 134 1880 Jesum
160 1851 338 1886 imperantem
354 1850 533 1884 daemonibus,
549 1853 596 1880 sed
611 1854 691 1880 etiam
708 1858 828 1888 potesta-

28 1903 90 1925 tem
107 1898 213 1924 dantem
232 1896 374 1932 discipulis
395 1898 453 1925 suis
475 1906 557 1933 super
573 1899 665 1926 omnia
682 1899 827 1931 dazntonia,

28 1948 62 1971 ct
80 1947 111 1970 ιιι
126 1942 297 1970 iulirmitates
320 1948 465 1975 sanarent,
485 1943 556 1970 dicet
572 1943 701 1979 quoniam
718 1952 772 1971 uou
788 1949 828 1972 est

26 1989 188 2017 secundum
209 1993 370 2023 potestatem
386 1989 478 2015 datam
499 1997 515 2016 a
533 1986 673 2017 Salvatot'e
699 1987 829 2024 adjuvare

24 2035 171 2063 daemonia
195 2044 201 2061 :
216 2031 358 2061 Judaicum
384 2039 426 2061 cst
446 2035 529 2061 enim.
547 2033 604 2062 lloc
615 2036 667 2063 etsi
683 2034 829 2071 aliquando

24 2091 43 2109 a
65 2081 172 2107 nostris
193 2081 246 2108 tale
264 2079 366 2115 aliquid
384 2079 440 2111 tiat,
459 2081 549 2108 simile
563 2079 592 2108 lit
611 2081 636 2108 ei
654 2081 726 2116 quod
745 2088 760 2109 tt
777 2081 828 2109 Sa-

24 2129 146 2154 lmnone
184 2127 293 2161 scriptis
335 2125 553 2160 adjuratiouibus
580 2127 667 2155 solent
691 2126 828 2156 dtcmones

845 834 865 862 Β

843 1513 864 1542 C

877 209 1050 236 sacerdotum
1070 208 1204 236 insidians
1215 207 1279 236 Jesu
1289 228 1296 240 ,
1310 213 1338 236 et
1354 213 1497 243 propterea
1512 209 1545 236 de
1557 209 1666 237 diabolo

876 260 935 283 erat
962 261 1054 288 natus,
1077 260 1103 282 et
1122 255 1201 290 quasi
1225 256 1258 283 de
1277 255 1385 283 diabolo
1406 260 1486 283 natus
1509 256 1666 283 imitabatur

876 302 1019 337 proprium
1034 307 1137 337 patrem
1159 302 1206 337 qui
1221 303 1263 329 his
1278 302 1360 329 dubie
1382 302 1531 337 interrogat
1543 302 1667 330 Salvato-

876 355 933 374 rcm
944 347 983 374 "‘:
997 347 1026 374 Si
1039 353 1066 374 tu
1079 356 1104 374 es
1116 347 1202 374 Filius
1215 347 1273 379 Dei,
1283 347 1353 375 sicut
1366 349 1497 383 scriptum
1511 354 1551 376 est
1565 349 1591 375 in
1608 353 1667 376 ten.

877 393 1026 421 tatiouibus
1045 394 1116 428 ejus.
1139 393 1233 421 Simile
1252 399 1294 420 est
1313 395 1385 420 enim
1410 402 1416 419 :
1438 393 1468 421 Si
1488 399 1515 420 tu
1534 403 1560 421 es
1578 393 1666 421 Filius

877 439 937 471 Dei,
953 443 1000 466 et:
1018 438 1048 466 Si
1065 443 1093 465 tu
1116 447 1141 465 es
1157 438 1277 466 Christus
1298 438 1385 465 Filius
1401 439 1457 466 Dei.
1486 439 1567 466 Recte
1593 440 1665 467 cuitu

877 485 938 519 quis
957 485 1048 512 dicere
1067 489 1158 519 potest
1180 484 1206 511 in
1226 485 1285 511 loco
1303 485 1369 517 hoc,
1387 485 1517 520 quoniam
1542 486 1666 514 dubitare

877 530 910 557 de
925 529 993 556 Filio
1008 529 1053 556 Dei
1072 534 1164 556 utrum
1188 537 1245 564 Ipse
1264 529 1300 556 sit
1319 529 1461 560 Christus.
1483 539 1550 565 opus
1566 531 1665 558 diaboli

876 580 938 608 est,
961 581 987 602 et
1011 575 1142 610 principis
1168 575 1341 602 sacerdotum
1371 575 1525 602 insidiantis
1552 575 1667 604 Domino

877 625 986 654 nostro;
1005 621 1050 648 sed
1066 629 1118 647 non
1136 621 1197 648 talis
1215 621 1338 648 inventus
1356 620 1509 649 cstPctrus.
1525 621 1591 649 Nam
1607 623 1667 651 sine
1696 646 1699 648 .

878 667 969 701 aliqua
996 667 1167 694 dubitatione
1191 667 1381 702 pronuntiavit
1403 676 1409 694 :
1436 667 1474 694 Tu
1502 676 1528 694 es
1545 668 1666 696 Christus

879 713 966 739 Filius
982 713 1030 739 Dei
1046 713 1096 740 vivi
1111 713 1144 746 “,
1161 721 1210 740 nec
1231 714 1324 748 posuit
1347 713 1393 746 ibi,
1410 713 1433 740 si
1446 721 1455 740 :
1467 719 1577 748 propter
1594 714 1664 749 quod

878 757 974 785 beatus
993 763 1035 785 est
1057 758 1225 792 appellatus,
1249 758 1313 792 quia
1338 766 1391 785 non
1416 765 1480 785 caro
1506 762 1532 785 et
1556 759 1668 794 sanguis

878 804 1045 830 revelaverat
1069 804 1105 836 ei,
1132 804 1178 831 sed
1194 804 1265 831 Deus
1283 803 1363 830 Pater
1388 805 1434 839 qui
1456 809 1498 832 est
1529 805 1555 832 in
1578 805 1664 833 erelis.

879 849 929 882 Qui
946 853 1036 876 autem
1054 857 1116 876 cum
1132 849 1303 876 dubitatione
1318 848 1410 876 dicunt
1427 858 1433 876 :
1451 849 1481 876 Si
1497 854 1524 876 tu
1540 859 1565 877 es
1580 849 1667 878 Filius

878 894 936 924 Dei.
962 894 996 921 ab
1021 894 1096 921 otnui
1121 894 1288 922 beatitudine
1303 898 1368 921 sunt
1394 895 1484 922 alieni.
1511 894 1578 922 Nam
1604 897 1668 931 quia

877 947 930 966 non
952 944 1010 967 erat
1030 939 1128 975 dignus
1154 941 1279 975 princeps
1293 940 1465 967 sacerdotum
1489 940 1589 968 Christi
1620 941 1669 969 do-

877 985 975 1017 ctrina,
998 991 1141 1021 propterea
1163 994 1217 1013 uon
1237 994 1301 1014 eum
1323 986 1418 1020 docet,
1446 995 1496 1014 nec
1516 987 1581 1014 dicit
1604 987 1667 1022 quia

879 1039 929 1065 ego
946 1039 1024 1063 sunt;
1048 1032 1093 1059 sed
1115 1030 1225 1059 verbum
1250 1031 1308 1060 oris
1332 1032 1392 1068 ejus
1417 1032 1554 1067 accipiens
1578 1033 1603 1059 in
1627 1041 1670 1060 re-

879 1077 1068 1112 dargutiouem
1098 1077 1194 1112 ipsius,
1222 1079 1356 1105 convertit
1383 1079 1495 1106 dicens:
1511 1078 1550 1105 Tu
1564 1078 1670 1111 dixisti,

878 1125 907 1147 ιιι
925 1129 956 1147 eo
974 1122 1057 1148 modo
1072 1122 1209 1149 videretur
1223 1124 1311 1158 argui,
1329 1132 1381 1150 non
1395 1123 1496 1152 doceri.

914 1164 974 1193 ili.
999 1167 1081 1194 Amen
1100 1168 1159 1195 dico
1180 1168 1251 1195 vobis
1276 1176 1285 1195 :
1302 1167 1402 1195 Amodo
1423 1168 1542 1196 videbitis
1565 1168 1669 1196 Filium

877 1211 991 1239 hominis
1024 1214 1156 1241 sedentem
1177 1223 1192 1241 a
1215 1214 1315 1241 dextris
1343 1215 1458 1248 virtutis,
1480 1219 1503 1241 et
1527 1215 1669 1242 venientem

877 1263 958 1292 supra
978 1259 1058 1286 nubes
1081 1258 1141 1286 caeli
1161 1258 1196 1288 ‘7.
1225 1259 1360 1293 Quoniam
1389 1268 1443 1287 non
1467 1264 1509 1287 est
1537 1260 1667 1295 scriptum

878 1309 894 1328 ει
914 1302 1018 1332 dextris
1042 1304 1109 1338 Dei,
1134 1304 1182 1332 sed
1208 1305 1279 1340 apud
1303 1312 1399 1332 omnes
1423 1306 1604 1340 evangelistas
1632 1305 1666 1332 ad

879 1353 1002 1381 dextram
1019 1351 1130 1379 virtutis
1148 1351 1242 1378 sedere
1259 1350 1357 1378 Filium
1379 1350 1509 1384 hominis,
1529 1351 1592 1378 item
1615 1356 1670 1379 tres

879 1399 1051 1435 evangelistm
1066 1398 1190 1426 similiter
1211 1399 1334 1426 scribunt
1354 1407 1361 1425 :
1381 1398 1502 1425 videbitis
1520 1398 1669 1431 sedentem;

881 1443 1052 1479 simplicibus
1080 1443 1191 1477 quidem
1226 1443 1387 1470 conceditur
1416 1443 1462 1477 qui
1490 1441 1557 1469 nihil
1584 1443 1668 1470 altum

882 1492 997 1525 possunt
1019 1488 1113 1515 audire
1140 1488 1166 1515 in
1185 1496 1217 1515 eo
1237 1488 1308 1523 quod
1333 1488 1409 1521 dicit,
1427 1488 1568 1520 sedentem,
1592 1496 1624 1516 ae
1646 1497 1668 1516 st

882 1536 966 1568 dicat,
996 1542 1078 1570 supra
1104 1535 1231 1562 virtutem
1264 1534 1416 1568 fundatum.
1447 1534 1552 1568 Quibus
1578 1538 1669 1561 autem

881 1580 1011 1616 possibile
1023 1586 1065 1609 est
1080 1581 1178 1615 spiritu
1194 1580 1283 1607 omnia
1303 1580 1467 1615 perscrutari
1481 1580 1562 1607 etiam
1579 1579 1671 1606 altitu-

880 1626 958 1655 dines
972 1625 1030 1659 Dei,
1047 1631 1074 1654 et
1089 1626 1161 1662 quod
1177 1625 1309 1660 scriptum
1326 1628 1363 1652 est
1379 1625 1401 1641 ³⁸
1413 1635 1419 1652 :
1433 1625 1485 1658 Qui
1502 1627 1574 1652 sedes
1593 1632 1672 1660 super

880 1672 1014 1700 cherubim
1039 1680 1153 1707 appara;
1183 1677 1210 1700 et
1228 1672 1270 1699 ‘9:
1292 1671 1351 1698 Vidi
1377 1670 1518 1698 Demittunt
1541 1672 1670 1698 sedentem

881 1727 959 1754 super
969 1719 1056 1746 eadem
1070 1719 1200 1746 excelsam
1219 1724 1243 1745 et
1256 1718 1401 1750 elei-alam;
1423 1722 1449 1744 et
1460 1717 1483 1733 "
1498 1725 1504 1743 :
1522 1715 1594 1744 Dixit
1615 1716 1670 1742 ου.

881 1766 968 1793 minus
997 1763 1107 1792 Domino
1130 1773 1211 1791 meo:
1235 1763 1302 1791 Sede
1327 1772 1342 1790 α
1363 1763 1463 1790 dextris
1487 1763 1560 1793 meis,
1585 1763 1667 1789 donec

879 1818 976 1847 ponam
1001 1811 1122 1838 inimicos
1146 1815 1204 1837 tuas
1230 1809 1372 1837 scabellum
1394 1810 1489 1844 pedum
1507 1815 1621 1840 tuorum,
1638 1813 1667 1835 cl

881 1858 935 1885 alia
951 1857 1052 1885 similia
1066 1864 1128 1891 qua:
1149 1856 1182 1883 de
1197 1855 1252 1883 Deo
1271 1855 1380 1882 sedente
1396 1854 1466 1881 dicta
1483 1857 1556 1884 sum,
1571 1853 1668 1880 sltuili—

881 1904 921 1929 ter
943 1906 969 1929 et
991 1902 1024 1928 de
1037 1902 1148 1928 Christo
1170 1900 1309 1932 dicuntur,
1333 1903 1394 1934 qua:
1416 1894 1541 1925 conferre
1563 1903 1668 1932 oportet

880 1956 941 1975 cum
963 1948 1035 1974 dicto
1056 1946 1192 1982 praesenti,
1214 1951 1244 1973 ut
1258 1953 1290 1973 ex
1308 1945 1402 1972 hutnili
1425 1944 1625 1972 existimatione
1643 1948 1674 1972 et.

880 1993 1001 2020 fabulosa
1032 1993 1172 2019 videamus
1197 1988 1262 2026 quid
1282 1987 1416 2025 signiticet
1445 1995 1520 2016 more
1549 1990 1675 2016 humano.

882 2038 968 2066 sessio
989 2037 1099 2065 Christi.
1119 2036 1232 2064 Vidi-tur
1247 2041 1336 2063 autem
1356 2036 1421 2062 mihi
1436 2035 1564 2070 quoniam
1587 2034 1668 2070 911

878 2079 1064 2110 fundalioucm
1095 2083 1242 2119 quamdam
1266 2086 1293 2110 et
1316 2082 1468 2109 firmitatem
1493 2081 1607 2116 regalem
1632 2081 1675 2108 six

879 2129 989 2164 gniﬁcat
1012 2129 1098 2156 sessio
1123 2128 1182 2155 Filii
1205 2128 1332 2155 hominis.
1349 2127 1429 2155 Juxta
1450 2129 1575 2154 virtutem
1594 2135 1669 2162 ergo.

24 2172 172 2206 adjurari.
197 2172 248 2199 Sed
266 2167 316 2206 ipsi
332 2171 377 2206 qui
396 2176 510 2199 utuntur
533 2171 749 2207 adjuratiouibus
765 2171 827 2204 illis,
845 2189 866 2216 ι)
881 2175 927 2210 qui
955 2175 1030 2202 solus
1057 2178 1098 2201 est
1124 2174 1210 2201 virtus
1233 2175 1260 2201 et
1283 2174 1390 2208 proprie
1413 2173 1579 2205 nontinatur,
1604 2177 1629 2199 et
1655 2181 1674 2200 ει.

23 2220 186 2252 aliquoties
209 2227 259 2246 nec
283 2216 389 2247 idoneis
414 2218 568 2246 constitutis
595 2218 672 2245 libris
698 2223 826 2245 utuntur:

23 2266 200 2301 quihusdam
225 2271 315 2293 autem
333 2271 360 2293 et
380 2267 413 2294 de
427 2262 539 2293 Heln-mo
560 2265 678 2299 acceptis
701 2264 828 2299 adjurant

23 2311 183 2340 ila-monia.
199 2309 301 2338 Tamen
326 2321 378 2339 nott
394 2312 508 2340 decebat
531 2310 675 2338 Dominum
702 2316 826 2338 uostrutn

23 2356 63 2384 ml
84 2354 288 2389 adjuratiourut
308 2357 439 2392 principis
459 2353 632 2384 sacerdotum
653 2356 827 2390 respondere,

23 2399 113 2436 qttasi
142 2400 195 2427 \‘iut
220 2407 329 2436 passum
353 2400 387 2429 ab
408 2402 550 2437 adjurante
570 2406 664 2428 tonlra
692 2402 826 2435 propriam

23 2446 214 2473 Voluntatent.
232 2446 346 2481 Propter
360 2447 432 2482 quod
452 2454 503 2474 nec
519 2445 626 2482 negavit
642 2455 671 2474 sc
686 2444 827 2474 Christum

23 2492 135 2520 Filium
159 2489 205 2519 Dei
222 2500 293 2526 esse,
311 2501 362 2520 nec
384 2490 526 2520 manili-ste
546 2488 687 2520 confessus
704 2497 760 2525 est;
779 2493 827 2520 sed

23 2538 113 2573 quasi
132 2537 222 2573 ipsum
238 2543 333 2566 testem
349 2539 484 2574 accipiens
499 2539 681 2574 adjurantcnt,
697 2538 827 2574 quoniam

23 2586 92 2618 ipse
109 2584 215 2616 estqui
236 2585 263 2611 in
290 2583 502 2621 interrogatione
529 2586 679 2613 sacerdotis
707 2593 828 2620 pronun-

23 2633 118 2657 t‘atus
133 2634 176 2656 est
186 2627 312 2658 Christus
327 2628 412 2659 Filius
428 2630 485 2664 Dei,
501 2632 594 2659 dicens
606 2640 613 2658 :
624 2629 662 2659 Tu
676 2631 780 2659 dixisti.
798 2628 830 2658 Et

23 2675 168 2711 quoniam
189 2677 272 2704 omnis
287 2677 331 2712 qui
346 2677 410 2712 facit
424 2683 569 2712 peccatum,
587 2685 619 2705 ea:
632 2677 736 2704 diabolo
751 2683 829 2711 natus

70 2745 96 2760 δα
109 2744 207 2771 Matth.
223 2752 293 2777 xxvt,
309 2745 352 2776 65,
365 2745 408 2772 ot.
452 2744 474 2759 δν
486 2738 511 2775 ‘v.
527 2745 565 2771 ιιι.
608 2744 630 2760 θα
643 2744 707 2771 ibid.

26 2784 54 2798 δ’
74 2781 177 2807 Matth.
196 2788 233 2810 tv,
249 2781 274 2807 6.
326 2780 348 2796 “
362 2780 455 2807 Matth.
469 2788 522 2811 xvi,
546 2781 585 2807 ιϐ.

23 2819 51 2835 ⁸¹
69 2816 160 2845 Marc.
179 2823 233 2848 stv,
248 2815 291 2845 62.
328 2816 352 2832 "
364 2814 459 2844 Matth.
477 2823 547 2847 xxvi,
563 2815 606 2842 (ιι.

753 2745 773 2761 ⁵¹
789 2745 854 2773 ibid.
870 2746 915 2773 23.

626 2780 645 2795 ⁸⁷
663 2780 755 2806 Matth.
779 2789 849 2810 χχιι,
869 2783 912 2809 (ii.

646 2815 668 2830 ⁵³
683 2813 747 2843 Luc.
765 2824 808 2849 xx,
823 2817 866 2844 69.

880 2222 984 2249 dextris
1013 2216 1141 2247 fundatus
1160 2225 1211 2251 cst,
1234 2223 1261 2246 et
1281 2220 1327 2253 qui
1346 2219 1450 2253 accepit
1474 2223 1580 2245 munem
1597 2222 1674 2252 potes

880 2273 978 2295 statem
1001 2275 1015 2294 a
1030 2264 1109 2294 Patre
1133 2267 1204 2293 sicut
1225 2266 1251 2292 in
1274 2262 1343 2293 cosio
1360 2269 1386 2292 et
1405 2265 1430 2292 in
1452 2268 1531 2291 terra.
1553 2264 1584 2290 Et
1600 2264 1672 2292 hanc

880 2313 1067 2341 l'uudationcni
1083 2310 1254 2348 [aliquando]
1269 2312 1399 2338 videbunt
1414 2311 1494 2337 etiam
1511 2306 1670 2342 adversarii,

881 2362 1025 2394 pastquam
1042 2366 1104 2384 cttm
1123 2355 1213 2384 laetitia
1230 2356 1347 2383 viderint
1367 2363 1429 2382 cum
1448 2354 1530 2381 beati.
1556 2353 1608 2380 Sed
1625 2361 1670 2381 se-

881 2400 999 2431 cundum
1026 2401 1146 2430 Marcum
1172 2400 1281 2436 quidem
1311 2404 1364 2427 non
1389 2400 1469 2426 habet
1494 2399 1598 2430 antodo,
1624 2400 1669 2426 sed

880 2448 994 2483 puriter,
1014 2446 1038 2474 id
1052 2452 1113 2475 est:
1135 2445 1262 2474 Videbitis
1278 2442 1379 2472 Filium
1395 2443 1509 2471 hominis
1531 2449 1547 2469 (ι
1569 2443 1671 2470 dextris

881 2496 1010 2521 sedentem
1037 2493 1142 2521 ιιίι-ιιιιίι
1164 2493 1184 2509 ⁸¹
1213 2502 1219 2519 :
1242 2491 1390 2519 secundum
1416 2496 1496 2524 quem
1525 2488 1592 2515 nihil
1620 2489 1671 2516 erit

879 2540 1046 2567 contrarium
1075 2540 1118 2567 his
1133 2547 1193 2574 quae
1224 2535 1395 2565 tradidimUS.
1425 2533 1580 2562 Secundum
1603 2532 1671 2560 Mat-

880 2584 980 2613 thaeuui
994 2590 1083 2612 autem
1098 2585 1145 2620 qui
1159 2584 1224 2612 dicit
1239 2593 1246 2610 :
1260 2582 1360 2610 Amudo
1386 2579 1507 2608 uidebitis
1523 2579 1556 2612 “,
1577 2583 1603 2606 et
1627 2587 1670 2606 διε-

882 2631 1002 2659 cundum
1018 2631 1119 2658 Lucam
1135 2631 1267 2658 dicentem
1281 2638 1288 2655 :
1303 2628 1344 2655 Ex
1357 2629 1404 2654 hoc
1419 2627 1469 2654 erit
1484 2624 1571 2652 Filius
1584 2622 1670 2651 Itami-

883 2678 924 2705 nis
939 2676 973 2708 ⁸³.
991 2682 1018 2704 et
1044 2681 1160 2710 caetera,
1184 2675 1359 2712 quaerendum
1385 2676 1427 2702 est
1449 2673 1472 2701 si
1495 2679 1528 2699 ea;
1550 2671 1599 2698 hoc
1614 2669 1671 2698 haec

1437 2743 1459 2760 “
1474 2743 1482 2770 I
1497 2743 1576 2769 Joau.
1591 2750 1631 2773 ιιι,
1650 2743 1666 2768 8

1462 2779 1484 2795 ⁵⁰
1496 2779 1567 2807 Psal.
1583 2785 1636 2810 ctx,
1654 2778 1680 2806 1.

1171 2745 1192 2761 ⁸³
1205 2745 1298 2772 Matth.
1314 2754 1340 2776 ν,
1354 2746 1398 2772 5t.

1245 2782 1263 2796 ⁵³
1279 2781 1328 2808 lsa.
1343 2788 1380 2813 vi,
1400 2780 1422 2808 l.

959 2745 981 2760 “
995 2754 1059 2772 xm.
1084 2746 1123 2772 l6.

953 2781 972 2796 π
987 2781 1055 2808 Paul.
1075 2789 1162 2813 LXXIX,
1178 2781 1204 2807 2,
