1839 3053
197 104 250 131 ἲῦῢ

771 101 935 130 ORIGENIS
954 101 987 130 IN
1004 100 1213 130 ΜΑΤΤΗΛΕΠΜ

1754 105 1804 132 liti!

186 172 240 200 tua:
260 163 329 192 dixit
345 163 470 191 Salvator
492 163 600 198 impleta
620 168 683 190 sunt
702 169 729 190 et
754 163 780 190 in
797 164 838 192 eis
853 164 899 199 qui
923 171 973 190 au-
988 167 1011 195 Α
1026 168 1054 190 et
1068 164 1183 199 gloriam
1207 163 1374 192 existimavit
1393 163 1546 192 Iudaicam
1570 169 1598 192 et
1614 163 1759 192 fabulosam
1775 166 1805 193 hi-

177 211 287 238 dierunt
301 210 373 245 quod
393 211 463 237 dixit
483 220 488 236 :
511 211 612 237 Amodo
630 210 750 237 uidebitis
766 209 867 236 Filium
885 210 970 236 Itami-

177 258 217 283 uis
233 257 363 284 sedentem
380 265 395 283 a
409 257 508 283 dextris
524 257 638 282 virtutis.
657 256 688 283 Et
704 257 822 284 dicimus
839 258 970 292 quoniam

179 307 266 337 potest
292 303 434 337 impletum
462 302 564 334 videri,
589 302 717 336 quoniam
743 310 775 329 ex
798 303 854 335 illo,
881 303 906 330 id
929 309 971 331 est

178 352 299 382 tempore
327 348 540 382 dispensationis
570 347 656 375 Filius
685 348 806 376 hominis
836 350 905 376 sedit
935 349 969 377 ad

175 394 298 421 dextram
324 394 442 426 virtutis,
458 398 485 420 et
508 393 635 421 \iderunt
650 402 712 421 cum
727 395 853 430 discipuli
879 403 969 423 resur-

176 445 281 475 gentem
300 448 314 466 a
331 440 457 471 mortuis,
481 444 508 467 et
529 448 577 474 per
597 440 649 468 hoc
668 440 797 468 viderunt
821 449 883 468 eum
906 441 968 469 fun-

174 487 267 512 datum
286 486 318 512 ad
333 486 455 512 dextram
480 486 598 519 virtutis,
618 487 767 514 secundum
786 487 858 522 quod
881 488 967 515 tradi-

173 532 263 558 dimus
279 539 371 566 supra.
389 531 443 558 Aut
459 532 496 559 ita
510 539 516 558 :
531 531 598 559 Vide
613 532 636 559 si
652 537 729 567 potes
747 533 842 560 horam
858 538 886 561 et
895 534 967 562 diem

173 578 262 605 metiri
290 586 344 605 non
372 578 523 605 secundum
548 579 720 613 brevitatem,
748 588 809 614 qua:
831 585 873 608 est
896 581 967 615 apud

173 623 309 655 homines,
339 624 467 651 horarum
493 629 576 659 atque
597 624 724 657 dierum,
747 626 795 653 sed
816 626 966 653 secundum

171 669 380 704 longitudinem,
406 677 467 704 quze
492 674 534 696 est
559 670 629 704 apud
647 670 793 698 Dominum
825 671 967 706 sempiter-

172 723 248 747 num,
270 715 313 742 cui
334 723 349 742 a
363 715 560 743 constitutione
573 716 668 743 mundi
683 724 769 750 usque
786 717 818 744 ad
835 725 965 744 consuta-

172 763 319 789 mationem
347 762 409 796 ejus
433 767 475 789 est
497 770 568 790 unus
592 763 650 790 dies
672 772 679 790 :
699 763 772 798 quod
796 764 967 791 demonstrat

170 808 311 842 parabole,
334 809 380 835 ubi
402 808 469 836 dicit
490 809 523 836 de
540 810 684 837 conductis
701 818 780 837 mane
802 811 828 836 in
847 811 964 844 vineam,

170 859 195 880 et
212 854 290 881 tertia
313 854 391 887 hora,
413 859 439 882 ct
464 859 552 887 sexta,
569 860 595 883 et
613 864 698 890 usque
724 855 757 882 ad
781 856 962 883 undecimam.
982 851 1002 878 Β

169 900 242 927 Nihil
257 909 320 936 ergo
338 901 438 928 mirum
454 907 480 929 et
495 902 566 937 quod
585 902 629 930 hic
644 903 709 930 dicit
723 903 847 929 Salvator
867 904 962 929 antch

172 947 290 980 spatium
321 955 382 974 esse
410 947 601 974 brevissimum
637 956 724 983 usque
753 953 827 981 tunc,
855 949 880 975 in
908 956 963 983 quo

169 993 258 1028 spatio
275 993 402 1020 dicebat:
422 993 548 1020 Videbitis
569 993 670 1021 Filium
692 995 805 1022 hominis
830 996 962 1022 setlctzlem

169 1049 185 1064 α
199 1039 301 1066 dextris
319 1040 434 1070 virtutis,
450 1040 481 1066 ad
499 1039 560 1067 illos
578 1041 623 1075 qui
643 1046 706 1068 tunc
727 1050 789 1068 eum
804 1041 960 1074 audiebant,

167 1084 237 1112 forte
252 1090 316 1112 tunc
332 1085 442 1120 quando
455 1086 524 1112 dixit
540 1085 667 1113 Dominus
680 1086 793 1113 Domino
808 1095 882 1114 meo:
896 1087 962 1114 Sede

167 1141 183 1158 η
195 1132 296 1159 dextris
311 1133 385 1164 meis,
401 1132 482 1159 donec
494 1141 590 1168 ponunt
605 1134 726 1160 inimicos
743 1139 801 1160 tuos
818 1134 961 1160 scutellum

166 1177 261 1211 pedum
276 1182 380 1204 tuorum
393 1177 435 1203 “2
453 1177 479 1204 in
504 1179 605 1212 quibus
632 1183 707 1206 erant
736 1186 762 1206 et
786 1179 823 1206 illi
844 1180 876 1206 ad
891 1188 960 1214 quos

167 1223 294 1249 dicebat:
310 1222 411 1249 Amodo
439 1222 570 1262 videbitis.
599 1223 727 1251 Inimicus
752 1225 824 1252 enim
851 1231 910 1252 erat
934 1230 960 1253 et

166 1268 284 1303 Caiphas
311 1268 357 1303 qui
378 1268 558 1296 insidiabatur
581 1269 700 1297 Christo.
728 1269 760 1297 Et
788 1279 841 1298 non
871 1271 959 1298 solum

167 1315 304 1342 sedentem
335 1322 397 1341 eum
424 1314 458 1341 ad
486 1314 609 1342 dextram
635 1315 743 1343 virtutis
774 1316 883 1344 visuros
909 1317 958 1344 hos

167 1361 362 1395 prophclahat,
391 1361 438 1388 sed
469 1361 550 1388 etiam
579 1362 687 1389 visuros
713 1371 775 1390 eum
803 1364 957 1395 venientem,

166 1409 238 1435 sicut
264 1407 406 1435 Mattiacas
433 1408 543 1442 quidem
565 1409 650 1442 dicit,
685 1418 762 1443 super
787 1409 866 1436 nubes
889 1411 956 1436 coeli.

164 1455 230 1488 Qua:
253 1458 314 1480 sunt
332 1457 421 1480 autem
445 1454 531 1481 nubes
547 1463 628 1489 super
646 1463 713 1489 quas
729 1455 817 1481 veniet
831 1456 876 1490 qui
895 1456 956 1482 fun-

165 1501 243 1527 datus
256 1505 297 1528 est
314 1510 328 1527 a
342 1500 446 1528 dextris
473 1500 589 1531 virtutis,
606 1505 653 1527 aut
666 1508 727 1527 cum
743 1501 842 1534 quibus
857 1501 956 1533 veniet,

165 1551 212 1572 aut
230 1546 263 1572 ad
285 1555 354 1581 quas
372 1547 506 1580 per-tinget
529 1547 629 1573 veritas
647 1546 691 1572 Dei
713 1548 861 1573 secundum
881 1547 954 1581 quod

161 1591 299 1626 ,sci‘iptum
325 1597 367 1619 est
380 1593 426 1619 υς
451 1591 483 1618 Et
509 1593 605 1619 reri/us
635 1598 680 1619 tua
703 1600 783 1626 usque
808 1593 842 1619 ad
858 1593 956 1620 nubes?

165 1637 210 1664 "re
232 1643 295 1665 stitit
320 1638 388 1665 viva:
414 1639 510 1670 nubes,
538 1638 676 1673 propheta:
698 1638 762 1672 Dei,
788 1643 815 1666 et
839 1640 955 1674 apostoli

164 1684 276 1716 Christi,
294 1685 394 1719 quibus
412 1684 522 1711 mandat
535 1685 627 1719 pluere
646 1693 708 1712 cum
722 1687 884 1720 oportuerit,
909 1692 955 1714 aut

164 1739 218 1757 non
234 1731 326 1765 pluere
343 1739 425 1765 super
442 1731 548 1757 vineam
569 1731 628 1758 sine
645 1731 745 1758 fructu.
771 1732 798 1759 Si
816 1741 885 1767 quas
903 1741 953 1759 au-

165 1782 217 1803 tem
246 1785 298 1803 non
319 1777 376 1804 vult
406 1785 468 1804 esse
491 1777 648 1811 hujusmodi
673 1778 759 1805 nubes
783 1786 864 1812 super
886 1787 955 1813 quas

161 1827 186 1849 ct
204 1830 266 1849 cum
283 1823 383 1857 quibus
400 1824 488 1850 veniet
500 1819 584 1850 Filius
599 1823 717 1851 hominis
733 1831 877 1858 apparens,
896 1825 954 1859 ipse

162 1870 223 1895 scit.
242 1869 354 1904 Semper
374 1870 447 1896 enim
470 1878 551 1904 super
580 1870 639 1896 illas
664 1875 690 1897 et
715 1878 776 1897 cum
802 1870 854 1897 illis
867 1871 951 1903 venit,

162 1915 309 1943 ostendens
330 1924 409 1943 suum
429 1916 574 1943 adventum
590 1917 678 1951 dignis
692 1925 722 1944 se
737 1916 807 1945 Deus
823 1916 951 1951 Verbum,

160 1963 188 1986 et
214 1959 365 1993 sapientia,
393 1964 420 1987 et
444 1961 555 1993 veritas,
578 1965 606 1988 et
627 1961 743 1996 justitia.
771 1961 834 1989 "rec
861 1967 950 1989 autem

160 2011 229 2037 (ptas
248 2003 410 2031 tradidimus
432 2005 529 2036 nubes,
545 2006 623 2040 quasi
646 2010 784 2040 portantes
804 2007 950 2042 imaginem

160 2049 289 2081 cmlestis,
317 2051 403 2077 nubes
429 2056 493 2078 sunt
518 2051 580 2078 cmli
606 2059 659 2078 non
685 2053 852 2080 transeuntis
878 2053 951 2080 sedis

162 2093 220 2124 Dei,
236 2097 262 2119 et
291 2101 375 2128 regno
389 2093 435 2121 Dei
452 2094 627 2130 digniticatte,
654 2097 734 2132 quasi
759 2097 880 2125 haeredes
902 2097 949 2125 Dei

160 2144 186 2165 et
202 2139 357 2167 cohaeredes
374 2140 488 2174 Christi,
507 2146 533 2169 et
549 2147 718 2178 conregnant
732 2143 770 2170 ei.

1024 210 1137 236 storiam
1154 210 1249 237 litterae
1265 211 1428 238 occidentis.
1446 211 1481 238 Et
1497 211 1614 246 putabat
1631 211 1710 246 quissi
1725 212 1803 238 intelli-

1022 264 1088 289 gens
1103 256 1206 284 Christi
1229 264 1379 289 sermones,
1405 257 1580 284 suﬂicientes
1603 265 1666 285 esse
1690 257 1722 284 ad
1746 259 1805 285 testi-

1022 301 1145 327 monium
1161 307 1254 328 contra
1280 302 1380 336 ipsum,
1399 302 1447 337 qui
1473 307 1558 330 testes
1579 308 1661 330 erant
1674 303 1806 330 divinitatis

1022 346 1117 381 ipsius,
1138 352 1270 381 quantum
1289 348 1320 374 ad
1335 356 1382 375 eos
1400 349 1447 383 qui
1468 349 1624 384 intelligere
1642 355 1769 383 possunt;
1787 355 1806 376 rt

1021 393 1087 419 dicit
1105 393 1137 420 ad
1153 401 1201 420 eos
1215 394 1260 428 qui
1277 395 1370 421 eadem
1389 395 1534 429 sapiebant
1549 404 1556 421 ε
1571 395 1642 421 [ἐτι-ε
1659 404 1727 421 nunc
1741 396 1806 421 audi-

1021 441 1068 466 stis
1086 439 1276 475 blasphemiam
1299 441 1356 475 ejus
1373 449 1382 468 .'
1399 441 1464 475 quid
1492 442 1566 467 robis
1591 442 1701 468 videtur
1714 441 1754 467 ⁸⁷2
1766 442 1806 468 do-

1022 493 1071 512 nec
1096 486 1289 520 respondentes
1314 490 1341 513 et
1364 487 1414 520 ipsi
1433 487 1567 514 adversus
1592 487 1718 514 animam
1741 495 1806 515 suam

1020 532 1196 566 pronuntient
1217 532 1250 559 de
1268 531 1343 564 Jesu,
1367 533 1497 567 quoniam
1525 541 1586 559 reus
1609 538 1650 559 est
1678 534 1767 560 martis
1780 535 1805 561 ⁸⁸.

1020 578 1156 610 Quantum
1187 583 1265 612 putas
1301 578 1351 605 fuit
1378 579 1480 606 erroris
1511 579 1600 614 ipsam
1640 580 1805 615 principalem

1019 625 1140 651 omnium
1167 625 1249 650 vitam
1275 633 1348 652 ream
1375 626 1470 651 mortis
1499 626 1695 659 pronuntiare,
1717 632 1743 653 et
1757 632 1806 653 tan-

1019 674 1108 697 torum
1128 671 1327 705 resurgentium
1360 671 1517 699 testimonio
1539 679 1593 699 non
1613 673 1741 706 aspicere
1755 673 1805 700 lon-

1018 720 1072 743 tem
1097 716 1172 749 vine,
1196 717 1229 743 de
1247 725 1302 752 quo
1320 717 1346 744 in
1364 725 1459 745 omnes
1484 718 1609 745 viventes
1625 719 1682 745 vita
1695 718 1804 745 ﬂuebat:

1018 764 1147 796 quoniam
1165 763 1232 790 sicut
1247 762 1328 790 Pater
1343 764 1423 789 vitam
1445 763 1522 791 habet
1542 765 1568 791 in
1586 773 1628 797 se,
1649 765 1692 791 sic
1709 771 1732 792 et
1745 765 1805 792 Filia

1018 807 1090 834 dedit
1102 808 1183 834 vitam
1198 809 1290 836 habere
1305 809 1332 835 in
1344 810 1485 844 seinelipso
1494 811 1528 836 ".

1054 853 1115 881 H3.
1140 853 1213 881 Tunc
1227 861 1387 890 exspuerunt
1405 856 1434 882 in
1448 856 1545 890 [aciem
1561 855 1635 890 ejus,
1657 861 1684 883 et
1699 857 1805 891 colurnis

1015 908 1074 926 cum
1096 901 1257 927 ceciderunt.
1291 901 1345 928 Alii
1376 907 1464 928 autent
1487 901 1594 935 palmus
1622 903 1650 927 in
1679 902 1771 931 faciem
1787 904 1805 929 ri

1014 946 1153 978 dederunt,
1177 947 1311 974 dicentes:
1323 947 1484 982 Prop/relisa
1502 947 1590 979 nobis,
1615 948 1735 979 Christe,
1757 950 1805 982 quis

1013 997 1051 1019 est
1066 993 1111 1027 qui
1130 998 1153 1020 te
1174 994 1302 1027 percussit
1316 993 1349 1020 ‘°.
1372 993 1507 1024 Pessime.
1532 994 1606 1021 sicut
1631 995 1760 1026 arbitror,
1774 995 1803 1021 uti

1013 1039 1059 1072 qui
1079 1038 1224 1066 audierunt
1244 1039 1378 1066 dicentem
1400 1039 1494 1067 Jesum
1516 1048 1524 1066 :
1546 1041 1632 1067 Amen
1655 1040 1718 1067 dico
1731 1042 1803 1073 metu,

1012 1084 1138 1118 quoniam
1162 1084 1256 1111 amodo
1279 1085 1399 1112 uidebitis
1414 1085 1515 1112 Filium
1536 1087 1657 1113 hominis
1683 1088 1802 1114 sedentem

1012 1137 1027 1154 a
1059 1129 1160 1156 dextris
1191 1131 1295 1157 virtutis
1322 1131 1390 1163 Dei,
1417 1137 1441 1158 et
1465 1133 1616 1159 venientem
1642 1133 1672 1159 in
1703 1134 1802 1159 nubibus

1012 1175 1072 1201 εαἸί
1085 1176 1118 1208 ⁸⁸,
1134 1176 1193 1203 arisi
1209 1181 1274 1203 sunt
1285 1185 1418 1212 exspuere
1433 1177 1459 1204 in
1478 1177 1577 1204 faciem
1596 1178 1672 1212 ejus.
1691 1178 1803 1204 Arbitra-

1012 1222 1112 1249 bantur
1129 1222 1201 1249 enim
1227 1223 1253 1249 in
1276 1231 1319 1254 eo,
1334 1223 1407 1258 quod
1430 1223 1635 1251 confunderent
1651 1233 1717 1251 eum
1739 1232 1803 1250 ﬂlttt‘

1011 1268 1135 1301 lientcm,
1150 1273 1176 1296 et
1191 1269 1255 1304 quia
1271 1277 1324 1296 non
1342 1269 1492 1296 sustineret.
1506 1270 1697 1304 exspuitionis
1712 1278 1801 1304 oppm-

1012 1313 1113 1345 brium,
1130 1314 1174 1348 qui
1191 1314 1301 1341 sedebat
1315 1314 1348 1341 ad
1363 1314 1487 1341 dextram
1503 1315 1627 1345 \irtutis.
1641 1320 1669 1342 et
1683 1321 1802 1342 uenturas

1010 1365 1070 1387 erat
1098 1360 1125 1387 in
1154 1360 1281 1388 nubibus.
1306 1360 1440 1394 Quoniam
1470 1361 1641 1395 ignorabant
1672 1369 1802 1389 sermones

1010 1404 1087 1432 Isaia:
1110 1405 1247 1440 prophetat
1261 1405 1318 1432 haec
1333 1406 1427 1432 eadetn
1447 1407 1642 1440 prophetautis
1667 1407 1704 1434 de
1717 1414 1758 1437 Eo,
1781 1414 1801 1433 rt

1009 1451 1125 1479 dicentis
1144 1459 1175 1480 ex
1186 1450 1394 1486 personaipsins
1402 1451 1708 1480 DominiSalvatori":
1728 1455 1801 1486 Quid,

1009 1498 1134 1532 quoniam
1152 1498 1208 1524 veni
1223 1502 1247 1524 et
1264 1506 1315 1524 non
1330 1503 1388 1524 erat
1407 1498 1508 1531 homo;
1527 1501 1629 1529 vocari.
1644 1506 1671 1526 et
1685 1509 1737 1527 non
1751 1507 1800 1526 erat

1009 1545 1054 1580 qui
1073 1544 1199 1571 obediret.
1219 1544 1346 1579 Nunquid
1366 1553 1415 1571 non
1430 1545 1500 1571 ναίει
1519 1554 1618 1572 "ianus
1632 1555 1693 1573 mea
1709 1556 1801 1574 crum.

1008 1595 1054 1616 aut
1081 1598 1132 1617 non
1155 1599 1262 1625 possunt
1291 1591 1412 1624 eripere?
1441 1591 1510 1618 Ecce
1539 1592 1726 1627 increpatione
1751 1602 1800 1619 mea

1009 1636 1141 1662 desertum
1165 1637 1264 1671 {nciam
1288 1645 1369 1669 mare,
1393 1641 1416 1663 et
1439 1638 1669 1672 ponant/Iumina
1694 1640 1801 1666 deserta.

1005 1688 1029 1710 et
1045 1684 1214 1710 siccabuntur
1234 1684 1315 1717 pisces
1340 1691 1430 1710 eorum
1449 1692 1483 1710 ex
1503 1693 1534 1710 eo
1549 1685 1622 1719 quod
1638 1693 1694 1711 non
1713 1686 1800 1712 habere

1006 1738 1116 1764 aquam,
1139 1734 1162 1756 et
1183 1730 1330 1755 morientur
1356 1730 1383 1756 in
1398 1730 1454 1756 siti.
1474 1729 1507 1756 Et
1525 1731 1637 1756 induant
1653 1732 1750 1757 τιτι-ιη
1770 1737 1802 1757 ιτ-

1005 1775 1104 1808 nebris,
1121 1781 1145 1801 et
1161 1776 1229 1802 sicut
1245 1783 1350 1801 saccum
1371 1777 1498 1802 amictum
1517 1776 1588 1810 ejus.
1608 1776 1743 1804 Dominus
1759 1779 1801 1803 du

1005 1821 1070 1846 mihi
1099 1821 1217 1856 linguam
1250 1822 1398 1854 doctrinm,
1426 1827 1455 1848 ut
1482 1823 1566 1849 sciant
1600 1825 1737 1857 quomodo
1767 1832 1801 1848 at:

1004 1871 1122 1901 oporteat
1143 1867 1229 1894 dicere
1251 1867 1366 1894 uerbum.
1400 1867 1498 1894 Posuit
1515 1877 1555 1895 me
1570 1877 1660 1902 mane,
1681 1876 1798 1903 app-uxr:

1004 1912 1069 1938 mihi
1094 1920 1186 1938 aurem
1211 1912 1246 1938 ad
1275 1913 1458 1945 audiendum,
1488 1918 1513 1940 et
1540 1914 1668 1940 doctrina
1696 1914 1797 1940 DG'Hi'ii

1002 1958 1101 1992 aperiet
1125 1966 1203 1984 aures
1227 1966 1307 1984 meas.
1336 1957 1389 1993 Ego
1407 1963 1496 1985 autent
1518 1968 1571 1986 non
1593 1968 1656 1985 sum
1682 1960 1798 1986 incredu-

1001 2003 1053 2034 lus,
1077 2012 1159 2038 neque
1183 2003 1346 2030 contradico.
1379 2003 1495 2031 Dorsnm
1530 2013 1618 2031 meum
1638 2006 1745 2040 praet-ui
1768 2004 1796 2030 ed

1000 2048 1081 2083 912
1097 2048 1215 2083 ﬂagella,
1230 2053 1254 2075 et
1271 2049 1398 2076 maxillas
1416 2058 1488 2076 meas
1503 2050 1538 2076 ad
1554 2050 1674 2083 palmas.
1693 2050 1796 2077 Furins

1001 2099 1089 2121 autent
1113 2103 1198 2121 nteant
1219 2103 1270 2122 non
1293 2096 1375 2122 averti
1399 2104 1414 2122 α
1435 2096 1590 2130 confusione
1615 2103 1795 2131 sputantem:-

1000 2148 1070 2172 rum,
1095 2144 1120 2167 et
1144 2140 1273 2168 Dominus
1298 2140 1369 2167 Deus
1395 2141 1484 2176 factus
1511 2147 1550 2168 est
1579 2143 1695 2176 ndjutor
1718 2151 1793 2169 mest.

196 2181 256 2210 H2.
281 2183 352 2211 Tunc
375 2186 494 2220 princeps
518 2188 686 2214 sacerdotum
716 2188 846 2215 conscidit
869 2189 947 2215 vesti-
964 2193 984 2221 ι)
999 2186 1100 2214 Omnes
1117 2187 1190 2214 enim
1202 2188 1249 2222 qui
1261 2192 1325 2214 sunt
1342 2187 1376 2214 ab
1388 2187 1522 2220 Ecclesia,
1536 2189 1710 2216 continentur
1720 2189 1793 2216 Chn-

158 2235 247 2256 menta
271 2237 320 2256 sua
345 2230 433 2256 dicens
448 2239 457 2257 :
472 2230 670 2266 Blasplaemavit
693 2231 725 2259 “.
752 2231 815 2260 Haec
831 2232 946 2260 Domino

157 2274 335 2308 prophetante
366 2275 494 2303 inimicus
510 2275 616 2303 Domini
643 2277 770 2305 sacerdos
796 2277 851 2311 ille,
866 2277 944 2312 quasi

159 2328 211 2346 non
238 2325 297 2347 erat
325 2321 494 2356 propinquus
523 2327 551 2349 ut
568 2323 671 2350 videret
687 2323 785 2350 Filium
814 2323 944 2357 hominis,

155 2371 183 2392 ct
199 2366 325 2393 virtutem
351 2375 367 2394 a
385 2367 463 2402 cujus
487 2368 591 2396 dextris
615 2369 734 2402 sedebat,
763 2368 841 2403 quasi
868 2368 946 2395 incli-

157 2415 237 2438 natus
254 2417 280 2439 et
295 2420 348 2439 non
366 2417 461 2447 potens
478 2413 600 2448 aspicere
621 2422 742 2446 sursum,
760 2422 814 2441 non
831 2414 945 2441 audiens

155 2465 216 2491 quae
231 2457 349 2490 dicebat,
369 2459 503 2486 conscidit
526 2460 687 2487 vestimenta
714 2468 773 2492 sua,
797 2460 945 2487 ostendens

156 2503 350 2536 turpitudinem
375 2512 464 2536 suam,
483 2509 510 2531 et
536 2505 687 2532 nuditatem
713 2506 810 2532 anima:
834 2513 900 2537 suat,
917 2509 945 2532 et.

154 2549 314 2584 mysterium
333 2550 521 2583 manifestans,
531 2551 762 2578 conscimlendum
776 2559 837 2578 esse
852 2559 944 2578 sacer-

153 2595 258 2622 dotium
276 2601 363 2627 vetus.
385 2602 412 2624 et
428 2597 524 2624 stolam
543 2597 686 2625 sacerdotii
700 2597 769 2632 ejus,
787 2602 814 2624 et
829 2597 942 2626 cuLturtn

153 2648 214 2673 quae
230 2641 378 2668 secundum
395 2642 510 2669 litteram
526 2642 622 2669 fuerat.
639 2642 836 2676 lilasphemiam
851 2647 942 2670 autem

152 2685 300 2713 arbitratus
316 2692 429 2714 estesse
445 2688 656 2722 magnitudinem
673 2688 815 2715 verborum
828 2689 939 2722 Christi,

456 2788 478 2803 ⁸⁵
498 2787 569 2815 Psal.
588 2796 676 2818 xxxv,
692 2789 718 2816 (ί,

544 2824 563 2842 ⁶¹
587 2824 650 2850 Ibid.
667 2825 709 2850 Ut.

197 2783 219 2798 “
232 2784 303 2810 l'sal.
320 2795 378 2818 ctx,
394 2787 418 2813 l.

155 2817 176 2833 "
193 2818 285 2845 Matth.
308 2828 383 2851 uri.
401 2822 445 2855 67,
460 2822 504 2850 (1'8.

765 2789 788 2804 δ”
814 2788 908 2815 Matth.
926 2798 1006 2823 sxvt,
1032 2792 1075 2820 65.

749 2823 830 2860 δ’]δςι.
848 2832 873 2857 ι,
883 2825 900 2851 2
914 2833 988 2860 seqq.

999 2237 1071 2260 stum
1089 2240 1149 2260 esse
1172 2236 1218 2270 qui
1236 2235 1301 2262 dicit
1318 2242 1324 2260 :
1349 2233 1480 2261 Dominus
1490 2234 1558 2261 Deus
1573 2235 1649 2262 dedit
1668 2236 1732 2262 mihi
1746 2236 1793 2261 ti:-

1001 2286 1079 2312 guam
1097 2278 1235 2311 doctrinm,
1251 2284 1278 2306 et
1291 2283 1388 2306 caetera
1405 2287 1467 2314 qua:
1485 2281 1611 2314 exposui.
1633 2280 1694 2316 Ego
1710 2287 1792 2308 autem

1000 2323 1192 2351 convenienter
1208 2329 1234 2352 et
1249 2332 1281 2351 ea
1296 2332 1357 2359 qua:
1375 2326 1504 2360 superius
1519 2326 1562 2353 his
1581 2333 1666 2354 erant
1686 2328 1793 2362 cutijun-

999 2373 1042 2396 cta
1056 2369 1181 2404 exposui,
1202 2370 1296 2398 volens
1315 2371 1460 2399 ostendere
1479 2372 1514 2400 de
1539 2373 1586 2400 illo
1599 2373 1722 2409 glorioso
1739 2382 1792 2400 (ss:

998 2415 1050 2442 hoc
1071 2415 1279 2450 prophetatum,
1308 2421 1337 2443 ut
1359 2422 1513 2452 cxspuatur
1540 2424 1568 2446 et
1595 2419 1790 2454 colaphiletur.

997 2461 1046 2488 Cui
1062 2466 1153 2489 autem
1170 2462 1217 2489 alii
1231 2463 1358 2490 convenit
1373 2463 1466 2491 dicere
1488 2473 1495 2490 :
1516 2464 1593 2498 Veni,
1620 2467 1676 2494 nisi
1690 2467 1791 2494 Christo

996 2507 1042 2542 qui
1060 2508 1133 2535 venit
1152 2508 1178 2535 in
1195 2509 1326 2536 mundum
1341 2509 1352 2535 ?
1375 2514 1423 2536 aut
1449 2518 1535 2545 quem
1553 2511 1672 2540 decebat
1694 2514 1787 2540 dioeze.

1001 2553 1107 2587 Vocavi,
1120 2559 1144 2580 et
1160 2563 1210 2580 non
1226 2559 1283 2581 erat
1296 2554 1342 2589 qui
1356 2555 1489 2587 obediret,
1507 2557 1563 2584 nisi
1582 2567 1646 2586 eum
1665 2561 1711 2594 qui
1725 2564 1790 2585 rem

996 2599 1029 2626 ad
1046 2599 1197 2627 vocandum
1222 2601 1350 2635 populum
1365 2600 1542 2637 Iudaeorum,
1567 2610 1595 2632 et
1617 2613 1673 2632 non
1689 2611 1727 2632 est
1749 2612 1788 2630 ae-

994 2644 1078 2677 ditus,
1101 2649 1128 2672 et
1150 2645 1210 2672 ideo
1232 2654 1284 2672 nou
1308 2647 1380 2673 eruit
1405 2650 1558 2682 populum,
1587 2659 1677 2686 neque
1701 2651 1787 2683 (δήμω

994 2697 1067 2722 eum,
1084 2691 1130 2718 sed
1147 2691 1310 2727 dereliquit?
1326 2692 1456 2720 Christus
1467 2699 1515 2722 cst
1540 2701 1635 2724 autem
1650 2699 1697 2732 qui
1713 2695 1784 2723 dicit:

1127 2794 1148 2810 ιτ
1169 2793 1234 2822 ibid.
1258 2793 1301 2821 66.
1353 2795 1376 2810 ιι
1404 2795 1475 2824 ibid.
1539 2799 1564 2815 ι’
1591 2799 1672 2828 Joan.
1698 2807 1728 2829 ς.
1748 2795 1784 2822 35-
