1839 3053
32 120 101 147 ιτθι

610 124 941 155 COMMENTARIORUM
968 125 1103 155 SERIES.

1602 137 1670 168 i769.

34 179 102 207 Ecce
128 181 308 216 increpatione
337 191 393 210 mea
419 183 550 211 (lacertum
574 184 673 220 faciam
699 194 782 219 mare,
803 191 829 214 et
844 189 867 218 Α
883 186 1044 223 Prop/retiari
1068 189 1141 216 nobis
1155 190 1255 225 quiue
1272 193 1400 226 percussit
1415 194 1448 221 ".
1473 194 1585 231 Propter
1600 201 1671 233 quod

30 235 129 259 ponam
144 228 258 262 ﬂumina
270 229 391 257 deserta:
405 231 450 264 qui
463 233 727 260 consummationem
740 233 828 260 factu-

30 280 80 300 rus
101 277 142 300 cst
164 274 270 301 mundi.
296 276 356 309 lpse
374 280 416 302 est
441 276 514 304 enim
536 277 583 312 qui
607 277 706 304 coelum
731 278 826 305 induet

29 319 171 351 latebras,
195 325 221 347 et
247 320 339 348 induet
355 321 380 348 id
403 322 475 350 velut
492 331 614 355 saccum,
640 328 667 351 et
687 324 826 359 accipiens

29 371 41 389 a
58 363 141 392 Patre
163 364 284 399 linguam
309 366 442 395 docti-inte
466 369 571 396 sciebat
587 369 725 404 quomodo
742 377 825 404 opor-

28 417 83 438 teat
100 411 193 439 dicere
216 413 329 440 vet-hum
354 414 426 448 quod
451 415 626 442 commiserat
643 415 668 442 ei
685 415 771 448 Deus;
798 421 825 444 et

28 458 157 492 apposuit
177 459 201 486 ei
224 467 330 492 aurem,
353 464 383 486 ut
404 460 522 494 amplius
539 460 634 487 audiat
650 461 823 489 audientibus

27 504 147 536 cunctis,
169 509 197 531 et
216 504 340 532 doctrina
355 505 445 533 Patris
462 506 568 541 aperuit
591 506 616 533 ei
636 514 742 539 aurem.
758 508 823 542 quia

27 558 80 577 non
99 550 151 577 fuit
164 551 321 578 incredulus
338 551 411 578 Patri
429 552 558 585 mittenti.
575 553 620 580 sed
643 562 731 587 neque
757 562 821 581 con-

26 596 180 628 tradicens,
205 603 231 624 et
253 606 336 632 opere
360 606 410 626 suo
436 599 530 626 docuit
550 599 656 627 discere
682 602 823 636 cupientes

26 645 266 672 mansuetudinem
290 645 511 680 landabilemque
532 645 725 673 humilitatem.
747 647 822 681 Opus

26 696 117 718 autem
132 696 191 718 erat
207 692 233 719 in
254 700 288 719 eo
302 692 376 725 quod
396 691 476 719 factis
499 692 550 719 ista
568 692 693 726 docebat,
709 694 820 720 dorsum

25 745 108 763 suum
121 737 255 764 exhiheus
280 738 313 764 ad
331 737 446 772 ﬂagella,
467 742 493 764 et
511 738 637 766 maxillas
652 738 687 766 ad
704 739 820 774 palmas,

25 787 48 810 ιι
74 783 170 810 faciem
190 791 244 811 non
267 788 393 811 avertens
414 792 428 811 a
450 784 610 812 confusione
633 789 821 820 sputamento-

24 837 96 862 rum,
116 835 146 858 ut
170 838 230 863 nos,
255 830 327 858 sicut
348 831 477 863 arbitror,
501 831 548 866 qui
576 831 650 867 digni
678 831 819 860 fueramus

28 883 119 903 unries
140 876 189 903 has
211 876 340 904 infamias
363 877 427 911 pati,
451 882 560 905 erueret
584 879 641 912 ipse
664 886 713 913 pro
735 879 814 905 nobis
836 866 855 895 Β

23 923 128 956 saliens
148 929 205 949 eas.
234 922 293 949 Non
316 923 388 957 enim
413 928 537 950 mortuus
561 928 603 951 est
625 931 673 958 pro
690 924 769 951 nobis
787 929 817 951 ut

28 977 76 995 non
103 969 265 1002 moriamur,
287 969 332 996 sed
355 974 385 996 ut
403 977 451 1004 pro
468 970 547 997 nobis
569 978 622 997 non
649 970 816 1003 moriamur;

24 1020 45 1041 τι
59 1015 146 1050 alapis
168 1023 256 1043 caesus
273 1020 315 1043 est
335 1023 384 1050 pro
402 1015 492 1047 nobis,
512 1020 538 1043 et
559 1021 691 1051 exsputus
707 1022 758 1050 est,
788 1021 818 1044 ut

26 1070 54 1088 ie
74 1068 126 1089 nos
146 1061 192 1096 qui
209 1061 284 1096 digni
307 1060 447 1089 fueramus
472 1062 601 1090 omnibus
623 1062 681 1093 his.
705 1069 817 1097 propter

26 1112 114 1135 nostra
143 1115 253 1143 peccata
278 1109 415 1143 patiamur
441 1116 483 1140 ea,
507 1109 554 1136 sed
583 1114 612 1136 ut
636 1117 685 1144 pro
709 1110 814 1144 justitia

21 1154 152 1181 )atientes
168 1161 199 1180 ea
215 1158 355 1189 gratanter
375 1153 554 1188 excipiamus.
579 1153 612 1181 Et
630 1153 732 1182 Paulus
753 1155 815 1190 qui-

25 1201 82 1226 lcm
104 1199 168 1227 dicit
192 1199 225 1227 de
247 1198 389 1226 Salvatore
403 1199 437 1232 ",
458 1200 587 1234 quoniam
612 1199 764 1227 Itumiliavit
787 1209 815 1228 se

21 1246 109 1272 furtu:
132 1245 254 1273 obedienc
277 1254 357 1281 usque
378 1247 413 1272 ad
439 1251 560 1278 mortem,
586 1252 696 1274 mortem
724 1252 811 1274 autent

20 1292 116 1318 Ὑμεῖς.
139 1291 198 1318 Νοιι
217 1292 290 1319 enim
306 1297 348 1319 est
368 1292 527 1319 indecorum
542 1292 567 1319 ei
580 1292 626 1326 qui
642 1292 699 1320 vult
714 1301 812 1321 nume-

23 1346 80 1365 πει-ε
100 1338 125 1365 in
141 1338 251 1373 quantis
267 1346 296 1366 se
308 1339 435 1366 Christus
453 1338 617 1372 hutniliavit,
635 1344 665 1366 ut
682 1339 810 1368 dinume-

19 1388 58 1409 θοι
74 1387 151 1410 extra
168 1391 199 1410 ea
213 1391 273 1418 quae
287 1383 387 1411 Paulus
402 1384 529 1419 exposuit
546 1384 641 1412 dicens
655 1394 661 1411 :
677 1384 811 1412 Humilia-

19 1429 52 1454 rit
70 1436 100 1457 se
116 1428 203 1456 factus
223 1429 355 1457 obedicus
379 1437 467 1463 usque
484 1429 516 1457 ad
536 1430 653 1464 palmas,
674 1438 761 1465 usque
776 1431 809 1458 ad

21 1473 204 1501 -oufusionem
235 1479 488 1509 spuuuuentorum,
517 1481 544 1502 ct
569 1476 754 1510 flagellorum,
783 1481 811 1504 et

22 1521 129 1553 uortis;
156 1525 265 1556 propter
288 1528 350 1556 quae
374 1521 466 1549 omnia
488 1521 620 1549 exultavit
645 1529 707 1549 eum
725 1522 806 1549 Deus.

18 1567 69 1594 κερ
97 1567 168 1594 enim
196 1571 308 1602 propter
335 1573 451 1594 mortem
480 1568 566 1594 solam
592 1575 674 1602 quam
696 1567 808 1602 pertulit

18 1615 128 1646 propter
155 1619 222 1644 nos,
251 1611 380 1638 exultavit
406 1619 488 1643 eum,
516 1611 561 1639 sed
588 1612 670 1638 etiam
697 1617 809 1647 propter

22 1658 129 1689 ialmas,
145 1662 172 1684 et
187 1662 372 1692 sputamcuta,
387 1662 414 1684 ct
428 1662 535 1684 czetera.
557 1657 694 1691 Quoniam
716 1663 807 1686 autem

18 1705 45 1731 nl
69 1709 220 1731 extremam
249 1704 377 1738 injuriam
405 1705 538 1739 accipitur
568 1709 806 1739 sputatnentorutn

20 1752 125 1787 rjuria,
142 1751 318 1779 manifestum
335 1756 376 1779 est
392 1753 473 1779 etiam
493 1752 519 1778 iu
538 1752 596 1788 lege
619 1752 645 1779 iu
662 1760 714 1786 qua
736 1753 806 1779 scri-

18 1803 88 1826 itunt
113 1803 155 1826 est
179 1802 208 1826 ut
233 1799 331 1826 mulier
355 1797 494 1830 defuncti,
521 1798 544 1825 si
572 1798 690 1825 uoluerit
719 1798 806 1825 frater

18 1846 62 1872 'iri
84 1845 142 1880 ejus
168 1846 291 1880 aecipere
315 1853 386 1877 eam,
404 1845 538 1872 accedens
559 1845 592 1872 ad
609 1853 671 1872 cum
689 1846 735 1879 qui
757 1853 806 1872 no-

18 1893 61 1918 uit
79 1899 138 1918 eam
155 1892 279 1927 accipere
300 1893 352 1920 sibi
379 1901 505 1924 uxorein,
529 1899 622 1919 coram
649 1892 805 1918 senioribus

18 1936 178 1964 lxcalceahit
207 1937 422 1964 calceamentum
448 1945 532 1964 unum
555 1944 586 1963 ex
615 1936 748 1971 pedibus,
777 1941 804 1964 ct

24 1987 124 2017 xspuet
141 1983 167 2010 iu
183 1981 278 2010 facient
297 1983 366 2017 ejus,
385 1988 411 2010 et
427 1982 517 2010 dicet:
531 1981 575 2009 Sic
592 1982 691 2017 facient
703 1983 804 2009 homini

18 2030 53 2055 ἀἱ
69 2037 120 2056 non
137 2029 307 2064 aedificaverit
320 2029 427 2056 (tantum
445 2029 539 2063 fratris
554 2029 596 2056 sui
611 2029 642 2055 “.
660 2028 720 2056 Non
738 2037 803 2064 ergo

25 2075 107 2102 vertit
127 2074 224 2102 faciem
247 2083 325 2103 suam
341 2075 468 2103 Christus
487 2083 502 2102 a
519 2074 681 2102 rotifusioue
709 2079 803 2110 sputa-

18 2126 174 2152 aentorum,
192 2124 221 2147 ut
237 2121 324 2156 magis
339 2120 505 2155 glorificetur
522 2120 614 2148 vultus
633 2120 703 2155 ejus,
719 2128 802 2155 quam

18 2168 59 2194 uit
75 2167 166 2195 vultus
181 2167 266 2203 Moysi
285 2167 464 2202 glorificatus,
479 2171 553 2194 tanta
565 2172 591 2195 et
602 2167 648 2194 tali
662 2167 759 2202 gloria,
773 2171 802 2194 ut

19 2213 214 2248 omparatione
238 2213 446 2248 glorificationis
481 2213 580 2246 istius,
606 2213 698 2241 vultus
727 2213 800 2241 illius

21 2259 169 2288 toritlcatio
189 2260 359 2291 destruatur,
373 2260 444 2287 sicut
460 2259 487 2286 in
504 2264 650 2295 conspectu
673 2259 739 2287 solis
755 2259 799 2286 lu—

19 2317 67 2336 ien
95 2309 214 2336 lucernte
238 2308 399 2341 destruitur,
420 2313 448 2335 et
465 2307 538 2335 sicut
562 2307 674 2335 scientia
692 2315 752 2341 qua:
767 2314 800 2335 ex

19 2358 83 2382 arte
104 2359 156 2387 est,
176 2354 330 2381 destruitur
350 2361 413 2381 cum
432 2353 536 2380 venerit
555 2353 629 2388 quod
648 2353 798 2387 perfectum

18 2406 56 2428 st.
77 2400 131 2428 Sed
147 2407 174 2428 et
194 2401 316 2436 colaphis
340 2400 499 2428 ceciderunt
526 2404 652 2427 sanctum
672 2398 800 2427 Ecclesiae

18 2451 97 2482 aput,
119 2452 230 2482 propter
245 2447 318 2482 quod
340 2447 391 2481 ipsi
413 2446 622 2482 colaphizantur
643 2454 658 2472 a
677 2445 796 2473 Satana:

19 2500 58 2518 nn
80 2496 109 2519 ut
131 2500 187 2520 non
211 2493 393 2527 extollantur,
419 2500 506 2526 neque
538 2496 568 2519 ut
588 2491 675 2518 virtus
702 2499 797 2518 eorum

18 2538 172 2571 crticiatur,
191 2539 237 2566 sed
257 2543 286 2566 ut
305 2539 397 2566 traditi
424 2539 534 2566 inimico
557 2543 583 2565 et
597 2537 709 2570 vindici,
729 2537 799 2564 reci-

18 2585 78 2611 iant
101 2585 174 2619 quod
201 2584 324 2613 fecerunt
349 2589 502 2620 peceatum,
525 2584 728 2619 colaphizautes
749 2582 796 2610 Jc-

18 2640 74 2658 uin.
94 2630 127 2658 Et
141 2639 194 2657 non
212 2631 333 2658 contenti
355 2631 545 2658 tantummodo
559 2637 695 2665 exspuere
710 2629 737 2656 in
754 2629 792 2656 fa-

18 2684 70 2703 ιυιιι
87 2677 148 2711 ejus
170 2681 196 2704 et
221 2677 343 2712 colaphis
368 2684 430 2703 cum
458 2676 572 2708 aedere,
599 2675 646 2702 sed
665 2675 754 2703 adhuc
769 2679 796 2702 et

18 2721 101 2749 almis
132 2729 194 2749 eum
215 2722 390 2755 ceciderunt,
409 2727 437 2750 et
467 2722 627 2749 deludcntes
648 2721 792 2750 dixerunt:

822 1545 843 1574 C

347 2828 370 2843 “
397 2827 474 2854 Deut.
502 2835 564 2859 xxv,
594 2827 636 2855 l9.
686 2827 708 2843 ⁸³
730 2826 826 2856 Matth.

389 2863 433 2890 59.
472 2863 495 2878 το
513 2862 608 2890 Matth.
626 2871 652 2897 χ,
668 2863 712 2890 eo.

271 2828 297 2855 8.

274 2865 296 2880 "
307 2871 355 2896 vn,

33 2828 58 2843 ⁸³
77 2827 177 2862 Philip.
206 2835 223 2854 ιι
234 2847 242 2858 .

32 2863 122 2891 lCor.
142 2871 190 2898 xu,
206 2864 232 2891 ’5.

879 239 1039 268 receperunt
1053 235 1159 269 alapam
1176 241 1320 269 aeternam.
1338 243 1365 265 et
1382 239 1416 266 ab
1437 241 1513 268 omni
1529 244 1671 277 prophetia

877 278 974 311 privati
993 283 1068 309 sunt,
1085 281 1207 313 percussi
1223 286 1249 308 et
1264 283 1401 319 castigati,
1419 289 1446 312 et
1461 293 1510 313 nec
1525 288 1565 315 sic
1581 289 1671 316 volen-

877 327 917 350 tes
931 323 1052 358 recipere
1067 324 1251 360 disciplinam,
1266 329 1416 356 secundum
1435 332 1508 366 quod
1524 335 1671 368 propheta-

876 373 952 396 verat
969 369 1021 396 hoc
1036 370 1125 404 ipsum
1139 372 1173 399 de
1186 373 1224 400 eis
1238 372 1373 403 Jcremias
1384 376 1426 404 “:
1442 377 1602 414 Flagellasti
1615 391 1670 414 eos,

875 419 899 441 et
917 423 968 442 non
980 415 1133 450 doluerunt,
1146 422 1170 444 et
1184 418 1324 446 noluerunt
1339 422 1472 457 suscipere
1487 425 1668 460 disciplinam.

875 461 907 487 Et
924 469 996 488 nunc
1019 462 1065 496 qui
1089 463 1219 497 iujuriant
1239 473 1322 493 unum
1344 467 1462 502 aliquem
1487 470 1521 498 dc
1535 471 1669 506 Ecclesia,

874 511 901 534 et
919 507 1023 536 faciunt
1044 509 1067 535 ci
1090 510 1157 543 luce,
1178 510 1204 537 in
1229 511 1325 539 faciem
1358 520 1495 549 exspuunt
1516 518 1628 551 Christi,
1644 526 1670 548 et

873 552 1013 580 Christum
1029 555 1154 590 colaphis
1172 557 1306 585 caedentes
1326 560 1462 596 castigant
1479 567 1506 589 et
1523 563 1631 597 palmis.

912 599 971 625 lli.
997 599 1091 626 Petrus
1105 609 1163 627 vero
1175 601 1280 629 sedebat
1293 604 1358 637 furis
1373 605 1400 631 in
1413 608 1492 634 atrio.
1510 607 1544 634 Et
1556 610 1668 637 arcessit

874 646 908 671 atl
923 654 983 672 eum
997 655 1049 672 una
1068 655 1101 673 ea:
1114 647 1220 675 ancillis
1238 649 1327 677 dicens
1340 659 1348 677 :
1362 650 1396 677 Et
1413 657 1441 678 tu
1459 661 1517 680 eras
1533 663 1591 681 cum
1603 656 1667 683 Jesa

873 690 1011 718 Calilwo?
1038 693 1069 718 At
1096 693 1142 720 ille
1167 695 1269 729 negavit
1299 704 1388 723 coram
1417 699 1539 726 omnibus
1560 701 1667 728 dicens:

874 736 971 764 Nescio
987 738 1050 773 quid
1065 740 1144 767 dicis.
1161 740 1283 769 Exeunte
1300 749 1388 770 autent
1403 744 1449 771 illo
1459 746 1586 780 januam,
1602 749 1667 776 vidit

872 783 948 810 illum
970 785 1024 811 alia
1047 785 1157 816 anrilla.
1187 791 1212 813 et
1232 789 1269 814 ait
1286 789 1310 815 ei
1333 790 1369 816 ibi
1388 798 1397 816 :
1417 790 1451 817 Et
1465 792 1510 818 hic
1527 799 1584 820 erat
1606 802 1666 820 cum

872 828 937 856 Jeru
952 829 1103 858 Nazarene.
1128 831 1163 858 Et
1186 833 1280 860 iterum
1297 836 1400 869 negavit
1423 845 1482 863 cum
1499 838 1664 872 jurantento,

870 876 933 910 quia
949 885 1000 903 non
1021 877 1080 904 novi
1093 877 1235 905 hominem.
1256 879 1322 907 Post
1336 882 1465 916 pusillum
1485 888 1574 910 autent
1590 893 1664 912 acce—

870 922 958 949 dentes
980 923 1026 957 qui
1046 923 1167 956 stabant,
1183 925 1308 952 dixerunt
1328 926 1406 954 Petro
1418 936 1427 954 :
1446 927 1508 956 Vere
1519 937 1551 956 ex
1565 930 1620 957 illis
1637 940 1663 958 es

870 971 909 997 In,
928 967 1023 993 etenim
1047 968 1152 1002 loquela
1175 974 1222 995 tua
1245 971 1415 1005 manifestum
1439 978 1464 1000 te
1487 974 1565 1006 facit.
1591 975 1664 1002 Tum:

869 1013 944 1047 cwpit
964 1013 1088 1039 (levatura
1106 1018 1130 1040 et
1148 1013 1253 1048 jurarc,
1273 1016 1336 1049 quia
1361 1018 1449 1043 nescio
1468 1017 1610 1046 hominem.
1628 1019 1663 1046 Et

868 1060 992 1086 continuo
1008 1059 1095 1095 gallus
1112 1061 1238 1087 cantavit.
1260 1061 1294 1087 Et
1315 1069 1504 1091 rentemaratua
1517 1070 1555 1092 est
1567 1065 1662 1093 Petra;

867 1105 936 1133 verbi
948 1105 1012 1132 Iesu
1026 1106 1138 1132 (litantis
1153 1107 1177 1133 ei
1189 1115 1198 1133 :
1212 1107 1280 1139 Quia
1291 1109 1446 1143 priusquam
1459 1110 1547 1144 gallus
1560 1116 1660 1144 cantet,

866 1157 906 1178 ter
924 1160 963 1179 me
981 1152 1098 1187 negabis.
1127 1152 1158 1179 Et
1187 1161 1306 1188 egressus
1329 1153 1402 1189 foras
1424 1156 1592 1183 amarissime
1610 1157 1660 1192 fle»

865 1199 901 1225 rit
918 1198 950 1225 ⁸⁷.
979 1199 1171 1226 Abundantius
1198 1200 1404 1228 consideratttes
1430 1200 1504 1229 Petri
1535 1203 1660 1238 negatio-

865 1250 938 1276 nem,
952 1243 1069 1271 dicimus
1082 1244 1212 1278 quoniam
1227 1253 1302 1272 nemo
1317 1250 1399 1280 potest
1415 1247 1501 1274 dicere
1517 1247 1657 1275 Dominum

863 1287 975 1319 Iasum,
996 1289 1048 1315 nisi
1072 1289 1098 1316 in
1114 1288 1218 1324 Spiritu
1237 1295 1329 1317 sancta
1342 1291 1375 1323 ⁸⁸,
1395 1292 1466 1320 sicut
1480 1292 1583 1322 Paulus
1608 1302 1658 1322 nos

863 1334 952 1361 docet.
971 1334 1004 1361 Et
1021 1335 1138 1361 nondum
1154 1341 1211 1362 erat
1229 1342 1294 1363 tunc
1319 1337 1344 1364 in
1362 1338 1522 1366 hominibus
1538 1339 1657 1375 Spiritus

862 1386 985 1412 sanctus,
1002 1382 1128 1416 quoniam
1144 1382 1223 1409 Iesus
1248 1384 1364 1410 nandum
1386 1384 1474 1419 fuerat
1495 1386 1656 1422 lwnoriﬁca-

861 1433 914 1459 tus,
933 1428 1004 1454 sicut
1018 1427 1083 1455 dicit
1096 1427 1215 1456 Joannes
1226 1429 1259 1455 ⁶⁹.
1279 1429 1424 1465 Propterea
1449 1440 1501 1458 nou
1520 1438 1578 1460 erat
1591 1442 1656 1469 pos-

861 1474 951 1506 sibile,
967 1483 1054 1509 neque
1074 1475 1149 1501 illum
1169 1475 1248 1503 talem
1266 1475 1375 1504 Petrum
1397 1482 1461 1505 tunc
1475 1477 1568 1506 Jesum
1586 1488 1652 1507 con-

863 1520 931 1547 fiteri
948 1530 953 1547 :
971 1528 1020 1547 nec
1043 1525 1135 1547 tamen
1158 1526 1216 1548 erat
1239 1523 1476 1556 reprehendendus
1497 1532 1551 1551 non
1569 1525 1654 1552 conli-

862 1571 921 1594 tens
942 1566 1047 1594 .lcsum.
1087 1567 1222 1600 Quoniam
1251 1569 1284 1596 ad
1311 1569 1471 1598 confitentes
1494 1571 1596 1598 dicitur
1610 1572 1651 1601 ":

861 1612 924 1640 Non
937 1614 1000 1640 estis
1015 1622 1058 1640 vos
1072 1615 1116 1649 qui
1133 1615 1282 1650 loquimini,
1299 1616 1344 1642 sed
1362 1615 1480 1651 Spiritus
1498 1617 1588 1645 Patris
1609 1627 1653 1646 or-

859 1660 910 1687 rtri
931 1660 976 1694 qui
997 1660 1114 1694 loquitur
1131 1661 1158 1687 in
1181 1661 1264 1688 vobis.
1291 1660 1349 1688 Non
1367 1666 1456 1690 autem
1476 1671 1538 1690 cum
1555 1664 1588 1691 sit
1605 1671 1653 1699 po-

859 1710 919 1732 tens
942 1705 1058 1740 Spiritus
1084 1705 1129 1732 ille
1145 1705 1233 1734 Patris
1261 1707 1348 1734 nostri
1375 1707 1451 1742 loqui
1479 1708 1505 1734 in
1522 1709 1610 1741 nobis,
1626 1715 1651 1736 et

858 1759 920 1778 cutn
941 1752 967 1778 in
990 1756 1084 1778 nostra
1106 1751 1142 1779 sit
1158 1756 1291 1786 potestate
1317 1753 1407 1780 locum
1430 1754 1496 1781 dare
1521 1754 1547 1781 in
1573 1755 1652 1781 nobis

858 1797 969 1832 Spiritui
995 1803 1088 1825 sancto
1103 1818 1110 1829 ,
1141 1803 1168 1824 et
1197 1806 1252 1825 non
1300 1799 1430 1831 diabolo,
1455 1800 1478 1826 si
1503 1800 1652 1835 denegave—

858 1844 965 1877 rimus,
994 1845 1198 1871 excusationem
1233 1844 1316 1872 uilam
1349 1845 1492 1872 habemus.
1525 1845 1649 1874 Forsitan

856 1894 947 1917 autem
972 1894 1000 1917 et
1025 1890 1182 1924 quicunque
1205 1896 1247 1917 cst
1280 1890 1306 1917 in
1333 1891 1403 1918 atrio
1429 1891 1541 1926 Caiphae
1571 1892 1647 1934 pri/u-

855 1935 924 1970 cipis
946 1936 1131 1968 sacerdotum,
1159 1943 1213 1962 non
1240 1940 1328 1970 potest
1353 1935 1476 1963 confiteri
1501 1934 1647 1964 Domiun'm

854 1980 958 2014 Jcsum,
991 1982 1042 2009 nisi
1077 1981 1159 2009 fuerit
1193 1989 1321 2016 egressus
1358 1990 1391 2009 ex
1406 1982 1476 2009 atrio
1512 1982 1583 2016 ejus,
1621 1987 1647 2009 et

853 2027 935 2063 913
949 2027 1014 2055 foris
1031 2027 1113 2054 fuerit
1130 2027 1218 2054 factus
1233 2027 1268 2054 ab
1283 2028 1357 2054 omni
1371 2027 1494 2055 doctrina
1508 2029 1647 2055 contraria

853 2072 928 2101 Jcsu.
959 2073 1026 2100 Nam
1044 2074 1090 2108 qui
1105 2074 1159 2100 illic
1176 2079 1250 2105 sunt,
1276 2073 1406 2101 Judaicas
1424 2074 1535 2101 tradunt
1559 2075 1646 2101 tradi-

853 2120 952 2151 tiones.
968 2125 995 2147 ct
1011 2127 1064 2146 non
1079 2120 1230 2147 secundum
1254 2119 1411 2147 voluntates
1430 2119 1646 2154 Scripturarum,

853 2165 901 2194 sed
930 2165 1080 2193 secundum
1119 2167 1247 2193 mandata
1280 2165 1421 2193 ltotuinum
1447 2170 1474 2193 el
1495 2167 1644 2194 doctrinas.

852 2213 1003 2240 Considera
1028 2212 1100 2239 enim
1124 2212 1255 2247 quoniam
1279 2211 1376 2240 Petrus
1404 2212 1471 2240 foris
1498 2213 1596 2240 sedens
1611 2214 1645 2240 ah

852 2257 917 2285 Jesu
941 2262 1114 2293 segregatus,
1140 2263 1167 2286 et
1191 2259 1218 2286 in
1233 2258 1301 2285 atrio
1316 2259 1447 2294 principis
1466 2259 1643 2291 constitutus,

851 2312 944 2332 coram
968 2305 1096 2332 omnibus
1118 2304 1212 2332 Jesutn
1240 2305 1383 2339 denegavit
1400 2314 1407 2332 :
1425 2309 1452 2332 et
1472 2306 1570 2333 iterum
1587 2306 1645 2332 vice

852 2352 970 2380 secunda
994 2351 1122 2378 similiter
1148 2359 1202 2378 non
1220 2355 1298 2378 extra
1314 2351 1427 2386 januam
1452 2351 1520 2378 foris
1544 2350 1642 2383 factus,

851 2399 899 2426 sed
912 2399 1006 2426 volens
1020 2399 1105 2429 exire,
1127 2398 1247 2425 nomlum
1262 2402 1352 2425 autem
1367 2404 1494 2431 egressus
1516 2397 1642 2431 januam,

849 2444 1002 2480 denegavit.
1023 2443 1074 2471 Sed
1089 2448 1114 2470 et
1129 2444 1207 2471 tertia
1222 2444 1280 2470 vice
1292 2442 1402 2478 quando
1415 2443 1460 2477 qui
1479 2443 1588 2470 stabant
1599 2443 1642 2470 di-

850 2497 949 2518 xerunt
962 2500 968 2518 :
993 2490 1057 2517 Vere
1070 2498 1102 2517 ex
1116 2490 1170 2516 illis
1186 2498 1223 2521 es,
1242 2494 1269 2517 et
1282 2490 1395 2524 quando
1409 2489 1491 2524 coepit
1512 2497 1542 2517 se
1557 2489 1641 2515 devo-

850 2541 908 2564 tare
932 2540 959 2564 ct
977 2536 1071 2571 jurare
1096 2536 1161 2570 quia
1179 2535 1272 2562 nescio
1294 2534 1444 2567 hominem,
1468 2534 1558 2561 adhuc
1586 2541 1640 2560 non

848 2588 907 2610 crat
923 2581 999 2609 foris.
1031 2581 1063 2609 Et
1077 2588 1172 2608 omnes
1192 2580 1385 2615 denegationes
1403 2579 1480 2607 facta:
1492 2584 1556 2607 sunt
1570 2579 1594 2606 ei
1614 2580 1640 2606 in

850 2634 930 2656 nocte
953 2633 981 2656 et
996 2627 1022 2655 in
1037 2627 1156 2655 tenebris
1180 2627 1339 2660 priusquam
1362 2626 1453 2653 veniat
1468 2625 1538 2658 dies,
1555 2629 1582 2651 ct
1603 2625 1640 2652 si-

850 2683 934 2710 gnum
948 2674 1012 2707 diei,
1027 2673 1053 2701 id
1070 2678 1111 2701 est
1126 2673 1187 2708 galli
1203 2677 1315 2705 cantus,
1330 2673 1376 2708 qui
1394 2672 1507 2699 suscitat
1520 2671 1640 2698 volentes

850 2729 864 2749 a
881 2729 987 2750 sotnno.
1019 2719 1052 2747 Et
1075 2723 1105 2747 ut
1127 2719 1201 2746 verbi
1221 2718 1305 2755 gratia
1330 2718 1438 2751 dicam,
1457 2717 1479 2745 si
1498 2721 1559 2753 post
1576 2715 1639 2751 galli

856 2834 932 2859 xxvi,
957 2825 1002 2853 68.
1059 2825 1082 2841 “
1103 2833 1134 2858 v,
1151 2824 1179 2851 3.
1234 2822 1255 2838 ⁶⁷
1277 2822 1373 2850 Matth.
1394 2829 1456 2849 xxvt
1471 2842 1478 2854 ,
1501 2821 1534 2848 69
1561 2826 1638 2855 seqq.
