  <div class='ocr_page' id='page_1' title='image "/cluster/home/n/w/nwhite01/storage/ocr_20150623/13/njp.32101077772430/1071.png"; bbox 0 0 1839 3053; ppageno 0'>
   <div class='ocr_carea' id='block_1_1' title="bbox 171 118 239 146">
    <p class='ocr_par' dir='ltr' id='par_1_1' title="bbox 171 118 239 146">
     <span class='ocr_line' id='line_1_1' title="bbox 171 118 239 146; baseline -0.015 0"><span class='ocrx_word' id='word_1_1' title='bbox 171 119 182 146; x_wconf 80' lang='grc'><strong>1</strong></span> <span class='ocrx_word' id='word_1_2' title='bbox 189 118 239 146; x_wconf 74' lang='lat'><strong>765</strong></span> 
     </span>
    </p>
   </div>
   <div class='ocr_carea' id='block_1_2' title="bbox 755 109 1481 142">
    <p class='ocr_par' dir='ltr' id='par_1_2' title="bbox 755 109 1200 142">
     <span class='ocr_line' id='line_1_2' title="bbox 755 109 1200 142; baseline -0.007 0"><span class='ocrx_word' id='word_1_3' title='bbox 755 111 918 142; x_wconf 76' lang='lat' dir='ltr'><strong>ORIGENIS</strong></span> <span class='ocrx_word' id='word_1_4' title='bbox 937 109 972 139; x_wconf 78' lang='lat' dir='ltr'><strong>IN</strong></span> <span class='ocrx_word' id='word_1_5' title='bbox 991 111 1200 140; x_wconf 69' lang='grc' dir='ltr'><strong>ΜΑΤΤΙΙᾹΞῘἸΜ</strong></span> 
     </span>
    </p>
   </div>
   <div class='ocr_carea' id='block_1_3' title="bbox 1073 109 1799 142">
    <p class='ocr_par' dir='ltr' id='par_1_3' title="bbox 1073 109 1799 140">
     <span class='ocr_line' id='line_1_3' title="bbox 1073 109 1799 140; baseline -0.004 0"><span class='ocrx_word' id='word_1_6' title='bbox 1073 111 1200 140; x_wconf 72' lang='grc' dir='ltr'><strong>ΙΊΙᾹΞῘἸΜ</strong></span> <span class='ocrx_word' id='word_1_7' title='bbox 1751 109 1799 137; x_wconf 70' lang='lat' dir='ltr'><strong>lilii</strong></span> 
     </span>
    </p>
   </div>
   <div class='ocr_carea' id='block_1_4' title="bbox 169 170 1802 211">
    <p class='ocr_par' dir='ltr' id='par_1_4' title="bbox 169 170 1802 211">
     <span class='ocr_line' id='line_1_4' title="bbox 169 170 1802 211; baseline -0.004 -7"><span class='ocrx_word' id='word_1_8' title='bbox 169 181 280 205; x_wconf 81' lang='lat' dir='ltr'><strong>cantum</strong></span> <span class='ocrx_word' id='word_1_9' title='bbox 294 176 392 204; x_wconf 77' lang='lat' dir='ltr'><strong>Petrus</strong></span> <span class='ocrx_word' id='word_1_10' title='bbox 408 180 550 211; x_wconf 76' lang='lat' dir='ltr'><strong>negasset,</strong></span> <span class='ocrx_word' id='word_1_11' title='bbox 566 180 596 203; x_wconf 90' lang='lat' dir='ltr'><strong>ut</strong></span> <span class='ocrx_word' id='word_1_12' title='bbox 609 175 744 203; x_wconf 86' lang='lat' dir='ltr'><strong>diceretur</strong></span> <span class='ocrx_word' id='word_1_13' title='bbox 760 184 767 202; x_wconf 92' lang='lat'><strong>:</strong></span> <span class='ocrx_word' id='word_1_14' title='bbox 786 173 847 201; x_wconf 73' lang='lat' dir='ltr'><strong>Nart-</strong></span> <span class='ocrx_word' id='word_1_15' title='bbox 859 182 964 209; x_wconf 88' lang='lat' dir='ltr'><strong>promo-</strong></span> <span class='ocrx_word' id='word_1_16' title='bbox 979 176 1000 204; x_wconf 82' lang='lat' dir='ltr'><strong>A</strong></span> <span class='ocrx_word' id='word_1_17' title='bbox 1017 174 1163 210; x_wconf 83' lang='lat' dir='ltr'><strong>operibus;</strong></span> <span class='ocrx_word' id='word_1_18' title='bbox 1181 174 1260 208; x_wconf 80' lang='lat' dir='ltr'><strong>longe</strong></span> <span class='ocrx_word' id='word_1_19' title='bbox 1280 177 1372 200; x_wconf 84' lang='lat' dir='ltr'><strong>autem</strong></span> <span class='ocrx_word' id='word_1_20' title='bbox 1397 170 1564 200; x_wconf 85' lang='lat' dir='ltr'><strong>elliciamur</strong></span> <span class='ocrx_word' id='word_1_21' title='bbox 1582 177 1599 197; x_wconf 81' lang='lat' dir='ltr'><strong>a</strong></span> <span class='ocrx_word' id='word_1_22' title='bbox 1613 170 1705 205; x_wconf 80' lang='lat' dir='ltr'><strong>priore</strong></span> <span class='ocrx_word' id='word_1_23' title='bbox 1724 173 1802 198; x_wconf 75' lang='lat' dir='ltr'><strong>audita</strong></span> 
     </span>
    </p>
   </div>
   <div class='ocr_carea' id='block_1_5' title="bbox 170 220 963 257">
    <p class='ocr_par' dir='ltr' id='par_1_5' title="bbox 170 220 963 257">
     <span class='ocr_line' id='line_1_5' title="bbox 170 220 963 257; baseline -0.004 -8"><span class='ocrx_word' id='word_1_24' title='bbox 170 224 206 250; x_wconf 76' lang='lat' dir='ltr'><strong>vit</strong></span> <span class='ocrx_word' id='word_1_25' title='bbox 217 244 225 256; x_wconf 87' lang='lat'><strong>,</strong></span> <span class='ocrx_word' id='word_1_26' title='bbox 245 223 301 249; x_wconf 65' lang='lat' dir='ltr'><strong>dies</strong></span> <span class='ocrx_word' id='word_1_27' title='bbox 315 227 402 249; x_wconf 84' lang='lat' dir='ltr'><strong>autent</strong></span> <span class='ocrx_word' id='word_1_28' title='bbox 419 221 654 257; x_wconf 76' lang='lat' dir='ltr'><strong>appropinquavit.</strong></span> <span class='ocrx_word' id='word_1_29' title='bbox 675 221 744 247; x_wconf 79' lang='lat' dir='ltr'><strong>sicut</strong></span> <span class='ocrx_word' id='word_1_30' title='bbox 759 221 785 247; x_wconf 86' lang='lat' dir='ltr'><strong>in</strong></span> <span class='ocrx_word' id='word_1_31' title='bbox 801 220 844 246; x_wconf 87' lang='lat' dir='ltr'><strong>die</strong></span> <span class='ocrx_word' id='word_1_32' title='bbox 858 220 963 247; x_wconf 71' lang='lat' dir='ltr'><strong>honeste</strong></span> 
     </span>
    </p>
   </div>
   <div class='ocr_carea' id='block_1_6' title="bbox 171 264 962 301">
    <p class='ocr_par' dir='ltr' id='par_1_6' title="bbox 171 264 962 301">
     <span class='ocr_line' id='line_1_6' title="bbox 171 264 962 301; baseline -0.004 -7"><span class='ocrx_word' id='word_1_33' title='bbox 171 267 335 295; x_wconf 83' lang='lat' dir='ltr'><strong>ambulemus</strong></span> <span class='ocrx_word' id='word_1_34' title='bbox 349 269 384 301; x_wconf 75' lang='grc' dir='ltr'><strong>τ’,</strong></span> <span class='ocrx_word' id='word_1_35' title='bbox 410 268 484 294; x_wconf 91' lang='lat' dir='ltr'><strong>nulla</strong></span> <span class='ocrx_word' id='word_1_36' title='bbox 500 266 677 294; x_wconf 85' lang='lat' dir='ltr'><strong>excusatione</strong></span> <span class='ocrx_word' id='word_1_37' title='bbox 692 266 790 300; x_wconf 74' lang='lat' dir='ltr'><strong>dignus</strong></span> <span class='ocrx_word' id='word_1_38' title='bbox 803 264 899 292; x_wconf 82' lang='lat' dir='ltr'><strong>fuisset</strong></span> <span class='ocrx_word' id='word_1_39' title='bbox 911 264 962 291; x_wconf 78' lang='lat' dir='ltr'><strong>Pc-</strong></span> 
     </span>
    </p>
   </div>
   <div class='ocr_carea' id='block_1_7' title="bbox 171 310 963 345">
    <p class='ocr_par' dir='ltr' id='par_1_7' title="bbox 171 310 963 345">
     <span class='ocr_line' id='line_1_7' title="bbox 171 310 963 345; baseline -0.006 -4"><span class='ocrx_word' id='word_1_40' title='bbox 171 319 239 341; x_wconf 91' lang='lat' dir='ltr'><strong>trus.</strong></span> <span class='ocrx_word' id='word_1_41' title='bbox 273 313 396 341; x_wconf 77' lang='lat' dir='ltr'><strong>Forsitan</strong></span> <span class='ocrx_word' id='word_1_42' title='bbox 421 318 512 340; x_wconf 82' lang='lat' dir='ltr'><strong>autem</strong></span> <span class='ocrx_word' id='word_1_43' title='bbox 530 317 557 339; x_wconf 83' lang='lat' dir='ltr'><strong>et</strong></span> <span class='ocrx_word' id='word_1_44' title='bbox 580 319 676 339; x_wconf 87' lang='lat' dir='ltr'><strong>omnes</strong></span> <span class='ocrx_word' id='word_1_45' title='bbox 701 311 827 338; x_wconf 85' lang='lat' dir='ltr'><strong>homines</strong></span> <span class='ocrx_word' id='word_1_46' title='bbox 853 310 963 345; x_wconf 78' lang='lat' dir='ltr'><strong>quando</strong></span> 
     </span>
    </p>
   </div>
   <div class='ocr_carea' id='block_1_8' title="bbox 171 355 963 393">
    <p class='ocr_par' dir='ltr' id='par_1_8' title="bbox 171 355 963 393">
     <span class='ocr_line' id='line_1_8' title="bbox 171 355 963 393; baseline -0.005 -8"><span class='ocrx_word' id='word_1_47' title='bbox 171 358 306 393; x_wconf 80' lang='lat' dir='ltr'><strong>denegant</strong></span> <span class='ocrx_word' id='word_1_48' title='bbox 347 357 459 389; x_wconf 71' lang='lat' dir='ltr'><strong>Ji-sum,</strong></span> <span class='ocrx_word' id='word_1_49' title='bbox 488 357 523 384; x_wconf 90' lang='lat' dir='ltr'><strong>ita</strong></span> <span class='ocrx_word' id='word_1_50' title='bbox 551 361 579 383; x_wconf 91' lang='lat' dir='ltr'><strong>nt</strong></span> <span class='ocrx_word' id='word_1_51' title='bbox 602 363 741 390; x_wconf 86' lang='lat' dir='ltr'><strong>peccatum</strong></span> <span class='ocrx_word' id='word_1_52' title='bbox 777 355 963 390; x_wconf 84' lang='lat' dir='ltr'><strong>denegationis</strong></span> 
     </span>
    </p>
   </div>
   <div class='ocr_carea' id='block_1_9' title="bbox 171 401 962 438">
    <p class='ocr_par' dir='ltr' id='par_1_9' title="bbox 171 401 962 438">
     <span class='ocr_line' id='line_1_9' title="bbox 171 401 962 438; baseline -0.004 -8"><span class='ocrx_word' id='word_1_53' title='bbox 171 411 265 431; x_wconf 85' lang='lat' dir='ltr'><strong>eorum</strong></span> <span class='ocrx_word' id='word_1_54' title='bbox 281 403 394 438; x_wconf 89' lang='lat' dir='ltr'><strong>recipiat</strong></span> <span class='ocrx_word' id='word_1_55' title='bbox 410 403 584 434; x_wconf 85' lang='lat' dir='ltr'><strong>medicinam,</strong></span> <span class='ocrx_word' id='word_1_56' title='bbox 601 407 663 429; x_wconf 88' lang='lat' dir='ltr'><strong>ante</strong></span> <span class='ocrx_word' id='word_1_57' title='bbox 676 402 738 436; x_wconf 78' lang='lat' dir='ltr'><strong>galli</strong></span> <span class='ocrx_word' id='word_1_58' title='bbox 752 405 862 428; x_wconf 86' lang='lat' dir='ltr'><strong>cantum</strong></span> <span class='ocrx_word' id='word_1_59' title='bbox 877 401 962 428; x_wconf 86' lang='lat' dir='ltr'><strong>dene-</strong></span> 
     </span>
    </p>
   </div>
   <div class='ocr_carea' id='block_1_10' title="bbox 171 446 961 486">
    <p class='ocr_par' dir='ltr' id='par_1_10' title="bbox 171 446 961 486">
     <span class='ocr_line' id='line_1_10' title="bbox 171 446 961 486; baseline -0.001 -11"><span class='ocrx_word' id='word_1_60' title='bbox 171 458 235 486; x_wconf 70' lang='lat' dir='ltr'><strong>gare</strong></span> <span class='ocrx_word' id='word_1_61' title='bbox 253 458 314 476; x_wconf 90' lang='lat' dir='ltr'><strong>eum</strong></span> <span class='ocrx_word' id='word_1_62' title='bbox 331 449 457 476; x_wconf 80' lang='lat' dir='ltr'><strong>videnlur</strong></span> <span class='ocrx_word' id='word_1_63' title='bbox 468 469 475 482; x_wconf 93' lang='lat'><strong>,</strong></span> <span class='ocrx_word' id='word_1_64' title='bbox 500 448 621 476; x_wconf 89' lang='lat' dir='ltr'><strong>nondum</strong></span> <span class='ocrx_word' id='word_1_65' title='bbox 635 448 675 475; x_wconf 90' lang='lat' dir='ltr'><strong>eis</strong></span> <span class='ocrx_word' id='word_1_66' title='bbox 689 451 755 474; x_wconf 87' lang='lat' dir='ltr'><strong>nato</strong></span> <span class='ocrx_word' id='word_1_67' title='bbox 767 447 825 475; x_wconf 88' lang='lat' dir='ltr'><strong>sole</strong></span> <span class='ocrx_word' id='word_1_68' title='bbox 839 446 961 481; x_wconf 57' lang='lat' dir='ltr'><strong>iustitiae,</strong></span> 
     </span>
    </p>
   </div>
   <div class='ocr_carea' id='block_1_11' title="bbox 172 493 963 529">
    <p class='ocr_par' dir='ltr' id='par_1_11' title="bbox 172 493 963 529">
     <span class='ocr_line' id='line_1_11' title="bbox 172 493 963 529; baseline -0.004 -7"><span class='ocrx_word' id='word_1_69' title='bbox 172 503 221 522; x_wconf 87' lang='lat' dir='ltr'><strong>nec</strong></span> <span class='ocrx_word' id='word_1_70' title='bbox 240 494 474 529; x_wconf 90' lang='lat' dir='ltr'><strong>appropinquante</strong></span> <span class='ocrx_word' id='word_1_71' title='bbox 487 494 527 520; x_wconf 87' lang='lat' dir='ltr'><strong>eis</strong></span> <span class='ocrx_word' id='word_1_72' title='bbox 547 499 607 520; x_wconf 89' lang='lat' dir='ltr'><strong>ortu</strong></span> <span class='ocrx_word' id='word_1_73' title='bbox 624 493 727 528; x_wconf 88' lang='lat' dir='ltr'><strong>ipsius;</strong></span> <span class='ocrx_word' id='word_1_74' title='bbox 745 493 768 520; x_wconf 87' lang='lat' dir='ltr'><strong>si</strong></span> <span class='ocrx_word' id='word_1_75' title='bbox 791 498 880 520; x_wconf 88' lang='lat' dir='ltr'><strong>autem</strong></span> <span class='ocrx_word' id='word_1_76' title='bbox 902 496 963 527; x_wconf 91' lang='lat' dir='ltr'><strong>post</strong></span> 
     </span>
    </p>
   </div>
   <div class='ocr_carea' id='block_1_12' title="bbox 171 539 963 575">
    <p class='ocr_par' dir='ltr' id='par_1_12' title="bbox 171 539 963 575">
     <span class='ocr_line' id='line_1_12' title="bbox 171 539 963 575; baseline -0.001 -8"><span class='ocrx_word' id='word_1_77' title='bbox 171 545 261 567; x_wconf 89' lang='lat' dir='ltr'><strong>ortum</strong></span> <span class='ocrx_word' id='word_1_78' title='bbox 277 539 433 575; x_wconf 89' lang='lat' dir='ltr'><strong>hujusmodi</strong></span> <span class='ocrx_word' id='word_1_79' title='bbox 454 539 520 567; x_wconf 90' lang='lat' dir='ltr'><strong>solis</strong></span> <span class='ocrx_word' id='word_1_80' title='bbox 547 541 579 566; x_wconf 89' lang='lat' dir='ltr'><strong>ad</strong></span> <span class='ocrx_word' id='word_1_81' title='bbox 594 540 714 566; x_wconf 88' lang='lat' dir='ltr'><strong>animam</strong></span> <span class='ocrx_word' id='word_1_82' title='bbox 732 539 854 566; x_wconf 83' lang='lat' dir='ltr'><strong>volentes</strong></span> <span class='ocrx_word' id='word_1_83' title='bbox 867 546 963 573; x_wconf 83' lang='lat' dir='ltr'><strong>pecca-</strong></span> 
     </span>
    </p>
   </div>
   <div class='ocr_carea' id='block_1_13' title="bbox 171 584 961 620">
    <p class='ocr_par' dir='ltr' id='par_1_13' title="bbox 171 584 961 620">
     <span class='ocr_line' id='line_1_13' title="bbox 171 584 961 620; baseline -0.003 -7"><span class='ocrx_word' id='word_1_84' title='bbox 171 587 308 618; x_wconf 83' lang='lat' dir='ltr'><strong>verimus,</strong></span> <span class='ocrx_word' id='word_1_85' title='bbox 333 591 477 620; x_wconf 76' lang='lat' dir='ltr'><strong>postquam</strong></span> <span class='ocrx_word' id='word_1_86' title='bbox 499 585 655 620; x_wconf 87' lang='lat' dir='ltr'><strong>accepimus</strong></span> <span class='ocrx_word' id='word_1_87' title='bbox 671 585 811 612; x_wconf 78' lang='lat' dir='ltr'><strong>scientiam</strong></span> <span class='ocrx_word' id='word_1_88' title='bbox 829 584 961 618; x_wconf 80' lang='lat' dir='ltr'><strong>veritatis,</strong></span> 
     </span>
    </p>
   </div>
   <div class='ocr_carea' id='block_1_14' title="bbox 168 631 961 666">
    <p class='ocr_par' dir='ltr' id='par_1_14' title="bbox 168 631 961 666">
     <span class='ocr_line' id='line_1_14' title="bbox 168 631 961 666; baseline 0 -8"><span class='ocrx_word' id='word_1_89' title='bbox 168 632 224 666; x_wconf 83' lang='lat' dir='ltr'><strong>jam</strong></span> <span class='ocrx_word' id='word_1_90' title='bbox 242 638 296 658; x_wconf 89' lang='lat' dir='ltr'><strong>non</strong></span> <span class='ocrx_word' id='word_1_91' title='bbox 315 631 480 665; x_wconf 84' lang='lat' dir='ltr'><strong>relinquitur</strong></span> <span class='ocrx_word' id='word_1_92' title='bbox 493 631 574 657; x_wconf 87' lang='lat' dir='ltr'><strong>nobis</strong></span> <span class='ocrx_word' id='word_1_93' title='bbox 590 631 756 657; x_wconf 81' lang='lat' dir='ltr'><strong>sacriﬁcium</strong></span> <span class='ocrx_word' id='word_1_94' title='bbox 776 637 825 665; x_wconf 93' lang='lat' dir='ltr'><strong>pro</strong></span> <span class='ocrx_word' id='word_1_95' title='bbox 840 636 961 665; x_wconf 85' lang='lat' dir='ltr'><strong>peccato,</strong></span> 
     </span>
    </p>
   </div>
   <div class='ocr_carea' id='block_1_15' title="bbox 170 675 962 711">
    <p class='ocr_par' dir='ltr' id='par_1_15' title="bbox 170 675 962 711">
     <span class='ocr_line' id='line_1_15' title="bbox 170 675 962 711; baseline -0.003 -7"><span class='ocrx_word' id='word_1_96' title='bbox 170 676 217 704; x_wconf 84' lang='lat' dir='ltr'><strong>sed</strong></span> <span class='ocrx_word' id='word_1_97' title='bbox 232 676 351 704; x_wconf 84' lang='lat' dir='ltr'><strong>terribile</strong></span> <span class='ocrx_word' id='word_1_98' title='bbox 365 676 512 711; x_wconf 83' lang='lat' dir='ltr'><strong>judicium,</strong></span> <span class='ocrx_word' id='word_1_99' title='bbox 530 680 556 703; x_wconf 89' lang='lat' dir='ltr'><strong>et</strong></span> <span class='ocrx_word' id='word_1_100' title='bbox 577 675 652 703; x_wconf 86' lang='lat' dir='ltr'><strong>zelus</strong></span> <span class='ocrx_word' id='word_1_101' title='bbox 675 675 745 711; x_wconf 78' lang='lat' dir='ltr'><strong>ignis</strong></span> <span class='ocrx_word' id='word_1_102' title='bbox 764 675 810 710; x_wconf 91' lang='lat' dir='ltr'><strong>qui</strong></span> <span class='ocrx_word' id='word_1_103' title='bbox 825 680 962 703; x_wconf 87' lang='lat' dir='ltr'><strong>comestu-</strong></span> 
     </span>
    </p>
   </div>
   <div class='ocr_carea' id='block_1_16' title="bbox 171 721 963 756">
    <p class='ocr_par' dir='ltr' id='par_1_16' title="bbox 171 721 963 756">
     <span class='ocr_line' id='line_1_16' title="bbox 171 721 963 756; baseline -0.001 -7"><span class='ocrx_word' id='word_1_104' title='bbox 171 725 218 749; x_wconf 86' lang='lat' dir='ltr'><strong>ru&#39;s</strong></span> <span class='ocrx_word' id='word_1_105' title='bbox 235 726 276 749; x_wconf 88' lang='lat' dir='ltr'><strong>est</strong></span> <span class='ocrx_word' id='word_1_106' title='bbox 293 721 429 749; x_wconf 89' lang='lat' dir='ltr'><strong>inimicos.</strong></span> <span class='ocrx_word' id='word_1_107' title='bbox 461 721 493 748; x_wconf 81' lang='lat' dir='ltr'><strong>Et</strong></span> <span class='ocrx_word' id='word_1_108' title='bbox 517 721 544 748; x_wconf 93' lang='lat' dir='ltr'><strong>in</strong></span> <span class='ocrx_word' id='word_1_109' title='bbox 568 721 648 748; x_wconf 82' lang='lat' dir='ltr'><strong>Petro</strong></span> <span class='ocrx_word' id='word_1_110' title='bbox 662 721 772 756; x_wconf 91' lang='lat' dir='ltr'><strong>quidem</strong></span> <span class='ocrx_word' id='word_1_111' title='bbox 795 726 860 749; x_wconf 92' lang='lat' dir='ltr'><strong>tunc</strong></span> <span class='ocrx_word' id='word_1_112' title='bbox 880 721 963 748; x_wconf 75' lang='lat' dir='ltr'><strong>deite-</strong></span> 
     </span>
    </p>
   </div>
   <div class='ocr_carea' id='block_1_17' title="bbox 170 766 962 802">
    <p class='ocr_par' dir='ltr' id='par_1_17' title="bbox 170 766 962 802">
     <span class='ocr_line' id='line_1_17' title="bbox 170 766 962 802; baseline 0.003 -9"><span class='ocrx_word' id='word_1_113' title='bbox 170 771 251 802; x_wconf 79' lang='lat' dir='ltr'><strong>gante</strong></span> <span class='ocrx_word' id='word_1_114' title='bbox 273 775 325 794; x_wconf 92' lang='lat' dir='ltr'><strong>non</strong></span> <span class='ocrx_word' id='word_1_115' title='bbox 343 766 519 794; x_wconf 79' lang='lat' dir='ltr'><strong>conveniebat</strong></span> <span class='ocrx_word' id='word_1_116' title='bbox 534 767 624 793; x_wconf 85' lang='lat' dir='ltr'><strong>dicere</strong></span> <span class='ocrx_word' id='word_1_117' title='bbox 640 776 647 793; x_wconf 91' lang='lat'><strong>:</strong></span> <span class='ocrx_word' id='word_1_118' title='bbox 664 766 800 799; x_wconf 79' lang='lat' dir='ltr'><strong>Quomodo</strong></span> <span class='ocrx_word' id='word_1_119' title='bbox 815 775 846 793; x_wconf 84' lang='lat' dir='ltr'><strong>ne</strong></span> <span class='ocrx_word' id='word_1_120' title='bbox 859 767 962 802; x_wconf 72' lang='lat' dir='ltr'><strong>putati:</strong></span> 
     </span>
    </p>
   </div>
   <div class='ocr_carea' id='block_1_18' title="bbox 169 811 960 847">
    <p class='ocr_par' dir='ltr' id='par_1_18' title="bbox 169 811 960 847">
     <span class='ocr_line' id='line_1_18' title="bbox 169 811 960 847; baseline 0.003 -9"><span class='ocrx_word' id='word_1_121' title='bbox 169 813 261 847; x_wconf 77' lang='lat' dir='ltr'><strong>pejora</strong></span> <span class='ocrx_word' id='word_1_122' title='bbox 284 813 379 839; x_wconf 82' lang='lat' dir='ltr'><strong>mereri</strong></span> <span class='ocrx_word' id='word_1_123' title='bbox 407 813 537 847; x_wconf 79' lang='lat' dir='ltr'><strong>supplicia</strong></span> <span class='ocrx_word' id='word_1_124' title='bbox 552 812 596 847; x_wconf 83' lang='lat' dir='ltr'><strong>qui</strong></span> <span class='ocrx_word' id='word_1_125' title='bbox 613 811 713 838; x_wconf 79' lang='lat' dir='ltr'><strong>Filium</strong></span> <span class='ocrx_word' id='word_1_126' title='bbox 729 811 777 838; x_wconf 85' lang='lat' dir='ltr'><strong>Dei</strong></span> <span class='ocrx_word' id='word_1_127' title='bbox 793 815 960 840; x_wconf 71' lang='lat' dir='ltr'><strong>conculcave-</strong></span> 
     </span>
    </p>
   </div>
   <div class='ocr_carea' id='block_1_19' title="bbox 1016 216 1802 253">
    <p class='ocr_par' dir='ltr' id='par_1_19' title="bbox 1016 216 1802 253">
     <span class='ocr_line' id='line_1_19' title="bbox 1016 216 1802 253; baseline -0.004 -6"><span class='ocrx_word' id='word_1_128' title='bbox 1016 226 1042 248; x_wconf 89' lang='lat' dir='ltr'><strong>et</strong></span> <span class='ocrx_word' id='word_1_129' title='bbox 1056 221 1158 253; x_wconf 79' lang='lat' dir='ltr'><strong>altera;</strong></span> <span class='ocrx_word' id='word_1_130' title='bbox 1175 224 1201 246; x_wconf 89' lang='lat' dir='ltr'><strong>et</strong></span> <span class='ocrx_word' id='word_1_131' title='bbox 1218 219 1253 246; x_wconf 88' lang='lat' dir='ltr'><strong>ab</strong></span> <span class='ocrx_word' id='word_1_132' title='bbox 1264 219 1394 246; x_wconf 88' lang='lat' dir='ltr'><strong>omnibus</strong></span> <span class='ocrx_word' id='word_1_133' title='bbox 1410 218 1461 253; x_wconf 86' lang='lat' dir='ltr'><strong>qui</strong></span> <span class='ocrx_word' id='word_1_134' title='bbox 1477 221 1558 244; x_wconf 80' lang='lat' dir='ltr'><strong>stant</strong></span> <span class='ocrx_word' id='word_1_135' title='bbox 1579 216 1606 243; x_wconf 93' lang='lat' dir='ltr'><strong>in</strong></span> <span class='ocrx_word' id='word_1_136' title='bbox 1623 216 1695 243; x_wconf 86' lang='lat' dir='ltr'><strong>atrio</strong></span> <span class='ocrx_word' id='word_1_137' title='bbox 1708 216 1802 250; x_wconf 72' lang='lat' dir='ltr'><strong>ejnsret</strong></span> 
     </span>
    </p>
   </div>
   <div class='ocr_carea' id='block_1_20' title="bbox 1017 262 1803 301">
    <p class='ocr_par' dir='ltr' id='par_1_20' title="bbox 1017 262 1803 301">
     <span class='ocr_line' id='line_1_20' title="bbox 1017 262 1803 301; baseline -0.004 -8"><span class='ocrx_word' id='word_1_138' title='bbox 1017 266 1043 293; x_wconf 93' lang='lat' dir='ltr'><strong>in</strong></span> <span class='ocrx_word' id='word_1_139' title='bbox 1060 267 1144 301; x_wconf 88' lang='lat' dir='ltr'><strong>janua</strong></span> <span class='ocrx_word' id='word_1_140' title='bbox 1157 267 1227 301; x_wconf 84' lang='lat' dir='ltr'><strong>ejus,</strong></span> <span class='ocrx_word' id='word_1_141' title='bbox 1253 270 1282 292; x_wconf 92' lang='lat' dir='ltr'><strong>nt</strong></span> <span class='ocrx_word' id='word_1_142' title='bbox 1296 273 1329 292; x_wconf 85' lang='lat' dir='ltr'><strong>ne</strong></span> <span class='ocrx_word' id='word_1_143' title='bbox 1344 265 1371 291; x_wconf 93' lang='lat' dir='ltr'><strong>in</strong></span> <span class='ocrx_word' id='word_1_144' title='bbox 1386 263 1523 298; x_wconf 76' lang='lat' dir='ltr'><strong>proximo</strong></span> <span class='ocrx_word' id='word_1_145' title='bbox 1536 263 1708 290; x_wconf 75' lang='lat' dir='ltr'><strong>exsistamus</strong></span> <span class='ocrx_word' id='word_1_146' title='bbox 1722 262 1803 290; x_wconf 74' lang='lat' dir='ltr'><strong>iacieti-</strong></span> 
     </span>
    </p>
   </div>
   <div class='ocr_carea' id='block_1_21' title="bbox 1017 308 1803 347">
    <p class='ocr_par' dir='ltr' id='par_1_21' title="bbox 1017 308 1803 347">
     <span class='ocr_line' id='line_1_21' title="bbox 1017 308 1803 347; baseline -0.005 -9"><span class='ocrx_word' id='word_1_147' title='bbox 1017 312 1091 339; x_wconf 90' lang='lat' dir='ltr'><strong>tibns</strong></span> <span class='ocrx_word' id='word_1_148' title='bbox 1102 312 1237 347; x_wconf 77' lang='lat' dir='ltr'><strong>denegare</strong></span> <span class='ocrx_word' id='word_1_149' title='bbox 1252 319 1314 338; x_wconf 90' lang='lat' dir='ltr'><strong>eum</strong></span> <span class='ocrx_word' id='word_1_150' title='bbox 1331 311 1379 346; x_wconf 85' lang='lat' dir='ltr'><strong>qui</strong></span> <span class='ocrx_word' id='word_1_151' title='bbox 1392 310 1479 337; x_wconf 81' lang='lat' dir='ltr'><strong>fuerit</strong></span> <span class='ocrx_word' id='word_1_152' title='bbox 1490 310 1574 343; x_wconf 74' lang='lat' dir='ltr'><strong>juxta</strong></span> <span class='ocrx_word' id='word_1_153' title='bbox 1592 308 1646 335; x_wconf 83' lang='lat' dir='ltr'><strong>eis.</strong></span> <span class='ocrx_word' id='word_1_154' title='bbox 1668 308 1803 343; x_wconf 75' lang='lat' dir='ltr'><strong>Cognosce-</strong></span> 
     </span>
    </p>
   </div>
   <div class='ocr_carea' id='block_1_22' title="bbox 1017 354 1803 392">
    <p class='ocr_par' dir='ltr' id='par_1_22' title="bbox 1017 354 1803 392">
     <span class='ocr_line' id='line_1_22' title="bbox 1017 354 1803 392; baseline -0.005 -7"><span class='ocrx_word' id='word_1_155' title='bbox 1017 366 1079 385; x_wconf 86' lang='lat' dir='ltr'><strong>Inus</strong></span> <span class='ocrx_word' id='word_1_156' title='bbox 1094 363 1184 385; x_wconf 86' lang='lat' dir='ltr'><strong>autem</strong></span> <span class='ocrx_word' id='word_1_157' title='bbox 1199 365 1259 392; x_wconf 53' lang='lat' dir='ltr'><strong>quat</strong></span> <span class='ocrx_word' id='word_1_158' title='bbox 1276 357 1311 384; x_wconf 88' lang='lat' dir='ltr'><strong>sit</strong></span> <span class='ocrx_word' id='word_1_159' title='bbox 1324 357 1423 384; x_wconf 83' lang='lat' dir='ltr'><strong>ancilla</strong></span> <span class='ocrx_word' id='word_1_160' title='bbox 1442 355 1594 391; x_wconf 84' lang='lat' dir='ltr'><strong>principis,</strong></span> <span class='ocrx_word' id='word_1_161' title='bbox 1616 354 1641 381; x_wconf 80' lang='lat' dir='ltr'><strong>si</strong></span> <span class='ocrx_word' id='word_1_162' title='bbox 1657 354 1704 382; x_wconf 76' lang='lat' dir='ltr'><strong>int:</strong></span> <span class='ocrx_word' id='word_1_163' title='bbox 1715 355 1803 382; x_wconf 68' lang='lat' dir='ltr'><strong>lleieci-</strong></span> 
     </span>
    </p>
   </div>
   <div class='ocr_carea' id='block_1_23' title="bbox 1016 401 1803 439">
    <p class='ocr_par' dir='ltr' id='par_1_23' title="bbox 1016 401 1803 439">
     <span class='ocr_line' id='line_1_23' title="bbox 1016 401 1803 439; baseline -0.004 -9"><span class='ocrx_word' id='word_1_164' title='bbox 1016 411 1078 432; x_wconf 89' lang='lat' dir='ltr'><strong>mns</strong></span> <span class='ocrx_word' id='word_1_165' title='bbox 1092 411 1153 439; x_wconf 68' lang='lat' dir='ltr'><strong>qum</strong></span> <span class='ocrx_word' id='word_1_166' title='bbox 1168 403 1203 431; x_wconf 87' lang='lat' dir='ltr'><strong>sit</strong></span> <span class='ocrx_word' id='word_1_167' title='bbox 1217 402 1315 430; x_wconf 82' lang='lat' dir='ltr'><strong>ancilla</strong></span> <span class='ocrx_word' id='word_1_168' title='bbox 1332 402 1393 435; x_wconf 79' lang='lat' dir='ltr'><strong>Dei,</strong></span> <span class='ocrx_word' id='word_1_169' title='bbox 1419 403 1454 429; x_wconf 85' lang='lat' dir='ltr'><strong>de</strong></span> <span class='ocrx_word' id='word_1_170' title='bbox 1475 409 1532 437; x_wconf 83' lang='lat' dir='ltr'><strong>qua</strong></span> <span class='ocrx_word' id='word_1_171' title='bbox 1558 401 1697 435; x_wconf 87' lang='lat' dir='ltr'><strong>scriptum</strong></span> <span class='ocrx_word' id='word_1_172' title='bbox 1717 401 1803 427; x_wconf 76' lang='lat' dir='ltr'><strong>est”:</strong></span> 
     </span>
    </p>
   </div>
   <div class='ocr_carea' id='block_1_24' title="bbox 1017 445 1803 483">
    <p class='ocr_par' dir='ltr' id='par_1_24' title="bbox 1017 445 1803 483">
     <span class='ocr_line' id='line_1_24' title="bbox 1017 445 1803 483; baseline -0.001 -9"><span class='ocrx_word' id='word_1_173' title='bbox 1017 448 1074 483; x_wconf 83' lang='lat' dir='ltr'><strong>Ego</strong></span> <span class='ocrx_word' id='word_1_174' title='bbox 1098 445 1186 476; x_wconf 76' lang='lat' dir='ltr'><strong>servus</strong></span> <span class='ocrx_word' id='word_1_175' title='bbox 1209 452 1288 481; x_wconf 81' lang='lat' dir='ltr'><strong>tuus,</strong></span> <span class='ocrx_word' id='word_1_176' title='bbox 1311 452 1336 475; x_wconf 80' lang='lat' dir='ltr'><strong>et</strong></span> <span class='ocrx_word' id='word_1_177' title='bbox 1360 447 1434 482; x_wconf 83' lang='lat' dir='ltr'><strong>ﬁlius</strong></span> <span class='ocrx_word' id='word_1_178' title='bbox 1459 446 1571 474; x_wconf 66' lang='lat' dir='ltr'><strong>ancilla</strong></span> <span class='ocrx_word' id='word_1_179' title='bbox 1589 451 1657 474; x_wconf 66' lang='lat' dir='ltr'><strong>tu.</strong></span> <span class='ocrx_word' id='word_1_180' title='bbox 1686 446 1749 479; x_wconf 71' lang='lat' dir='ltr'><strong>Quae</strong></span> <span class='ocrx_word' id='word_1_181' title='bbox 1761 447 1803 474; x_wconf 84' lang='lat' dir='ltr'><strong>sint</strong></span> 
     </span>
    </p>
   </div>
   <div class='ocr_carea' id='block_1_25' title="bbox 1016 491 1803 528">
    <p class='ocr_par' dir='ltr' id='par_1_25' title="bbox 1016 491 1803 528">
     <span class='ocr_line' id='line_1_25' title="bbox 1016 491 1803 528; baseline -0.004 -7"><span class='ocrx_word' id='word_1_182' title='bbox 1016 499 1107 522; x_wconf 85' lang='lat' dir='ltr'><strong>autem</strong></span> <span class='ocrx_word' id='word_1_183' title='bbox 1132 494 1200 521; x_wconf 88' lang='lat' dir='ltr'><strong>atria</strong></span> <span class='ocrx_word' id='word_1_184' title='bbox 1222 494 1354 528; x_wconf 77' lang='lat' dir='ltr'><strong>principis</strong></span> <span class='ocrx_word' id='word_1_185' title='bbox 1371 493 1475 528; x_wconf 86' lang='lat' dir='ltr'><strong>poteris</strong></span> <span class='ocrx_word' id='word_1_186' title='bbox 1489 492 1576 524; x_wconf 89' lang='lat' dir='ltr'><strong>scire,</strong></span> <span class='ocrx_word' id='word_1_187' title='bbox 1603 492 1629 519; x_wconf 86' lang='lat' dir='ltr'><strong>si</strong></span> <span class='ocrx_word' id='word_1_188' title='bbox 1655 491 1803 519; x_wconf 71' lang='lat' dir='ltr'><strong>intellexeris</strong></span> 
     </span>
    </p>
   </div>
   <div class='ocr_carea' id='block_1_26' title="bbox 1016 539 1802 576">
    <p class='ocr_par' dir='ltr' id='par_1_26' title="bbox 1016 539 1802 576">
     <span class='ocr_line' id='line_1_26' title="bbox 1016 539 1802 576; baseline -0.004 -8"><span class='ocrx_word' id='word_1_189' title='bbox 1016 548 1077 576; x_wconf 64' lang='lat' dir='ltr'><strong>qua:</strong></span> <span class='ocrx_word' id='word_1_190' title='bbox 1099 541 1155 568; x_wconf 85' lang='lat' dir='ltr'><strong>sint</strong></span> <span class='ocrx_word' id='word_1_191' title='bbox 1177 541 1246 567; x_wconf 87' lang='lat' dir='ltr'><strong>atria</strong></span> <span class='ocrx_word' id='word_1_192' title='bbox 1261 540 1361 567; x_wconf 86' lang='lat' dir='ltr'><strong>domus</strong></span> <span class='ocrx_word' id='word_1_193' title='bbox 1376 539 1503 572; x_wconf 87' lang='lat' dir='ltr'><strong>Domini,</strong></span> <span class='ocrx_word' id='word_1_194' title='bbox 1515 539 1551 566; x_wconf 89' lang='lat' dir='ltr'><strong>de</strong></span> <span class='ocrx_word' id='word_1_195' title='bbox 1564 539 1672 574; x_wconf 86' lang='lat' dir='ltr'><strong>quibus</strong></span> <span class='ocrx_word' id='word_1_196' title='bbox 1686 539 1802 572; x_wconf 82' lang='lat' dir='ltr'><strong>scriptum</strong></span> 
     </span>
    </p>
   </div>
   <div class='ocr_carea' id='block_1_27' title="bbox 1015 585 1802 617">
    <p class='ocr_par' dir='ltr' id='par_1_27' title="bbox 1015 585 1802 617">
     <span class='ocr_line' id='line_1_27' title="bbox 1015 585 1802 617; baseline -0.005 -2"><span class='ocrx_word' id='word_1_197' title='bbox 1015 592 1059 615; x_wconf 82' lang='lat' dir='ltr'><strong>est</strong></span> <span class='ocrx_word' id='word_1_198' title='bbox 1073 587 1096 603; x_wconf 80' lang='grc'><strong>⁸⁸</strong></span> <span class='ocrx_word' id='word_1_199' title='bbox 1110 596 1118 615; x_wconf 89' lang='lat'><strong>:</strong></span> <span class='ocrx_word' id='word_1_200' title='bbox 1135 587 1202 614; x_wconf 76' lang='lat' dir='ltr'><strong>Ecce</strong></span> <span class='ocrx_word' id='word_1_201' title='bbox 1224 594 1293 613; x_wconf 80' lang='lat' dir='ltr'><strong>nunc</strong></span> <span class='ocrx_word' id='word_1_202' title='bbox 1304 586 1447 613; x_wconf 76' lang='lat' dir='ltr'><strong>benedicite</strong></span> <span class='ocrx_word' id='word_1_203' title='bbox 1461 585 1622 617; x_wconf 81' lang='lat' dir='ltr'><strong>Dominum,</strong></span> <span class='ocrx_word' id='word_1_204' title='bbox 1641 593 1731 611; x_wconf 80' lang='lat' dir='ltr'><strong>omnes</strong></span> <span class='ocrx_word' id='word_1_205' title='bbox 1749 587 1802 611; x_wconf 79' lang='lat' dir='ltr'><strong>smi</strong></span> 
     </span>
    </p>
   </div>
   <div class='ocr_carea' id='block_1_28' title="bbox 1016 632 1802 669">
    <p class='ocr_par' dir='ltr' id='par_1_28' title="bbox 1016 632 1802 669">
     <span class='ocr_line' id='line_1_28' title="bbox 1016 632 1802 669; baseline -0.005 -8"><span class='ocrx_word' id='word_1_206' title='bbox 1016 634 1140 666; x_wconf 80' lang='lat' dir='ltr'><strong>Domini,</strong></span> <span class='ocrx_word' id='word_1_207' title='bbox 1162 634 1207 669; x_wconf 86' lang='lat' dir='ltr'><strong>qui</strong></span> <span class='ocrx_word' id='word_1_208' title='bbox 1226 634 1304 660; x_wconf 77' lang='lat' dir='ltr'><strong>statis</strong></span> <span class='ocrx_word' id='word_1_209' title='bbox 1317 633 1344 659; x_wconf 85' lang='lat' dir='ltr'><strong>in</strong></span> <span class='ocrx_word' id='word_1_210' title='bbox 1355 632 1433 659; x_wconf 86' lang='lat' dir='ltr'><strong>domo</strong></span> <span class='ocrx_word' id='word_1_211' title='bbox 1447 632 1558 659; x_wconf 82' lang='lat' dir='ltr'><strong>Domini</strong></span> <span class='ocrx_word' id='word_1_212' title='bbox 1567 652 1575 664; x_wconf 87' lang='lat'><strong>,</strong></span> <span class='ocrx_word' id='word_1_213' title='bbox 1589 633 1618 658; x_wconf 86' lang='lat' dir='ltr'><strong>in</strong></span> <span class='ocrx_word' id='word_1_214' title='bbox 1632 632 1713 658; x_wconf 78' lang='lat' dir='ltr'><strong>atriis</strong></span> <span class='ocrx_word' id='word_1_215' title='bbox 1725 632 1802 657; x_wconf 75' lang='lat' dir='ltr'><strong>dolat</strong></span> 
     </span>
    </p>
   </div>
   <div class='ocr_carea' id='block_1_29' title="bbox 1019 677 1802 706">
    <p class='ocr_par' dir='ltr' id='par_1_29' title="bbox 1019 677 1802 706">
     <span class='ocr_line' id='line_1_29' title="bbox 1019 677 1802 706; baseline -0.003 0"><span class='ocrx_word' id='word_1_216' title='bbox 1019 679 1066 706; x_wconf 91' lang='lat' dir='ltr'><strong>Dei</strong></span> <span class='ocrx_word' id='word_1_217' title='bbox 1090 680 1186 706; x_wconf 78' lang='lat' dir='ltr'><strong>nostri.</strong></span> <span class='ocrx_word' id='word_1_218' title='bbox 1217 678 1246 706; x_wconf 90' lang='lat' dir='ltr'><strong>Si</strong></span> <span class='ocrx_word' id='word_1_219' title='bbox 1259 683 1349 706; x_wconf 84' lang='lat' dir='ltr'><strong>autem</strong></span> <span class='ocrx_word' id='word_1_220' title='bbox 1373 682 1400 705; x_wconf 89' lang='lat' dir='ltr'><strong>et</strong></span> <span class='ocrx_word' id='word_1_221' title='bbox 1418 678 1451 705; x_wconf 91' lang='lat' dir='ltr'><strong>de</strong></span> <span class='ocrx_word' id='word_1_222' title='bbox 1470 678 1571 704; x_wconf 82' lang='lat' dir='ltr'><strong>ancilla</strong></span> <span class='ocrx_word' id='word_1_223' title='bbox 1586 677 1677 704; x_wconf 81' lang='lat' dir='ltr'><strong>altera</strong></span> <span class='ocrx_word' id='word_1_224' title='bbox 1688 677 1802 704; x_wconf 63' lang='lat' dir='ltr'><strong>debemus</strong></span> 
     </span>
    </p>
   </div>
   <div class='ocr_carea' id='block_1_30' title="bbox 1016 721 1799 760">
    <p class='ocr_par' dir='ltr' id='par_1_30' title="bbox 1016 721 1799 760">
     <span class='ocr_line' id='line_1_30' title="bbox 1016 721 1799 760; baseline -0.006 -8"><span class='ocrx_word' id='word_1_225' title='bbox 1016 725 1116 760; x_wconf 83' lang='lat' dir='ltr'><strong>aliquid</strong></span> <span class='ocrx_word' id='word_1_226' title='bbox 1132 723 1232 756; x_wconf 89' lang='lat' dir='ltr'><strong>dicere,</strong></span> <span class='ocrx_word' id='word_1_227' title='bbox 1246 723 1368 750; x_wconf 83' lang='lat' dir='ltr'><strong>utetiam</strong></span> <span class='ocrx_word' id='word_1_228' title='bbox 1384 723 1419 750; x_wconf 88' lang='lat' dir='ltr'><strong>ab</strong></span> <span class='ocrx_word' id='word_1_229' title='bbox 1430 723 1476 750; x_wconf 86' lang='lat' dir='ltr'><strong>illa</strong></span> <span class='ocrx_word' id='word_1_230' title='bbox 1489 722 1672 753; x_wconf 81' lang='lat' dir='ltr'><strong>recedamus,</strong></span> <span class='ocrx_word' id='word_1_231' title='bbox 1687 721 1799 756; x_wconf 24' lang='lat' dir='ltr'><strong>intelligat</strong></span> 
     </span>
    </p>
   </div>
   <div class='ocr_carea' id='block_1_31' title="bbox 1015 767 1804 806">
    <p class='ocr_par' dir='ltr' id='par_1_31' title="bbox 1015 767 1804 806">
     <span class='ocr_line' id='line_1_31' title="bbox 1015 767 1804 806; baseline -0.006 -8"><span class='ocrx_word' id='word_1_232' title='bbox 1015 779 1077 798; x_wconf 87' lang='lat' dir='ltr'><strong>mus</strong></span> <span class='ocrx_word' id='word_1_233' title='bbox 1099 771 1172 806; x_wconf 91' lang='lat' dir='ltr'><strong>quod</strong></span> <span class='ocrx_word' id='word_1_234' title='bbox 1197 770 1329 805; x_wconf 88' lang='lat' dir='ltr'><strong>scriptum</strong></span> <span class='ocrx_word' id='word_1_235' title='bbox 1344 773 1387 796; x_wconf 88' lang='lat' dir='ltr'><strong>est</strong></span> <span class='ocrx_word' id='word_1_236' title='bbox 1398 769 1420 785; x_wconf 80' lang='grc'><strong>⁸¹</strong></span> <span class='ocrx_word' id='word_1_237' title='bbox 1437 778 1444 796; x_wconf 85' lang='grc'>;</span> <span class='ocrx_word' id='word_1_238' title='bbox 1465 768 1543 795; x_wconf 74' lang='lat' dir='ltr'><strong>Sicut</strong></span> <span class='ocrx_word' id='word_1_239' title='bbox 1567 769 1643 795; x_wconf 78' lang='lat' dir='ltr'><strong>oculi</strong></span> <span class='ocrx_word' id='word_1_240' title='bbox 1663 767 1767 794; x_wconf 76' lang='lat' dir='ltr'><strong>ancilla:</strong></span> <span class='ocrx_word' id='word_1_241' title='bbox 1783 767 1804 793; x_wconf 77' lang='lat' dir='ltr'><strong>ia</strong></span> 
     </span>
    </p>
   </div>
   <div class='ocr_carea' id='block_1_32' title="bbox 1016 813 1803 852">
    <p class='ocr_par' dir='ltr' id='par_1_32' title="bbox 1016 813 1803 852">
     <span class='ocr_line' id='line_1_32' title="bbox 1016 813 1803 852; baseline -0.006 -8"><span class='ocrx_word' id='word_1_242' title='bbox 1016 818 1139 844; x_wconf 74' lang='lat' dir='ltr'><strong>inanibus</strong></span> <span class='ocrx_word' id='word_1_243' title='bbox 1152 817 1269 843; x_wconf 67' lang='lat' dir='ltr'><strong>dominia</strong></span> <span class='ocrx_word' id='word_1_244' title='bbox 1282 823 1355 847; x_wconf 69' lang='lat' dir='ltr'><strong>suae,</strong></span> <span class='ocrx_word' id='word_1_245' title='bbox 1378 815 1417 841; x_wconf 87' lang='lat' dir='ltr'><strong>ita</strong></span> <span class='ocrx_word' id='word_1_246' title='bbox 1430 814 1504 852; x_wconf 71' lang='lat' dir='ltr'><strong>oculi</strong></span> <span class='ocrx_word' id='word_1_247' title='bbox 1522 815 1612 841; x_wconf 88' lang='lat' dir='ltr'><strong>nostri</strong></span> <span class='ocrx_word' id='word_1_248' title='bbox 1628 814 1665 839; x_wconf 90' lang='lat' dir='ltr'><strong>ad</strong></span> <span class='ocrx_word' id='word_1_249' title='bbox 1678 813 1803 840; x_wconf 74' lang='lat' dir='ltr'><strong>Dominis</strong></span> 
     </span>
    </p>
   </div>
   <div class='ocr_carea' id='block_1_33' title="bbox 170 857 1803 895">
    <p class='ocr_par' dir='ltr' id='par_1_33' title="bbox 170 857 1803 895">
     <span class='ocr_line' id='line_1_33' title="bbox 170 857 1803 895; baseline 0 -11"><span class='ocrx_word' id='word_1_250' title='bbox 170 859 235 891; x_wconf 87' lang='lat' dir='ltr'><strong>rint,</strong></span> <span class='ocrx_word' id='word_1_251' title='bbox 253 862 278 885; x_wconf 76' lang='lat' dir='ltr'><strong>et</strong></span> <span class='ocrx_word' id='word_1_252' title='bbox 292 858 447 892; x_wconf 75' lang='lat' dir='ltr'><strong>sanguinem</strong></span> <span class='ocrx_word' id='word_1_253' title='bbox 471 857 621 884; x_wconf 78' lang='lat' dir='ltr'><strong>testamenti</strong></span> <span class='ocrx_word' id='word_1_254' title='bbox 644 865 806 884; x_wconf 74' lang='lat' dir='ltr'><strong>commonent</strong></span> <span class='ocrx_word' id='word_1_255' title='bbox 823 858 960 885; x_wconf 68' lang='lat' dir='ltr'><strong>existima-</strong></span> <span class='ocrx_word' id='word_1_256' title='bbox 979 860 998 887; x_wconf 86' lang='grc' dir='ltr'>Β</span> <span class='ocrx_word' id='word_1_257' title='bbox 1014 863 1098 890; x_wconf 66' lang='lat' dir='ltr'><strong>Deum</strong></span> <span class='ocrx_word' id='word_1_258' title='bbox 1110 867 1231 890; x_wconf 69' lang='grc' dir='ltr'><strong>ηοεινιιηι</strong></span> <span class='ocrx_word' id='word_1_259' title='bbox 1242 882 1249 895; x_wconf 67' lang='grc'>,</span> <span class='ocrx_word' id='word_1_260' title='bbox 1265 863 1347 888; x_wconf 65' lang='lat' dir='ltr'><strong>donec</strong></span> <span class='ocrx_word' id='word_1_261' title='bbox 1362 861 1522 887; x_wconf 79' lang='lat' dir='ltr'><strong>misereatur</strong></span> <span class='ocrx_word' id='word_1_262' title='bbox 1540 861 1642 887; x_wconf 81' lang='lat' dir='ltr'><strong>nostri.</strong></span> <span class='ocrx_word' id='word_1_263' title='bbox 1677 859 1747 886; x_wconf 79' lang='lat' dir='ltr'><strong>Puto</strong></span> <span class='ocrx_word' id='word_1_264' title='bbox 1759 859 1803 894; x_wconf 78' lang='lat' dir='ltr'><strong>pii-</strong></span> 
     </span>
    </p>
   </div>
   <div class='ocr_carea' id='block_1_34' title="bbox 169 902 962 938">
    <p class='ocr_par' dir='ltr' id='par_1_34' title="bbox 169 902 962 938">
     <span class='ocr_line' id='line_1_34' title="bbox 169 902 962 938; baseline -0.001 -7"><span class='ocrx_word' id='word_1_265' title='bbox 169 905 252 931; x_wconf 79' lang='lat' dir='ltr'><strong>rerint</strong></span> <span class='ocrx_word' id='word_1_266' title='bbox 276 905 345 930; x_wconf 89' lang='lat' dir='ltr'><strong>unde</strong></span> <span class='ocrx_word' id='word_1_267' title='bbox 363 904 526 938; x_wconf 73' lang='lat' dir='ltr'><strong>sancti/iuni</strong></span> <span class='ocrx_word' id='word_1_268' title='bbox 538 909 609 935; x_wconf 78' lang='lat' dir='ltr'><strong>sunt,</strong></span> <span class='ocrx_word' id='word_1_269' title='bbox 625 908 649 930; x_wconf 90' lang='lat' dir='ltr'><strong>et</strong></span> <span class='ocrx_word' id='word_1_270' title='bbox 663 902 794 937; x_wconf 85' lang='lat' dir='ltr'><strong>Spiritum</strong></span> <span class='ocrx_word' id='word_1_271' title='bbox 808 905 903 938; x_wconf 64' lang='lat' dir='ltr'><strong>gratia?</strong></span> <span class='ocrx_word' id='word_1_272' title='bbox 918 905 962 931; x_wconf 86' lang='lat' dir='ltr'><strong>in-</strong></span> 
     </span>
    </p>
   </div>
   <div class='ocr_carea' id='block_1_35' title="bbox 165 948 963 985">
    <p class='ocr_par' dir='ltr' id='par_1_35' title="bbox 165 948 963 985">
     <span class='ocr_line' id='line_1_35' title="bbox 165 948 963 985; baseline 0.003 -10"><span class='ocrx_word' id='word_1_273' title='bbox 165 950 328 985; x_wconf 78' lang='lat' dir='ltr'><strong>juriaveriut</strong></span> <span class='ocrx_word' id='word_1_274' title='bbox 345 949 386 976; x_wconf 72' lang='grc'><strong>⁷³2</strong></span> <span class='ocrx_word' id='word_1_275' title='bbox 413 949 538 976; x_wconf 76' lang='lat' dir='ltr'><strong>Nondum</strong></span> <span class='ocrx_word' id='word_1_276' title='bbox 560 949 633 976; x_wconf 89' lang='lat' dir='ltr'><strong>enim</strong></span> <span class='ocrx_word' id='word_1_277' title='bbox 661 948 847 977; x_wconf 86' lang='lat' dir='ltr'><strong>sanetilicatus</strong></span> <span class='ocrx_word' id='word_1_278' title='bbox 874 949 963 978; x_wconf 81' lang='lat' dir='ltr'><strong>fuerat</strong></span> 
     </span>
    </p>
   </div>
   <div class='ocr_carea' id='block_1_36' title="bbox 171 1007 962 1043">
    <p class='ocr_par' dir='ltr' id='par_1_36' title="bbox 171 1007 962 1043">
     <span class='ocr_line' id='line_1_36' title="bbox 171 1007 962 1043; baseline 0.004 -9"><span class='ocrx_word' id='word_1_279' title='bbox 171 1007 267 1035; x_wconf 81' lang='lat' dir='ltr'><strong>l&#39;etrus</strong></span> <span class='ocrx_word' id='word_1_280' title='bbox 286 1008 419 1042; x_wconf 80' lang='lat' dir='ltr'><strong>sanguine</strong></span> <span class='ocrx_word' id='word_1_281' title='bbox 431 1007 535 1034; x_wconf 81' lang='lat' dir='ltr'><strong>Christi</strong></span> <span class='ocrx_word' id='word_1_282' title='bbox 548 1007 594 1043; x_wconf 86' lang='lat' dir='ltr'><strong>qui</strong></span> <span class='ocrx_word' id='word_1_283' title='bbox 611 1008 700 1036; x_wconf 82' lang='lat' dir='ltr'><strong>fuerat</strong></span> <span class='ocrx_word' id='word_1_284' title='bbox 715 1007 828 1042; x_wconf 70' lang='lat' dir='ltr'><strong>sanguis</strong></span> <span class='ocrx_word' id='word_1_285' title='bbox 845 1010 905 1036; x_wconf 73' lang='lat' dir='ltr'><strong>novi</strong></span> <span class='ocrx_word' id='word_1_286' title='bbox 921 1014 962 1036; x_wconf 84' lang='lat' dir='ltr'><strong>te-</strong></span> 
     </span>
    </p>
   </div>
   <div class='ocr_carea' id='block_1_37' title="bbox 170 1051 961 1088">
    <p class='ocr_par' dir='ltr' id='par_1_37' title="bbox 170 1051 961 1088">
     <span class='ocr_line' id='line_1_37' title="bbox 170 1051 961 1088; baseline 0.004 -11"><span class='ocrx_word' id='word_1_287' title='bbox 170 1052 311 1084; x_wconf 86' lang='lat' dir='ltr'><strong>stamenti,</strong></span> <span class='ocrx_word' id='word_1_288' title='bbox 337 1059 385 1078; x_wconf 83' lang='lat' dir='ltr'><strong>nec</strong></span> <span class='ocrx_word' id='word_1_289' title='bbox 409 1051 549 1086; x_wconf 82' lang='lat' dir='ltr'><strong>injuriavit</strong></span> <span class='ocrx_word' id='word_1_290' title='bbox 574 1052 708 1087; x_wconf 80' lang='lat' dir='ltr'><strong>Spiritum</strong></span> <span class='ocrx_word' id='word_1_291' title='bbox 733 1053 828 1085; x_wconf 69' lang='lat' dir='ltr'><strong>gratiae</strong></span> <span class='ocrx_word' id='word_1_292' title='bbox 847 1062 928 1088; x_wconf 83' lang='lat' dir='ltr'><strong>quem</strong></span> <span class='ocrx_word' id='word_1_293' title='bbox 945 1060 961 1080; x_wconf 71' lang='grc' dir='ltr'>τι</span> 
     </span>
    </p>
   </div>
   <div class='ocr_carea' id='block_1_38' title="bbox 170 1096 961 1133">
    <p class='ocr_par' dir='ltr' id='par_1_38' title="bbox 170 1096 961 1133">
     <span class='ocr_line' id='line_1_38' title="bbox 170 1096 961 1133; baseline 0.004 -10"><span class='ocrx_word' id='word_1_294' title='bbox 170 1096 303 1131; x_wconf 87' lang='lat' dir='ltr'><strong>principio</strong></span> <span class='ocrx_word' id='word_1_295' title='bbox 331 1104 380 1124; x_wconf 86' lang='lat' dir='ltr'><strong>nec</strong></span> <span class='ocrx_word' id='word_1_296' title='bbox 402 1101 562 1132; x_wconf 82' lang='lat' dir='ltr'><strong>acceperat,</strong></span> <span class='ocrx_word' id='word_1_297' title='bbox 585 1098 717 1133; x_wconf 85' lang='lat' dir='ltr'><strong>quoniam</strong></span> <span class='ocrx_word' id='word_1_298' title='bbox 738 1096 819 1126; x_wconf 81' lang='lat' dir='ltr'><strong>Jesus</strong></span> <span class='ocrx_word' id='word_1_299' title='bbox 841 1099 961 1126; x_wconf 91' lang='lat' dir='ltr'><strong>nondum</strong></span> 
     </span>
    </p>
   </div>
   <div class='ocr_carea' id='block_1_39' title="bbox 170 1143 959 1180">
    <p class='ocr_par' dir='ltr' id='par_1_39' title="bbox 170 1143 959 1180">
     <span class='ocr_line' id='line_1_39' title="bbox 170 1143 959 1180; baseline 0.003 -11"><span class='ocrx_word' id='word_1_300' title='bbox 170 1143 259 1169; x_wconf 75' lang='lat' dir='ltr'><strong>fuerat</strong></span> <span class='ocrx_word' id='word_1_301' title='bbox 277 1143 473 1171; x_wconf 86' lang='lat' dir='ltr'><strong>honorilicatus</strong></span> <span class='ocrx_word' id='word_1_302' title='bbox 489 1144 523 1176; x_wconf 86' lang='grc'><strong>⁷³,</strong></span> <span class='ocrx_word' id='word_1_303' title='bbox 549 1152 598 1171; x_wconf 88' lang='lat' dir='ltr'><strong>nec</strong></span> <span class='ocrx_word' id='word_1_304' title='bbox 613 1150 672 1172; x_wconf 86' lang='lat' dir='ltr'><strong>erat</strong></span> <span class='ocrx_word' id='word_1_305' title='bbox 687 1145 714 1171; x_wconf 94' lang='lat' dir='ltr'><strong>in</strong></span> <span class='ocrx_word' id='word_1_306' title='bbox 730 1145 886 1173; x_wconf 90' lang='lat' dir='ltr'><strong>hominibus</strong></span> <span class='ocrx_word' id='word_1_307' title='bbox 901 1146 959 1180; x_wconf 82' lang='lat' dir='ltr'><strong>Spi-</strong></span> 
     </span>
    </p>
   </div>
   <div class='ocr_carea' id='block_1_40' title="bbox 170 1187 962 1224">
    <p class='ocr_par' dir='ltr' id='par_1_40' title="bbox 170 1187 962 1224">
     <span class='ocr_line' id='line_1_40' title="bbox 170 1187 962 1224; baseline 0.001 -10"><span class='ocrx_word' id='word_1_308' title='bbox 170 1188 239 1215; x_wconf 88' lang='lat' dir='ltr'><strong>ritus</strong></span> <span class='ocrx_word' id='word_1_309' title='bbox 251 1193 373 1215; x_wconf 82' lang='lat' dir='ltr'><strong>sanctus.</strong></span> <span class='ocrx_word' id='word_1_310' title='bbox 397 1187 424 1214; x_wconf 89' lang='lat' dir='ltr'><strong>Si</strong></span> <span class='ocrx_word' id='word_1_311' title='bbox 442 1193 532 1215; x_wconf 84' lang='lat' dir='ltr'><strong>autem</strong></span> <span class='ocrx_word' id='word_1_312' title='bbox 547 1189 573 1215; x_wconf 93' lang='lat' dir='ltr'><strong>in</strong></span> <span class='ocrx_word' id='word_1_313' title='bbox 590 1189 671 1215; x_wconf 82' lang='lat' dir='ltr'><strong>nobis</strong></span> <span class='ocrx_word' id='word_1_314' title='bbox 687 1189 738 1216; x_wconf 90' lang='lat' dir='ltr'><strong>hoc</strong></span> <span class='ocrx_word' id='word_1_315' title='bbox 754 1189 865 1224; x_wconf 89' lang='lat' dir='ltr'><strong>impium</strong></span> <span class='ocrx_word' id='word_1_316' title='bbox 882 1189 962 1217; x_wconf 70' lang='grc' dir='ltr'>[ιιυιίι</span> 
     </span>
    </p>
   </div>
   <div class='ocr_carea' id='block_1_41' title="bbox 171 1234 962 1269">
    <p class='ocr_par' dir='ltr' id='par_1_41' title="bbox 171 1234 962 1269">
     <span class='ocr_line' id='line_1_41' title="bbox 171 1234 962 1269; baseline 0.003 -9"><span class='ocrx_word' id='word_1_317' title='bbox 171 1234 270 1261; x_wconf 82' lang='lat' dir='ltr'><strong>factum</strong></span> <span class='ocrx_word' id='word_1_318' title='bbox 296 1234 483 1269; x_wconf 81' lang='lat' dir='ltr'><strong>denegationis</strong></span> <span class='ocrx_word' id='word_1_319' title='bbox 501 1241 659 1269; x_wconf 86' lang='lat' dir='ltr'><strong>peccatum,</strong></span> <span class='ocrx_word' id='word_1_320' title='bbox 678 1235 770 1262; x_wconf 85' lang='lat' dir='ltr'><strong>omnia</strong></span> <span class='ocrx_word' id='word_1_321' title='bbox 792 1235 848 1261; x_wconf 72' lang='lat' dir='ltr'><strong>haec</strong></span> <span class='ocrx_word' id='word_1_322' title='bbox 871 1235 962 1262; x_wconf 78' lang='lat' dir='ltr'><strong>tilCCl‘e</strong></span> 
     </span>
    </p>
   </div>
   <div class='ocr_carea' id='block_1_42' title="bbox 171 1279 962 1315">
    <p class='ocr_par' dir='ltr' id='par_1_42' title="bbox 171 1279 962 1315">
     <span class='ocr_line' id='line_1_42' title="bbox 171 1279 962 1315; baseline 0.001 -9"><span class='ocrx_word' id='word_1_323' title='bbox 171 1279 308 1311; x_wconf 80' lang='lat' dir='ltr'><strong>Convenit,</strong></span> <span class='ocrx_word' id='word_1_324' title='bbox 334 1280 464 1314; x_wconf 91' lang='lat' dir='ltr'><strong>quoniam</strong></span> <span class='ocrx_word' id='word_1_325' title='bbox 481 1286 507 1307; x_wconf 89' lang='lat' dir='ltr'><strong>et</strong></span> <span class='ocrx_word' id='word_1_326' title='bbox 523 1281 548 1306; x_wconf 92' lang='lat' dir='ltr'><strong>in</strong></span> <span class='ocrx_word' id='word_1_327' title='bbox 564 1280 697 1315; x_wconf 76' lang='lat' dir='ltr'><strong>sanguine</strong></span> <span class='ocrx_word' id='word_1_328' title='bbox 719 1281 872 1307; x_wconf 88' lang='lat' dir='ltr'><strong>testamenti</strong></span> <span class='ocrx_word' id='word_1_329' title='bbox 898 1288 962 1307; x_wconf 86' lang='lat' dir='ltr'><strong>san-</strong></span> 
     </span>
    </p>
   </div>
   <div class='ocr_carea' id='block_1_43' title="bbox 169 1324 961 1360">
    <p class='ocr_par' dir='ltr' id='par_1_43' title="bbox 169 1324 961 1360">
     <span class='ocr_line' id='line_1_43' title="bbox 169 1324 961 1360; baseline 0.003 -10"><span class='ocrx_word' id='word_1_330' title='bbox 169 1324 278 1351; x_wconf 86' lang='lat' dir='ltr'><strong>ctilicati</strong></span> <span class='ocrx_word' id='word_1_331' title='bbox 292 1333 389 1352; x_wconf 84' lang='lat' dir='ltr'><strong>sumus</strong></span> <span class='ocrx_word' id='word_1_332' title='bbox 404 1329 431 1352; x_wconf 92' lang='lat' dir='ltr'><strong>et</strong></span> <span class='ocrx_word' id='word_1_333' title='bbox 447 1324 578 1359; x_wconf 88' lang='lat' dir='ltr'><strong>Spiritum</strong></span> <span class='ocrx_word' id='word_1_334' title='bbox 593 1325 686 1360; x_wconf 78' lang='lat' dir='ltr'><strong>gratia:</strong></span> <span class='ocrx_word' id='word_1_335' title='bbox 697 1325 878 1360; x_wconf 85' lang='lat' dir='ltr'><strong>suscepimus.</strong></span> <span class='ocrx_word' id='word_1_336' title='bbox 894 1324 961 1352; x_wconf 84' lang='lat' dir='ltr'><strong>Pro-</strong></span> 
     </span>
    </p>
   </div>
   <div class='ocr_carea' id='block_1_44' title="bbox 169 1371 960 1406">
    <p class='ocr_par' dir='ltr' id='par_1_44' title="bbox 169 1371 960 1406">
     <span class='ocr_line' id='line_1_44' title="bbox 169 1371 960 1406; baseline 0.003 -10"><span class='ocrx_word' id='word_1_337' title='bbox 169 1375 260 1404; x_wconf 77' lang='lat' dir='ltr'><strong>pterea</strong></span> <span class='ocrx_word' id='word_1_338' title='bbox 293 1378 467 1397; x_wconf 85' lang='lat' dir='ltr'><strong>communem</strong></span> <span class='ocrx_word' id='word_1_339' title='bbox 500 1376 596 1405; x_wconf 88' lang='lat' dir='ltr'><strong>putare</strong></span> <span class='ocrx_word' id='word_1_340' title='bbox 620 1371 781 1406; x_wconf 78' lang='lat' dir='ltr'><strong>sanguinem</strong></span> <span class='ocrx_word' id='word_1_341' title='bbox 807 1372 960 1399; x_wconf 85' lang='lat' dir='ltr'><strong>testamenti</strong></span> 
     </span>
    </p>
   </div>
   <div class='ocr_carea' id='block_1_45' title="bbox 169 1416 961 1452">
    <p class='ocr_par' dir='ltr' id='par_1_45' title="bbox 169 1416 961 1452">
     <span class='ocr_line' id='line_1_45' title="bbox 169 1416 961 1452; baseline 0.003 -10"><span class='ocrx_word' id='word_1_342' title='bbox 169 1416 409 1449; x_wconf 79' lang='lat' dir='ltr'><strong>pretiosissimum,</strong></span> <span class='ocrx_word' id='word_1_343' title='bbox 423 1421 451 1443; x_wconf 87' lang='lat' dir='ltr'><strong>et</strong></span> <span class='ocrx_word' id='word_1_344' title='bbox 462 1416 594 1451; x_wconf 85' lang='lat' dir='ltr'><strong>injuriare</strong></span> <span class='ocrx_word' id='word_1_345' title='bbox 608 1416 740 1451; x_wconf 87' lang='lat' dir='ltr'><strong>Spiritum</strong></span> <span class='ocrx_word' id='word_1_346' title='bbox 759 1417 862 1452; x_wconf 64' lang='lat' dir='ltr'><strong>gratiae,</strong></span> <span class='ocrx_word' id='word_1_347' title='bbox 872 1417 961 1444; x_wconf 82' lang='lat' dir='ltr'><strong>omni-</strong></span> 
     </span>
    </p>
   </div>
   <div class='ocr_carea' id='block_1_46' title="bbox 170 1460 961 1494">
    <p class='ocr_par' dir='ltr' id='par_1_46' title="bbox 170 1460 961 1494">
     <span class='ocr_line' id='line_1_46' title="bbox 170 1460 961 1494; baseline 0.004 -8"><span class='ocrx_word' id='word_1_348' title='bbox 170 1460 220 1486; x_wconf 90' lang='lat' dir='ltr'><strong>bus</strong></span> <span class='ocrx_word' id='word_1_349' title='bbox 235 1461 352 1494; x_wconf 87' lang='lat' dir='ltr'><strong>peccatis</strong></span> <span class='ocrx_word' id='word_1_350' title='bbox 369 1461 489 1488; x_wconf 88' lang='lat' dir='ltr'><strong>deterius</strong></span> <span class='ocrx_word' id='word_1_351' title='bbox 503 1466 562 1494; x_wconf 84' lang='lat' dir='ltr'><strong>cst,</strong></span> <span class='ocrx_word' id='word_1_352' title='bbox 583 1462 619 1488; x_wconf 89' lang='lat' dir='ltr'><strong>ita</strong></span> <span class='ocrx_word' id='word_1_353' title='bbox 636 1466 665 1488; x_wconf 88' lang='lat' dir='ltr'><strong>ut</strong></span> <span class='ocrx_word' id='word_1_354' title='bbox 681 1470 731 1489; x_wconf 85' lang='lat' dir='ltr'><strong>nec</strong></span> <span class='ocrx_word' id='word_1_355' title='bbox 747 1462 773 1488; x_wconf 91' lang='lat' dir='ltr'><strong>in</strong></span> <span class='ocrx_word' id='word_1_356' title='bbox 795 1462 846 1489; x_wconf 90' lang='lat' dir='ltr'><strong>hoc</strong></span> <span class='ocrx_word' id='word_1_357' title='bbox 861 1462 961 1489; x_wconf 63' lang='lat' dir='ltr'><strong>saeculo</strong></span> 
     </span>
    </p>
   </div>
   <div class='ocr_carea' id='block_1_47' title="bbox 170 1505 960 1542">
    <p class='ocr_par' dir='ltr' id='par_1_47' title="bbox 170 1505 960 1542">
     <span class='ocr_line' id='line_1_47' title="bbox 170 1505 960 1542; baseline 0.005 -11"><span class='ocrx_word' id='word_1_358' title='bbox 170 1514 219 1532; x_wconf 75' lang='lat' dir='ltr'><strong>nec</strong></span> <span class='ocrx_word' id='word_1_359' title='bbox 241 1506 268 1532; x_wconf 93' lang='lat' dir='ltr'><strong>in</strong></span> <span class='ocrx_word' id='word_1_360' title='bbox 286 1505 378 1533; x_wconf 80' lang='lat' dir='ltr'><strong>futuro</strong></span> <span class='ocrx_word' id='word_1_361' title='bbox 395 1506 585 1534; x_wconf 84' lang='lat' dir='ltr'><strong>remissionem</strong></span> <span class='ocrx_word' id='word_1_362' title='bbox 608 1506 748 1541; x_wconf 88' lang='lat' dir='ltr'><strong>possimus</strong></span> <span class='ocrx_word' id='word_1_363' title='bbox 771 1507 912 1542; x_wconf 87' lang='lat' dir='ltr'><strong>accipere,</strong></span> <span class='ocrx_word' id='word_1_364' title='bbox 937 1508 960 1535; x_wconf 92' lang='lat' dir='ltr'><strong>si</strong></span> 
     </span>
    </p>
   </div>
   <div class='ocr_carea' id='block_1_48' title="bbox 170 1551 960 1588">
    <p class='ocr_par' dir='ltr' id='par_1_48' title="bbox 170 1551 960 1588">
     <span class='ocr_line' id='line_1_48' title="bbox 170 1551 960 1588; baseline 0.004 -11"><span class='ocrx_word' id='word_1_365' title='bbox 170 1552 217 1578; x_wconf 82' lang='lat' dir='ltr'><strong>Dei</strong></span> <span class='ocrx_word' id='word_1_366' title='bbox 242 1551 341 1578; x_wconf 83' lang='lat' dir='ltr'><strong>Filium</strong></span> <span class='ocrx_word' id='word_1_367' title='bbox 366 1552 543 1587; x_wconf 76' lang='lat' dir='ltr'><strong>denegenius.</strong></span> <span class='ocrx_word' id='word_1_368' title='bbox 571 1552 706 1585; x_wconf 84' lang='lat' dir='ltr'><strong>Quoniam</strong></span> <span class='ocrx_word' id='word_1_369' title='bbox 729 1560 794 1588; x_wconf 77' lang='lat' dir='ltr'><strong>ergo</strong></span> <span class='ocrx_word' id='word_1_370' title='bbox 817 1554 896 1581; x_wconf 89' lang='lat' dir='ltr'><strong>nobis</strong></span> <span class='ocrx_word' id='word_1_371' title='bbox 908 1561 960 1580; x_wconf 68' lang='grc' dir='ltr'><strong>ποτε</strong></span> 
     </span>
    </p>
   </div>
   <div class='ocr_carea' id='block_1_49' title="bbox 167 1606 959 1641">
    <p class='ocr_par' dir='ltr' id='par_1_49' title="bbox 167 1606 959 1641">
     <span class='ocr_line' id='line_1_49' title="bbox 167 1606 959 1641; baseline 0.001 -9"><span class='ocrx_word' id='word_1_372' title='bbox 167 1607 296 1641; x_wconf 80' lang='lat' dir='ltr'><strong>promovit</strong></span> <span class='ocrx_word' id='word_1_373' title='bbox 308 1627 314 1639; x_wconf 93' lang='lat'><strong>,</strong></span> <span class='ocrx_word' id='word_1_374' title='bbox 331 1607 386 1633; x_wconf 83' lang='lat' dir='ltr'><strong>dies</strong></span> <span class='ocrx_word' id='word_1_375' title='bbox 404 1614 490 1633; x_wconf 79' lang='lat' dir='ltr'><strong>autem</strong></span> <span class='ocrx_word' id='word_1_376' title='bbox 509 1606 727 1641; x_wconf 78' lang='lat' dir='ltr'><strong>appropinquavit</strong></span> <span class='ocrx_word' id='word_1_377' title='bbox 742 1606 784 1639; x_wconf 59' lang='grc' dir='ltr'><strong>π,</strong></span> <span class='ocrx_word' id='word_1_378' title='bbox 810 1610 836 1634; x_wconf 89' lang='lat' dir='ltr'><strong>et</strong></span> <span class='ocrx_word' id='word_1_379' title='bbox 851 1606 959 1641; x_wconf 74' lang='lat' dir='ltr'><strong>signum</strong></span> 
     </span>
    </p>
   </div>
   <div class='ocr_carea' id='block_1_50' title="bbox 168 1652 959 1688">
    <p class='ocr_par' dir='ltr' id='par_1_50' title="bbox 168 1652 959 1688">
     <span class='ocr_line' id='line_1_50' title="bbox 168 1652 959 1688; baseline 0.001 -9"><span class='ocrx_word' id='word_1_380' title='bbox 168 1653 221 1679; x_wconf 91' lang='lat' dir='ltr'><strong>diei</strong></span> <span class='ocrx_word' id='word_1_381' title='bbox 238 1652 300 1687; x_wconf 79' lang='lat' dir='ltr'><strong>galli</strong></span> <span class='ocrx_word' id='word_1_382' title='bbox 314 1657 411 1680; x_wconf 86' lang='lat' dir='ltr'><strong>cantus</strong></span> <span class='ocrx_word' id='word_1_383' title='bbox 427 1653 548 1679; x_wconf 82' lang='lat' dir='ltr'><strong>insonuit</strong></span> <span class='ocrx_word' id='word_1_384' title='bbox 561 1652 650 1684; x_wconf 82' lang='lat' dir='ltr'><strong>nobis,</strong></span> <span class='ocrx_word' id='word_1_385' title='bbox 665 1657 808 1687; x_wconf 85' lang='lat' dir='ltr'><strong>propterea</strong></span> <span class='ocrx_word' id='word_1_386' title='bbox 825 1660 912 1688; x_wconf 82' lang='lat' dir='ltr'><strong>usque</strong></span> <span class='ocrx_word' id='word_1_387' title='bbox 925 1652 959 1680; x_wconf 85' lang='lat' dir='ltr'><strong>ad</strong></span> 
     </span>
    </p>
   </div>
   <div class='ocr_carea' id='block_1_51' title="bbox 168 1698 960 1732">
    <p class='ocr_par' dir='ltr' id='par_1_51' title="bbox 168 1698 960 1732">
     <span class='ocr_line' id='line_1_51' title="bbox 168 1698 960 1732; baseline 0.001 -8"><span class='ocrx_word' id='word_1_388' title='bbox 168 1698 329 1732; x_wconf 75' lang='lat' dir='ltr'><strong>sanguinem</strong></span> <span class='ocrx_word' id='word_1_389' title='bbox 354 1701 457 1724; x_wconf 85' lang='lat' dir='ltr'><strong>stemus</strong></span> <span class='ocrx_word' id='word_1_390' title='bbox 481 1702 575 1724; x_wconf 82' lang='lat' dir='ltr'><strong>contra</strong></span> <span class='ocrx_word' id='word_1_391' title='bbox 593 1703 734 1732; x_wconf 84' lang='lat' dir='ltr'><strong>peccatum</strong></span> <span class='ocrx_word' id='word_1_392' title='bbox 755 1702 909 1729; x_wconf 85' lang='lat' dir='ltr'><strong>certantes,</strong></span> <span class='ocrx_word' id='word_1_393' title='bbox 933 1702 960 1725; x_wconf 89' lang='lat' dir='ltr'><strong>et.</strong></span> 
     </span>
    </p>
   </div>
   <div class='ocr_carea' id='block_1_52' title="bbox 169 1743 958 1778">
    <p class='ocr_par' dir='ltr' id='par_1_52' title="bbox 169 1743 958 1778">
     <span class='ocr_line' id='line_1_52' title="bbox 169 1743 958 1778; baseline 0.001 -9"><span class='ocrx_word' id='word_1_394' title='bbox 169 1748 279 1778; x_wconf 70' lang='lat' dir='ltr'><strong>propter</strong></span> <span class='ocrx_word' id='word_1_395' title='bbox 308 1743 469 1770; x_wconf 82' lang='lat' dir='ltr'><strong>charitatem</strong></span> <span class='ocrx_word' id='word_1_396' title='bbox 500 1750 642 1777; x_wconf 89' lang='lat' dir='ltr'><strong>nunquam</strong></span> <span class='ocrx_word' id='word_1_397' title='bbox 668 1743 838 1770; x_wconf 81' lang='lat' dir='ltr'><strong>excidentem</strong></span> <span class='ocrx_word' id='word_1_398' title='bbox 865 1744 958 1771; x_wconf 90' lang='lat' dir='ltr'><strong>omnia</strong></span> 
     </span>
    </p>
   </div>
   <div class='ocr_carea' id='block_1_53' title="bbox 168 1787 959 1824">
    <p class='ocr_par' dir='ltr' id='par_1_53' title="bbox 168 1787 959 1824">
     <span class='ocr_line' id='line_1_53' title="bbox 168 1787 959 1824; baseline 0 -8"><span class='ocrx_word' id='word_1_399' title='bbox 168 1789 344 1820; x_wconf 82' lang='lat' dir='ltr'><strong>sull&#39;eramus,</strong></span> <span class='ocrx_word' id='word_1_400' title='bbox 371 1794 400 1815; x_wconf 92' lang='lat' dir='ltr'><strong>ut</strong></span> <span class='ocrx_word' id='word_1_401' title='bbox 427 1796 488 1815; x_wconf 92' lang='lat' dir='ltr'><strong>cum</strong></span> <span class='ocrx_word' id='word_1_402' title='bbox 514 1787 641 1823; x_wconf 80' lang='lat' dir='ltr'><strong>perfectis</strong></span> <span class='ocrx_word' id='word_1_403' title='bbox 658 1788 685 1815; x_wconf 93' lang='lat' dir='ltr'><strong>in</strong></span> <span class='ocrx_word' id='word_1_404' title='bbox 710 1796 741 1816; x_wconf 88' lang='lat' dir='ltr'><strong>ea</strong></span> <span class='ocrx_word' id='word_1_405' title='bbox 757 1794 959 1824; x_wconf 85' lang='lat' dir='ltr'><strong>consequamur</strong></span> 
     </span>
    </p>
   </div>
   <div class='ocr_carea' id='block_1_54' title="bbox 168 1834 958 1870">
    <p class='ocr_par' dir='ltr' id='par_1_54' title="bbox 168 1834 958 1870">
     <span class='ocr_line' id='line_1_54' title="bbox 168 1834 958 1870; baseline 0 -8"><span class='ocrx_word' id='word_1_406' title='bbox 168 1834 364 1862; x_wconf 70' lang='lat' dir='ltr'><strong>bmreditatem.</strong></span> <span class='ocrx_word' id='word_1_407' title='bbox 395 1834 427 1861; x_wconf 77' lang='lat' dir='ltr'><strong>Et</strong></span> <span class='ocrx_word' id='word_1_408' title='bbox 443 1835 495 1862; x_wconf 91' lang='lat' dir='ltr'><strong>hoc</strong></span> <span class='ocrx_word' id='word_1_409' title='bbox 518 1835 645 1867; x_wconf 88' lang='lat' dir='ltr'><strong>attende,</strong></span> <span class='ocrx_word' id='word_1_410' title='bbox 670 1835 800 1870; x_wconf 86' lang='lat' dir='ltr'><strong>quoniam</strong></span> <span class='ocrx_word' id='word_1_411' title='bbox 818 1841 880 1863; x_wconf 85' lang='lat' dir='ltr'><strong>ante</strong></span> <span class='ocrx_word' id='word_1_412' title='bbox 896 1836 958 1870; x_wconf 83' lang='lat' dir='ltr'><strong>galli</strong></span> 
     </span>
    </p>
   </div>
   <div class='ocr_carea' id='block_1_55' title="bbox 167 1880 959 1916">
    <p class='ocr_par' dir='ltr' id='par_1_55' title="bbox 167 1880 959 1916">
     <span class='ocr_line' id='line_1_55' title="bbox 167 1880 959 1916; baseline -0.001 -7"><span class='ocrx_word' id='word_1_413' title='bbox 167 1886 289 1915; x_wconf 88' lang='lat' dir='ltr'><strong>cantum,</strong></span> <span class='ocrx_word' id='word_1_414' title='bbox 314 1887 340 1909; x_wconf 89' lang='lat' dir='ltr'><strong>et</strong></span> <span class='ocrx_word' id='word_1_415' title='bbox 364 1886 428 1908; x_wconf 86' lang='lat' dir='ltr'><strong>ante</strong></span> <span class='ocrx_word' id='word_1_416' title='bbox 442 1880 574 1916; x_wconf 86' lang='lat' dir='ltr'><strong>Spiritum</strong></span> <span class='ocrx_word' id='word_1_417' title='bbox 600 1886 737 1914; x_wconf 86' lang='lat' dir='ltr'><strong>sanctum,</strong></span> <span class='ocrx_word' id='word_1_418' title='bbox 755 1886 783 1909; x_wconf 89' lang='lat' dir='ltr'><strong>et</strong></span> <span class='ocrx_word' id='word_1_419' title='bbox 796 1882 822 1909; x_wconf 90' lang='lat' dir='ltr'><strong>in</strong></span> <span class='ocrx_word' id='word_1_420' title='bbox 838 1888 959 1916; x_wconf 85' lang='lat' dir='ltr'><strong>tempore</strong></span> 
     </span>
    </p>
   </div>
   <div class='ocr_carea' id='block_1_56' title="bbox 166 1927 956 1963">
    <p class='ocr_par' dir='ltr' id='par_1_56' title="bbox 166 1927 956 1963">
     <span class='ocr_line' id='line_1_56' title="bbox 166 1927 956 1963; baseline 0 -8"><span class='ocrx_word' id='word_1_421' title='bbox 166 1929 255 1955; x_wconf 84' lang='lat' dir='ltr'><strong>noctis</strong></span> <span class='ocrx_word' id='word_1_422' title='bbox 274 1927 543 1962; x_wconf 69' lang='lat' dir='ltr'><strong>profundae,etiamsi</strong></span> <span class='ocrx_word' id='word_1_423' title='bbox 560 1927 717 1962; x_wconf 77' lang='lat' dir='ltr'><strong>frequenter</strong></span> <span class='ocrx_word' id='word_1_424' title='bbox 730 1928 872 1963; x_wconf 71' lang='lat' dir='ltr'><strong>denegavit</strong></span> <span class='ocrx_word' id='word_1_425' title='bbox 883 1929 956 1962; x_wconf 81' lang='lat' dir='ltr'><strong>quis,</strong></span> 
     </span>
    </p>
   </div>
   <div class='ocr_carea' id='block_1_57' title="bbox 165 1973 958 2008">
    <p class='ocr_par' dir='ltr' id='par_1_57' title="bbox 165 1973 958 2008">
     <span class='ocr_line' id='line_1_57' title="bbox 165 1973 958 2008; baseline 0.001 -8"><span class='ocrx_word' id='word_1_426' title='bbox 165 1974 257 2001; x_wconf 84' lang='lat' dir='ltr'><strong>vivere</strong></span> <span class='ocrx_word' id='word_1_427' title='bbox 274 1978 361 2008; x_wconf 29' lang='lat' dir='ltr'><strong>potest</strong></span> <span class='ocrx_word' id='word_1_428' title='bbox 376 1983 383 2000; x_wconf 87' lang='lat'>:</span> <span class='ocrx_word' id='word_1_429' title='bbox 400 1973 472 2008; x_wconf 91' lang='lat' dir='ltr'><strong>quod</strong></span> <span class='ocrx_word' id='word_1_430' title='bbox 488 1973 665 2001; x_wconf 80' lang='lat' dir='ltr'><strong>manifestum</strong></span> <span class='ocrx_word' id='word_1_431' title='bbox 679 1977 720 2000; x_wconf 84' lang='lat' dir='ltr'><strong>est</strong></span> <span class='ocrx_word' id='word_1_432' title='bbox 732 1981 764 2000; x_wconf 72' lang='lat' dir='ltr'><strong>ex</strong></span> <span class='ocrx_word' id='word_1_433' title='bbox 783 1981 816 2000; x_wconf 91' lang='lat' dir='ltr'><strong>eo</strong></span> <span class='ocrx_word' id='word_1_434' title='bbox 831 1974 904 2008; x_wconf 91' lang='lat' dir='ltr'><strong>quod</strong></span> <span class='ocrx_word' id='word_1_435' title='bbox 918 1979 958 2001; x_wconf 84' lang='lat' dir='ltr'><strong>ter</strong></span> 
     </span>
    </p>
   </div>
   <div class='ocr_carea' id='block_1_58' title="bbox 165 2017 958 2053">
    <p class='ocr_par' dir='ltr' id='par_1_58' title="bbox 165 2017 958 2053">
     <span class='ocr_line' id='line_1_58' title="bbox 165 2017 958 2053; baseline 0.001 -8"><span class='ocrx_word' id='word_1_436' title='bbox 165 2018 309 2053; x_wconf 76' lang='lat' dir='ltr'><strong>denegavit</strong></span> <span class='ocrx_word' id='word_1_437' title='bbox 321 2017 428 2045; x_wconf 85' lang='lat' dir='ltr'><strong>Petrus.</strong></span> <span class='ocrx_word' id='word_1_438' title='bbox 459 2017 488 2044; x_wconf 88' lang='lat' dir='ltr'><strong>Si</strong></span> <span class='ocrx_word' id='word_1_439' title='bbox 505 2022 596 2045; x_wconf 86' lang='lat' dir='ltr'><strong>autem</strong></span> <span class='ocrx_word' id='word_1_440' title='bbox 610 2022 671 2052; x_wconf 88' lang='lat' dir='ltr'><strong>post</strong></span> <span class='ocrx_word' id='word_1_441' title='bbox 693 2018 754 2053; x_wconf 78' lang='lat' dir='ltr'><strong>galli</strong></span> <span class='ocrx_word' id='word_1_442' title='bbox 778 2025 900 2052; x_wconf 87' lang='lat' dir='ltr'><strong>cantum,</strong></span> <span class='ocrx_word' id='word_1_443' title='bbox 916 2019 958 2047; x_wconf 75' lang='lat' dir='ltr'><strong>vel</strong></span> 
     </span>
    </p>
   </div>
   <div class='ocr_carea' id='block_1_59' title="bbox 165 2064 959 2100">
    <p class='ocr_par' dir='ltr' id='par_1_59' title="bbox 165 2064 959 2100">
     <span class='ocr_line' id='line_1_59' title="bbox 165 2064 959 2100; baseline 0 -8"><span class='ocrx_word' id='word_1_444' title='bbox 165 2066 251 2092; x_wconf 86' lang='lat' dir='ltr'><strong>semel</strong></span> <span class='ocrx_word' id='word_1_445' title='bbox 266 2065 293 2092; x_wconf 92' lang='lat' dir='ltr'><strong>in</strong></span> <span class='ocrx_word' id='word_1_446' title='bbox 307 2072 471 2100; x_wconf 83' lang='lat' dir='ltr'><strong>quocunque</strong></span> <span class='ocrx_word' id='word_1_447' title='bbox 485 2064 608 2099; x_wconf 86' lang='lat' dir='ltr'><strong>periculo</strong></span> <span class='ocrx_word' id='word_1_448' title='bbox 625 2065 792 2092; x_wconf 89' lang='lat' dir='ltr'><strong>constitutus</strong></span> <span class='ocrx_word' id='word_1_449' title='bbox 816 2065 959 2100; x_wconf 68' lang='lat' dir='ltr'><strong>denegavit</strong></span> 
     </span>
    </p>
   </div>
   <div class='ocr_carea' id='block_1_60' title="bbox 165 2109 956 2145">
    <p class='ocr_par' dir='ltr' id='par_1_60' title="bbox 165 2109 956 2145">
     <span class='ocr_line' id='line_1_60' title="bbox 165 2109 956 2145; baseline 0.003 -10"><span class='ocrx_word' id='word_1_450' title='bbox 165 2110 244 2145; x_wconf 86' lang='lat' dir='ltr'><strong>quis,</strong></span> <span class='ocrx_word' id='word_1_451' title='bbox 263 2109 432 2144; x_wconf 87' lang='lat' dir='ltr'><strong>impossibile</strong></span> <span class='ocrx_word' id='word_1_452' title='bbox 454 2113 495 2136; x_wconf 85' lang='lat' dir='ltr'><strong>est</strong></span> <span class='ocrx_word' id='word_1_453' title='bbox 516 2117 579 2136; x_wconf 89' lang='lat' dir='ltr'><strong>eum</strong></span> <span class='ocrx_word' id='word_1_454' title='bbox 601 2109 727 2136; x_wconf 80' lang='lat' dir='ltr'><strong>renmari</strong></span> <span class='ocrx_word' id='word_1_455' title='bbox 743 2110 770 2136; x_wconf 94' lang='lat' dir='ltr'><strong>in</strong></span> <span class='ocrx_word' id='word_1_456' title='bbox 788 2110 956 2144; x_wconf 61' lang='lat' dir='ltr'><strong>paenitentia,</strong></span> 
     </span>
    </p>
   </div>
   <div class='ocr_carea' id='block_1_61' title="bbox 166 2154 955 2190">
    <p class='ocr_par' dir='ltr' id='par_1_61' title="bbox 166 2154 955 2190">
     <span class='ocr_line' id='line_1_61' title="bbox 166 2154 955 2190; baseline 0 -7"><span class='ocrx_word' id='word_1_457' title='bbox 166 2162 196 2183; x_wconf 91' lang='lat' dir='ltr'><strong>ut</strong></span> <span class='ocrx_word' id='word_1_458' title='bbox 209 2156 306 2183; x_wconf 88' lang='lat' dir='ltr'><strong>iterum</strong></span> <span class='ocrx_word' id='word_1_459' title='bbox 321 2155 462 2190; x_wconf 75' lang='lat' dir='ltr'><strong>crucifigat</strong></span> <span class='ocrx_word' id='word_1_460' title='bbox 475 2155 525 2182; x_wconf 86' lang='lat' dir='ltr'><strong>sibi</strong></span> <span class='ocrx_word' id='word_1_461' title='bbox 546 2154 643 2182; x_wconf 84' lang='lat' dir='ltr'><strong>Filium</strong></span> <span class='ocrx_word' id='word_1_462' title='bbox 661 2155 709 2182; x_wconf 77' lang='lat' dir='ltr'><strong>Dei</strong></span> <span class='ocrx_word' id='word_1_463' title='bbox 726 2155 760 2181; x_wconf 81' lang='lat'><strong>&quot;&#39;.</strong></span> <span class='ocrx_word' id='word_1_464' title='bbox 797 2156 849 2188; x_wconf 87' lang='lat' dir='ltr'><strong>Qui</strong></span> <span class='ocrx_word' id='word_1_465' title='bbox 864 2161 955 2183; x_wconf 83' lang='lat' dir='ltr'><strong>autem</strong></span> 
     </span>
    </p>
   </div>
   <div class='ocr_carea' id='block_1_62' title="bbox 167 2201 994 2243">
    <p class='ocr_par' dir='ltr' id='par_1_62' title="bbox 167 2201 994 2243">
     <span class='ocr_line' id='line_1_62' title="bbox 167 2201 994 2243; baseline 0.001 -15"><span class='ocrx_word' id='word_1_466' title='bbox 167 2203 193 2229; x_wconf 92' lang='lat' dir='ltr'><strong>in</strong></span> <span class='ocrx_word' id='word_1_467' title='bbox 218 2201 372 2236; x_wconf 80' lang='lat' dir='ltr'><strong>liujusmodi</strong></span> <span class='ocrx_word' id='word_1_468' title='bbox 397 2201 586 2236; x_wconf 81' lang='lat' dir='ltr'><strong>denegationis</strong></span> <span class='ocrx_word' id='word_1_469' title='bbox 609 2206 720 2236; x_wconf 83' lang='lat' dir='ltr'><strong>peccato</strong></span> <span class='ocrx_word' id='word_1_470' title='bbox 735 2201 817 2228; x_wconf 78' lang='lat' dir='ltr'><strong>fuerit</strong></span> <span class='ocrx_word' id='word_1_471' title='bbox 831 2209 956 2237; x_wconf 86' lang='lat' dir='ltr'><strong>compre-</strong></span> <span class='ocrx_word' id='word_1_472' title='bbox 972 2216 994 2243; x_wconf 66' lang='grc' dir='ltr'><strong>ι)</strong></span> 
     </span>
    </p>
   </div>
   <div class='ocr_carea' id='block_1_63' title="bbox 166 2246 956 2282">
    <p class='ocr_par' dir='ltr' id='par_1_63' title="bbox 166 2246 956 2282">
     <span class='ocr_line' id='line_1_63' title="bbox 166 2246 956 2282; baseline 0.001 -9"><span class='ocrx_word' id='word_1_473' title='bbox 166 2247 286 2279; x_wconf 83' lang='lat' dir='ltr'><strong>hensus,</strong></span> <span class='ocrx_word' id='word_1_474' title='bbox 316 2247 431 2281; x_wconf 84' lang='lat' dir='ltr'><strong>aspiciat</strong></span> <span class='ocrx_word' id='word_1_475' title='bbox 457 2246 521 2273; x_wconf 88' lang='lat' dir='ltr'><strong>illud</strong></span> <span class='ocrx_word' id='word_1_476' title='bbox 544 2248 614 2281; x_wconf 90' lang='lat' dir='ltr'><strong>quod</strong></span> <span class='ocrx_word' id='word_1_477' title='bbox 635 2247 765 2282; x_wconf 88' lang='lat' dir='ltr'><strong>scriptum</strong></span> <span class='ocrx_word' id='word_1_478' title='bbox 789 2251 832 2275; x_wconf 83' lang='lat' dir='ltr'><strong>est</strong></span> <span class='ocrx_word' id='word_1_479' title='bbox 843 2247 889 2274; x_wconf 81' lang='lat'>&quot;:</span> <span class='ocrx_word' id='word_1_480' title='bbox 912 2247 956 2274; x_wconf 70' lang='lat' dir='ltr'><strong>Vt:</strong></span> 
     </span>
    </p>
   </div>
   <div class='ocr_carea' id='block_1_64' title="bbox 165 2292 953 2328">
    <p class='ocr_par' dir='ltr' id='par_1_64' title="bbox 165 2292 953 2328">
     <span class='ocr_line' id='line_1_64' title="bbox 165 2292 953 2328; baseline 0.003 -10"><span class='ocrx_word' id='word_1_481' title='bbox 165 2292 205 2319; x_wconf 74' lang='lat' dir='ltr'><strong>Itis</strong></span> <span class='ocrx_word' id='word_1_482' title='bbox 223 2293 268 2327; x_wconf 90' lang='lat' dir='ltr'><strong>qui</strong></span> <span class='ocrx_word' id='word_1_483' title='bbox 293 2292 430 2318; x_wconf 83' lang='lat' dir='ltr'><strong>attrahunt</strong></span> <span class='ocrx_word' id='word_1_484' title='bbox 452 2297 559 2327; x_wconf 81' lang='lat' dir='ltr'><strong>peccata</strong></span> <span class='ocrx_word' id='word_1_485' title='bbox 572 2301 621 2319; x_wconf 82' lang='lat' dir='ltr'><strong>sua</strong></span> <span class='ocrx_word' id='word_1_486' title='bbox 637 2293 705 2319; x_wconf 78' lang='lat' dir='ltr'><strong>sicut</strong></span> <span class='ocrx_word' id='word_1_487' title='bbox 726 2293 814 2328; x_wconf 82' lang='lat' dir='ltr'><strong>funem</strong></span> <span class='ocrx_word' id='word_1_488' title='bbox 837 2293 953 2328; x_wconf 79' lang='lat' dir='ltr'><strong>(angunt,</strong></span> 
     </span>
    </p>
   </div>
   <div class='ocr_carea' id='block_1_65' title="bbox 166 2338 953 2374">
    <p class='ocr_par' dir='ltr' id='par_1_65' title="bbox 166 2338 953 2374">
     <span class='ocr_line' id='line_1_65' title="bbox 166 2338 953 2374; baseline 0.003 -10"><span class='ocrx_word' id='word_1_489' title='bbox 166 2343 189 2365; x_wconf 83' lang='lat' dir='ltr'><strong>et</strong></span> <span class='ocrx_word' id='word_1_490' title='bbox 203 2339 270 2365; x_wconf 75' lang='lat' dir='ltr'><strong>sicut</strong></span> <span class='ocrx_word' id='word_1_491' title='bbox 281 2338 437 2373; x_wconf 83' lang='lat' dir='ltr'><strong>jugulorum</strong></span> <span class='ocrx_word' id='word_1_492' title='bbox 453 2339 529 2365; x_wconf 84' lang='lat' dir='ltr'><strong>vituli</strong></span> <span class='ocrx_word' id='word_1_493' title='bbox 552 2339 705 2374; x_wconf 75' lang='lat' dir='ltr'><strong>iniquitates</strong></span> <span class='ocrx_word' id='word_1_494' title='bbox 720 2360 728 2372; x_wconf 85' lang='lat'><strong>,</strong></span> <span class='ocrx_word' id='word_1_495' title='bbox 743 2343 770 2366; x_wconf 87' lang='lat' dir='ltr'><strong>et</strong></span> <span class='ocrx_word' id='word_1_496' title='bbox 788 2347 841 2366; x_wconf 82' lang='lat' dir='ltr'><strong>non</strong></span> <span class='ocrx_word' id='word_1_497' title='bbox 857 2339 930 2366; x_wconf 87' lang='lat' dir='ltr'><strong>dicat</strong></span> <span class='ocrx_word' id='word_1_498' title='bbox 946 2348 953 2366; x_wconf 92' lang='lat'>:</span> 
     </span>
    </p>
   </div>
   <div class='ocr_carea' id='block_1_66' title="bbox 165 2384 955 2420">
    <p class='ocr_par' dir='ltr' id='par_1_66' title="bbox 165 2384 955 2420">
     <span class='ocr_line' id='line_1_66' title="bbox 165 2384 955 2420; baseline 0.001 -10"><span class='ocrx_word' id='word_1_499' title='bbox 165 2384 279 2411; x_wconf 78' lang='lat' dir='ltr'><strong>Peream</strong></span> <span class='ocrx_word' id='word_1_500' title='bbox 304 2389 394 2410; x_wconf 75' lang='lat' dir='ltr'><strong>nostra</strong></span> <span class='ocrx_word' id='word_1_501' title='bbox 409 2385 433 2410; x_wconf 89' lang='lat' dir='ltr'><strong>in</strong></span> <span class='ocrx_word' id='word_1_502' title='bbox 450 2385 524 2411; x_wconf 84' lang='lat' dir='ltr'><strong>nobis</strong></span> <span class='ocrx_word' id='word_1_503' title='bbox 538 2391 598 2411; x_wconf 83' lang='lat' dir='ltr'><strong>sunt</strong></span> <span class='ocrx_word' id='word_1_504' title='bbox 609 2406 616 2418; x_wconf 92' lang='lat'><strong>,</strong></span> <span class='ocrx_word' id='word_1_505' title='bbox 639 2390 662 2412; x_wconf 84' lang='lat' dir='ltr'><strong>et</strong></span> <span class='ocrx_word' id='word_1_506' title='bbox 677 2385 806 2420; x_wconf 84' lang='lat' dir='ltr'><strong>quomodo</strong></span> <span class='ocrx_word' id='word_1_507' title='bbox 818 2385 955 2412; x_wconf 75' lang='lat' dir='ltr'><strong>vivemus?</strong></span> 
     </span>
    </p>
   </div>
   <div class='ocr_carea' id='block_1_67' title="bbox 171 2430 954 2467">
    <p class='ocr_par' dir='ltr' id='par_1_67' title="bbox 171 2430 954 2467">
     <span class='ocr_line' id='line_1_67' title="bbox 171 2430 954 2467; baseline 0.003 -10"><span class='ocrx_word' id='word_1_508' title='bbox 171 2430 243 2464; x_wconf 80' lang='lat' dir='ltr'><strong>Viuo,</strong></span> <span class='ocrx_word' id='word_1_509' title='bbox 261 2431 345 2466; x_wconf 87' lang='lat' dir='ltr'><strong>inquit</strong></span> <span class='ocrx_word' id='word_1_510' title='bbox 361 2431 488 2458; x_wconf 80' lang='lat' dir='ltr'><strong>Dominus</strong></span> <span class='ocrx_word' id='word_1_511' title='bbox 500 2452 507 2464; x_wconf 93' lang='lat'><strong>,</strong></span> <span class='ocrx_word' id='word_1_512' title='bbox 525 2432 648 2467; x_wconf 89' lang='lat' dir='ltr'><strong>quoniam</strong></span> <span class='ocrx_word' id='word_1_513' title='bbox 665 2433 724 2458; x_wconf 89' lang='lat' dir='ltr'><strong>nolo</strong></span> <span class='ocrx_word' id='word_1_514' title='bbox 738 2437 846 2459; x_wconf 88' lang='lat' dir='ltr'><strong>mortem</strong></span> <span class='ocrx_word' id='word_1_515' title='bbox 860 2440 954 2466; x_wconf 80' lang='lat' dir='ltr'><strong>pecca-</strong></span> 
     </span>
    </p>
   </div>
   <div class='ocr_carea' id='block_1_68' title="bbox 165 2474 957 2513">
    <p class='ocr_par' dir='ltr' id='par_1_68' title="bbox 165 2474 957 2513">
     <span class='ocr_line' id='line_1_68' title="bbox 165 2474 957 2513; baseline -0.001 -7"><span class='ocrx_word' id='word_1_516' title='bbox 165 2478 242 2509; x_wconf 80' lang='lat' dir='ltr'><strong>tou’s,</strong></span> <span class='ocrx_word' id='word_1_517' title='bbox 259 2477 303 2504; x_wconf 83' lang='lat' dir='ltr'><strong>sed</strong></span> <span class='ocrx_word' id='word_1_518' title='bbox 318 2474 497 2512; x_wconf 70' lang='lat' dir='ltr'><strong>paenitentiam</strong></span> <span class='ocrx_word' id='word_1_519' title='bbox 511 2478 543 2506; x_wconf 91' lang='grc'><strong>⁷⁷,</strong></span> <span class='ocrx_word' id='word_1_520' title='bbox 565 2478 624 2513; x_wconf 88' lang='lat' dir='ltr'><strong>lpse</strong></span> <span class='ocrx_word' id='word_1_521' title='bbox 645 2483 735 2506; x_wconf 88' lang='lat' dir='ltr'><strong>autem</strong></span> <span class='ocrx_word' id='word_1_522' title='bbox 754 2479 805 2506; x_wconf 88' lang='lat' dir='ltr'><strong>scit</strong></span> <span class='ocrx_word' id='word_1_523' title='bbox 821 2478 891 2506; x_wconf 84' lang='lat' dir='ltr'><strong>Dens</strong></span> <span class='ocrx_word' id='word_1_524' title='bbox 902 2499 909 2511; x_wconf 91' lang='lat'><strong>,</strong></span> <span class='ocrx_word' id='word_1_525' title='bbox 924 2478 957 2505; x_wconf 88' lang='lat' dir='ltr'><strong>de</strong></span> 
     </span>
    </p>
   </div>
   <div class='ocr_carea' id='block_1_69' title="bbox 164 2524 957 2560">
    <p class='ocr_par' dir='ltr' id='par_1_69' title="bbox 164 2524 957 2560">
     <span class='ocr_line' id='line_1_69' title="bbox 164 2524 957 2560; baseline 0.003 -10"><span class='ocrx_word' id='word_1_526' title='bbox 164 2531 219 2559; x_wconf 83' lang='lat' dir='ltr'><strong>quo</strong></span> <span class='ocrx_word' id='word_1_527' title='bbox 234 2524 364 2559; x_wconf 86' lang='lat' dir='ltr'><strong>scriptum</strong></span> <span class='ocrx_word' id='word_1_528' title='bbox 379 2530 417 2551; x_wconf 81' lang='lat' dir='ltr'><strong>est</strong></span> <span class='ocrx_word' id='word_1_529' title='bbox 432 2525 454 2542; x_wconf 79' lang='lat'>&quot;</span> <span class='ocrx_word' id='word_1_530' title='bbox 472 2534 478 2551; x_wconf 92' lang='lat'><strong>:</strong></span> <span class='ocrx_word' id='word_1_531' title='bbox 497 2524 531 2551; x_wconf 85' lang='lat' dir='ltr'><strong>Et</strong></span> <span class='ocrx_word' id='word_1_532' title='bbox 547 2525 603 2560; x_wconf 82' lang='lat' dir='ltr'><strong>ipse</strong></span> <span class='ocrx_word' id='word_1_533' title='bbox 624 2526 728 2559; x_wconf 78' lang='lat' dir='ltr'><strong>sapiens</strong></span> <span class='ocrx_word' id='word_1_534' title='bbox 750 2525 863 2552; x_wconf 75' lang='lat' dir='ltr'><strong>adducet</strong></span> <span class='ocrx_word' id='word_1_535' title='bbox 878 2533 957 2559; x_wconf 81' lang='lat' dir='ltr'><strong>super</strong></span> 
     </span>
    </p>
   </div>
   <div class='ocr_carea' id='block_1_70' title="bbox 162 2570 956 2606">
    <p class='ocr_par' dir='ltr' id='par_1_70' title="bbox 162 2570 956 2606">
     <span class='ocr_line' id='line_1_70' title="bbox 162 2570 956 2606; baseline 0 -9"><span class='ocrx_word' id='word_1_536' title='bbox 162 2578 208 2597; x_wconf 77' lang='lat' dir='ltr'><strong>eos</strong></span> <span class='ocrx_word' id='word_1_537' title='bbox 223 2571 294 2596; x_wconf 90' lang='lat' dir='ltr'><strong>ntala</strong></span> <span class='ocrx_word' id='word_1_538' title='bbox 304 2590 312 2602; x_wconf 93' lang='lat'><strong>,</strong></span> <span class='ocrx_word' id='word_1_539' title='bbox 327 2571 418 2606; x_wconf 86' lang='lat' dir='ltr'><strong>qualia</strong></span> <span class='ocrx_word' id='word_1_540' title='bbox 436 2571 507 2598; x_wconf 82' lang='lat' dir='ltr'><strong>mala</strong></span> <span class='ocrx_word' id='word_1_541' title='bbox 522 2571 638 2598; x_wconf 84' lang='lat' dir='ltr'><strong>adducet</strong></span> <span class='ocrx_word' id='word_1_542' title='bbox 654 2579 736 2606; x_wconf 85' lang='lat' dir='ltr'><strong>super</strong></span> <span class='ocrx_word' id='word_1_543' title='bbox 749 2570 914 2604; x_wconf 61' lang='lat' dir='ltr'><strong>denegante-3</strong></span> <span class='ocrx_word' id='word_1_544' title='bbox 929 2575 956 2598; x_wconf 88' lang='lat' dir='ltr'><strong>ct</strong></span> 
     </span>
    </p>
   </div>
   <div class='ocr_carea' id='block_1_71' title="bbox 165 2617 956 2652">
    <p class='ocr_par' dir='ltr' id='par_1_71' title="bbox 165 2617 956 2652">
     <span class='ocr_line' id='line_1_71' title="bbox 165 2617 956 2652; baseline 0 -10"><span class='ocrx_word' id='word_1_545' title='bbox 165 2623 218 2642; x_wconf 90' lang='lat' dir='ltr'><strong>non</strong></span> <span class='ocrx_word' id='word_1_546' title='bbox 234 2617 417 2651; x_wconf 71' lang='lat' dir='ltr'><strong>pwnitentes,</strong></span> <span class='ocrx_word' id='word_1_547' title='bbox 433 2621 458 2643; x_wconf 79' lang='lat' dir='ltr'><strong>et</strong></span> <span class='ocrx_word' id='word_1_548' title='bbox 472 2617 564 2652; x_wconf 82' lang='lat' dir='ltr'><strong>qualia</strong></span> <span class='ocrx_word' id='word_1_549' title='bbox 580 2625 664 2652; x_wconf 90' lang='lat' dir='ltr'><strong>super</strong></span> <span class='ocrx_word' id='word_1_550' title='bbox 680 2617 846 2651; x_wconf 76' lang='lat' dir='ltr'><strong>deneganles</strong></span> <span class='ocrx_word' id='word_1_551' title='bbox 861 2621 887 2643; x_wconf 88' lang='lat' dir='ltr'><strong>et</strong></span> <span class='ocrx_word' id='word_1_552' title='bbox 898 2623 956 2650; x_wconf 75' lang='lat' dir='ltr'><strong>pm-</strong></span> 
     </span>
    </p>
   </div>
   <div class='ocr_carea' id='block_1_72' title="bbox 164 2662 954 2698">
    <p class='ocr_par' dir='ltr' id='par_1_72' title="bbox 164 2662 954 2698">
     <span class='ocr_line' id='line_1_72' title="bbox 164 2662 954 2698; baseline 0.001 -10"><span class='ocrx_word' id='word_1_553' title='bbox 164 2662 293 2695; x_wconf 75' lang='lat' dir='ltr'><strong>nituntes,</strong></span> <span class='ocrx_word' id='word_1_554' title='bbox 316 2663 405 2697; x_wconf 85' lang='lat' dir='ltr'><strong>qualia</strong></span> <span class='ocrx_word' id='word_1_555' title='bbox 426 2664 495 2691; x_wconf 85' lang='lat' dir='ltr'><strong>bona</strong></span> <span class='ocrx_word' id='word_1_556' title='bbox 519 2671 600 2698; x_wconf 86' lang='lat' dir='ltr'><strong>super</strong></span> <span class='ocrx_word' id='word_1_557' title='bbox 615 2671 662 2691; x_wconf 84' lang='lat' dir='ltr'><strong>eos</strong></span> <span class='ocrx_word' id='word_1_558' title='bbox 680 2663 726 2698; x_wconf 88' lang='lat' dir='ltr'><strong>qui</strong></span> <span class='ocrx_word' id='word_1_559' title='bbox 750 2671 890 2698; x_wconf 88' lang='lat' dir='ltr'><strong>nunquam</strong></span> <span class='ocrx_word' id='word_1_560' title='bbox 907 2663 954 2690; x_wconf 85' lang='lat' dir='ltr'><strong>de-</strong></span> 
     </span>
    </p>
   </div>
   <div class='ocr_carea' id='block_1_73' title="bbox 165 2708 952 2743">
    <p class='ocr_par' dir='ltr' id='par_1_73' title="bbox 165 2708 952 2743">
     <span class='ocr_line' id='line_1_73' title="bbox 165 2708 952 2743; baseline 0.001 -9"><span class='ocrx_word' id='word_1_561' title='bbox 165 2713 343 2742; x_wconf 70' lang='lat' dir='ltr'><strong>negaret-unt,</strong></span> <span class='ocrx_word' id='word_1_562' title='bbox 359 2716 446 2743; x_wconf 81' lang='lat' dir='ltr'><strong>neque</strong></span> <span class='ocrx_word' id='word_1_563' title='bbox 464 2709 545 2736; x_wconf 80' lang='lat' dir='ltr'><strong>verbo</strong></span> <span class='ocrx_word' id='word_1_564' title='bbox 562 2717 655 2737; x_wconf 86' lang='lat' dir='ltr'><strong>coram</strong></span> <span class='ocrx_word' id='word_1_565' title='bbox 670 2708 844 2742; x_wconf 82' lang='lat' dir='ltr'><strong>hominibus,</strong></span> <span class='ocrx_word' id='word_1_566' title='bbox 863 2715 952 2743; x_wconf 86' lang='lat' dir='ltr'><strong>neque</strong></span> 
     </span>
    </p>
   </div>
   <div class='ocr_carea' id='block_1_74' title="bbox 199 2785 810 2819">
    <p class='ocr_par' dir='ltr' id='par_1_74' title="bbox 199 2785 810 2819">
     <span class='ocr_line' id='line_1_74' title="bbox 199 2785 810 2819; baseline 0.003 -9"><span class='ocrx_word' id='word_1_567' title='bbox 199 2786 221 2800; x_wconf 83' lang='lat'>&quot;</span> <span class='ocrx_word' id='word_1_568' title='bbox 243 2785 321 2812; x_wconf 84' lang='lat' dir='ltr'><strong>Rom.</strong></span> <span class='ocrx_word' id='word_1_569' title='bbox 342 2794 402 2819; x_wconf 82' lang='lat' dir='ltr'><strong>xm,</strong></span> <span class='ocrx_word' id='word_1_570' title='bbox 420 2787 463 2818; x_wconf 74' lang='grc'><strong>12,</strong></span> <span class='ocrx_word' id='word_1_571' title='bbox 483 2787 526 2814; x_wconf 80' lang='grc'><strong>15.</strong></span> <span class='ocrx_word' id='word_1_572' title='bbox 579 2787 602 2802; x_wconf 89' lang='grc'><strong>⁷¹</strong></span> <span class='ocrx_word' id='word_1_573' title='bbox 623 2786 708 2814; x_wconf 80' lang='lat' dir='ltr'><strong>Hebr.</strong></span> <span class='ocrx_word' id='word_1_574' title='bbox 724 2795 752 2818; x_wconf 75' lang='grc' dir='ltr'><strong>ῐ,</strong></span> <span class='ocrx_word' id='word_1_575' title='bbox 765 2786 810 2814; x_wconf 73' lang='grc'><strong>29.</strong></span> 
     </span>
    </p>
   </div>
   <div class='ocr_carea' id='block_1_75' title="bbox 165 2820 838 2854">
    <p class='ocr_par' dir='ltr' id='par_1_75' title="bbox 165 2820 838 2854">
     <span class='ocr_line' id='line_1_75' title="bbox 165 2820 838 2854; baseline 0.004 -9"><span class='ocrx_word' id='word_1_576' title='bbox 165 2820 187 2835; x_wconf 69' lang='grc'>’⁸</span> <span class='ocrx_word' id='word_1_577' title='bbox 207 2820 361 2850; x_wconf 76' lang='lat' dir='ltr'><strong>Isa.v,18.</strong></span> <span class='ocrx_word' id='word_1_578' title='bbox 415 2822 437 2837; x_wconf 90' lang='grc'><strong>⁷⁷</strong></span> <span class='ocrx_word' id='word_1_579' title='bbox 459 2822 556 2849; x_wconf 67' lang='lat' dir='ltr'><strong>I&#39;chcb.</strong></span> <span class='ocrx_word' id='word_1_580' title='bbox 583 2830 687 2854; x_wconf 76' lang='lat' dir='ltr'><strong>xxxnt,</strong></span> <span class='ocrx_word' id='word_1_581' title='bbox 717 2822 760 2849; x_wconf 78' lang='grc'><strong>10.</strong></span> <span class='ocrx_word' id='word_1_582' title='bbox 794 2821 838 2849; x_wconf 88' lang='grc'><strong>11.</strong></span> 
     </span>
    </p>
   </div>
   <div class='ocr_carea' id='block_1_76' title="bbox 165 2854 711 2889">
    <p class='ocr_par' dir='ltr' id='par_1_76' title="bbox 165 2854 711 2889">
     <span class='ocr_line' id='line_1_76' title="bbox 165 2854 711 2889; baseline 0.009 -9"><span class='ocrx_word' id='word_1_583' title='bbox 165 2854 185 2869; x_wconf 84' lang='grc'><em>⁸¹</em></span> <span class='ocrx_word' id='word_1_584' title='bbox 205 2854 277 2881; x_wconf 75' lang='lat' dir='ltr'><strong>l&#39;sal.</strong></span> <span class='ocrx_word' id='word_1_585' title='bbox 297 2863 383 2889; x_wconf 71' lang='lat' dir='ltr'><strong>cun,</strong></span> <span class='ocrx_word' id='word_1_586' title='bbox 397 2856 425 2882; x_wconf 80' lang='lat'><strong>‘2.</strong></span> <span class='ocrx_word' id='word_1_587' title='bbox 465 2857 485 2872; x_wconf 82' lang='grc'><strong>⁸·</strong></span> <span class='ocrx_word' id='word_1_588' title='bbox 508 2855 529 2882; x_wconf 95' lang='lat' dir='ltr'><strong>ll</strong></span> <span class='ocrx_word' id='word_1_589' title='bbox 542 2857 605 2885; x_wconf 73' lang='lat' dir='ltr'><strong>Cor.</strong></span> <span class='ocrx_word' id='word_1_590' title='bbox 624 2865 650 2889; x_wconf 80' lang='grc' dir='ltr'><strong>ν,</strong></span> <span class='ocrx_word' id='word_1_591' title='bbox 668 2857 711 2885; x_wconf 77' lang='lat' dir='ltr'><strong>Hi.</strong></span> 
     </span>
    </p>
   </div>
   <div class='ocr_carea' id='block_1_77' title="bbox 865 2785 1112 2818">
    <p class='ocr_par' dir='ltr' id='par_1_77' title="bbox 865 2785 1112 2818">
     <span class='ocr_line' id='line_1_77' title="bbox 865 2785 1112 2818; baseline 0.004 -5"><span class='ocrx_word' id='word_1_592' title='bbox 865 2787 888 2802; x_wconf 86' lang='grc'><strong>⁷³</strong></span> <span class='ocrx_word' id='word_1_593' title='bbox 906 2785 987 2814; x_wconf 77' lang='lat' dir='ltr'><strong>Joan.</strong></span> <span class='ocrx_word' id='word_1_594' title='bbox 1003 2795 1053 2818; x_wconf 78' lang='lat' dir='ltr'><strong>vn,</strong></span> <span class='ocrx_word' id='word_1_595' title='bbox 1067 2787 1112 2814; x_wconf 78' lang='lat'><strong>59.</strong></span> 
     </span>
    </p>
   </div>
   <div class='ocr_carea' id='block_1_78' title="bbox 877 2821 1134 2854">
    <p class='ocr_par' dir='ltr' id='par_1_78' title="bbox 877 2821 1134 2854">
     <span class='ocr_line' id='line_1_78' title="bbox 877 2821 1134 2854; baseline 0.004 -6"><span class='ocrx_word' id='word_1_596' title='bbox 877 2822 900 2837; x_wconf 89' lang='grc'><strong>⁷⁸</strong></span> <span class='ocrx_word' id='word_1_597' title='bbox 919 2821 973 2849; x_wconf 88' lang='lat' dir='ltr'><strong>lsa.</strong></span> <span class='ocrx_word' id='word_1_598' title='bbox 995 2830 1076 2854; x_wconf 73' lang='lat' dir='ltr'><strong>xui,</strong></span> <span class='ocrx_word' id='word_1_599' title='bbox 1106 2822 1134 2849; x_wconf 78' lang='grc'><strong>2.</strong></span> 
     </span>
    </p>
   </div>
   <div class='ocr_carea' id='block_1_79' title="bbox 749 2856 1039 2891">
    <p class='ocr_par' dir='ltr' id='par_1_79' title="bbox 749 2856 1039 2891">
     <span class='ocr_line' id='line_1_79' title="bbox 749 2856 1039 2891; baseline 0 -7"><span class='ocrx_word' id='word_1_600' title='bbox 749 2857 773 2872; x_wconf 86' lang='grc'><strong><em>⁸³</em></strong></span> <span class='ocrx_word' id='word_1_601' title='bbox 792 2856 890 2885; x_wconf 68' lang='lat' dir='ltr'><strong>Hatth.</strong></span> <span class='ocrx_word' id='word_1_602' title='bbox 906 2865 980 2891; x_wconf 71' lang='lat' dir='ltr'><strong>aut,</strong></span> <span class='ocrx_word' id='word_1_603' title='bbox 995 2858 1039 2884; x_wconf 76' lang='grc'><strong>51.</strong></span> 
     </span>
    </p>
   </div>
   <div class='ocr_carea' id='block_1_80' title="bbox 1013 906 1803 942">
    <p class='ocr_par' dir='ltr' id='par_1_80' title="bbox 1013 906 1803 942">
     <span class='ocr_line' id='line_1_80' title="bbox 1013 906 1803 942; baseline -0.006 -6"><span class='ocrx_word' id='word_1_604' title='bbox 1013 917 1084 936; x_wconf 88' lang='lat' dir='ltr'><strong>mam</strong></span> <span class='ocrx_word' id='word_1_605' title='bbox 1101 909 1228 935; x_wconf 88' lang='lat' dir='ltr'><strong>ancillam</strong></span> <span class='ocrx_word' id='word_1_606' title='bbox 1243 907 1355 942; x_wconf 79' lang='lat' dir='ltr'><strong>intelligi</strong></span> <span class='ocrx_word' id='word_1_607' title='bbox 1373 907 1505 941; x_wconf 85' lang='lat' dir='ltr'><strong>principis</strong></span> <span class='ocrx_word' id='word_1_608' title='bbox 1520 906 1673 933; x_wconf 81' lang='lat' dir='ltr'><strong>facientem</strong></span> <span class='ocrx_word' id='word_1_609' title='bbox 1685 906 1803 940; x_wconf 63' lang='lat' dir='ltr'><strong>denegare</strong></span> 
     </span>
    </p>
   </div>
   <div class='ocr_carea' id='block_1_81' title="bbox 1012 950 1802 989">
    <p class='ocr_par' dir='ltr' id='par_1_81' title="bbox 1012 950 1802 989">
     <span class='ocr_line' id='line_1_81' title="bbox 1012 950 1802 989; baseline -0.005 -7"><span class='ocrx_word' id='word_1_610' title='bbox 1012 955 1161 989; x_wconf 84' lang='lat' dir='ltr'><strong>discipulos</strong></span> <span class='ocrx_word' id='word_1_611' title='bbox 1178 953 1292 986; x_wconf 91' lang='lat' dir='ltr'><strong>Christi,</strong></span> <span class='ocrx_word' id='word_1_612' title='bbox 1319 952 1492 989; x_wconf 80' lang='lat' dir='ltr'><strong>Synagogam</strong></span> <span class='ocrx_word' id='word_1_613' title='bbox 1510 959 1574 979; x_wconf 90' lang='lat' dir='ltr'><strong>esse</strong></span> <span class='ocrx_word' id='word_1_614' title='bbox 1596 950 1756 978; x_wconf 65' lang='lat' dir='ltr'><strong>Judzeorum</strong></span> <span class='ocrx_word' id='word_1_615' title='bbox 1770 958 1802 978; x_wconf 77' lang='lat' dir='ltr'><strong>se-</strong></span> 
     </span>
    </p>
   </div>
   <div class='ocr_carea' id='block_1_82' title="bbox 1013 997 1801 1033">
    <p class='ocr_par' dir='ltr' id='par_1_82' title="bbox 1013 997 1801 1033">
     <span class='ocr_line' id='line_1_82' title="bbox 1013 997 1801 1033; baseline -0.005 -6"><span class='ocrx_word' id='word_1_616' title='bbox 1013 1000 1131 1028; x_wconf 85' lang='lat' dir='ltr'><strong>cundum</strong></span> <span class='ocrx_word' id='word_1_617' title='bbox 1147 1007 1274 1031; x_wconf 84' lang='lat' dir='ltr'><strong>carnem,</strong></span> <span class='ocrx_word' id='word_1_618' title='bbox 1300 1000 1346 1033; x_wconf 90' lang='lat' dir='ltr'><strong>qui</strong></span> <span class='ocrx_word' id='word_1_619' title='bbox 1364 999 1502 1033; x_wconf 78' lang='lat' dir='ltr'><strong>denegare</strong></span> <span class='ocrx_word' id='word_1_620' title='bbox 1519 997 1686 1031; x_wconf 77' lang='lat' dir='ltr'><strong>frequenter</strong></span> <span class='ocrx_word' id='word_1_621' title='bbox 1704 1004 1801 1030; x_wconf 75' lang='lat' dir='ltr'><strong>compa-</strong></span> 
     </span>
    </p>
   </div>
   <div class='ocr_carea' id='block_1_83' title="bbox 1012 1043 1803 1077">
    <p class='ocr_par' dir='ltr' id='par_1_83' title="bbox 1012 1043 1803 1077">
     <span class='ocr_line' id='line_1_83' title="bbox 1012 1043 1803 1077; baseline -0.009 -3"><span class='ocrx_word' id='word_1_622' title='bbox 1012 1046 1103 1074; x_wconf 80' lang='lat' dir='ltr'><strong>lerunt</strong></span> <span class='ocrx_word' id='word_1_623' title='bbox 1116 1045 1220 1075; x_wconf 62' lang='lat' dir='ltr'><strong>ﬁdeles.</strong></span> <span class='ocrx_word' id='word_1_624' title='bbox 1253 1045 1408 1072; x_wconf 85' lang='lat' dir='ltr'><strong>Secundam</strong></span> <span class='ocrx_word' id='word_1_625' title='bbox 1424 1049 1518 1070; x_wconf 72' lang='lat' dir='ltr'><strong>autem</strong></span> <span class='ocrx_word' id='word_1_626' title='bbox 1531 1043 1667 1069; x_wconf 73' lang='lat' dir='ltr'><strong>ancillam</strong></span> <span class='ocrx_word' id='word_1_627' title='bbox 1680 1062 1690 1074; x_wconf 80' lang='lat'><strong>,</strong></span> <span class='ocrx_word' id='word_1_628' title='bbox 1704 1049 1803 1077; x_wconf 73' lang='lat' dir='ltr'><strong>congre-</strong></span> 
     </span>
    </p>
   </div>
   <div class='ocr_carea' id='block_1_84' title="bbox 1012 1087 1804 1127">
    <p class='ocr_par' dir='ltr' id='par_1_84' title="bbox 1012 1087 1804 1127">
     <span class='ocr_line' id='line_1_84' title="bbox 1012 1087 1804 1127; baseline -0.006 -9"><span class='ocrx_word' id='word_1_629' title='bbox 1012 1091 1148 1127; x_wconf 82' lang='lat' dir='ltr'><strong>gationem</strong></span> <span class='ocrx_word' id='word_1_630' title='bbox 1175 1090 1307 1125; x_wconf 71' lang='lat' dir='ltr'><strong>gentium,</strong></span> <span class='ocrx_word' id='word_1_631' title='bbox 1331 1089 1377 1124; x_wconf 90' lang='lat' dir='ltr'><strong>qui</strong></span> <span class='ocrx_word' id='word_1_632' title='bbox 1398 1093 1425 1116; x_wconf 88' lang='lat' dir='ltr'><strong>et</strong></span> <span class='ocrx_word' id='word_1_633' title='bbox 1442 1088 1494 1123; x_wconf 85' lang='lat' dir='ltr'><strong>ipsi</strong></span> <span class='ocrx_word' id='word_1_634' title='bbox 1519 1092 1726 1122; x_wconf 63' lang='lat' dir='ltr'><strong>persequentes</strong></span> <span class='ocrx_word' id='word_1_635' title='bbox 1737 1087 1804 1114; x_wconf 72' lang='lat' dir='ltr'><strong>Chri-</strong></span> 
     </span>
    </p>
   </div>
   <div class='ocr_carea' id='block_1_85' title="bbox 1013 1132 1803 1170">
    <p class='ocr_par' dir='ltr' id='par_1_85' title="bbox 1013 1132 1803 1170">
     <span class='ocr_line' id='line_1_85' title="bbox 1013 1132 1803 1170; baseline -0.008 -7"><span class='ocrx_word' id='word_1_636' title='bbox 1013 1137 1117 1164; x_wconf 87' lang='lat' dir='ltr'><strong>stianos</strong></span> <span class='ocrx_word' id='word_1_637' title='bbox 1142 1135 1277 1170; x_wconf 77' lang='lat' dir='ltr'><strong>denegare</strong></span> <span class='ocrx_word' id='word_1_638' title='bbox 1293 1134 1437 1169; x_wconf 75' lang='lat' dir='ltr'><strong>cogebant.</strong></span> <span class='ocrx_word' id='word_1_639' title='bbox 1470 1132 1584 1160; x_wconf 84' lang='lat' dir='ltr'><strong>Tertios</strong></span> <span class='ocrx_word' id='word_1_640' title='bbox 1599 1136 1698 1159; x_wconf 88' lang='lat' dir='ltr'><strong>autem</strong></span> <span class='ocrx_word' id='word_1_641' title='bbox 1715 1136 1803 1158; x_wconf 81' lang='lat' dir='ltr'><strong>stantes</strong></span> 
     </span>
    </p>
   </div>
   <div class='ocr_carea' id='block_1_86' title="bbox 1012 1177 1803 1213">
    <p class='ocr_par' dir='ltr' id='par_1_86' title="bbox 1012 1177 1803 1213">
     <span class='ocr_line' id='line_1_86' title="bbox 1012 1177 1803 1213; baseline -0.008 -5"><span class='ocrx_word' id='word_1_642' title='bbox 1012 1181 1039 1208; x_wconf 91' lang='lat' dir='ltr'><strong>in</strong></span> <span class='ocrx_word' id='word_1_643' title='bbox 1053 1180 1130 1208; x_wconf 84' lang='lat' dir='ltr'><strong>atriis</strong></span> <span class='ocrx_word' id='word_1_644' title='bbox 1140 1199 1148 1213; x_wconf 82' lang='lat'><strong>.</strong></span> <span class='ocrx_word' id='word_1_645' title='bbox 1164 1180 1307 1208; x_wconf 85' lang='lat' dir='ltr'><strong>ministros</strong></span> <span class='ocrx_word' id='word_1_646' title='bbox 1323 1187 1383 1207; x_wconf 87' lang='lat' dir='ltr'><strong>esse</strong></span> <span class='ocrx_word' id='word_1_647' title='bbox 1408 1179 1545 1206; x_wconf 68' lang='lat' dir='ltr'><strong>hicn-sum</strong></span> <span class='ocrx_word' id='word_1_648' title='bbox 1564 1178 1757 1209; x_wconf 74' lang='lat' dir='ltr'><strong>diversarum.</strong></span> <span class='ocrx_word' id='word_1_649' title='bbox 1767 1177 1803 1211; x_wconf 78' lang='lat' dir='ltr'><strong>qui</strong></span> 
     </span>
    </p>
   </div>
   <div class='ocr_carea' id='block_1_87' title="bbox 1011 1222 1803 1261">
    <p class='ocr_par' dir='ltr' id='par_1_87' title="bbox 1011 1222 1803 1261">
     <span class='ocr_line' id='line_1_87' title="bbox 1011 1222 1803 1261; baseline -0.005 -8"><span class='ocrx_word' id='word_1_650' title='bbox 1011 1231 1038 1253; x_wconf 84' lang='lat' dir='ltr'><strong>et</strong></span> <span class='ocrx_word' id='word_1_651' title='bbox 1053 1227 1104 1261; x_wconf 80' lang='lat' dir='ltr'><strong>ipsi</strong></span> <span class='ocrx_word' id='word_1_652' title='bbox 1119 1226 1258 1253; x_wconf 87' lang='lat' dir='ltr'><strong>veritatem</strong></span> <span class='ocrx_word' id='word_1_653' title='bbox 1274 1225 1376 1252; x_wconf 82' lang='lat' dir='ltr'><strong>Christi</strong></span> <span class='ocrx_word' id='word_1_654' title='bbox 1402 1225 1542 1259; x_wconf 75' lang='lat' dir='ltr'><strong>denegare</strong></span> <span class='ocrx_word' id='word_1_655' title='bbox 1569 1224 1754 1259; x_wconf 74' lang='lat' dir='ltr'><strong>compellunt.</strong></span> <span class='ocrx_word' id='word_1_656' title='bbox 1781 1222 1803 1249; x_wconf 80' lang='lat' dir='ltr'><strong>la</strong></span> 
     </span>
    </p>
   </div>
   <div class='ocr_carea' id='block_1_88' title="bbox 1012 1267 1803 1304">
    <p class='ocr_par' dir='ltr' id='par_1_88' title="bbox 1012 1267 1803 1304">
     <span class='ocr_line' id='line_1_88' title="bbox 1012 1267 1803 1304; baseline -0.006 -5"><span class='ocrx_word' id='word_1_657' title='bbox 1012 1277 1092 1300; x_wconf 89' lang='lat' dir='ltr'><strong>nocte</strong></span> <span class='ocrx_word' id='word_1_658' title='bbox 1113 1276 1202 1299; x_wconf 84' lang='lat' dir='ltr'><strong>autent</strong></span> <span class='ocrx_word' id='word_1_659' title='bbox 1227 1278 1282 1298; x_wconf 87' lang='lat' dir='ltr'><strong>non</strong></span> <span class='ocrx_word' id='word_1_660' title='bbox 1307 1271 1395 1298; x_wconf 87' lang='lat' dir='ltr'><strong>solum</strong></span> <span class='ocrx_word' id='word_1_661' title='bbox 1425 1276 1466 1297; x_wconf 84' lang='lat' dir='ltr'><strong>ter</strong></span> <span class='ocrx_word' id='word_1_662' title='bbox 1481 1270 1602 1304; x_wconf 75' lang='lat' dir='ltr'><strong>denegat</strong></span> <span class='ocrx_word' id='word_1_663' title='bbox 1622 1268 1744 1302; x_wconf 76' lang='lat' dir='ltr'><strong>Petrus,</strong></span> <span class='ocrx_word' id='word_1_664' title='bbox 1766 1267 1803 1295; x_wconf 77' lang='lat' dir='ltr'><strong>sed</strong></span> 
     </span>
    </p>
   </div>
   <div class='ocr_carea' id='block_1_89' title="bbox 1011 1314 1804 1352">
    <p class='ocr_par' dir='ltr' id='par_1_89' title="bbox 1011 1314 1804 1352">
     <span class='ocr_line' id='line_1_89' title="bbox 1011 1314 1804 1352; baseline -0.006 -7"><span class='ocrx_word' id='word_1_665' title='bbox 1011 1319 1094 1346; x_wconf 82' lang='lat' dir='ltr'><strong>etiam</strong></span> <span class='ocrx_word' id='word_1_666' title='bbox 1114 1318 1224 1345; x_wconf 78' lang='lat' dir='ltr'><strong>devolat</strong></span> <span class='ocrx_word' id='word_1_667' title='bbox 1238 1317 1357 1352; x_wconf 84' lang='lat' dir='ltr'><strong>seipsum</strong></span> <span class='ocrx_word' id='word_1_668' title='bbox 1372 1322 1399 1344; x_wconf 88' lang='lat' dir='ltr'><strong>et</strong></span> <span class='ocrx_word' id='word_1_669' title='bbox 1411 1316 1487 1350; x_wconf 87' lang='lat' dir='ltr'><strong>jnrat</strong></span> <span class='ocrx_word' id='word_1_670' title='bbox 1504 1336 1512 1347; x_wconf 88' lang='lat'><strong>,</strong></span> <span class='ocrx_word' id='word_1_671' title='bbox 1530 1315 1597 1350; x_wconf 85' lang='lat' dir='ltr'><strong>quia</strong></span> <span class='ocrx_word' id='word_1_672' title='bbox 1617 1315 1715 1342; x_wconf 86' lang='lat' dir='ltr'><strong>nescio</strong></span> <span class='ocrx_word' id='word_1_673' title='bbox 1731 1314 1804 1342; x_wconf 82' lang='lat' dir='ltr'><strong>homi-</strong></span> 
     </span>
    </p>
   </div>
   <div class='ocr_carea' id='block_1_90' title="bbox 1012 1361 1802 1397">
    <p class='ocr_par' dir='ltr' id='par_1_90' title="bbox 1012 1361 1802 1397">
     <span class='ocr_line' id='line_1_90' title="bbox 1012 1361 1802 1397; baseline -0.005 -7"><span class='ocrx_word' id='word_1_674' title='bbox 1012 1371 1085 1391; x_wconf 89' lang='lat' dir='ltr'><strong>nem.</strong></span> <span class='ocrx_word' id='word_1_675' title='bbox 1127 1362 1160 1389; x_wconf 87' lang='lat' dir='ltr'><strong>Et</strong></span> <span class='ocrx_word' id='word_1_676' title='bbox 1183 1361 1294 1397; x_wconf 87' lang='lat' dir='ltr'><strong>quidem</strong></span> <span class='ocrx_word' id='word_1_677' title='bbox 1318 1367 1383 1389; x_wconf 93' lang='lat' dir='ltr'><strong>tunc.</strong></span> <span class='ocrx_word' id='word_1_678' title='bbox 1406 1361 1498 1388; x_wconf 88' lang='lat' dir='ltr'><strong>adhuc</strong></span> <span class='ocrx_word' id='word_1_679' title='bbox 1522 1361 1682 1387; x_wconf 87' lang='lat' dir='ltr'><strong>secundum</strong></span> <span class='ocrx_word' id='word_1_680' title='bbox 1709 1367 1802 1387; x_wconf 80' lang='lat' dir='ltr'><strong>carnem</strong></span> 
     </span>
    </p>
   </div>
   <div class='ocr_carea' id='block_1_91' title="bbox 1012 1404 1803 1441">
    <p class='ocr_par' dir='ltr' id='par_1_91' title="bbox 1012 1404 1803 1441">
     <span class='ocr_line' id='line_1_91' title="bbox 1012 1404 1803 1441; baseline -0.006 -5"><span class='ocrx_word' id='word_1_681' title='bbox 1012 1408 1151 1436; x_wconf 86' lang='lat' dir='ltr'><strong>Christum</strong></span> <span class='ocrx_word' id='word_1_682' title='bbox 1167 1408 1281 1440; x_wconf 83' lang='lat' dir='ltr'><strong>sciebat,</strong></span> <span class='ocrx_word' id='word_1_683' title='bbox 1306 1414 1356 1434; x_wconf 71' lang='lat' dir='ltr'><strong>tm:</strong></span> <span class='ocrx_word' id='word_1_684' title='bbox 1379 1406 1471 1434; x_wconf 85' lang='lat' dir='ltr'><strong>adhuc</strong></span> <span class='ocrx_word' id='word_1_685' title='bbox 1486 1410 1595 1441; x_wconf 83' lang='lat' dir='ltr'><strong>poterat</strong></span> <span class='ocrx_word' id='word_1_686' title='bbox 1610 1406 1706 1433; x_wconf 86' lang='lat' dir='ltr'><strong>dicere</strong></span> <span class='ocrx_word' id='word_1_687' title='bbox 1724 1415 1730 1432; x_wconf 89' lang='lat'>:</span> <span class='ocrx_word' id='word_1_688' title='bbox 1747 1404 1775 1431; x_wconf 84' lang='lat' dir='ltr'><strong>Et</strong></span> <span class='ocrx_word' id='word_1_689' title='bbox 1786 1404 1803 1429; x_wconf 74' lang='lat' dir='ltr'><strong>si</strong></span> 
     </span>
    </p>
   </div>
   <div class='ocr_carea' id='block_1_92' title="bbox 1012 1452 1800 1489">
    <p class='ocr_par' dir='ltr' id='par_1_92' title="bbox 1012 1452 1800 1489">
     <span class='ocr_line' id='line_1_92' title="bbox 1012 1452 1800 1489; baseline -0.005 -8"><span class='ocrx_word' id='word_1_690' title='bbox 1012 1454 1148 1482; x_wconf 68' lang='lat' dir='ltr'><strong>Christum</strong></span> <span class='ocrx_word' id='word_1_691' title='bbox 1163 1454 1307 1489; x_wconf 81' lang='lat' dir='ltr'><strong>aliquando</strong></span> <span class='ocrx_word' id='word_1_692' title='bbox 1329 1453 1472 1480; x_wconf 79' lang='lat' dir='ltr'><strong>secundth</strong></span> <span class='ocrx_word' id='word_1_693' title='bbox 1494 1460 1604 1478; x_wconf 80' lang='lat' dir='ltr'><strong>carnem</strong></span> <span class='ocrx_word' id='word_1_694' title='bbox 1622 1452 1800 1487; x_wconf 69' lang='lat' dir='ltr'><strong>cognorimus,</strong></span> 
     </span>
    </p>
   </div>
   <div class='ocr_carea' id='block_1_93' title="bbox 1012 1497 1802 1534">
    <p class='ocr_par' dir='ltr' id='par_1_93' title="bbox 1012 1497 1802 1534">
     <span class='ocr_line' id='line_1_93' title="bbox 1012 1497 1802 1534; baseline -0.006 -6"><span class='ocrx_word' id='word_1_695' title='bbox 1012 1502 1057 1528; x_wconf 83' lang='lat' dir='ltr'><strong>sed</strong></span> <span class='ocrx_word' id='word_1_696' title='bbox 1081 1508 1150 1528; x_wconf 83' lang='lat' dir='ltr'><strong>nunc</strong></span> <span class='ocrx_word' id='word_1_697' title='bbox 1172 1501 1230 1534; x_wconf 85' lang='lat' dir='ltr'><strong>iant</strong></span> <span class='ocrx_word' id='word_1_698' title='bbox 1254 1508 1304 1526; x_wconf 88' lang='lat' dir='ltr'><strong>non</strong></span> <span class='ocrx_word' id='word_1_699' title='bbox 1330 1499 1515 1534; x_wconf 74' lang='lat' dir='ltr'><strong>cognoscimus</strong></span> <span class='ocrx_word' id='word_1_700' title='bbox 1528 1498 1563 1524; x_wconf 79' lang='grc'><strong>⁸².</strong></span> <span class='ocrx_word' id='word_1_701' title='bbox 1596 1497 1730 1530; x_wconf 78' lang='lat' dir='ltr'><strong>Quandiu</strong></span> <span class='ocrx_word' id='word_1_702' title='bbox 1743 1498 1802 1524; x_wconf 69' lang='lat' dir='ltr'><strong>enim</strong></span> 
     </span>
    </p>
   </div>
   <div class='ocr_carea' id='block_1_94' title="bbox 1012 1542 1803 1582">
    <p class='ocr_par' dir='ltr' id='par_1_94' title="bbox 1012 1542 1803 1582">
     <span class='ocr_line' id='line_1_94' title="bbox 1012 1542 1803 1582; baseline -0.005 -8"><span class='ocrx_word' id='word_1_703' title='bbox 1012 1548 1120 1582; x_wconf 77' lang='lat' dir='ltr'><strong>signum</strong></span> <span class='ocrx_word' id='word_1_704' title='bbox 1137 1546 1190 1574; x_wconf 82' lang='lat' dir='ltr'><strong>diei</strong></span> <span class='ocrx_word' id='word_1_705' title='bbox 1203 1553 1256 1573; x_wconf 89' lang='lat' dir='ltr'><strong>non</strong></span> <span class='ocrx_word' id='word_1_706' title='bbox 1270 1545 1430 1576; x_wconf 70' lang='lat' dir='ltr'><strong>easistebat,</strong></span> <span class='ocrx_word' id='word_1_707' title='bbox 1448 1544 1590 1579; x_wconf 78' lang='lat' dir='ltr'><strong>denegans</strong></span> <span class='ocrx_word' id='word_1_708' title='bbox 1605 1543 1708 1570; x_wconf 77' lang='lat' dir='ltr'><strong>Petrus</strong></span> <span class='ocrx_word' id='word_1_709' title='bbox 1721 1542 1803 1570; x_wconf 76' lang='lat' dir='ltr'><strong>verbo-</strong></span> 
     </span>
    </p>
   </div>
   <div class='ocr_carea' id='block_1_95' title="bbox 1012 1589 1803 1624">
    <p class='ocr_par' dir='ltr' id='par_1_95' title="bbox 1012 1589 1803 1624">
     <span class='ocr_line' id='line_1_95' title="bbox 1012 1589 1803 1624; baseline -0.005 -5"><span class='ocrx_word' id='word_1_710' title='bbox 1012 1600 1073 1620; x_wconf 87' lang='lat' dir='ltr'><strong>rum</strong></span> <span class='ocrx_word' id='word_1_711' title='bbox 1088 1591 1153 1619; x_wconf 77' lang='lat' dir='ltr'><strong>Jcsu</strong></span> <span class='ocrx_word' id='word_1_712' title='bbox 1165 1599 1219 1618; x_wconf 92' lang='lat' dir='ltr'><strong>non</strong></span> <span class='ocrx_word' id='word_1_713' title='bbox 1234 1590 1285 1618; x_wconf 80' lang='lat' dir='ltr'><strong>fuit</strong></span> <span class='ocrx_word' id='word_1_714' title='bbox 1302 1597 1417 1618; x_wconf 83' lang='lat' dir='ltr'><strong>memor.</strong></span> <span class='ocrx_word' id='word_1_715' title='bbox 1446 1589 1600 1624; x_wconf 84' lang='lat' dir='ltr'><strong>Postquam</strong></span> <span class='ocrx_word' id='word_1_716' title='bbox 1622 1595 1716 1616; x_wconf 83' lang='lat' dir='ltr'><strong>autem</strong></span> <span class='ocrx_word' id='word_1_717' title='bbox 1734 1596 1803 1623; x_wconf 72' lang='lat' dir='ltr'><strong>ange-</strong></span> 
     </span>
    </p>
   </div>
   <div class='ocr_carea' id='block_1_96' title="bbox 1011 1635 1802 1669">
    <p class='ocr_par' dir='ltr' id='par_1_96' title="bbox 1011 1635 1802 1669">
     <span class='ocr_line' id='line_1_96' title="bbox 1011 1635 1802 1669; baseline -0.008 -4"><span class='ocrx_word' id='word_1_718' title='bbox 1011 1639 1054 1666; x_wconf 88' lang='lat' dir='ltr'><strong>lus</strong></span> <span class='ocrx_word' id='word_1_719' title='bbox 1073 1637 1121 1665; x_wconf 87' lang='lat' dir='ltr'><strong>Dci</strong></span> <span class='ocrx_word' id='word_1_720' title='bbox 1133 1637 1261 1665; x_wconf 84' lang='lat' dir='ltr'><strong>clamavit</strong></span> <span class='ocrx_word' id='word_1_721' title='bbox 1275 1636 1316 1669; x_wconf 87' lang='lat' dir='ltr'><strong>ei,</strong></span> <span class='ocrx_word' id='word_1_722' title='bbox 1341 1641 1408 1663; x_wconf 85' lang='lat' dir='ltr'><strong>tunc</strong></span> <span class='ocrx_word' id='word_1_723' title='bbox 1430 1636 1594 1663; x_wconf 87' lang='lat' dir='ltr'><strong>recordatus</strong></span> <span class='ocrx_word' id='word_1_724' title='bbox 1609 1640 1654 1662; x_wconf 87' lang='lat' dir='ltr'><strong>cst</strong></span> <span class='ocrx_word' id='word_1_725' title='bbox 1669 1635 1802 1662; x_wconf 77' lang='lat' dir='ltr'><strong>verborum</strong></span> 
     </span>
    </p>
   </div>
   <div class='ocr_carea' id='block_1_97' title="bbox 1010 1681 1804 1716">
    <p class='ocr_par' dir='ltr' id='par_1_97' title="bbox 1010 1681 1804 1716">
     <span class='ocr_line' id='line_1_97' title="bbox 1010 1681 1804 1716; baseline -0.008 -4"><span class='ocrx_word' id='word_1_726' title='bbox 1010 1683 1074 1712; x_wconf 78' lang='lat' dir='ltr'><strong>Jesu</strong></span> <span class='ocrx_word' id='word_1_727' title='bbox 1097 1683 1214 1711; x_wconf 88' lang='lat' dir='ltr'><strong>dicentis</strong></span> <span class='ocrx_word' id='word_1_728' title='bbox 1235 1682 1268 1710; x_wconf 88' lang='lat' dir='ltr'><strong>ad</strong></span> <span class='ocrx_word' id='word_1_729' title='bbox 1284 1690 1312 1709; x_wconf 79' lang='lat' dir='ltr'><strong>se</strong></span> <span class='ocrx_word' id='word_1_730' title='bbox 1330 1691 1336 1708; x_wconf 88' lang='lat'>:</span> <span class='ocrx_word' id='word_1_731' title='bbox 1355 1681 1505 1716; x_wconf 77' lang='lat' dir='ltr'><strong>Antequam</strong></span> <span class='ocrx_word' id='word_1_732' title='bbox 1528 1681 1620 1716; x_wconf 83' lang='lat' dir='ltr'><strong>gallus</strong></span> <span class='ocrx_word' id='word_1_733' title='bbox 1642 1686 1731 1707; x_wconf 81' lang='lat' dir='ltr'><strong>cantet</strong></span> <span class='ocrx_word' id='word_1_734' title='bbox 1744 1701 1751 1712; x_wconf 84' lang='grc'><strong>,</strong></span> <span class='ocrx_word' id='word_1_735' title='bbox 1773 1685 1804 1705; x_wconf 76' lang='lat' dir='ltr'><strong>ter</strong></span> 
     </span>
    </p>
   </div>
   <div class='ocr_carea' id='block_1_98' title="bbox 1011 1727 1803 1766">
    <p class='ocr_par' dir='ltr' id='par_1_98' title="bbox 1011 1727 1803 1766">
     <span class='ocr_line' id='line_1_98' title="bbox 1011 1727 1803 1766; baseline -0.006 -8"><span class='ocrx_word' id='word_1_736' title='bbox 1011 1739 1051 1758; x_wconf 84' lang='lat' dir='ltr'><strong>me</strong></span> <span class='ocrx_word' id='word_1_737' title='bbox 1066 1730 1173 1766; x_wconf 80' lang='lat' dir='ltr'><strong>negabis</strong></span> <span class='ocrx_word' id='word_1_738' title='bbox 1186 1729 1220 1756; x_wconf 83' lang='grc'><strong>⁸³.</strong></span> <span class='ocrx_word' id='word_1_739' title='bbox 1251 1728 1284 1755; x_wconf 87' lang='lat' dir='ltr'><strong>Et</strong></span> <span class='ocrx_word' id='word_1_740' title='bbox 1308 1728 1418 1763; x_wconf 84' lang='lat' dir='ltr'><strong>quando</strong></span> <span class='ocrx_word' id='word_1_741' title='bbox 1444 1727 1610 1755; x_wconf 86' lang='lat' dir='ltr'><strong>recordatus</strong></span> <span class='ocrx_word' id='word_1_742' title='bbox 1637 1733 1680 1755; x_wconf 86' lang='lat' dir='ltr'><strong>est</strong></span> <span class='ocrx_word' id='word_1_743' title='bbox 1703 1727 1803 1754; x_wconf 70' lang='lat' dir='ltr'><strong>verbum</strong></span> 
     </span>
    </p>
   </div>
   <div class='ocr_carea' id='block_1_99' title="bbox 1010 1774 1803 1811">
    <p class='ocr_par' dir='ltr' id='par_1_99' title="bbox 1010 1774 1803 1811">
     <span class='ocr_line' id='line_1_99' title="bbox 1010 1774 1803 1811; baseline -0.008 -6"><span class='ocrx_word' id='word_1_744' title='bbox 1010 1777 1124 1810; x_wconf 79' lang='lat' dir='ltr'><strong>Christi,</strong></span> <span class='ocrx_word' id='word_1_745' title='bbox 1140 1777 1197 1811; x_wconf 86' lang='lat' dir='ltr'><strong>jam</strong></span> <span class='ocrx_word' id='word_1_746' title='bbox 1211 1783 1265 1802; x_wconf 86' lang='lat' dir='ltr'><strong>non</strong></span> <span class='ocrx_word' id='word_1_747' title='bbox 1281 1779 1339 1802; x_wconf 86' lang='lat' dir='ltr'><strong>erat</strong></span> <span class='ocrx_word' id='word_1_748' title='bbox 1355 1775 1382 1800; x_wconf 91' lang='lat' dir='ltr'><strong>in</strong></span> <span class='ocrx_word' id='word_1_749' title='bbox 1397 1774 1468 1801; x_wconf 89' lang='lat' dir='ltr'><strong>atrio</strong></span> <span class='ocrx_word' id='word_1_750' title='bbox 1482 1774 1618 1808; x_wconf 86' lang='lat' dir='ltr'><strong>principis</strong></span> <span class='ocrx_word' id='word_1_751' title='bbox 1627 1774 1803 1805; x_wconf 79' lang='lat' dir='ltr'><strong>sacerdotum,</strong></span> 
     </span>
    </p>
   </div>
   <div class='ocr_carea' id='block_1_100' title="bbox 1010 1817 1804 1858">
    <p class='ocr_par' dir='ltr' id='par_1_100' title="bbox 1010 1817 1804 1858">
     <span class='ocr_line' id='line_1_100' title="bbox 1010 1817 1804 1858; baseline -0.008 -7"><span class='ocrx_word' id='word_1_752' title='bbox 1010 1832 1061 1851; x_wconf 86' lang='lat' dir='ltr'><strong>nec</strong></span> <span class='ocrx_word' id='word_1_753' title='bbox 1080 1824 1158 1858; x_wconf 74' lang='lat' dir='ltr'><strong>juxta</strong></span> <span class='ocrx_word' id='word_1_754' title='bbox 1174 1822 1286 1857; x_wconf 79' lang='lat' dir='ltr'><strong>januam</strong></span> <span class='ocrx_word' id='word_1_755' title='bbox 1308 1820 1385 1855; x_wconf 87' lang='lat' dir='ltr'><strong>cjus,</strong></span> <span class='ocrx_word' id='word_1_756' title='bbox 1409 1820 1456 1847; x_wconf 86' lang='lat' dir='ltr'><strong>sed</strong></span> <span class='ocrx_word' id='word_1_757' title='bbox 1483 1819 1570 1853; x_wconf 81' lang='lat' dir='ltr'><strong>foris;</strong></span> <span class='ocrx_word' id='word_1_758' title='bbox 1591 1819 1718 1854; x_wconf 83' lang='lat' dir='ltr'><strong>alioquin</strong></span> <span class='ocrx_word' id='word_1_759' title='bbox 1733 1817 1804 1854; x_wconf 55' lang='lat'><strong>91‘</strong></span> 
     </span>
    </p>
   </div>
   <div class='ocr_carea' id='block_1_101' title="bbox 1012 1865 1801 1904">
    <p class='ocr_par' dir='ltr' id='par_1_101' title="bbox 1012 1865 1801 1904">
     <span class='ocr_line' id='line_1_101' title="bbox 1012 1865 1801 1904; baseline -0.009 -7"><span class='ocrx_word' id='word_1_760' title='bbox 1012 1877 1185 1904; x_wconf 85' lang='lat' dir='ltr'><strong>nequaquam</strong></span> <span class='ocrx_word' id='word_1_761' title='bbox 1213 1868 1356 1904; x_wconf 77' lang='lat' dir='ltr'><strong>plorasset.</strong></span> <span class='ocrx_word' id='word_1_762' title='bbox 1395 1866 1475 1893; x_wconf 88' lang='lat' dir='ltr'><strong>Sicut</strong></span> <span class='ocrx_word' id='word_1_763' title='bbox 1499 1866 1574 1892; x_wconf 92' lang='lat' dir='ltr'><strong>cnim</strong></span> <span class='ocrx_word' id='word_1_764' title='bbox 1597 1865 1734 1900; x_wconf 84' lang='lat' dir='ltr'><strong>scriptum</strong></span> <span class='ocrx_word' id='word_1_765' title='bbox 1759 1870 1801 1893; x_wconf 71' lang='lat' dir='ltr'><strong>est,</strong></span> 
     </span>
    </p>
   </div>
   <div class='ocr_carea' id='block_1_102' title="bbox 1010 1909 1803 1950">
    <p class='ocr_par' dir='ltr' id='par_1_102' title="bbox 1010 1909 1803 1950">
     <span class='ocr_line' id='line_1_102' title="bbox 1010 1909 1803 1950; baseline -0.01 -8"><span class='ocrx_word' id='word_1_766' title='bbox 1010 1922 1138 1950; x_wconf 82' lang='lat' dir='ltr'><strong>egressus</strong></span> <span class='ocrx_word' id='word_1_767' title='bbox 1156 1913 1242 1946; x_wconf 80' lang='lat' dir='ltr'><strong>foras,</strong></span> <span class='ocrx_word' id='word_1_768' title='bbox 1263 1911 1436 1940; x_wconf 86' lang='lat' dir='ltr'><strong>amarissime</strong></span> <span class='ocrx_word' id='word_1_769' title='bbox 1464 1910 1595 1946; x_wconf 85' lang='lat' dir='ltr'><strong>ploravit.</strong></span> <span class='ocrx_word' id='word_1_770' title='bbox 1629 1909 1703 1944; x_wconf 79' lang='lat' dir='ltr'><strong>Ergo</strong></span> <span class='ocrx_word' id='word_1_771' title='bbox 1728 1915 1753 1936; x_wconf 76' lang='lat' dir='ltr'><strong>et</strong></span> <span class='ocrx_word' id='word_1_772' title='bbox 1772 1916 1803 1934; x_wconf 67' lang='lat' dir='ltr'><strong>se</strong></span> 
     </span>
    </p>
   </div>
   <div class='ocr_carea' id='block_1_103' title="bbox 1009 1954 1802 1992">
    <p class='ocr_par' dir='ltr' id='par_1_103' title="bbox 1009 1954 1802 1992">
     <span class='ocr_line' id='line_1_103' title="bbox 1009 1954 1802 1992; baseline -0.009 -6"><span class='ocrx_word' id='word_1_773' title='bbox 1009 1960 1130 1986; x_wconf 89' lang='lat' dir='ltr'><strong>cundum</strong></span> <span class='ocrx_word' id='word_1_774' title='bbox 1161 1957 1261 1985; x_wconf 84' lang='lat' dir='ltr'><strong>Lucam</strong></span> <span class='ocrx_word' id='word_1_775' title='bbox 1276 1957 1300 1972; x_wconf 72' lang='lat'><strong>&quot;‘</strong></span> <span class='ocrx_word' id='word_1_776' title='bbox 1328 1956 1466 1992; x_wconf 77' lang='lat' dir='ltr'><strong>peccatrix</strong></span> <span class='ocrx_word' id='word_1_777' title='bbox 1493 1955 1596 1982; x_wconf 89' lang='lat' dir='ltr'><strong>mulier</strong></span> <span class='ocrx_word' id='word_1_778' title='bbox 1618 1955 1700 1989; x_wconf 76' lang='lat' dir='ltr'><strong>juxta</strong></span> <span class='ocrx_word' id='word_1_779' title='bbox 1734 1954 1802 1989; x_wconf 57' lang='grc' dir='ltr'><strong>μ’(ιῶ</strong></span> 
     </span>
    </p>
   </div>
   <div class='ocr_carea' id='block_1_104' title="bbox 1009 2000 1801 2039">
    <p class='ocr_par' dir='ltr' id='par_1_104' title="bbox 1009 2000 1801 2039">
     <span class='ocr_line' id='line_1_104' title="bbox 1009 2000 1801 2039; baseline -0.009 -7"><span class='ocrx_word' id='word_1_780' title='bbox 1009 2005 1118 2032; x_wconf 84' lang='lat' dir='ltr'><strong>Domini</strong></span> <span class='ocrx_word' id='word_1_781' title='bbox 1143 2003 1279 2039; x_wconf 64' lang='lat' dir='ltr'><strong>panitens</strong></span> <span class='ocrx_word' id='word_1_782' title='bbox 1309 2002 1402 2034; x_wconf 73' lang='lat' dir='ltr'><strong>ﬂevit,</strong></span> <span class='ocrx_word' id='word_1_783' title='bbox 1429 2006 1456 2029; x_wconf 88' lang='lat' dir='ltr'><strong>et</strong></span> <span class='ocrx_word' id='word_1_784' title='bbox 1483 2001 1530 2028; x_wconf 92' lang='lat' dir='ltr'><strong>hic</strong></span> <span class='ocrx_word' id='word_1_785' title='bbox 1557 2000 1656 2028; x_wconf 84' lang='lat' dir='ltr'><strong>Petrus</strong></span> <span class='ocrx_word' id='word_1_786' title='bbox 1687 2007 1801 2036; x_wconf 74' lang='lat' dir='ltr'><strong>egressus</strong></span> 
     </span>
    </p>
   </div>
   <div class='ocr_carea' id='block_1_105' title="bbox 1008 2045 1801 2085">
    <p class='ocr_par' dir='ltr' id='par_1_105' title="bbox 1008 2045 1801 2085">
     <span class='ocr_line' id='line_1_105' title="bbox 1008 2045 1801 2085; baseline -0.01 -7"><span class='ocrx_word' id='word_1_787' title='bbox 1008 2051 1108 2078; x_wconf 88' lang='lat' dir='ltr'><strong>atrium</strong></span> <span class='ocrx_word' id='word_1_788' title='bbox 1128 2049 1277 2085; x_wconf 83' lang='lat' dir='ltr'><strong>principis,</strong></span> <span class='ocrx_word' id='word_1_789' title='bbox 1297 2048 1329 2075; x_wconf 90' lang='lat' dir='ltr'><strong>ad</strong></span> <span class='ocrx_word' id='word_1_790' title='bbox 1341 2048 1455 2083; x_wconf 85' lang='lat' dir='ltr'><strong>januam</strong></span> <span class='ocrx_word' id='word_1_791' title='bbox 1479 2047 1645 2082; x_wconf 71' lang='lat' dir='ltr'><strong>ejustlorat</strong></span> <span class='ocrx_word' id='word_1_792' title='bbox 1659 2055 1694 2074; x_wconf 79' lang='lat' dir='ltr'><strong>ex</strong></span> <span class='ocrx_word' id='word_1_793' title='bbox 1715 2045 1801 2073; x_wconf 76' lang='lat' dir='ltr'><strong>amari-</strong></span> 
     </span>
    </p>
   </div>
   <div class='ocr_carea' id='block_1_106' title="bbox 1009 2091 1798 2132">
    <p class='ocr_par' dir='ltr' id='par_1_106' title="bbox 1009 2091 1798 2132">
     <span class='ocr_line' id='line_1_106' title="bbox 1009 2091 1798 2132; baseline -0.008 -8"><span class='ocrx_word' id='word_1_794' title='bbox 1009 2097 1102 2124; x_wconf 89' lang='lat' dir='ltr'><strong>tudine</strong></span> <span class='ocrx_word' id='word_1_795' title='bbox 1118 2096 1242 2132; x_wconf 85' lang='lat' dir='ltr'><strong>peccati,</strong></span> <span class='ocrx_word' id='word_1_796' title='bbox 1264 2095 1456 2123; x_wconf 82' lang='lat' dir='ltr'><strong>examarieans</strong></span> <span class='ocrx_word' id='word_1_797' title='bbox 1481 2093 1510 2121; x_wconf 93' lang='lat' dir='ltr'><strong>in</strong></span> <span class='ocrx_word' id='word_1_798' title='bbox 1529 2093 1698 2129; x_wconf 75' lang='lat' dir='ltr'><strong>pmnitentia</strong></span> <span class='ocrx_word' id='word_1_799' title='bbox 1719 2091 1798 2120; x_wconf 71' lang='lat' dir='ltr'><strong>ﬂetum</strong></span> 
     </span>
    </p>
   </div>
   <div class='ocr_carea' id='block_1_107' title="bbox 1008 2150 1102 2171">
    <p class='ocr_par' dir='ltr' id='par_1_107' title="bbox 1008 2150 1102 2171">
     <span class='ocr_line' id='line_1_107' title="bbox 1008 2150 1102 2171; baseline -0.011 0"><span class='ocrx_word' id='word_1_800' title='bbox 1008 2150 1102 2171; x_wconf 83' lang='lat' dir='ltr'><strong>suum.</strong></span> 
     </span>
    </p>
   </div>
   <div class='ocr_carea' id='block_1_108' title="bbox 1045 2197 1798 2234">
    <p class='ocr_par' dir='ltr' id='par_1_108' title="bbox 1045 2197 1798 2234">
     <span class='ocr_line' id='line_1_108' title="bbox 1045 2197 1798 2234; baseline -0.007 -6"><span class='ocrx_word' id='word_1_801' title='bbox 1045 2201 1108 2228; x_wconf 80' lang='lat' dir='ltr'><strong>H5.</strong></span> <span class='ocrx_word' id='word_1_802' title='bbox 1130 2199 1209 2228; x_wconf 80' lang='lat' dir='ltr'><strong>Jlane</strong></span> <span class='ocrx_word' id='word_1_803' title='bbox 1236 2203 1326 2227; x_wconf 68' lang='lat' dir='ltr'><strong>autem</strong></span> <span class='ocrx_word' id='word_1_804' title='bbox 1353 2199 1448 2234; x_wconf 75' lang='lat' dir='ltr'><strong>facta,</strong></span> <span class='ocrx_word' id='word_1_805' title='bbox 1472 2197 1622 2224; x_wconf 79' lang='lat' dir='ltr'><strong>consilium</strong></span> <span class='ocrx_word' id='word_1_806' title='bbox 1654 2200 1798 2231; x_wconf 70' lang='lat' dir='ltr'><strong>acceperas:</strong></span> 
     </span>
    </p>
   </div>
   <div class='ocr_carea' id='block_1_109' title="bbox 1010 2243 1798 2282">
    <p class='ocr_par' dir='ltr' id='par_1_109' title="bbox 1010 2243 1798 2282">
     <span class='ocr_line' id='line_1_109' title="bbox 1010 2243 1798 2282; baseline -0.009 -6"><span class='ocrx_word' id='word_1_807' title='bbox 1010 2257 1098 2276; x_wconf 86' lang='lat' dir='ltr'><strong>omnes</strong></span> <span class='ocrx_word' id='word_1_808' title='bbox 1114 2248 1245 2282; x_wconf 77' lang='lat' dir='ltr'><strong>principes</strong></span> <span class='ocrx_word' id='word_1_809' title='bbox 1262 2246 1430 2274; x_wconf 78' lang='lat' dir='ltr'><strong>sacerdotum</strong></span> <span class='ocrx_word' id='word_1_810' title='bbox 1445 2249 1471 2272; x_wconf 78' lang='lat' dir='ltr'><strong>et</strong></span> <span class='ocrx_word' id='word_1_811' title='bbox 1483 2244 1601 2271; x_wconf 78' lang='lat' dir='ltr'><strong>seniores</strong></span> <span class='ocrx_word' id='word_1_812' title='bbox 1617 2243 1704 2278; x_wconf 78' lang='lat' dir='ltr'><strong>plebis</strong></span> <span class='ocrx_word' id='word_1_813' title='bbox 1717 2244 1798 2270; x_wconf 74' lang='lat' dir='ltr'><strong>adu!-</strong></span> 
     </span>
    </p>
   </div>
   <div class='ocr_carea' id='block_1_110' title="bbox 1010 2290 1797 2326">
    <p class='ocr_par' dir='ltr' id='par_1_110' title="bbox 1010 2290 1797 2326">
     <span class='ocr_line' id='line_1_110' title="bbox 1010 2290 1797 2326; baseline -0.009 -4"><span class='ocrx_word' id='word_1_814' title='bbox 1010 2303 1054 2323; x_wconf 74' lang='lat' dir='ltr'><strong>sui</strong></span> <span class='ocrx_word' id='word_1_815' title='bbox 1068 2294 1172 2326; x_wconf 74' lang='lat' dir='ltr'><strong>Iesum,</strong></span> <span class='ocrx_word' id='word_1_816' title='bbox 1188 2298 1217 2320; x_wconf 78' lang='lat' dir='ltr'><strong>ut</strong></span> <span class='ocrx_word' id='word_1_817' title='bbox 1231 2301 1290 2320; x_wconf 79' lang='lat' dir='ltr'><strong>eum</strong></span> <span class='ocrx_word' id='word_1_818' title='bbox 1306 2292 1385 2319; x_wconf 86' lang='lat' dir='ltr'><strong>morti</strong></span> <span class='ocrx_word' id='word_1_819' title='bbox 1402 2290 1537 2318; x_wconf 84' lang='lat' dir='ltr'><strong>traderent</strong></span> <span class='ocrx_word' id='word_1_820' title='bbox 1550 2298 1561 2322; x_wconf 79' lang='lat'><strong>,&#39;</strong></span> <span class='ocrx_word' id='word_1_821' title='bbox 1580 2295 1605 2316; x_wconf 89' lang='lat' dir='ltr'><strong>et</strong></span> <span class='ocrx_word' id='word_1_822' title='bbox 1622 2290 1741 2317; x_wconf 70' lang='lat' dir='ltr'><strong>cinctum</strong></span> <span class='ocrx_word' id='word_1_823' title='bbox 1751 2297 1797 2315; x_wconf 64' lang='lat' dir='ltr'><strong>eam</strong></span> 
     </span>
    </p>
   </div>
   <div class='ocr_carea' id='block_1_111' title="bbox 1010 2332 1792 2370">
    <p class='ocr_par' dir='ltr' id='par_1_111' title="bbox 1010 2332 1792 2370">
     <span class='ocr_line' id='line_1_111' title="bbox 1010 2332 1792 2370; baseline -0.01 -3"><span class='ocrx_word' id='word_1_824' title='bbox 1010 2341 1180 2367; x_wconf 69' lang='lat' dir='ltr'><strong>adduxerunt</strong></span> <span class='ocrx_word' id='word_1_825' title='bbox 1195 2343 1219 2365; x_wconf 83' lang='lat' dir='ltr'><strong>et</strong></span> <span class='ocrx_word' id='word_1_826' title='bbox 1240 2332 1407 2364; x_wconf 72' lang='lat' dir='ltr'><strong>tradiderunt</strong></span> <span class='ocrx_word' id='word_1_827' title='bbox 1429 2335 1527 2362; x_wconf 82' lang='lat' dir='ltr'><strong>Pontio</strong></span> <span class='ocrx_word' id='word_1_828' title='bbox 1542 2335 1638 2362; x_wconf 79' lang='lat' dir='ltr'><strong>Pilato</strong></span> <span class='ocrx_word' id='word_1_829' title='bbox 1655 2333 1792 2370; x_wconf 65' lang='lat' dir='ltr'><strong>prasidi“.</strong></span> 
     </span>
    </p>
   </div>
   <div class='ocr_carea' id='block_1_112' title="bbox 1010 2380 1783 2419">
    <p class='ocr_par' dir='ltr' id='par_1_112' title="bbox 1010 2380 1783 2419">
     <span class='ocr_line' id='line_1_112' title="bbox 1010 2380 1783 2419; baseline -0.009 -7"><span class='ocrx_word' id='word_1_830' title='bbox 1010 2386 1062 2419; x_wconf 85' lang='lat' dir='ltr'><strong>Qui</strong></span> <span class='ocrx_word' id='word_1_831' title='bbox 1080 2386 1107 2412; x_wconf 93' lang='lat' dir='ltr'><strong>in</strong></span> <span class='ocrx_word' id='word_1_832' title='bbox 1125 2384 1244 2412; x_wconf 85' lang='lat' dir='ltr'><strong>tenebris</strong></span> <span class='ocrx_word' id='word_1_833' title='bbox 1260 2388 1286 2410; x_wconf 89' lang='lat' dir='ltr'><strong>et</strong></span> <span class='ocrx_word' id='word_1_834' title='bbox 1299 2386 1379 2410; x_wconf 88' lang='lat' dir='ltr'><strong>nocte</strong></span> <span class='ocrx_word' id='word_1_835' title='bbox 1387 2380 1514 2414; x_wconf 71' lang='lat' dir='ltr'><strong>offendit,</strong></span> <span class='ocrx_word' id='word_1_836' title='bbox 1530 2381 1612 2408; x_wconf 73' lang='lat' dir='ltr'><strong>venia</strong></span> <span class='ocrx_word' id='word_1_837' title='bbox 1630 2380 1733 2415; x_wconf 80' lang='lat' dir='ltr'><strong>dignus</strong></span> <span class='ocrx_word' id='word_1_838' title='bbox 1747 2383 1783 2406; x_wconf 77' lang='lat' dir='ltr'><strong>est</strong></span> 
     </span>
    </p>
   </div>
   <div class='ocr_carea' id='block_1_113' title="bbox 1009 2426 1796 2467">
    <p class='ocr_par' dir='ltr' id='par_1_113' title="bbox 1009 2426 1796 2467">
     <span class='ocr_line' id='line_1_113' title="bbox 1009 2426 1796 2467; baseline -0.01 -9"><span class='ocrx_word' id='word_1_839' title='bbox 1009 2432 1056 2467; x_wconf 92' lang='lat' dir='ltr'><strong>qui</strong></span> <span class='ocrx_word' id='word_1_840' title='bbox 1074 2436 1164 2458; x_wconf 88' lang='lat' dir='ltr'><strong>autern</strong></span> <span class='ocrx_word' id='word_1_841' title='bbox 1182 2429 1209 2456; x_wconf 91' lang='lat' dir='ltr'><strong>in</strong></span> <span class='ocrx_word' id='word_1_842' title='bbox 1228 2429 1272 2456; x_wconf 87' lang='lat' dir='ltr'><strong>die</strong></span> <span class='ocrx_word' id='word_1_843' title='bbox 1293 2429 1367 2456; x_wconf 85' lang='lat' dir='ltr'><strong>clara</strong></span> <span class='ocrx_word' id='word_1_844' title='bbox 1392 2426 1525 2459; x_wconf 70' lang='lat' dir='ltr'><strong>oliendit,</strong></span> <span class='ocrx_word' id='word_1_845' title='bbox 1554 2433 1700 2461; x_wconf 89' lang='lat' dir='ltr'><strong>nunquam</strong></span> <span class='ocrx_word' id='word_1_846' title='bbox 1724 2428 1796 2459; x_wconf 55' lang='lat' dir='ltr'><strong>pots:</strong></span> 
     </span>
    </p>
   </div>
   <div class='ocr_carea' id='block_1_114' title="bbox 1009 2470 1797 2511">
    <p class='ocr_par' dir='ltr' id='par_1_114' title="bbox 1009 2470 1797 2511">
     <span class='ocr_line' id='line_1_114' title="bbox 1009 2470 1797 2511; baseline -0.011 -7"><span class='ocrx_word' id='word_1_847' title='bbox 1009 2477 1119 2511; x_wconf 86' lang='lat' dir='ltr'><strong>culpare</strong></span> <span class='ocrx_word' id='word_1_848' title='bbox 1159 2482 1279 2502; x_wconf 84' lang='lat' dir='ltr'><strong>errorem</strong></span> <span class='ocrx_word' id='word_1_849' title='bbox 1305 2472 1382 2507; x_wconf 86' lang='lat' dir='ltr'><strong>quasi</strong></span> <span class='ocrx_word' id='word_1_850' title='bbox 1407 2471 1593 2499; x_wconf 80' lang='lat' dir='ltr'><strong>continentem</strong></span> <span class='ocrx_word' id='word_1_851' title='bbox 1620 2479 1668 2503; x_wconf 78' lang='lat' dir='ltr'><strong>se,</strong></span> <span class='ocrx_word' id='word_1_852' title='bbox 1693 2470 1797 2497; x_wconf 71' lang='lat' dir='ltr'><strong>maxime</strong></span> 
     </span>
    </p>
   </div>
   <div class='ocr_carea' id='block_1_115' title="bbox 1008 2512 1796 2558">
    <p class='ocr_par' dir='ltr' id='par_1_115' title="bbox 1008 2512 1796 2558">
     <span class='ocr_line' id='line_1_115' title="bbox 1008 2512 1796 2558; baseline -0.011 -9"><span class='ocrx_word' id='word_1_853' title='bbox 1008 2522 1118 2558; x_wconf 87' lang='lat' dir='ltr'><strong>quando</strong></span> <span class='ocrx_word' id='word_1_854' title='bbox 1143 2520 1246 2548; x_wconf 80' lang='lat' dir='ltr'><strong>habens</strong></span> <span class='ocrx_word' id='word_1_855' title='bbox 1270 2519 1297 2546; x_wconf 93' lang='lat' dir='ltr'><strong>in</strong></span> <span class='ocrx_word' id='word_1_856' title='bbox 1323 2526 1352 2546; x_wconf 85' lang='lat' dir='ltr'><strong>se</strong></span> <span class='ocrx_word' id='word_1_857' title='bbox 1376 2512 1519 2545; x_wconf 78' lang='lat' dir='ltr'><strong>lucernam</strong></span> <span class='ocrx_word' id='word_1_858' title='bbox 1541 2517 1671 2551; x_wconf 82' lang='lat' dir='ltr'><strong>corporis</strong></span> <span class='ocrx_word' id='word_1_859' title='bbox 1685 2516 1796 2544; x_wconf 43' lang='lat' dir='ltr'><strong>om‘ndit,</strong></span> 
     </span>
    </p>
   </div>
   <div class='ocr_carea' id='block_1_116' title="bbox 1008 2563 1795 2597">
    <p class='ocr_par' dir='ltr' id='par_1_116' title="bbox 1008 2563 1795 2597">
     <span class='ocr_line' id='line_1_116' title="bbox 1008 2563 1795 2597; baseline -0.011 0"><span class='ocrx_word' id='word_1_860' title='bbox 1008 2569 1056 2597; x_wconf 85' lang='lat' dir='ltr'><strong>sed</strong></span> <span class='ocrx_word' id='word_1_861' title='bbox 1068 2566 1293 2595; x_wconf 86' lang='lat' dir='ltr'><strong>incontinentiam</strong></span> <span class='ocrx_word' id='word_1_862' title='bbox 1305 2572 1394 2592; x_wconf 85' lang='lat' dir='ltr'><strong>suam.</strong></span> <span class='ocrx_word' id='word_1_863' title='bbox 1404 2563 1462 2592; x_wconf 85' lang='lat' dir='ltr'><strong>lioe</strong></span> <span class='ocrx_word' id='word_1_864' title='bbox 1474 2568 1568 2591; x_wconf 85' lang='lat' dir='ltr'><strong>autem</strong></span> <span class='ocrx_word' id='word_1_865' title='bbox 1582 2563 1708 2590; x_wconf 73' lang='lat' dir='ltr'><strong>diximus</strong></span> <span class='ocrx_word' id='word_1_866' title='bbox 1721 2567 1795 2589; x_wconf 70' lang='lat' dir='ltr'><strong>estea-</strong></span> 
     </span>
    </p>
   </div>
   <div class='ocr_carea' id='block_1_117' title="bbox 1007 2609 1795 2648">
    <p class='ocr_par' dir='ltr' id='par_1_117' title="bbox 1007 2609 1795 2648">
     <span class='ocr_line' id='line_1_117' title="bbox 1007 2609 1795 2648; baseline -0.01 -6"><span class='ocrx_word' id='word_1_867' title='bbox 1007 2615 1103 2642; x_wconf 85' lang='lat' dir='ltr'><strong>dentes</strong></span> <span class='ocrx_word' id='word_1_868' title='bbox 1127 2612 1258 2648; x_wconf 87' lang='lat' dir='ltr'><strong>quoniam</strong></span> <span class='ocrx_word' id='word_1_869' title='bbox 1281 2611 1384 2638; x_wconf 89' lang='lat' dir='ltr'><strong>Christi</strong></span> <span class='ocrx_word' id='word_1_870' title='bbox 1402 2609 1514 2645; x_wconf 88' lang='lat' dir='ltr'><strong>quidem</strong></span> <span class='ocrx_word' id='word_1_871' title='bbox 1541 2609 1673 2644; x_wconf 84' lang='lat' dir='ltr'><strong>discipuli</strong></span> <span class='ocrx_word' id='word_1_872' title='bbox 1690 2609 1718 2635; x_wconf 87' lang='lat' dir='ltr'><strong>in</strong></span> <span class='ocrx_word' id='word_1_873' title='bbox 1732 2611 1795 2635; x_wconf 65' lang='lat' dir='ltr'><strong>aed:</strong></span> 
     </span>
    </p>
   </div>
   <div class='ocr_carea' id='block_1_118' title="bbox 1008 2651 1794 2692">
    <p class='ocr_par' dir='ltr' id='par_1_118' title="bbox 1008 2651 1794 2692">
     <span class='ocr_line' id='line_1_118' title="bbox 1008 2651 1794 2692; baseline -0.008 -4"><span class='ocrx_word' id='word_1_874' title='bbox 1008 2661 1240 2692; x_wconf 74' lang='lat' dir='ltr'><strong>scandalilantur,</strong></span> <span class='ocrx_word' id='word_1_875' title='bbox 1258 2658 1407 2686; x_wconf 84' lang='lat' dir='ltr'><strong>secundum</strong></span> <span class='ocrx_word' id='word_1_876' title='bbox 1425 2656 1499 2691; x_wconf 86' lang='lat' dir='ltr'><strong>quod</strong></span> <span class='ocrx_word' id='word_1_877' title='bbox 1513 2651 1652 2684; x_wconf 86' lang='lat' dir='ltr'><strong>Dominus</strong></span> <span class='ocrx_word' id='word_1_878' title='bbox 1668 2656 1729 2690; x_wconf 85' lang='lat' dir='ltr'><strong>ejus</strong></span> <span class='ocrx_word' id='word_1_879' title='bbox 1742 2662 1794 2689; x_wconf 61' lang='lat' dir='ltr'><strong>pu-</strong></span> 
     </span>
    </p>
   </div>
   <div class='ocr_carea' id='block_1_119' title="bbox 1006 2701 1793 2739">
    <p class='ocr_par' dir='ltr' id='par_1_119' title="bbox 1006 2701 1793 2739">
     <span class='ocr_line' id='line_1_119' title="bbox 1006 2701 1793 2739; baseline -0.014 -4"><span class='ocrx_word' id='word_1_880' title='bbox 1006 2708 1072 2736; x_wconf 90' lang='lat' dir='ltr'><strong>dicit</strong></span> <span class='ocrx_word' id='word_1_881' title='bbox 1086 2717 1094 2735; x_wconf 87' lang='lat'><strong>:</strong></span> <span class='ocrx_word' id='word_1_882' title='bbox 1114 2707 1210 2735; x_wconf 80' lang='lat' dir='ltr'><strong>Omnes</strong></span> <span class='ocrx_word' id='word_1_883' title='bbox 1227 2714 1270 2733; x_wconf 75' lang='lat' dir='ltr'><strong>vos</strong></span> <span class='ocrx_word' id='word_1_884' title='bbox 1285 2705 1443 2732; x_wconf 81' lang='lat' dir='ltr'><strong>scandalum</strong></span> <span class='ocrx_word' id='word_1_885' title='bbox 1460 2703 1601 2739; x_wconf 73' lang='lat' dir='ltr'><strong>patiemini</strong></span> <span class='ocrx_word' id='word_1_886' title='bbox 1619 2703 1648 2730; x_wconf 80' lang='lat' dir='ltr'><strong>iu</strong></span> <span class='ocrx_word' id='word_1_887' title='bbox 1660 2711 1700 2730; x_wconf 74' lang='lat' dir='ltr'><strong>me</strong></span> <span class='ocrx_word' id='word_1_888' title='bbox 1716 2702 1742 2728; x_wconf 77' lang='lat' dir='ltr'><strong>in</strong></span> <span class='ocrx_word' id='word_1_889' title='bbox 1755 2701 1793 2726; x_wconf 70' lang='lat' dir='ltr'><strong>LA:</strong></span> 
     </span>
    </p>
   </div>
   <div class='ocr_carea' id='block_1_120' title="bbox 1163 2780 1790 2815">
    <p class='ocr_par' dir='ltr' id='par_1_120' title="bbox 1163 2780 1790 2815">
     <span class='ocr_line' id='line_1_120' title="bbox 1163 2780 1790 2815; baseline -0.01 -3"><span class='ocrx_word' id='word_1_890' title='bbox 1163 2785 1186 2801; x_wconf 85' lang='lat'>&#39;&quot;</span> <span class='ocrx_word' id='word_1_891' title='bbox 1207 2783 1287 2812; x_wconf 85' lang='lat' dir='ltr'><strong>Rom.</strong></span> <span class='ocrx_word' id='word_1_892' title='bbox 1319 2790 1389 2815; x_wconf 80' lang='lat' dir='ltr'><strong>xui,</strong></span> <span class='ocrx_word' id='word_1_893' title='bbox 1410 2781 1453 2810; x_wconf 70' lang='grc'><strong>12.</strong></span> <span class='ocrx_word' id='word_1_894' title='bbox 1504 2782 1529 2797; x_wconf 80' lang='grc'><strong>⁷⁸</strong></span> <span class='ocrx_word' id='word_1_895' title='bbox 1551 2782 1635 2809; x_wconf 63' lang='grc' dir='ltr'><strong>ΙΙειξτ.</strong></span> <span class='ocrx_word' id='word_1_896' title='bbox 1656 2791 1700 2815; x_wconf 82' lang='lat' dir='ltr'><strong>vi,</strong></span> <span class='ocrx_word' id='word_1_897' title='bbox 1724 2781 1754 2812; x_wconf 77' lang='grc' dir='ltr'>ι,</span> <span class='ocrx_word' id='word_1_898' title='bbox 1771 2780 1790 2806; x_wconf 64' lang='grc' dir='ltr'>ει</span> 
     </span>
    </p>
   </div>
   <div class='ocr_carea' id='block_1_121' title="bbox 1172 2816 1789 2850">
    <p class='ocr_par' dir='ltr' id='par_1_121' title="bbox 1172 2816 1789 2850">
     <span class='ocr_line' id='line_1_121' title="bbox 1172 2816 1789 2850; baseline -0.005 -4"><span class='ocrx_word' id='word_1_899' title='bbox 1172 2820 1195 2836; x_wconf 76' lang='grc'><strong>⁷⁸</strong></span> <span class='ocrx_word' id='word_1_900' title='bbox 1217 2819 1288 2846; x_wconf 83' lang='lat' dir='ltr'><strong>Psal.</strong></span> <span class='ocrx_word' id='word_1_901' title='bbox 1310 2826 1383 2848; x_wconf 78' lang='lat' dir='ltr'><strong>cxv.</strong></span> <span class='ocrx_word' id='word_1_902' title='bbox 1405 2818 1450 2844; x_wconf 82' lang='grc'><strong>16.</strong></span> <span class='ocrx_word' id='word_1_903' title='bbox 1497 2817 1522 2834; x_wconf 79' lang='grc' dir='ltr'><strong><em>⁸ο</em></strong></span> <span class='ocrx_word' id='word_1_904' title='bbox 1542 2817 1618 2845; x_wconf 85' lang='lat' dir='ltr'><strong>Psal.</strong></span> <span class='ocrx_word' id='word_1_905' title='bbox 1639 2825 1757 2850; x_wconf 71' lang='lat' dir='ltr'><strong>csum,</strong></span> <span class='ocrx_word' id='word_1_906' title='bbox 1771 2816 1789 2842; x_wconf 84' lang='grc'><strong>1-</strong></span> 
     </span>
    </p>
   </div>
   <div class='ocr_carea' id='block_1_122' title="bbox 1079 2852 1667 2890">
    <p class='ocr_par' dir='ltr' id='par_1_122' title="bbox 1079 2852 1667 2890">
     <span class='ocr_line' id='line_1_122' title="bbox 1079 2852 1667 2890; baseline -0.007 -6"><span class='ocrx_word' id='word_1_907' title='bbox 1079 2857 1102 2873; x_wconf 74' lang='grc'><strong>⁵⁵</strong></span> <span class='ocrx_word' id='word_1_908' title='bbox 1121 2864 1169 2890; x_wconf 72' lang='lat' dir='ltr'><strong>vn,</strong></span> <span class='ocrx_word' id='word_1_909' title='bbox 1184 2855 1228 2882; x_wconf 81' lang='lat'><strong>57.</strong></span> <span class='ocrx_word' id='word_1_910' title='bbox 1241 2854 1285 2882; x_wconf 80' lang='grc'><strong>58.</strong></span> <span class='ocrx_word' id='word_1_911' title='bbox 1324 2854 1347 2870; x_wconf 79' lang='grc'><strong>⁸³</strong></span> <span class='ocrx_word' id='word_1_912' title='bbox 1367 2852 1464 2881; x_wconf 80' lang='lat' dir='ltr'><strong>Matth.</strong></span> <span class='ocrx_word' id='word_1_913' title='bbox 1482 2860 1579 2887; x_wconf 76' lang='lat' dir='ltr'><strong>alvu,</strong></span> <span class='ocrx_word' id='word_1_914' title='bbox 1599 2854 1626 2887; x_wconf 78' lang='grc'><strong>1,</strong></span> <span class='ocrx_word' id='word_1_915' title='bbox 1639 2853 1667 2881; x_wconf 70' lang='grc'><strong>3.</strong></span> 
     </span>
    </p>
   </div>
  </div>
