1839 3053
19 107 81 136 7(ιό

13 173 86 194 ιυειε
103 167 146 200 ⁸⁸,
166 173 195 196 et
211 169 274 204 quia
291 169 388 197 Petrus
401 175 463 198 ante
474 170 535 206 galli
551 176 661 200 cantum
679 177 720 199 tcr
735 173 818 200 deuc-

13 211 93 241 javit.
120 211 183 246 Qui
199 219 289 241 autem
303 215 446 242 consilium
464 216 601 250 accipiunt
613 222 706 244 contra
721 217 815 246 Jesum

13 266 112 285 nnnes
133 260 277 294 principes
294 267 320 288 ct
339 262 460 289 seniores
477 263 563 297 plebis
578 271 658 291 mane
681 263 752 291 laeto
763 285 771 296 .
789 265 815 293 in

13 304 121 332 utnine
148 305 285 341 peccant,
313 307 337 333 id
363 311 405 334 est
419 308 552 340 scientes,
580 309 729 337 secundum
744 311 816 345 quod

16 350 157 385 criptum
186 358 228 380 est
250 353 284 380 de
299 354 352 381 hoc
366 353 499 387 consilio,
523 355 652 390 quoniam
681 357 814 385 consiliati

17 399 74 422 unt
94 403 135 422 ex
156 403 295 425 consensu
321 398 347 424 iu
371 406 473 431 unum,
500 399 571 426 sicut
586 400 717 435 scriptum
732 403 814 430 estin

13 440 137 468 ’salmis
157 441 200 475 ⁸⁷,
220 446 249 468 ut
265 443 345 470 morti
369 444 507 471 traderent
522 445 671 479 Christum,
689 451 815 481 putantes

13 493 54 513 ter
82 491 213 515 mortem
238 489 411 524 exstinguere
435 490 494 525 ejus
519 491 671 521 doctrinam
688 498 714 520 et
735 493 814 522 iidem

13 531 68 566 jus
88 532 177 566 apud
199 541 247 561 eos
270 535 316 568 qui
331 535 503 563 Crediderunt
519 537 544 564 itt
558 545 620 565 eum
636 539 714 573 quasi
729 538 754 566 in
770 539 814 566 Fi-

13 585 75 605 tum
105 578 177 607 Dei.
209 578 284 606 Talia
311 585 401 608 autem
429 587 522 610 contra
550 591 612 611 eum
641 585 814 613 consiliantes

13 624 162 659 trincipes
187 626 301 653 culturae
327 627 424 655 litterae
454 628 621 662 occidentis,
649 635 676 657 ct
695 631 813 658 ministri

13 669 212 698 Iatnnationis
237 673 374 704 seniores.
392 673 572 709 alligaverunt
595 674 687 703 Jesum
704 678 813 705 solven-

17 722 65 742 etn
87 723 105 742 a
135 716 257 744 vinculis
274 721 301 744 et
316 717 450 746 dicentem
476 719 516 747 eis
533 720 579 754 qui
593 725 657 748 sunt
675 721 701 748 in
720 722 813 749 vincti-

14 761 39 788 is
58 769 66 788 :
90 761 183 788 Exite
198 762 240 795 “9;
264 767 291 790 et
308 765 476 799 compeditos
494 765 641 794 solventem
653 787 660 798 ,
677 772 758 802 atque
770 768 812 794 di-

13 812 126 836 :cntcm
154 817 162 835 :
187 809 375 844 Dirumpamus
399 811 504 839 uincula
519 821 608 840 eorum
625 814 665 846 3’;
681 819 708 841 et
722 815 767 850 qui
782 816 812 842 li-

15 853 74 879 iant
90 853 219 881 Abrahae
233 855 370 890 alligatam
385 864 400 883 a
415 856 516 885 Satana
540 857 633 886 decem
647 865 673 887 et
685 865 746 887 octo
762 869 806 888 an-

14 899 50 925 llS
67 906 84 925 a
99 899 227 927 vinculs
244 901 361 929 solverat
372 901 406 934 '°,
424 903 518 937 utjnm
532 911 702 940 nequaquam
719 907 755 933 sit
769 907 811 934 iu—

13 943 115 970 :linata
132 964 141 976 ,
162 951 224 980 qua:
239 952 293 972 non
310 951 414 981 poterat
437 956 547 976 sursum
570 950 692 984 aspicere
711 951 787 987 prius
802 961 810 980 :

13 995 32 1016 ιι
47 990 245 1025 alligaverunt
258 1000 320 1020 eutn
336 994 488 1026 volentem,
502 1000 529 1023 et
544 995 570 1022 in
583 1004 615 1024 co
629 997 701 1033 quod
719 999 812 1034 alliga-

14 1041 88 1063 ‘ctur
115 1038 240 1065 vinculis
265 1038 331 1073 ipsis
357 1039 470 1067 insidias
482 1041 692 1076 dirutnpentem,
712 1045 808 1079 utjam

17 1091 65 1109 ιυη
84 1083 212 1112 habeant
233 1084 368 1119 principes
390 1086 561 1114 sacerdotum
579 1093 604 1116 ct
625 1090 746 1117 seniores
759 1089 809 1117 Ju-

15 1128 140 1156 l:eorum
159 1130 292 1159 adversus
307 1131 431 1160 homines
448 1133 570 1167 vincula,
596 1134 709 1163 Domino
719 1145 750 1164 ea
766 1137 808 1164 vi-

15 1174 113 1201 lclicet
125 1175 304 1211 dirumpente
319 1177 345 1205 in
358 1186 397 1206 se.
418 1180 446 1207 Si
462 1181 524 1215 quis
536 1186 626 1208 autent
641 1182 725 1217 exigit
737 1191 751 1210 a
766 1191 809 1212 me

13 1219 193 1254 Srripturam
208 1222 264 1250 luec
277 1223 310 1250 de
325 1222 528 1260 disrtitnpcndis
542 1227 657 1255 vinculis
667 1229 809 1257 ostenden-

13 1272 63 1292 em
75 1286 83 1298 ,
97 1266 209 1300 quibus
230 1267 408 1303 alligaverunt
422 1269 513 1298 Jesum
527 1272 664 1307 principes
682 1274 808 1301 sacerdo-

13 1318 66 1337 tum
86 1315 116 1340 et
134 1313 269 1346 seniores,
286 1314 419 1350 intelligat
436 1317 506 1351 quod
523 1322 632 1352 propter
647 1319 735 1353 ipsum
755 1318 807 1348 hoc

13 1357 77 1384 .licit
106 1358 170 1392 ipse
191 1358 272 1387 Jesus
299 1368 346 1395 per
368 1361 529 1397 Prophetam
545 1364 566 1379 ⁹¹
592 1373 598 1391 :
618 1364 806 1399 Dirumpamus

13 1402 119 1429 rittcula
133 1411 237 1437 eorum,
253 1410 381 1440 tanquam
399 1407 420 1433 si
436 1406 518 1438 dicat,
535 1407 698 1442 principum,
714 1416 806 1436 sacer-

13 1447 106 1474 .lotum
123 1453 152 1475 et
168 1449 316 1483 seniorum,
332 1456 378 1478 aut
392 1452 476 1478 multo
493 1453 578 1486 magis
593 1461 688 1480 eorum
705 1454 806 1489 princi-

13 1499 75 1525 pum
94 1494 146 1528 qui
164 1488 230 1522 sunt
253 1495 357 1530 operati
384 1496 410 1524 iu
431 1497 487 1528 eis,
506 1501 532 1525 et
545 1505 636 1533 regum
654 1488 731 1526 terra:
747 1499 806 1526 illo-

13 1546 71 1565 rum
87 1539 139 1574 qui
159 1540 349 1573 attiterunt,ct
360 1542 513 1577 principum
530 1544 576 1578 qtti
591 1550 763 1571 convenerunt
779 1545 806 1572 iit

14 1594 94 1612 unum
130 1587 258 1614 adversus
283 1587 445 1620 Dominum,
471 1594 497 1616 et
521 1589 644 1616 adversus
671 1589 806 1618 Christum

14 1632 66 1665 Ejus
76 1653 84 1664 ,
102 1640 225 1667 quorum
240 1638 268 1661 et
276 1633 370 1669 jugum
383 1635 558 1669 projiciamus
574 1644 589 1662 a
603 1636 677 1663 nobis
691 1637 725 1663 ".
751 1636 806 1664 Ad-

14 1677 65 1704 huc
91 1683 187 1706 autem
212 1680 330 1714 amplius
348 1684 373 1707 te
392 1680 511 1714 placabit
536 1685 565 1708 ut
589 1681 723 1717 suscipias
740 1690 806 1718 quo-

14 1723 85 1750 niam
112 1723 168 1752 etsi
189 1724 333 1760 alligat-tes
356 1724 448 1752 Jesum
465 1726 630 1753 induxerunt
646 1727 692 1762 qui
711 1727 805 1754 consi—

14 1770 77 1796 lium
101 1769 230 1797 fecerunt
251 1770 383 1798 adversus
398 1779 471 1804 eunt,
490 1776 580 1799 tamen
604 1772 705 1807 dirupit
725 1772 805 1801 Jesus

14 1815 121 1844 vincula
137 1825 144 1842 :
164 1816 187 1843 si
206 1816 372 1844 intellexeris
395 1825 456 1852 quae
479 1819 579 1853 scrlpta
602 1824 666 1847 sttnt
680 1819 713 1846 de
726 1819 804 1848 Sam-

14 1870 78 1890 ;one
92 1863 128 1896 ’³,
145 1865 192 1898 qui
209 1863 367 1899 frequenter
383 1864 434 1892 fuit
455 1865 564 1900 ligatus,
581 1870 608 1893 et
621 1865 724 1901 dirupit
739 1867 804 1894 alie-

14 1908 176 1942 nigenarum
199 1909 317 1942 vincula,
340 1910 470 1944 quoniam
486 1910 631 1939 Nazarteus
654 1911 742 1939 fuerat
755 1911 801 1940 Dei

14 1959 34 1980 ,ιι
59 1955 182 1982 habebat
203 1963 308 1983 comam
336 1956 440 1991 plenam
465 1957 583 1986 virtutis.
618 1957 647 1985 Si
670 1966 736 1994 ergo
758 1959 802 1987 ille

14 2004 122 2033 propter
149 2008 235 2028 comm
257 2001 383 2028 virtutem
409 2009 491 2036 quam
521 2002 637 2030 habebat
660 2002 686 2030 in
703 2004 800 2038 capite,

14 2049 100 2077 potuit
115 2053 245 2080 rumpere
258 2046 365 2073 vincula
379 2046 593 2082 alienigenarum
604 2068 612 2081 ,
628 2048 727 2083 quibus
742 2049 801 2076 alli-

15 2095 143 2119 tavcrant
164 2099 226 2120 cum
254 2091 409 2126 frequenter
421 2111 429 2125 ,
446 2097 549 2127 quanto
565 2093 652 2128 magis
664 2093 800 2126 Christus,

15 2135 55 2168 ξιιιὶ
72 2141 136 2169 post
161 2141 235 2164 tanta
258 2138 380 2172 prodigia
397 2141 424 2164 et
437 2138 552 2165 virtutes
566 2146 634 2173 quas
650 2137 731 2170 fecit,
750 2146 799 2165 vo-

15 2183 67 2210 lens
83 2184 197 2211 tradidit
221 2191 250 2211 se
265 2184 298 2212 ad
316 2185 422 2212 vincula
433 2204 440 2217 ,
457 2192 591 2219 soporatis
613 2184 640 2212 in
658 2191 688 2212 se
700 2185 799 2212 divini-

15 2231 73 2257 tatis
88 2231 217 2258 virtutem
245 2235 271 2258 ct
294 2233 471 2267 acquiesecns
497 2236 526 2259 ut
549 2231 722 2267 alligaretur,
741 2233 800 2259 sine

15 2275 91 2303 lubio
114 2277 220 2312 dirupit
242 2278 350 2306 vincula
375 2277 572 2306 circumdantia
595 2277 644 2305 se?
676 2276 798 2310 Quorum

15 2322 186 2351 vinculorum
202 2324 329 2359 mysteria
344 2324 452 2352 vincula
466 2323 608 2351 Samsonis
623 2323 745 2350 fuerunt.

45 2369 108 2397 116.
133 2371 166 2398 Et
180 2371 346 2398 tradiderunt
360 2379 418 2397 eum
435 2370 530 2397 Pontio
549 2369 637 2396 Pilato
650 2369 682 2396 ".
700 2368 796 2396 Utrum

15 2421 97 2443 tutetn
114 2418 197 2444 etiam
212 2417 322 2444 nomina
339 2421 454 2449 utraque
469 2415 594 2450 praesidis
607 2414 723 2441 habeant
745 2415 796 2442 ali-

15 2470 90 2493 tuam
109 2464 243 2491 rationem
259 2462 462 2491 convenientem
476 2460 672 2495 dispensationi
690 2459 796 2487 Domini

15 2508 171 2543 Snlx‘atoris,
190 2518 243 2536 non
259 2510 336 2536 facile
350 2513 391 2536 est
406 2507 603 2536 scntentialiter
619 2507 793 2542 respondere.

15 2551 139 2582 l‘otrrunt
157 2557 229 2582 cnim
246 2555 363 2590 aliquem
386 2560 495 2581 movere
511 2552 671 2588 principalia
685 2559 718 2579 ex
733 2551 795 2587 qui-

15 2599 59 2625 bus
75 2600 133 2628 bace
149 2601 279 2628 vocabula
296 2601 480 2631 deducuntur,
499 2598 612 2626 Pontius
638 2603 664 2626 et
678 2597 791 2625 Pilatus.

16 2642 106 2672 Utrum
124 2652 214 2674 autem
235 2647 304 2674 bene
323 2647 386 2681 quis
409 2649 560 2676 moveatur,
585 2651 686 2677 annon,
709 2651 794 2672 unus-

19 2690 123 2725 ptisquc
139 2693 290 2728 potentium
305 2691 480 2720 considerate
508 2695 664 2725 cognoscat.

37 2749 59 2765 "
78 2749 170 2779 Matth.
192 2760 266 2783 xui,
280 2751 323 2778 5L
363 2750 384 2766 ⁸⁷
404 2749 475 2778 Psal.
497 2757 533 2782 II,
549 2748 576 2776 2.
612 2749 635 2765 ⁸⁸
654 2748 705 2776 lsa.
721 2757 800 2783 nux,

16 2784 30 2797 "
44 2784 107 2812 ibid.
123 2786 157 2819 2,
171 2787 198 2814 3.
256 2787 279 2803 ’³
294 2786 383 2813 .ludie.
399 2793 435 2813 χι.
492 2785 516 2801 ’⁸
533 2783 628 2812 Matth.
647 2791 738 2818 um,
757 2785 784 2812 2.

16 2826 93 2853 mn,
109 2822 136 2848 ι.

595 110 927 142 COMMENTARIORUM
943 113 1076 143 SERIES.

1589 122 1600 149 Ι
1608 122 1658 149 ἳῦϐ

907 175 966 202 ll7.
994 176 1066 203 Tunc
1089 177 1177 204 vitlem
1195 178 1282 206 ludas
1304 180 1349 215 qui
1372 187 1430 207 eum
1453 181 1575 212 tradidit,
1592 190 1658 217 quo.

869 221 939 248 niam
961 222 1104 250 damnatus
1126 228 1179 256 est,
1204 226 1356 259 paznitentia
1378 226 1472 252 ductus
1495 227 1584 253 retulit
1606 228 1656 254 tri-

867 267 942 301 ginta
963 272 1098 301 aryentcos
1125 269 1287 303 principibus
1309 272 1475 297 sacerdotum
1497 276 1522 298 et
1543 272 1656 299 seniori-

867 311 925 344 bus,
945 311 1033 340 dicens
1052 321 1061 339 .'
1088 313 1196 340 Peccavi
1220 315 1291 350 quod
1315 316 1471 342 tradiderim
1501 318 1656 352 sanguinem

864 357 980 391 justum.
997 360 1030 385 At
1046 358 1088 386 illi
1102 359 1225 386 dixerunt
1241 368 1250 386 :
1268 359 1339 392 Quid
1358 361 1392 387 ml
1406 362 1474 388 nos?
1496 361 1534 388 Tu
1550 362 1655 390 videris.

871 400 905 427 Et
925 402 1049 442 projectis
1071 405 1203 438 argenteis
1226 405 1252 430 iu
1270 404 1375 438 templo,
1394 407 1511 439 recessit,
1527 412 1550 434 et
1567 408 1656 434 abiens

866 447 957 483 laqueo
984 456 1010 475 se
1037 449 1181 483 suspendit.
1212 449 1347 485 Principes
1376 457 1462 478 autent
1490 453 1655 479 sacerdotum

866 493 978 528 acceptis
1003 495 1132 528 argenteis
1151 494 1272 520 dixerunt
1295 503 1304 521 :
1325 494 1385 521 Νωι
1406 496 1465 523 licet
1485 498 1588 525 mittere
1611 506 1655 526 eos

865 538 891 565 in
923 538 1083 572 carbonum,
1111 542 1174 575 quia
1202 543 1315 576 pretium
1341 543 1477 577 sanguinis
1505 548 1555 571 est.
1585 543 1654 571 Con-

865 582 925 609 silio
940 589 1027 611 autent
1054 591 1158 619 accepto
1183 587 1252 613 inter
1268 596 1304 619 se,
1325 592 1442 614 emerunt
1461 596 1554 623 agrum
1577 589 1654 624 figuli

865 628 892 655 in
917 630 1078 664 sepulturam
1101 632 1305 666 peregrinarum.
1340 633 1450 668 Propter
1472 634 1520 660 hoc
1547 640 1653 662 vocatus

864 680 903 702 est
929 683 991 711 ager
1021 676 1083 708 ille,
1114 677 1318 710 Acheldemach,
1341 681 1410 714 quod
1440 685 1478 706 est
1508 688 1571 715 ager
1589 689 1653 708 san-

864 721 963 756 guinis,
991 730 1072 757 usque
1098 723 1125 749 in
1148 723 1301 750 hodiernum
1322 725 1398 751 diem.
1430 724 1501 751 Tum:
1517 726 1651 759 impletum

863 771 901 791 est
915 766 984 800 quod
997 766 1098 793 dictant
1113 773 1152 793 est
1170 775 1216 802 per
1228 767 1372 794 Jeremium
1390 769 1544 803 prophetam
1563 770 1651 796 diceti-

865 817 917 838 tem
940 820 949 839 :
971 811 1006 839 Et
1028 818 1184 847 acceperunt
1211 814 1321 849 triginta
1354 819 1508 849 argenteos,
1536 817 1649 850 pretium

830 849 1023 893 Bappretiati,
1044 860 1114 894 quod
1133 860 1346 894 appretiarerunt
1369 870 1385 887 a
1406 861 1471 895 ﬁliis
1497 860 1597 894 Israel,
1624 867 1648 888 et

863 904 989 932 dederunt
1011 913 1054 932 eos
1074 906 1100 932 in
1120 913 1213 940 agrum
1228 905 1315 941 ﬁguli,
1340 907 1408 932 sicut
1430 907 1565 934 constituit
1584 908 1648 933 mihi

864 948 992 976 Dominus
1005 950 1038 978 ".
1054 949 1247 986 Respondeant
1261 952 1327 978 mihi
1343 953 1388 987 qui
1403 953 1436 978 de
1453 953 1558 979 naturis
1571 960 1651 987 quas-

861 996 924 1022 dam
948 995 1053 1024 l‘abulas
1078 997 1266 1030 introducunt,
1294 998 1484 1025 existimantes
1506 1006 1535 1026 se
1559 999 1649 1026 dicere

861 1049 936 1074 vera,
952 1046 979 1068 et
998 1050 1052 1069 non
1067 1047 1266 1078 cognoscentes
1279 1043 1350 1079 quod
1372 1051 1466 1071 eorum
1481 1044 1574 1079 opinio
1594 1044 1647 1070 ini-

861 1088 991 1122 quitatem
999 1088 1135 1116 Creatoris
1144 1094 1264 1123 aceusat,
1275 1089 1321 1124 qui
1334 1089 1397 1117 fecit
1405 1090 1527 1125 quaedam
1538 1090 1646 1124 quidem

860 1138 926 1161 vasa
955 1134 982 1161 in
1006 1134 1150 1167 honorem,
1173 1143 1227 1162 non
1249 1143 1282 1162 ex
1307 1144 1389 1163 causa
1416 1136 1524 1163 virtutis
1550 1143 1644 1163 eorum

859 1179 985 1208 ducentia
1006 1189 1054 1208 eos
1074 1181 1106 1208 ad
1123 1181 1269 1215 honorem;
1286 1182 1409 1217 quaedam
1427 1187 1518 1210 autem
1539 1183 1565 1209 in
1580 1190 1646 1210 con-

859 1227 1016 1259 tumeliam,
1042 1235 1095 1253 non
1122 1232 1231 1262 propter
1260 1232 1371 1262 peccata
1396 1235 1491 1255 eorum
1516 1227 1643 1255 ducentia

858 1281 904 1301 eos
929 1273 963 1300 ad
986 1273 1189 1300 contumeliam.
1222 1272 1250 1300 Si
1275 1273 1347 1301 cnim
1377 1274 1516 1309 perdibilis
1540 1279 1645 1301 natura)

858 1323 916 1346 erat
932 1317 1031 1350 ‘Judas,
1054 1318 1190 1353 quomodo
1217 1319 1403 1353 paenitentiam
1428 1323 1529 1346 tantam
1552 1326 1643 1346 susce~

857 1363 906 1398 pit,
920 1368 948 1390 ut
962 1371 1015 1390 non
1037 1363 1192 1391 vinceretur
1210 1363 1357 1399 cupiditate
1377 1364 1486 1398 triginta
1502 1368 1644 1398 argentcov

857 1417 929 1440 rum,
957 1414 1065 1444 propter
1089 1417 1172 1443 quam
1199 1408 1310 1444 impiam
1339 1409 1500 1443 proditionis
1523 1409 1643 1444 suscepit

857 1454 1018 1481 audaciam?
1049 1453 1078 1481 Si
1106 1454 1177 1481 enim
1204 1454 1238 1481 ad
1263 1455 1455 1489 proprietatem
1481 1458 1640 1481 naturarum

819 1518 840 1547 ε
857 1499 977 1527 referunt
993 1500 1064 1535 quod
1080 1504 1122 1527 est
1134 1500 1237 1527 dictum
1250 1500 1292 1526 ηε
1309 1499 1369 1526 Non
1381 1505 1464 1534 potest
1481 1501 1560 1527 arbor
1572 1501 1643 1527 mala

857 1545 938 1573 bonos
960 1546 1063 1580 fructus
1080 1545 1198 1580 proferre
1210 1565 1217 1577 ,
1233 1545 1334 1578 dicant,
1355 1545 1406 1572 nisi
1424 1545 1570 1572 bonitatem
1593 1546 1643 1572 ali—

856 1599 938 1626 quam
960 1590 1044 1626 spiret
1063 1600 1070 1618 :
1087 1595 1114 1617 et
1137 1590 1162 1618 si
1184 1598 1238 1617 non
1256 1589 1384 1624 pet-lecte,
1402 1598 1490 1625 neque
1505 1590 1576 1617 sicut
1596 1590 1642 1617 de-

856 1636 914 1664 buit
934 1644 1082 1664 conversus
1101 1635 1163 1664 fecit
1177 1635 1261 1663 Iudas
1278 1636 1329 1663 hoc
1351 1636 1440 1670 ipsum
1459 1637 1531 1670 quod
1551 1637 1643 1664 retulit

855 1682 964 1716 triginta
978 1687 1130 1718 argenteos,
1144 1682 1214 1708 unde
1225 1686 1266 1709 est
1278 1686 1304 1708 et
1315 1682 1387 1716 quod
1398 1682 1464 1708 dicit
1473 1689 1643 1716 cognoscens

854 1727 935 1762 915
952 1732 1091 1761 peceatum
1106 1733 1186 1753 suum
1203 1733 1209 1751 :
1232 1725 1343 1752 Peccavi
1360 1726 1467 1752 tradens
1479 1727 1635 1761 sanguinem

849 1773 953 1807 justum
973 1772 1010 1804 ’7;
1038 1772 1090 1798 nisi
1103 1779 1136 1798 ex
1153 1771 1222 1798 bona
1245 1770 1412 1804 plantatione
1436 1772 1536 1798 utentis
1547 1791 1554 1804 ,
1569 1777 1595 1798 et
1608 1779 1640 1798 ex

854 1817 1033 1845 seminatione
1047 1816 1156 1844 virtutis
1171 1824 1232 1850 qute
1250 1815 1384 1842 seminata
1404 1821 1446 1842 est
1461 1816 1487 1842 in
1501 1817 1575 1843 omni
1594 1825 1640 1844 ra-

853 1863 976 1891 tionabili
990 1863 1091 1894 anima,
1106 1870 1187 1897 quam
1198 1869 1251 1888 non
1263 1861 1346 1888 coluit
1358 1860 1454 1894 Judas,
1470 1866 1497 1889 et
1519 1863 1580 1890 ideo
1595 1871 1641 1890 ce-

853 1909 917 1936 cidit
933 1909 958 1935 in
976 1909 1027 1936 tale
1042 1913 1193 1943 peccatum.
1212 1906 1238 1934 Si
1256 1912 1346 1934 autem
1371 1911 1475 1934 naturze
1501 1909 1640 1942 pereuntis

852 1957 894 1980 est
910 1953 1010 1988 aliquis
1034 1953 1185 1982 hominum.
1202 1953 1261 1980 sine
1278 1951 1362 1979 dubio
1377 1952 1464 1987 magis
1481 1953 1638 1987 hujusmodi

852 2005 956 2027 natura:
977 1999 1114 2034 pereuntis
1143 1998 1192 2026 fuit
1208 2004 1234 2026 et
1254 1998 1348 2025 Judas.
1371 1997 1449 2030 Quod
1475 1999 1534 2026 sine
1554 1999 1638 2026 dubio

852 2045 936 2073 fuisse
951 2046 1102 2077 videretur,
1121 2045 1143 2072 si
1159 2045 1270 2072 tradens
1289 2045 1448 2080 sanguinem
1458 2045 1574 2079 justum,
1591 2050 1638 2072 aut

852 2100 905 2118 non
936 2091 1072 2118 retulisset
1097 2091 1228 2125 pecunias
1247 2091 1450 2119 condclectatus
1468 2091 1494 2118 in
1516 2091 1567 2123 eis,
1592 2097 1638 2119 aut

851 2137 977 2165 auferens
992 2145 1045 2164 non
1059 2137 1183 2170 dixisset,
1200 2137 1262 2172 quia
1278 2138 1381 2172 peccavi
1396 2138 1504 2165 tradens
1527 2138 1637 2173 sangui-

816 2185 910 2219 Dnein
936 2185 1051 2219 justum.
1082 2184 1111 2210 Et
1142 2184 1164 2211 si
1187 2183 1297 2218 quidem
1325 2188 1386 2218 post
1409 2184 1637 2211 resurrectionem

851 2231 997 2258 Christiex
1014 2230 1128 2258 mortuis
1148 2230 1260 2257 dixisset
1272 2229 1357 2257 Judas
1378 2238 1438 2265 qute
1458 2230 1542 2262 dixit,
1555 2229 1637 2257 forsi-

851 2282 896 2304 tan
913 2277 1097 2304 vcrisimiliter
1116 2280 1174 2303 erat
1190 2276 1351 2307 diccttdum,
1364 2276 1494 2310 quoniam
1506 2276 1638 2310 compulit

850 2331 912 2351 eum
927 2322 1057 2358 painiterc
1073 2323 1106 2349 de
1122 2321 1205 2354 facto,
1223 2326 1250 2348 et
1262 2321 1385 2349 confiteri
1395 2321 1430 2348 de
1445 2328 1496 2348 suo
1508 2326 1636 2356 peccato.

850 2368 907 2403 ipsa
921 2368 1008 2395 virtus
1029 2366 1238 2394 resurrectionis
1265 2366 1361 2400 ipsius.
1378 2365 1455 2393 Nune
1470 2371 1560 2392 autem
1573 2373 1636 2392 mox

851 2417 880 2440 ut
893 2413 959 2440 vidit
975 2420 1037 2439 eum
1056 2412 1183 2439 traditum
1196 2420 1256 2439 esse
1272 2411 1368 2444 Pilato,
1384 2415 1565 2445 compunctus
1580 2418 1636 2445 pte-

850 2460 931 2487 nituit
946 2468 953 2487 :
969 2459 1083 2486 forsitan
1115 2464 1205 2486 autem
1231 2462 1256 2485 et
1278 2457 1436 2484 recordatus
1452 2464 1483 2483 ca
1499 2463 1560 2490 qua:
1579 2456 1634 2484 fre-

849 2509 963 2539 quenter
972 2503 1054 2531 Jesns
1062 2503 1318 2537 dixeratdist-ipulis
1327 2501 1384 2529 suis
1391 2502 1424 2528 de
1437 2501 1634 2528 resurrectione

848 2558 897 2578 sua
913 2549 1013 2577 futura.
1032 2548 1132 2577 Vidcns
1147 2549 1228 2584 igitur
1244 2547 1328 2575 ludas
1343 2546 1556 2582 magnitudinem
1569 2546 1635 2573 faci-

847 2597 924 2624 noris
935 2597 988 2629 sui,
1003 2596 1130 2631 ptenituit
1146 2595 1266 2630 quidem,
1282 2598 1309 2622 et
1325 2595 1434 2621 locutus
1446 2601 1480 2620 ex
1499 2593 1633 2627 pmniten-

848 2644 883 2672 tia
896 2643 997 2676 cordis,
1019 2641 1161 2670 confessus
1171 2646 1213 2670 est
1229 2645 1369 2677 peccatum
1381 2647 1461 2667 suum
1472 2647 1504 2666 ex
1516 2647 1549 2666 eo
1560 2638 1633 2673 quod

846 2689 987 2718 tradiderit
1007 2687 1279 2724 sanguinemjustum
1295 2696 1302 2714 :
1320 2694 1373 2714 non
1392 2690 1482 2713 autem
1494 2690 1521 2712 et
1535 2692 1634 2712 secun-

819 2749 845 2778 9.
885 2749 907 2765 ⁸⁹
927 2747 999 2775 Psal.
1013 2755 1049 2780 tt,
1066 2747 1092 2774 3.
1132 2747 1155 2763 ”
1176 2745 1240 2772 Luc.
1266 2753 1330 2777 xm,
1346 2743 1389 2771 ιο.
1415 2743 1450 2780 ᾃ⁹¹
1472 2741 1589 2780 Psal.__n,

832 2784 856 2800 “
873 2783 939 2812 ibid.
963 2783 980 2810 5
997 2787 1024 2810 et
1043 2777 1122 2817 seqq.
1160 2782 1183 2798 “
1205 2780 1297 2808 Siuttlt.
1323 2787 1372 2812 Vtt,
1396 2778 1438 2806 i8.
1487 2777 1510 2794 "
1536 2777 1631 2804 Matth.

833 177 854 205 Α
