1839 3053
185 88 252 116 I761

767 83 930 113 ORIGENIS
948 82 981 111 ΙΝ
1001 82 1206 112 ΜΛτΤῐίκΕυΜ

1082 83 1206 112 Πικεωι
1766 90 1808 121 ins

179 149 244 174 dum
275 147 416 175 scientiam
440 146 583 181 pmuituit,
611 146 683 173 sicut
704 145 797 172 debuit
829 145 971 180 pmnitcre.
989 147 1010 175 Α
1028 146 1140 172 tentiam
1152 146 1179 172 in
1188 146 1302 173 salutem
1313 145 1444 173 stabilem
1461 150 1625 181 operatur;
1641 145 1688 172 sed
1704 152 1810 182 postquam

181 192 354 220 Existimavit
381 193 453 219 enim
480 192 628 227 prtevenire
647 192 673 218 in
696 195 784 217 morte
810 191 973 227 moriturum

181 239 359 275 Magistrum,
383 243 410 266 ct
439 246 582 266 occurrere
609 238 634 264 ei
648 245 710 265 cum
727 237 819 264 anima
837 238 908 264 nuda
923 255 930 268 ,
947 241 976 264 ttt

179 284 332 320 confitens,
364 284 532 320 deprecans,
563 283 779 310 misericordiam
812 287 972 310 mereretur.

180 331 294 366 Propter
317 331 388 366 quod
412 331 470 365 ipse
491 338 520 357 se
541 329 684 364 judicavit,
699 334 725 356 et
740 329 934 356 condemnavit
946 329 972 355 in

179 386 212 404 eo
225 377 297 412 quod
313 377 401 404 sciens
413 376 545 411 peccavit.
560 381 584 403 et
600 384 653 404 non
671 375 778 410 aspexit
793 376 818 402 in
836 376 888 402 hoc
899 375 972 410 quod

179 424 286 450 dixerat
298 423 348 450 Job
364 430 391 450 tn
415 423 497 450 tantis
512 422 637 449 cladibus
655 422 821 450 constitutus
837 429 843 447 :
864 421 974 448 Utinam

178 477 280 505 possem
304 477 344 495 me
357 469 516 504 interﬁcere,
533 473 579 494 aut
594 467 710 503 aliquem
723 476 815 503 rogare
830 472 857 494 ut
876 468 973 502 furem

179 515 244 541 milii
267 515 335 545 hoc:
350 522 399 541 nec
411 514 479 541 vidit
491 514 555 549 quia
580 522 633 541 non
656 514 784 541 convenit
799 521 907 541 servum
927 513 972 540 Dei

179 560 300 595 seipsum
316 560 453 595 expellere
467 560 499 587 de
515 561 564 586 hac
574 559 639 592 vita,
657 559 702 586 sed
716 564 875 594 exspectare
891 559 972 586 etiam

178 605 212 632 de
227 605 278 632 line
292 605 339 632 Dei
353 605 499 640 judicium.
516 604 664 632 Videamus
677 613 751 632 nunc
766 605 800 637 si,
817 605 889 640 quod
908 605 974 632 latet

179 650 291 682 multos,
304 650 357 678 loci
372 651 464 683 istius,
475 650 529 677 Deo
545 650 674 683 donante,
692 651 830 685 possimus
838 651 973 685 explicare

178 697 250 731 quod
268 697 370 723 dictum
386 701 427 723 est
441 706 447 723 :
468 695 564 723 fidem
579 701 668 723 autem
683 696 771 724 ludus
794 697 839 732 qui
859 697 973 724 tradidit

177 751 247 776 cum,
261 743 386 778 quoniam
397 743 586 770 condemnatus
597 748 645 774 est,
658 744 811 778 pauitantia
822 744 918 771 ductus
931 753 972 771 re-

177 789 238 815 tulit
259 789 369 824 triginta
395 793 532 824 argenteos
556 789 721 824 principibus
742 790 920 822 sacerdotum,
945 794 972 817 et

178 841 274 863 caetera
290 836 323 863 9‘.
345 835 373 863 Si
389 836 462 863 enim
479 837 610 871 scriptum
624 836 721 864 fuisset
736 841 796 871 post
808 837 970 863 sententiam

179 881 268 912 l‘ilati,
284 885 428 916 postquam
445 881 557 916 flagellis
576 881 779 909 cursumlesum
797 882 907 910 tradidit
922 881 971 909 Ju-

177 926 244 954 dicis
259 931 288 953 ut
301 927 492 962 eruciiigerent
502 936 563 955 eum
578 949 585 961 ,
603 928 674 963 quod
692 929 728 956 ita
745 928 854 956 fecisset
867 928 970 961 ludas,

179 973 246 1000 nihil
261 973 320 1000 sine
332 973 414 1000 dubio
430 973 586 1008 bujusmodi
602 982 789 1008 qutereremus
806 974 831 1001 in
847 982 880 1002 c0
897 975 971 1010 quod

178 1018 280 1045 dictum
307 1021 370 1046 est:
390 1018 484 1045 Viden;
509 1024 597 1046 autent
619 1020 681 1054 quia
708 1020 898 1047 condemnatus
921 1025 970 1047 est.

179 1064 256 1091 Nunc
270 1070 360 1091 autem
375 1065 515 1100 quomodo
530 1065 596 1092 vidit
607 1065 692 1094 Judas
700 1067 763 1101 quia
773 1066 971 1094 condemnatus

177 1111 239 1137 est?
255 1109 347 1145 Neque
365 1111 438 1138 enim
455 1111 545 1138 adhuc
560 1111 761 1139 condemnatus
779 1112 867 1139 fuerat
879 1111 970 1144 .lesus,

178 1164 266 1192 neque
278 1165 292 1184 a
308 1156 395 1184 Pilato
407 1157 604 1193 interrogatus.
620 1157 746 1185 Forsitan
763 1166 828 1193 ergo
841 1158 906 1185 dicit
923 1159 972 1186 ali-

178 1203 240 1238 quis
255 1202 308 1229 vim
329 1202 445 1236 faciens,
468 1203 599 1238 quoniam
622 1203 845 1231 consideratione
870 1205 971 1232 mentis

178 1257 235 1276 suae
250 1248 318 1276 vidit
341 1249 444 1276 exitum
467 1250 505 1276 rei
524 1249 588 1284 quia
606 1249 807 1277 condemnatus
829 1254 872 1277 est
887 1258 919 1277 ex
937 1257 970 1278 co

179 1294 251 1330 quod
268 1295 397 1321 traditum
417 1295 522 1329 aspexit
538 1303 552 1321 a
569 1294 739 1330 principibus
757 1296 928 1323 sacerdotum
945 1300 972 1323 et

179 1340 334 1368 senioribus
349 1341 446 1375 plebis.
460 1341 537 1368 Alius
552 1345 642 1368 autem
660 1341 731 1369 dicet
746 1342 797 1369 hoc
807 1343 970 1377 modoquod

179 1387 309 1421 scriptum
324 1391 363 1413 est
379 1396 385 1414 :
406 1386 502 1414 Vident
518 1393 606 1414 autem
620 1387 708 1414 ludas
731 1389 793 1422 quia
809 1389 970 1416 condemna-

180 1437 221 1458 tus
238 1438 295 1462 est,
315 1432 347 1458 ad
367 1432 455 1467 ipsum
472 1431 570 1460 Judam
591 1433 719 1460 refertur.
733 1433 802 1461 Cum
821 1435 893 1462 enirn
916 1440 971 1462 tra-

178 1477 312 1504 didissent
335 1477 429 1505 Jesum
446 1478 587 1513 principes
614 1479 788 1506 sacerdotum
805 1485 831 1506 et
849 1480 972 1507 seniores

179 1523 266 1558 plebis
278 1523 365 1550 Pilato
381 1529 445 1551 tunc
461 1525 548 1551 sensit
560 1525 661 1551 malum
673 1532 754 1552 suum
765 1523 851 1552 Judas
861 1546 869 1558 ,
883 1530 910 1552 ct
927 1526 969 1552 iit-

179 1569 282 1596 tcllexit
294 1571 423 1603 quoniam
438 1570 484 1604 qui
504 1571 566 1597 talia
585 1578 671 1597 ausus
689 1575 740 1601 est,
759 1571 818 1598 sine
833 1571 972 1606 dubioju-

178 1614 286 1641 dicatus
300 1619 326 1640 et
341 1614 540 1642 condemnatus
558 1623 572 1642 a
587 1615 642 1643 lico
655 1621 705 1644 est.
732 1615 857 1643 Forsitan
879 1621 903 1643 et
921 1616 973 1644 Sa-

179 1663 270 1690 tanas,
288 1659 333 1694 qui
357 1664 418 1694 post
438 1667 534 1694 panem
556 1660 701 1688 intinctum
720 1661 809 1688 fuerat
830 1662 970 1696 ingressus

178 1705 206 1731 in
224 1703 320 1731 Judain
334 1725 340 1736 ,
368 1710 467 1740 praesto
486 1705 535 1732 fuit
559 1706 600 1740 ei,
621 1707 708 1734 donec
721 1706 802 1734 Jesus
821 1707 972 1735 traderetur

180 1750 266 1777 Pilato
281 1760 287 1778 :
306 1757 449 1786 postquam
468 1752 531 1778 feeit
542 1751 615 1787 quod
632 1752 732 1786 voluit,
748 1753 860 1780 recessit
872 1753 906 1780 ab
920 1761 969 1786 eo;

179 1797 322 1824 recedente
337 1802 427 1828 autem
442 1798 562 1830 diabolo,
578 1798 743 1826 iutellexitct
762 1799 828 1825 vidit
839 1799 970 1833 quoniam

179 1842 288 1870 tradens
303 1843 463 1877 sanguinein
479 1844 585 1879 justum
599 1845 798 1872 condemnatus
820 1853 835 1872 a
852 1845 907 1872 Deo
918 1849 970 1878 est,

178 1893 204 1914 et
228 1889 315 1923 potuit
331 1889 482 1924 intelligere
500 1898 597 1918 sensus
615 1892 675 1924 ejus
689 1891 745 1925 jam
762 1899 863 1918 vacans
875 1897 902 1918 et
916 1900 970 1919 non

180 1934 283 1962 habens
294 1935 431 1962 diabolum
444 1941 602 1971 operantem
617 1937 643 1964 in
660 1945 698 1964 se.
715 1938 805 1964 Potuit
818 1945 894 1972 ergo,
913 1946 928 1964 a
943 1945 972 1965 se

179 1981 324 2008 recedente
341 1982 469 2014 diabolo,
487 1991 584 2018 capere
602 1983 792 2018 ptenitentiaiu
816 1988 842 2010 et
869 1983 971 2011 referre

179 2027 289 2061 triginta
306 2034 450 2061 argenteos
465 2028 508 2056 bis
523 2029 569 2064 qui
592 2029 723 2057 dederant
743 2037 790 2058 eos
816 2039 821 2057 :
842 2035 869 2057 et
883 2031 973 2065 potuit

178 2072 279 2104 dicere,
296 2073 439 2100 recedente
463 2074 589 2106 diabolo,
608 2075 680 2109 quod
707 2076 868 2111 priusquam
890 2076 925 2103 ab
938 2083 972 2103 eo

180 2116 334 2138 recederet,
352 2118 443 2138 dinam
461 2126 514 2138 nnn
538 2119 670 2138 nnlnicunt
706 2119 760 2138 Νμη
785 2121 856 2138 ους...
882 2093 1012 2138 adhunc

180 2116 336 2149 recederet,
352 2118 443 2145 dicere
461 2126 514 2145 non
538 2119 682 2153 potuisset.
706 2119 762 2148 Nec
785 2121 857 2148 enim
882 2122 972 2148 adhuc

181 2160 310 2209 implente
334 2162 443 2189 diabolo
471 2171 519 2190 cor
546 2164 606 2199 ejus
619 2166 707 2199 potuit
733 2166 824 2194 dicere
839 2175 845 2193 ε
860 2166 972 2195 Peccavi
988 2181 1010 2209 Β

180 2205 287 2232 tradens
316 2208 470 2242 sanguinem
487 2209 602 2243 justum.
623 2210 675 2238 Sed
698 2219 752 2238 non
778 2211 830 2239 hoc
855 2212 971 2241 dicimus

180 2252 309 2286 quoniam
328 2252 453 2281 diabolus
476 2255 604 2283 recedens
621 2256 655 2284 ab
668 2257 761 2292 aliquo
774 2258 820 2285 tali
832 2259 905 2294 ,jatn
924 2267 972 2287 ne-

179 2305 316 2333 quaquam
347 2299 372 2326 ei
390 2299 552 2334 insidiatur,
571 2302 617 2329 sed
636 2303 764 2331 observat
787 2304 884 2331 iterum
902 2308 972 2331 tem-

179 2351 241 2378 pus,
258 2344 280 2371 si
298 2345 416 2378 potuerit
432 2345 529 2373 iterum
539 2353 568 2373 se
577 2354 712 2381 apponere
728 2348 767 2380 ei;
781 2351 808 2375 et
825 2352 970 2382 postquam

179 2390 337 2424 cognoverit
350 2391 499 2418 secundum
512 2398 652 2426 peccatum
668 2400 748 2420 suum
760 2393 833 2428 quis,
846 2393 973 2420 observat

179 2436 260 2463 etiam
277 2437 362 2464 tertia:
385 2437 554 2473 deccptiouis
584 2439 673 2466 locum
692 2439 718 2465 in
738 2447 770 2466 eo
790 2438 925 2466 diabolus.
943 2439 973 2466 Si

180 2487 270 2509 autem
298 2491 367 2518 opus
386 2489 427 2511 est
443 2489 471 2511 et
481 2486 613 2519 exemplis
634 2485 688 2518 uti,
706 2485 847 2513 videamus
860 2485 887 2512 iu
907 2485 971 2520 Epi-

179 2529 251 2556 stula
265 2529 299 2556 ad
313 2529 470 2558 Corinthios
486 2531 572 2566 prima
586 2532 619 2565 ον,
632 2539 692 2558 eum
716 2532 762 2566 qui
787 2540 900 2559 uxorem
924 2533 972 2559 lia-

180 2573 239 2602 buit
264 2575 350 2610 patris
367 2585 373 2602 :
389 2583 438 2603 nec
466 2577 537 2604 enim
569 2578 596 2604 in
626 2577 783 2613 bujusmodi
803 2578 876 2604 malo
913 2578 972 2605 sine

181 2629 280 2656 magno
297 2628 378 2656 opere
393 2622 492 2650 diaboli
506 2624 594 2657 potuit
607 2631 677 2651 esse.
697 2623 734 2650 De
750 2631 805 2658 quo
820 2624 899 2657 _malo
914 2631 972 2658 pce-

181 2667 273 2699 nituit,
289 2668 360 2694 sicut
371 2666 513 2703 Scriptura
524 2669 580 2703 ipsa
594 2673 708 2696 tcst.:tnr
723 2669 742 2701 ‘,
755 2673 782 2696 et
796 2669 919 2696 tristatus
930 2672 972 2696 est

181 2713 320 2741 tristitiam
344 2714 495 2742 secundum
523 2714 605 2743 Deum
619 2737 627 2749 ,
646 2715 784 2742 tristitiam
801 2722 861 2749 qua:
887 2716 972 2750 [neni—

218 2780 240 2817 ξι
261 2781 325 2808 uitii.
343 2782 370 2808 δ.
410 2783 432 2799 η
455 2792 480 2817 v,
498 2784 520 2811 l.
563 2784 608 2812 tu
621 2783 683 2812 Cor.
701 2791 748 2816 vn,
763 2783 790 2817 9,
812 2783 852 2810 to.

410 2783 432 2799 η
455 2792 480 2817 v,
498 2784 520 2811 l.

183 2815 193 2830 ³
214 2815 281 2842 luan
309 2824 338 2849 II,
357 2817 396 2843 16.

911 2784 920 2800 ¹
947 2783 969 2811 ll
985 2783 1048 2811 Cor.
1068 2791 1096 2816 II,
1113 2783 1139 2812 7.

1031 193 1153 227 suscepit
1172 192 1329 227 liujusmodi
1348 192 1511 225 tristitiam,
1540 193 1682 228 apposuit
1698 193 1780 220 iterum
1794 205 1811 220 se

1026 237 1050 265 ei
1068 239 1203 269 diabolus,
1222 239 1416 274 volt-nsipsam
1438 239 1596 267 tristitiam
1619 240 1684 274 ejus
1696 248 1811 275 supranw

1027 283 1092 311 dum
1109 292 1286 320 exaggerare,
1306 289 1335 312 ut
1348 285 1406 320 jam
1418 293 1476 313 non
1491 291 1576 314 esset
1583 286 1738 313 secundum
1745 286 1812 315 Deum.

1027 332 1073 359 sed
1095 336 1124 359 ut
1144 332 1326 360 abundantior
1348 333 1419 360 facta
1436 333 1616 360 absorberet
1632 334 1813 362 tristantemsn

1027 385 1076 412 pra
1089 386 1247 406 mensuram
1264 383 1291 405 et
1306 378 1377 406 ultra
1389 387 1476 413 quam
1490 378 1608 406 tristari
1625 378 1745 412 deberet.
1759 385 1779 406 et
1789 380 1813 406 si:

1025 431 1087 451 eum
1114 424 1273 452 absorberet
1291 423 1410 452 Satanas
1434 424 1461 451 in
1481 424 1697 451 abundantiori
1722 425 1813 452 tristitia

1025 469 1103 502 Quod
1127 478 1351 506 prazcognoscens
1374 471 1548 506 Apostolus.
1568 471 1724 498 consilium
1741 471 1814 498 Corin-

1028 517 1092 544 tliiis
1109 517 1154 544 dat
1170 521 1199 544 ut
1222 517 1387 544 confirment
1402 517 1579 545 charitatem
1604 517 1636 544 in
1655 525 1734 549 eum,
1748 518 1814 544 dicens

1025 564 1182 599 liujusmodi
1199 572 1310 591 causam
1329 575 1335 592 :
1356 563 1389 590 Ut
1403 573 1447 596 ne,
1462 565 1575 599 inquit,
1587 564 1775 591 abundantiori
1784 566 1816 591 tri-

1024 610 1099 637 stitia
1127 610 1300 637 absorbeatur
1326 610 1372 645 qui
1393 611 1559 645 hujusmodi
1584 616 1629 637 est
1646 611 1670 636 ⁸.
1688 610 1744 638 Non
1763 612 1813 638 enim

1023 656 1159 684 versutias
1174 656 1233 690 ejus
1249 655 1417 691 ignoramus.
1442 655 1589 682 Similiter
1613 656 1723 690 aliquid
1742 656 1814 682 factum

1023 707 1065 730 est
1078 706 1102 729 et
1116 702 1143 729 iu
1158 701 1227 729 Juda
1245 701 1291 736 qui
1310 701 1421 728 tradidit
1445 700 1547 729 Jesum
1562 710 1570 734 ;
1585 706 1618 729 et
1635 701 1781 729 secundum
1793 703 1812 728 5':-

1024 747 1204 775 militudinem
1223 747 1296 774 illius
1315 747 1433 774 tristitiae
1451 755 1516 782 quae
1533 747 1739 782 patuitcntiam
1755 747 1776 773 in

1024 793 1108 820 lutctn
1126 793 1250 820 stabilem
1263 797 1401 827 operatur,
1414 793 1548 819 tristatus
1561 796 1592 819 et
1611 793 1689 827 ipse,
1702 798 1815 827 postqqu

1023 838 1182 873 poenitentia
1191 837 1289 864 ductus
1299 842 1351 869 est,
1364 837 1456 864 retulit
1472 837 1597 871 triginta
1610 842 1759 873 argenteos
1767 839 1809 871 prie

1023 882 1131 918 cipibus
1144 882 1317 910 sacerdotum
1330 883 1425 910 dicens
1442 891 1448 909 :
1467 881 1594 909 Peccavi
1613 883 1728 909 tradens
1739 884 1810 917 magn

1023 936 1078 954 nem
1090 927 1195 962 justum
1207 928 1217 943 ³
1230 937 1236 955 :
1247 927 1318 962 quod
1334 928 1424 963 ipsum
1439 928 1625 962 pmnitentia:
1648 934 1726 961 erat,
1746 934 1768 955 et
1782 929 1815 955 tri-

1022 973 1102 1000 stitiae
1124 973 1263 1000 salutaris.
1288 971 1341 1000 Sed
1372 973 1436 1008 quia
1461 981 1622 1008 nunquam
1645 974 1762 1000 servavit
1783 981 1815 999 mi

1023 1026 1116 1049 suum,
1146 1026 1235 1053 neque
1257 1019 1395 1053 sapienter
1421 1019 1556 1046 tristatus
1579 1024 1641 1052 est,
1660 1019 1709 1046 sed
1723 1021 1815 1053 suscepit

1022 1065 1250 1092 abundantiorem
1267 1065 1405 1092 tristitiam
1421 1073 1436 1092 a
1449 1065 1567 1092 diabolo
1584 1066 1646 1092 sibi
1661 1066 1814 1093 submissum.

1022 1110 1069 1144 qui
1085 1110 1172 1137 voluit
1189 1118 1250 1137 eum
1264 1111 1413 1138 absorbere
1434 1111 1460 1138 in
1484 1111 1700 1138 abundantiori
1714 1113 1814 1141 tristitia,

1023 1155 1085 1182 ideo
1099 1155 1222 1183 referens
1237 1161 1380 1191 argenteos
1395 1157 1457 1184 illos
1472 1157 1501 1183 in
1514 1157 1675 1192 templum,
1692 1158 1780 1185 abiens
1793 1159 1814 1183 l2-

1022 1208 1093 1236 queo
1108 1209 1138 1229 se
1154 1202 1305 1236 suspendit.
1324 1203 1351 1229 Si
1367 1202 1441 1229 enim
1458 1209 1618 1237 postquam
1642 1204 1736 1230 retulit
1754 1211 1815 1237 Vca-

1023 1247 1108 1279 niam,
1127 1247 1305 1275 etconfessus
1320 1253 1362 1275 est
1380 1255 1409 1275 se
1427 1256 1565 1282 peccasse
1580 1257 1619 1276 eo
1637 1250 1714 1283 qqu
1729 1249 1814 1275 tradidit

1023 1295 1184 1330 sanguinem
1205 1294 1322 1329 justum,
1339 1303 1394 1321 non
1417 1295 1514 1322 abiens
1532 1296 1642 1330 laqueo
1670 1304 1702 1323 5e
1723 1304 1814 1330 susp-azi-

1022 1342 1118 1372 disset,
1133 1340 1180 1367 sed
1196 1341 1286 1368 locum
1303 1340 1472 1375 poenitentiae
1481 1342 1678 1376 requisiisset,
1689 1347 1717 1368 et
1730 1347 1814 1376 lenitis

1022 1386 1190 1422 pmnitentia:
1204 1386 1386 1416 observasset.
1411 1385 1531 1413 forsitan
1547 1391 1573 1412 ct
1598 1386 1754 1413 invenisset
1769 1394 1814 1412 σει-ι

1022 1430 1068 1465 qui
1087 1430 1156 1457 dixit
1169 1429 1180 1444 ⁸
1197 1440 1203 1456 :
1224 1428 1287 1456 Vivo
1307 1437 1364 1464 ego,
1380 1431 1508 1464 quoniam
1529 1430 1621 1466 916
1641 1431 1707 1457 nolo
1726 1439 1814 1456 maris:

1024 1476 1254 1510 peccatoris,sicut
1262 1476 1444 1511 paenitentiam
1452 1476 1520 1509 ejus.
1530 1475 1590 1511 Ego
1600 1482 1699 1503 autent
1709 1478 1815 1503 exisse:

1024 1522 1155 1557 quoniam
1170 1526 1197 1549 et
1218 1521 1307 1556 majus
1324 1521 1428 1556 aliquid
1446 1522 1481 1548 de
1496 1519 1650 1548 Salvatore
1677 1522 1815 1556 intelliges;

1023 1566 1117 1600 Judas,
1135 1574 1189 1594 non
1214 1566 1279 1593 alibi
1303 1566 1419 1600 projccit
1433 1565 1546 1601 triginta
1567 1571 1724 1601 argenteos
1738 1567 1784 1593 nisi
1797 1574 1813 1590 μς

1024 1613 1167 1648 templum,
1181 1612 1227 1639 ubi
1250 1612 1355 1639 sciebat
1378 1611 1526 1639 Dominum
1544 1612 1667 1646 cjeeisse
1680 1613 1715 1639 de
1730 1612 1817 1646 temp‘o

1024 1665 1089 1685 oves
1103 1663 1129 1685 et
1144 1658 1237 1690 boves,
1252 1662 1279 1684 et
1291 1657 1395 1685 dixisse
1410 1657 1602 1685 venditoribus
1613 1658 1815 1685 columbarum.

1026 1702 1122 1730 Tollite
1135 1704 1189 1729 hac
1200 1702 1271 1735 hinc,
1290 1708 1314 1729 et
1335 1703 1418 1728 tto/ite
1434 1702 1522 1736 facere
1535 1702 1650 1728 donum:
1667 1702 1762 1729 Patris
1778 1704 1817 1728 uni

1023 1749 1131 1775 domum
1149 1748 1336 1783 negotiationis
1352 1748 1372 1774 ³.
1393 1747 1468 1774 Satis
1483 1755 1549 1782 ergo
1569 1748 1728 1783 desperans
1746 1756 1778 1774 ex
1797 1755 1817 1773 ξ

1024 1795 1097 1829 quod
1121 1794 1251 1821 intellein
1277 1794 1494 1829 magnitudinem
1517 1794 1560 1821 sui
1577 1794 1818 1829 peecati,j:uaes

1024 1845 1167 1875 argenteos
1184 1840 1245 1867 illos
1259 1840 1285 1866 in
1311 1840 1458 1874 templum,
1475 1840 1543 1866 abiit
1553 1844 1582 1867 et
1601 1841 1706 1875 laquea
1724 1849 1755 1868 se
1766 1849 1815 1867 sus-

1024 1886 1126 1920 pendit.
1149 1886 1322 1920 Accipieutes
1340 1889 1432 1913 autem
1458 1891 1605 1921 argenteos
1629 1887 1712 1918 illos,
1735 1887 1816 1912 nine-

1023 1935 1083 1958 runt
1097 1931 1199 1966 aliquid
1227 1931 1377 1966 legitimum
1395 1931 1555 1962 observare,
1578 1936 1606 1958 ct
1631 1939 1690 1958 non
1714 1933 1815 1958 uniter:

1024 1985 1071 2004 eos
1087 1977 1113 2004 in
1131 1985 1172 2004 con
1180 1977 1290 2009 bonam,
1311 1978 1356 2004 ubi
1372 1977 1435 2004 data
1458 1979 1553 2012 populi
1571 1983 1689 2012 propter
1705 1978 1815 2004 necessl~

1024 2027 1093 2050 tates
1120 2030 1271 2058 pauperum
1300 2023 1542 2058 congregabantur
1561 2032 1568 2050 :
1585 2024 1734 2058 sanguinis
1753 2023 1814 2050 suis

1024 2069 1141 2106 pretium
1158 2069 1270 2104 impium
1285 2069 1482 2096 existimabant.
1496 2069 1557 2096 mitt
1578 2078 1608 2096 re
1620 2069 1648 2096 in
1664 2070 1814 2097 turbatum.

1024 2114 1137 2150 Propter
1158 2115 1230 2150 quod
1252 2114 1398 2141 consilium
1430 2115 1617 2149 accipientes,
1647 2121 1814 2149 comparat";~

1025 2166 1089 2188 runt
1104 2169 1136 2188 ex
1153 2160 1321 2196 pecuniailla
1331 2161 1512 2196 agrutnliguli
1531 2166 1556 2188 et
1566 2162 1712 2196 operantis
1727 2162 1811 2188 lutum

1027 2207 1163 2233 Videbaut
1177 2207 1249 2233 enim
1274 2207 1404 2242 queuiant
1425 2206 1498 2233 circa
1519 2212 1647 2233 mortuos
1669 2207 1812 2241 magism

1026 2253 1170 2288 pecuniam
1183 2253 1362 2280 conveniebat
1375 2252 1505 2287 expendi,
1519 2257 1547 2279 et
1557 2252 1632 2279 «:izca
1651 2252 1743 2279 locum
1757 2260 1813 2279 nuer-

1027 2302 1136 2325 tuorum
1156 2303 1183 2325 et
1202 2298 1358 2333 sepulturae,
1373 2298 1506 2332 quoniam
1534 2299 1657 2333 pretium
1685 2298 1812 2332 sanguine

1026 2349 1094 2377 erat,
1109 2352 1190 2379 quam
1211 2345 1236 2370 in
1249 2344 1368 2370 corbona
1387 2348 1435 2370 aut
1453 2343 1480 2370 in
1494 2343 1588 2378 aliqua
1602 2345 1767 2371 necessitate
1778 2343 1814 2369 bs-

1025 2395 1111 2417 nesla.
1128 2390 1180 2417 Sed
1205 2390 1268 2424 quia
1294 2394 1321 2416 et
1334 2390 1405 2416 inter
1421 2390 1481 2416 loca
1498 2394 1678 2416 mortuorum
1699 2389 1812 2416 din‘cns-

1026 2437 1069 2463 tiat
1083 2440 1147 2463 Suttl.
1163 2445 1169 2462 :
1188 2436 1317 2469 quoniam
1335 2435 1413 2462 multi
1433 2436 1546 2470 quidem
1565 2436 1720 2462 scentulum
1734 2441 1811 2461 vom-1

1026 2482 1181 2517 optabiliter
1205 2481 1375 2516 sepeliuntur
1392 2482 1419 2508 in
1445 2483 1636 2519 monumentis
1653 2483 1712 2509 suis
1738 2486 1813 2516 pater

1026 2529 1079 2561 nis,
1092 2529 1202 2563 quidam
1233 2532 1323 2554 autem
1350 2531 1464 2562 propter
1493 2529 1631 2562 quasdam
1658 2529 1813 2556 εθιᾶιιιέιδιςξ

1025 2574 1221 2610 frequenterin
1249 2573 1402 2608 peregrinis
1427 2575 1619 2602 monumentis
1634 2575 1811 2610 sepe-lantur;

1026 2621 1087 2648 ideo
1104 2619 1270 2655 accipientes
1277 2619 1394 2654 pretium
1408 2620 1557 2655 sanguinis
1568 2619 1650 2652 Jesu,
1662 2622 1703 2647 usi
1719 2625 1812 2646 saltet:

1026 2667 1060 2694 ad
1072 2667 1304 2701 comparationem
1320 2665 1378 2700 agri
1393 2665 1468 2700 figuli
1484 2665 1606 2700 alicujus
1617 2687 1624 2698 ,
1643 2672 1675 2694 ut
1690 2667 1715 2693 in
1730 2673 1761 2692 eo
1777 2671 1809 2697 ιιι

1026 2712 1127 2749 regi-ini
1145 2719 1198 2740 mou
1206 2711 1245 2738 tui
1264 2711 1444 2746 sepeliantur,
1464 2719 1520 2738 non
1536 2712 1692 2739 secundum
1715 2715 1809 2737 vatim.

1194 2782 1205 2798 ³
1224 2780 1320 2809 Matth.
1337 2789 1424 2814 uvu,
1442 2780 1470 2809 4.
1511 2780 1523 2797 ⁸
1543 2779 1643 2808 Ezecb.
1666 2786 1759 2810 xum,
1777 2776 1806 2802 ll.
