1839 3053
11 125 87 153 I769

11 186 62 213 sed
81 187 236 215 secundum
253 196 347 216 casum
363 189 480 224 aliquem
497 191 663 218 contrarium
678 191 730 219 hoc
745 199 808 226 pro-

11 237 169 260 met-entes.
184 233 212 260 Si
229 238 319 261 autem
335 239 362 262 et
379 235 538 269 peregrinos
556 236 716 269 spiritaliter
728 237 807 264 intel—

11 277 101 312 ligere
115 278 254 312 convenit,
271 280 429 315 peregrinos
447 280 565 308 dicimus
586 288 646 309 esse
657 282 702 316 qui
721 289 807 317 usque

11 323 45 349 ad
64 324 149 350 linem
166 325 288 352 extranei
301 329 365 352 sunt
378 333 393 352 a
409 325 464 353 Deo
477 327 645 362 etperegrini
657 331 804 355 testamen-

11 374 110 396 torum
119 369 190 405 ejus.
205 370 284 398 Tales
299 372 381 406 igitur
390 373 525 407 peregrini
540 373 695 408 hujusmodi
707 374 807 402 habent

11 414 112 447 linem,
131 420 162 443 ut
177 415 204 444 in
219 423 285 452 agro
301 417 374 451 ﬁguli
389 419 566 453 sepeliantur,
583 420 629 454 qui
645 420 732 454 pretio
743 428 807 448 san-

11 460 110 494 guinis
123 464 166 488 est
177 468 361 497 comparatus.
376 463 443 491 Nam
458 464 525 499 justi
550 469 615 493 sunt
632 466 680 500 qui
695 466 804 494 dicunt:

11 505 176 540 Donsepulti
194 515 291 541 sumus
301 508 409 536 Christo
421 509 447 536 in
460 517 531 537 novo
545 516 722 539 monumento
733 513 804 547 quod

11 551 140 579 axeisum
163 553 279 581 habetur
302 554 328 581 in
352 559 446 589 petra,
462 555 488 582 in
508 561 687 584 monumento
703 557 804 590 dolato,

11 597 59 624 ubi
94 598 217 626 nondum
244 600 389 634 quisquam
409 607 580 629 mortuorum
606 603 712 638 positus
726 609 767 632 est
784 604 804 630 ⁸.

11 641 66 675 Qui
75 649 169 670 autem
179 652 265 679 usque
281 645 315 672 ad
327 645 407 673 ﬁnem
415 647 548 682 peregrini
562 653 625 675 sunt
637 655 652 675 a
661 648 770 676 Christo
780 654 807 676 et

11 687 97 714 alieni
111 695 126 715 a
139 688 206 720 Deo,
223 689 315 717 dicent
330 690 389 718 sine
404 691 487 718 dubio
499 699 715 728 consequenter:
731 694 804 722 Con-

11 733 117 767 ;epulti
131 740 228 761 smnus
242 736 391 769 peregrinis
406 736 432 763 in
446 744 511 771 agro
522 737 596 772 ﬁguli
610 739 747 772 operantis
762 740 805 766 lu-

11 783 86 810 tum,
110 780 156 814 qui
183 781 269 815 pretio
284 782 426 817 sanguinis
448 788 490 811 est
516 790 702 820 comparatus,
718 790 745 813 et
760 794 806 813 su-

11 832 79 852 mus
106 825 132 852 in
153 833 219 860 agro
237 827 282 861 qui
303 836 367 863 ager
390 830 532 864 sanguinis
554 831 721 858 nominatur.
751 832 804 859 Sed

585 128 914 158 COMMENTARIORUM
936 129 1066 158 SERIES.

1574 134 1643 162 1771)

855 192 984 220 dubitans
997 193 1102 220 Pilatus
1117 193 1292 229 interrogavit
1306 193 1398 221 dicens
1414 202 1420 220 :
1435 194 1474 221 Tu
1489 202 1515 221 cs
1535 202 1580 221 rex
1590 194 1642 220 Ju-

854 237 994 266 dworum}
1008 238 1047 265 Ad
1070 246 1151 273 quam
1174 239 1415 274 interrogationem
1439 240 1512 273 quod
1539 239 1640 274 putavit

854 290 915 312 esse
938 283 1090 311 condecens
1116 285 1266 318 respondit,
1287 285 1381 312 dicens
1399 293 1407 312 :
1425 284 1463 311 Tu
1480 285 1558 312 dicis.
1580 285 1613 312 Et
1628 293 1642 312 a

859 324 982 359 principe
1007 325 1116 359 quidem
1148 324 1318 350 sacerdotum
1336 324 1476 358 adjuratus
1497 328 1527 351 ut
1543 324 1644 352 diceret

859 370 882 397 si
896 369 952 404 ipse
960 374 1001 397 est
1014 370 1140 397 Christus
1150 368 1235 396 Filius
1246 368 1302 400 Dei,
1320 369 1521 404 respondit:Tu
1533 370 1644 401 dixisti;

859 422 875 441 a
889 414 975 443 Pilato
991 419 1080 441 autem
1097 415 1278 449 interrogatus
1291 424 1297 441 :
1313 414 1351 441 Tu
1361 423 1387 441 es
1400 423 1446 441 rex
1465 414 1619 442 Jnda'orum
1633 416 1645 442 .’

860 461 1017 496 respondit:
1034 460 1072 487 Tu
1084 461 1150 487 dicis
1179 460 1244 487 Vide
1270 461 1506 495 interrogationes.
1525 461 1576 488 nisi
1599 461 1643 488 illa

859 506 967 541 quidem
987 507 1161 542 interrogatio
1180 515 1185 533 :
1203 506 1234 533 Si
1248 511 1275 532 tu
1290 515 1315 532 es
1328 506 1448 533 Christus
1470 506 1558 532 Filius
1576 506 1644 539 Dei,

857 551 979 579 Iudaica:
995 552 1171 579 conveniebat
1197 559 1335 586 personat;
1358 551 1480 578 Romano
1496 556 1584 579 autem
1598 552 1644 586 jn-

858 598 912 625 dici
931 597 1029 625 dicenti
1054 597 1228 632 interrogatm
1237 598 1277 629 ie,
1291 597 1348 632 jam
1364 605 1417 624 non
1433 607 1439 624 :
1457 597 1497 624 Tu
1514 605 1544 625 es
1561 597 1644 624 Chri-

859 648 929 676 stus,
945 644 1008 670 scd:
1033 642 1071 670 Tu
1088 652 1115 670 es
1134 651 1179 670 rex
1196 643 1374 670 Jttdworum?
1387 642 1438 676 Qui
1454 647 1545 671 autem
1567 649 1645 671 caute

859 689 1014 716 considerat
1029 689 1103 723 ipsos
1122 689 1211 723 apices
1229 689 1445 724 cvangelicorum
1469 697 1624 716 sermonum
1636 710 1643 722 ,

859 734 960 762 videbit
981 736 1110 770 quoniam
1130 735 1256 769 princeps
1278 735 1386 769 quidem
1408 735 1579 762 sacerdotum
1594 735 1644 762 du—

859 781 975 808 bitanter
989 782 1058 809 divit
1077 791 1082 808 :
1102 780 1131 809 Si
1142 787 1169 808 tu
1185 789 1211 807 es
1224 779 1344 807 Christus
1358 780 1445 807 Filius
1459 780 1516 808 Dei.
1529 780 1559 808 Si
1571 782 1642 808 enim

858 826 961 861 syllaba
976 826 1173 853 dubitationem
1186 826 1408 860 interrogationis
1423 826 1553 854 ostendit.
1571 826 1643 853 Pila-

11 870 148 903 ]uoniatn
160 872 233 906 quod
248 877 310 908 post
321 873 378 901 haec
391 874 457 902 dicit
467 876 632 910 evangelista
645 885 651 902 :
670 876 742 903 Tunc
754 878 797 904 im-

890 880 901 899 s
927 877 1017 900 autem
1042 872 1243 906 pronuntiative
1264 881 1270 898 :
1290 871 1328 898 Tu
1355 881 1381 898 es
1406 881 1452 899 rex
1469 872 1642 900 Judteorum.‘

11 916 117 943 oletum
129 922 167 944 est
179 919 248 953 quod
259 919 359 947 dictum
371 920 459 955 [uerat
471 929 517 956 per
531 921 684 949 .Ierentium~
695 923 806 958 prophe-

11 967 70 989 tam
93 963 233 995 dicentem,
247 969 300 993 etc.
316 966 416 994 ".inter
432 974 463 994 ca
476 975 537 1002 quae
552 970 652 1002 scripta
665 973 738 1001 sunt,
751 977 805 997 non

11 1008 157 1036 invenitur
173 1010 224 1037 hoc
234 1009 473 1039 Jeremiasalicubi
486 1013 663 1048 prophetasse
681 1014 708 1041 in
728 1015 806 1043 libris

11 1054 86 1088 suis,
106 1056 153 1089 qui
169 1056 210 1083 vel
226 1057 253 1084 in
266 1056 395 1086 Eeclesiis
409 1059 546 1094 leguntur,
565 1059 605 1087 vel
619 1061 689 1095 apud
698 1060 806 1090 Judaaos

11 1100 193 1134 referuntur;
210 1103 232 1130 si
245 1103 308 1138 quis
322 1108 412 1132 autem
425 1109 513 1139 potest
528 1106 609 1138 scire,
622 1107 746 1136 ostendat
760 1108 806 1136 ubi

11 1146 52 1172 sit
68 1147 202 1181 scriptum
217 1156 224 1175 :
239 1149 366 1183 suspicor
383 1154 557 1178 auterrorcm
571 1158 632 1179 esse
647 1151 804 1188 Scripturat,

11 1197 40 1218 et
54 1199 106 1226 pro
118 1192 250 1220 Zacharia
262 1195 380 1228 positum
393 1195 550 1230 Jercmiam,
562 1201 676 1226 autesse
685 1199 804 1234 aliquam

11 1242 151 1265 secretam
165 1238 290 1267 Ieremia!
301 1241 464 1276 scripturam
476 1242 502 1269 in
524 1251 578 1278 qua
597 1243 736 1272 scribitur.
751 1243 806 1273 τι-

11 1284 50 1311 lis
73 1289 116 1311 est
132 1290 223 1311 autem
241 1289 332 1313 textus
347 1287 418 1322 apud
432 1287 593 1316 Zachariam
605 1289 616 1306 ⁸
632 1291 804 1325 prophetam.

11 1328 50 1356 Et
66 1328 156 1356 dicant
167 1330 201 1356 ad
223 1338 265 1358 eos
278 1339 287 1358 :
304 1331 335 1359 Si
346 1332 442 1359 bonum
457 1339 495 1360 est
508 1334 536 1360 in
547 1340 685 1369 conspectu
697 1340 781 1363 vestro
795 1356 802 1369 ,

11 1375 78 1402 date
95 1377 238 1403 mercedem
251 1385 335 1404 meam
347 1398 355 1412 ,
375 1383 422 1405 aut
443 1379 586 1414 ubnegate;
608 1388 634 1407 et
653 1385 804 1409 statuerunt

11 1421 161 1448 mercedem
181 1431 265 1449 meum
281 1424 392 1459 triginta
408 1430 556 1460 argenteos.
573 1425 608 1452 Et
627 1427 695 1454 dixit
712 1427 804 1455 Domi-

11 1476 64 1494 nus
87 1468 121 1494 ad
138 1477 177 1495 me
188 1477 198 1495 :
212 1469 315 1504 Depone
325 1479 368 1497 eos
383 1471 411 1498 in
423 1472 567 1506 fornacem,
580 1477 605 1498 et
625 1473 682 1499 vide
701 1474 724 1500 si
741 1482 803 1508 pro-

11 1516 77 1542 bum
93 1522 142 1548 est,
164 1517 231 1544 sicut
248 1518 374 1552 probatus
387 1527 445 1545 sum
469 1527 516 1554 pro
526 1519 574 1546 eis.
592 1518 625 1545 Et
641 1521 739 1554 accepit
756 1521 804 1547 tri-

11 1562 91 1595 ginta
121 1567 267 1596 urgcnteos,
293 1568 317 1590 et
339 1564 411 1590 misit
434 1572 478 1590 eos
490 1565 517 1590 in
528 1565 633 1590 domum
653 1564 760 1591 Domini
776 1565 803 1591 in

11 1607 160 1640 fornacem.
179 1606 207 1634 Si
222 1613 311 1635 autem
331 1609 388 1635 haec
406 1609 500 1636 dicens
514 1609 613 1643 aliquis
627 1609 803 1638 existimatu:

11 1651 165 1684 oﬂ‘endere,
178 1653 267 1680 videat
280 1661 314 1681 ne
328 1653 427 1681 alicubi
445 1654 472 1681 in
488 1654 599 1681 secretis
609 1653 734 1682 Jeremiat
751 1655 804 1682 hoc

11 1697 205 1732 prophetatur,
223 1700 312 1728 sciens
322 1701 452 1735 quoniam
477 1705 505 1728 et
524 1700 671 1735 Apostolus
686 1701 804 1735 scriptu-

11 1750 61 1769 rus
75 1744 208 1777 quasdam
230 1749 397 1772 secretorum
417 1747 536 1780 profert,
555 1745 627 1774 sicut
638 1745 703 1773 dicit
719 1746 804 1773 alicu-

11 1789 40 1815 bi
53 1789 64 1804 ⁹
81 1789 174 1821 :Ouod
196 1790 287 1818 oculus
310 1799 362 1818 non
382 1792 459 1825 vidit,
474 1799 519 1819 nec
539 1792 612 1819 auris
636 1792 759 1824 audivit;
775 1793 802 1820 in

11 1836 92 1862 nullo
105 1836 177 1862 enim
194 1837 309 1871 regulari
324 1837 394 1864 libro
404 1837 456 1864 hoc
465 1838 581 1872 positum
595 1838 740 1870 invenitur,
750 1838 803 1865 nisi

11 1882 41 1908 in
67 1883 181 1910 secretis
196 1883 261 1910 Elia
278 1884 425 1919 prophetat.
447 1884 511 1911 Item
527 1884 600 1918 quod
613 1884 651 1910 ait
667 1884 688 1899 ‘°
703 1893 708 1910 :
726 1883 803 1911 Sicut

11 1928 124 1954 Iamttes
139 1935 163 1955 et
179 1929 308 1956 Mambres
321 1930 473 1957 restiterunt
489 1929 586 1965 Moysi,
601 1937 653 1957 non
666 1930 803 1957 invenitur

11 1975 40 2001 in
58 1974 175 2009 publicis
191 1975 344 2009 scripturis,
362 1976 408 2002 sed
423 1976 449 2002 in
470 1976 538 2003 libro
552 1979 671 2008 secreto,
685 1976 732 2010 qui
755 1983 802 2003 su-

11 2019 194 2054 prascribitur
214 2019 322 2047 Jtttmtes
345 2026 368 2047 et
392 2020 523 2047 Mambres
545 2020 619 2047 liber.
641 2019 718 2047 Unde
740 2020 801 2047 ausi

11 2070 78 2092 sunt
93 2065 203 2100 quidatn
229 2066 375 2101 Epistulam
391 2068 423 2094 ad
449 2066 622 2093 Timotheum
650 2066 800 2101 repellere,

11 2111 93 2146 quasi
111 2111 252 2138 habentem
274 2113 301 2139 in
322 2120 351 2139 se
370 2117 473 2139 textum
489 2112 606 2146 alicujus
625 2112 733 2145 secreti,
753 2112 800 2139 sed

11 2165 67 2184 non
91 2161 244 2191 potuerunt.
260 2157 378 2185 Primam
392 2163 482 2184 autem
498 2157 648 2192 Epistolam
658 2157 690 2184 ad
703 2157 800 2185 Corin-

11 2203 97 2235 thios,
114 2207 223 2237 propter
237 2204 288 2231 hoc
303 2204 419 2238 aliquem
443 2203 577 2231 relutasse
602 2203 681 2238 quasi
698 2203 800 2231 adulte-
815 2215 836 2240 ι)

11 2250 112 2279 rinam,
128 2247 161 2274 ad
177 2256 257 2275 aures
272 2256 346 2276 meas
363 2256 500 2282 nunquam
516 2248 647 2282 pervenit.

47 2293 109 2320 HS.
126 2293 204 2320 Iesus
226 2299 314 2320 autem
329 2295 400 2321 stetit
423 2299 483 2320 ante
506 2293 656 2327 prazsidem.
672 2292 705 2319 Et
717 2292 798 2319 inter-

11 2340 114 2374 rogavit
126 2347 184 2365 eum
195 2347 302 2373 prteses,
317 2341 404 2366 dicens
418 2346 426 2365 :
440 2338 479 2365 Tu
502 2347 528 2365 es
550 2346 596 2364 res:
618 2337 773 2365 Judteorum
787 2338 799 2364 2’

11 2385 88 2411 Dixit
102 2385 126 2410 ci
138 2384 215 2411 Iesus
228 2393 237 2411 :
250 2385 288 2411 Tu
303 2385 369 2411 ditis
383 2386 413 2413 “.
437 2385 503 2412 Vere
516 2384 596 2412 Jesus
605 2392 658 2410 non
676 2383 797 2417 rapinam

11 2430 157 2457 arbitratus
170 2435 207 2456 est
219 2439 274 2457 esse
287 2439 314 2457 se
328 2431 456 2465 (aqualem
472 2431 523 2457 Deo
537 2431 568 2455 ¹¹.
580 2428 613 2456 Et
627 2436 681 2455 non
702 2428 796 2460 semel,

11 2477 57 2504 sed
70 2476 227 2512 frequenter
242 2486 290 2512 pro
303 2479 433 2506 omnibtts
447 2478 566 2512 scipsutn
584 2476 746 2504 humiliavit.
764 2475 797 2502 Et

11 2530 84 2549 mute
99 2530 164 2556 ergo
179 2523 261 2556 judex
272 2524 354 2551 totius
368 2528 499 2551 creaturae
520 2524 684 2551 constitutus
705 2531 718 2549 a
747 2522 798 2549 Pa-

11 2575 61 2601 tre,
91 2567 163 2602 [tege
187 2577 279 2603 regum
304 2575 329 2597 et
355 2569 469 2596 Domino
487 2569 672 2602 dominorum,
694 2568 754 2596 vide
770 2577 795 2595 Ill

11 2618 142 2648 quantum
158 2621 187 2641 se
203 2614 357 2642 humiliavit
377 2619 407 2641 ut
424 2615 609 2650 acquiesceret
635 2619 707 2641 stare
734 2617 797 2640 ante

11 2660 127 2691 iudicam
142 2664 207 2687 tunc
220 2665 298 2688 terra:
309 2660 420 2692 Judtete,
436 2665 464 2687 et
477 2665 590 2688 vocatus
613 2661 796 2694 interrogatus

11 2710 50 2733 est
72 2705 331 2741 interrogationem,
351 2714 432 2741 quam
458 2706 571 2734 forsitan
597 2706 723 2734 deridens
748 2711 796 2732 aut

43 2788 54 2804 ⁶
72 2786 152 2814 Rom.
167 2793 205 2817 vt,
225 2787 259 2817 ις
273 2786 353 2815 Joan.
368 2794 426 2817 xIx.
446 2787 491 2814 tl.
529 2786 538 2802 "
555 2785 647 2813 Matth.
668 2792 751 2815 χχιιι,
769 2784 796 2811 9.

11 2825 29 2839 ”
48 2823 142 2850 Matth.
159 2829 244 2854 xxv",
265 2822 309 2849 ll.
349 2822 369 2838 “
387 2822 483 2856 Philip.
505 2829 536 2851 It.
554 2821 580 2847 6.

11 2868 25 2889 ι,
45 2861 72 2885 8.

170 2906 294 2934 I'A'rnm.
329 2905 386 2933 (in.
410 2905 493 2934 Xlil.

836 2784 847 2799 "
862 2793 901 2813 ιι.
919 2785 951 2811 12
964 2788 989 2811 et
1009 2791 1087 2819 seqq.

627 2821 648 2836 ”
663 2820 757 2847 Matth.
775 2827 860 2848 xxvu.
875 2821 921 2847 24.

858 917 993 950 Quoniam
1024 922 1113 945 autem
1143 917 1342 952 pronuntiatch
1372 918 1424 946 hoc
1443 917 1641 952 dixitPilatus,

859 964 922 991 illud
938 971 1047 999 quoque
1062 964 1206 992 conﬁrmat
1218 964 1290 998 quod
1309 964 1390 991 etiam
1406 964 1470 991 alibi
1489 965 1642 999 suprascri-

857 1009 897 1037 bit
911 1010 938 1037 in
950 1010 1036 1043 titulo,
1055 1009 1109 1036 Rem
1119 1009 1286 1042 Jndtcorum,
1313 1009 1339 1035 in
1361 1010 1448 1038 tribus
1462 1010 1572 1045 linguis,
1591 1010 1643 1036 ".1-

857 1055 960 1088 braice,
978 1055 1080 1089 Grmcc,
1098 1061 1124 1083 ct
1153 1055 1257 1088 Latine,
1278 1060 1307 1082 ut
1328 1055 1442 1088 Hebraei,
1458 1060 1484 1083 et
1495 1056 1581 1083 Grzcei
1594 1079 1601 1089 ,
1616 1061 1642 1084 ct

858 1100 974 1128 Romani
994 1104 1205 1136 cognoscerent,
1229 1099 1359 1135 quoniam
1374 1105 1401 1127 et
1420 1099 1524 1127 Pilatus
1541 1101 1642 1128 scielzat

856 1153 919 1173 eum
943 1153 1032 1182 regem
1048 1145 1204 1173 Iudaeorum
1234 1153 1304 1173 esse.
1320 1145 1433 1180 Propter
1442 1146 1513 1180 quod
1531 1152 1641 1180 apparet

857 1200 919 1220 eum
932 1200 985 1227 qua
1002 1193 1150 1220 reverentia
1168 1191 1322 1226 requirebat
1337 1192 1368 1219 de
1380 1191 1456 1224 Jrsu,
1469 1197 1495 1219 et
1512 1200 1643 1227 provoca-

859 1240 904 1267 bat
917 1240 998 1274 917
1015 1239 1144 1274 populum
1167 1243 1196 1265 ut
1215 1238 1307 1265 Jcsum
1334 1239 1420 1273 magis
1446 1239 1479 1266 ad
1503 1239 1643 1267 dimitten-

857 1284 922 1312 dum
939 1289 1061 1320 peterent
1085 1291 1166 1319 quam
1180 1283 1340 1310 liarabbam.
1361 1282 1528 1311 Reverentia:
1552 1289 1640 1311 autem

856 1330 936 1358 Pilali
951 1330 1016 1357 illud
1033 1329 1116 1357 etiam
1134 1328 1185 1356 fuit
1208 1328 1333 1362 signum,
1348 1328 1420 1363 quod
1436 1328 1530 1355 lavans
1545 1336 1642 1355 manus

857 1384 920 1404 suas
934 1375 1001 1403 dixit
1015 1385 1021 1402 :
1034 1374 1162 1401 Innoccns
1175 1381 1221 1408 ego
1232 1380 1290 1398 sum
1302 1381 1317 1398 a
1339 1373 1466 1407 sanguine
1486 1372 1564 1407 hujus
1576 1381 1585 1399 :
1597 1381 1641 1399 vos

856 1422 972 1450 videritis
988 1421 1021 1448 η.
1036 1420 1114 1453 Quod
1135 1424 1224 1446 autem
1243 1419 1312 1445 dixit
1330 1419 1363 1445 ad
1379 1419 1527 1453 principem
1547 1426 1639 1446 sacer-

856 1468 948 1495 dotum
967 1475 974 1494 :
990 1466 1029 1493 Tu
1042 1465 1147 1497 dixisti,
1172 1464 1369 1492 dubitationem
1388 1464 1447 1498 ejus
1471 1464 1579 1499 oblique
1596 1473 1641 1491 ar-

856 1521 941 1548 guens
956 1512 1102 1540 convincit.
1120 1510 1153 1538 Et
1167 1511 1240 1545 quod
1258 1511 1296 1537 ait
1306 1510 1393 1537 Pilato
1407 1519 1414 1537 :
1432 1509 1470 1536 Tu
1486 1510 1564 1543 dicis,
1580 1518 1643 1538 scn-

856 1558 967 1586 tentiam
982 1557 1041 1592 ejus
1055 1555 1416 1591 pronuntiantisconﬁrmat.
1427 1555 1535 1582 Marcus
1550 1560 1640 1583 autem

855 1611 904 1639 pro
920 1613 927 1630 :
944 1602 974 1630 Si
988 1607 1016 1629 tu
1029 1611 1055 1629 es
1068 1601 1189 1629 Christus
1203 1600 1290 1627 Filius
1304 1600 1371 1634 Dei,
1384 1601 1424 1628 sic
1442 1601 1566 1629 scribit“
1580 1611 1585 1628 :
1601 1600 1640 1628 Tu

855 1657 881 1676 es
893 1648 981 1675 Filius
992 1647 1150 1675 Benedicti?
1166 1646 1291 1673 Forsitan
1312 1650 1359 1673 aut
1370 1645 1435 1672 illud
1450 1646 1522 1681 quod
1536 1646 1642 1681 simpli-

855 1695 922 1722 citer
936 1694 1067 1728 scriptum
1081 1698 1133 1725 est,
1151 1697 1198 1720 aut
1210 1693 1262 1719 hoc
1275 1692 1347 1726 quod
1365 1691 1535 1725 dubitanter,
1549 1693 1642 1720 nescio

856 1741 879 1767 si
895 1748 950 1767 non
966 1740 1097 1766 mendosa
1115 1738 1233 1765 habeant
1248 1737 1414 1772 exemplaria
1425 1757 1432 1770 ,
1450 1744 1512 1764 cum
1533 1737 1642 1764 debuis-

855 1791 916 1814 sent
942 1786 1023 1813 ambo
1048 1784 1188 1820 aequaliter
1215 1783 1305 1810 dicere
1322 1791 1330 1810 :
1346 1781 1375 1810 ὅτι
1398 1786 1425 1809 ιιι
1448 1789 1474 1809 es
1487 1801 1494 1814 ,
1514 1787 1581 1809 aut:
1602 1782 1641 1809 Tu

853 1841 890 1859 es.

890 1878 951 1906 119.
979 1877 1012 1904 Et
1038 1885 1096 1904 cum
1121 1880 1291 1903 accusaretur
1306 1884 1321 1902 α
1340 1875 1502 1910 principibus
1517 1875 1639 1902 sacerdo-

854 1929 909 1951 tum
935 1929 960 1951 et
981 1923 1129 1951 senioribus
1152 1922 1246 1958 plebis,
1270 1921 1336 1948 nihil
1359 1922 1539 1956 respondebat.
1566 1921 1638 1948 Tunc

852 1970 921 1997 dixit
937 1971 961 1996 ei
977 1969 1081 1996 Pilatus
1094 1977 1104 1995 .'
1121 1967 1182 1995 Non
1201 1968 1277 1994 audis
1293 1972 1393 2002 quanta
1413 1968 1537 1994 adversus
1553 1972 1577 1994 te
1594 1968 1638 1994 di-

852 2021 914 2043 cunt
931 2015 1099 2043 testimonia?
1113 2014 1147 2041 Et
1163 2022 1215 2041 non
1230 2013 1361 2048 respondit
1382 2014 1406 2040 ei
1422 2013 1505 2040 ullunt
1521 2013 1636 2042 verbum.

852 2063 890 2090 ita
906 2067 933 2089 ut
950 2062 1093 2088 miraretur
1108 2069 1203 2095 praises
1228 2061 1388 2087 vehementer
1404 2060 1436 2086 “‘.
1455 2059 1574 2087 Judaictc
1594 2059 1637 2085 lit-

852 2114 916 2136 terte
931 2107 1078 2136 occidentis
1091 2106 1206 2134 ministri
1219 2111 1244 2133 et
1258 2106 1389 2138 seniores,
1403 2105 1449 2132 ﬁlii
1464 2110 1528 2133 sunt
1542 2113 1636 2146 eorum

852 2153 1024 2181 sacerdotum
1044 2156 1071 2179 et
1085 2151 1222 2180 seniorum
1248 2151 1294 2185 qui
1315 2155 1513 2178 accusaverunt
1532 2150 1636 2181 Jcsum.

853 2197 1054 2224 accusationem
1076 2203 1171 2223 eorum
1195 2203 1282 2229 usque
1306 2203 1378 2222 nunc
1403 2195 1600 2233 suscipientes.
1611 2200 1638 2221 et

851 2248 1011 2272 accusantes
1031 2241 1135 2269 Iesum.
1162 2240 1310 2275 Propterea
1327 2245 1502 2275 permanente
1516 2242 1555 2268 eis
1579 2242 1638 2276 ipso

851 2293 973 2324 peccato,
989 2293 1015 2315 et
1030 2287 1209 2322 praeveniente
1228 2294 1275 2314 eos
1288 2287 1371 2313 semel
1390 2287 1441 2319 ira,
1462 2295 1549 2321 usque
1566 2287 1592 2313 in
1607 2287 1638 2314 li-

853 2343 912 2362 nem
927 2334 1016 2361 adhuc
1032 2334 1174 2368 patiuntur
1190 2336 1345 2366 operatores
1363 2332 1424 2366 ipsi,
1440 2332 1560 2359 derelicti
1574 2341 1636 2359 cum

851 2381 950 2415 populo
963 2379 1090 2406 universo
1104 2377 1172 2404 sicut
1189 2377 1386 2404 tabernaculum
1401 2377 1426 2402 in
1443 2378 1635 2410 cuctunerario,

851 2431 875 2453 et
893 2426 961 2452 sicut
974 2425 1066 2451 civitas
1080 2431 1138 2458 qua:
1157 2427 1322 2458 expugnatur
1335 2423 1365 2448 *⁸.
1383 2422 1533 2449 Accusatus
1545 2429 1635 2450 autem

850 2472 941 2503 Jesus,
965 2471 1036 2498 sicut
1057 2475 1122 2498 tunc
1141 2469 1209 2496 nihil
1223 2469 1372 2503 respondit,
1387 2469 1427 2496 sic
1442 2473 1470 2496 et
1491 2469 1570 2497 modo
1584 2471 1629 2498 ad<

851 2525 946 2545 versus
971 2517 1160 2544 accusationes
1177 2515 1291 2542 istorum
1316 2515 1487 2542 sacerdotum
1503 2520 1529 2542 et
1546 2517 1634 2543 senior

852 2573 911 2592 rum
926 2564 994 2591 nihil
1016 2562 1164 2597 respondit.
1181 2562 1264 2588 Tacet
1280 2561 1352 2588 enim
1375 2561 1416 2588 eis
1433 2560 1551 2588 Verbum
1574 2561 1634 2594 Dei,

850 2615 877 2639 et
887 2611 944 2645 jam
962 2618 1015 2637 non
1034 2609 1149 2636 audiunt
1171 2607 1284 2634 verbum
1310 2606 1369 2638 Dei,
1393 2608 1465 2635 sicut
1487 2608 1634 2642 aliquando

850 2656 950 2684 factum
969 2655 1056 2682 fuerat
1071 2656 1103 2682 ad
1124 2653 1279 2688 prophetas,
1302 2657 1329 2679 et
1348 2653 1375 2679 in
1398 2654 1635 2682 consummatime

853 2702 1015 2730 saeculorum
1040 2709 1104 2728 caro
1128 2700 1214 2727 lactus
1236 2704 1289 2731 est,
1304 2703 1330 2726 et
1345 2699 1476 2726 habitavit
1499 2700 1526 2726 in
1544 2699 1632 2726 nobis.

1134 2784 1144 2800 ’
1161 2783 1169 2809 Ι
1188 2783 1251 2810 Cor.
1270 2791 1299 2816 ιι,
1316 2782 1342 2810 9.
1383 2783 1404 2799 "
1421 2783 1443 2810 ll
1459 2783 1528 2810 Tim.
1548 2791 1589 2814 tu,
1605 2784 1631 2810 8.

969 2819 988 2834 "
1005 2818 1060 2851 xxv,
1075 2819 1119 2845 6i.
1160 2818 1182 2833 ”‘
1196 2818 1290 2845 Matth.
1307 2826 1392 2850 χχιιι,
1409 2818 1442 2845 12
1458 2819 1501 2845 14.
1542 2819 1564 2834 ¹¹
1581 2818 1632 2845 lsa.

1380 2903 1417 2932 336
