1839 3053
187 98 248 124 1771

766 95 928 126 caucasis
949 95 981 123 ea
1004 93 1209 126 narrarem
1414 69 1421 71 ζ
1669 99 1681 110 κ

1741 89 1789 117 εττε

184 158 215 185 Et
229 164 281 190 non
305 157 370 184 solis
385 157 550 192 principibus
573 157 744 185 sacerdotum
767 163 794 185 ct
806 159 959 186 senioribus
976 158 995 186 Λ
1012 162 1040 184 ut
1053 157 1173 184 solvatur
1191 164 1205 183 a
1219 154 1448 183 condemnatione
1462 151 1585 187 peccati,
1596 149 1712 177 maxime
1721 155 1788 176 ante:

183 203 267 235 plebis
286 202 354 230 falsa
369 203 562 230 accusantibus
577 211 629 230 non
643 203 792 238 respondit,
811 204 856 231 sed
875 210 962 238 neque

183 249 278 279 Pilato,
292 249 421 283 quoniam
437 249 544 276 volebat
564 257 626 276 eum
652 249 748 276 audire
774 249 960 277 defendentem

181 301 210 321 se
231 299 323 321 contra
345 295 534 321 accusationes
557 303 651 322 eorum
678 295 831 323 mendaces.
848 295 962 328 Quando

183 339 254 366 enim
271 339 338 365 dixit
353 339 376 364 ei
400 337 502 366 Pilatus
519 344 579 374 post
599 340 785 367 accusationes
809 341 961 375 principum

183 382 351 410 sacerdotum
368 387 395 409 et
411 382 548 409 seniorum
565 391 571 409 ε
593 382 651 409 Non
673 383 748 409 audis
762 389 861 418 quanta
877 388 900 410 te
915 391 961 410 ac-

183 431 273 452 cusant
299 426 340 452 ‘7?
368 433 455 460 neque
481 426 530 460 ipsi
555 427 704 461 respondit.
725 427 779 454 Nec
803 428 874 455 enim
903 432 962 454 erat

181 471 290 507 dignum
311 473 474 506 respondere
490 473 531 499 vel
548 473 682 500 dubitanti
698 478 788 500 utrum
805 473 901 501 debeat
915 474 962 501 ad-

181 524 274 544 versus
289 517 477 544 accusationes
497 525 590 544 eorum
607 518 690 545 falsas
706 519 881 553 respondere.
906 519 962 546 lloc

179 560 298 587 diximus
314 568 366 587 non
383 561 458 588 obliti
474 561 545 595 quod
561 562 663 588 dictum
679 567 721 590 est
738 563 771 590 de
787 563 884 594 Pilato.
898 564 961 598 quia

179 606 220 632 vel
245 611 410 632 momentum
437 606 544 640 aliquod
569 607 713 642 benignum
740 616 802 644 erga
823 610 960 637 Christum

180 650 304 677 habebat.
321 649 376 677 Hoc
393 651 465 677 enim
489 659 581 678 verum
597 659 657 679 esse
673 653 706 680 de
729 653 815 681 Pilato
837 662 870 682 ex
887 656 960 682 omni

179 696 334 724 narratione
357 698 416 732 ejus
439 698 601 725 ostenditur.
614 697 673 725 Non
691 704 779 726 autem
795 700 885 727 dicere
900 701 961 735 quis

177 743 296 776 audebit,
318 744 446 778 quoniam
471 752 630 778 permanens
648 750 674 772 et
689 746 795 773 ﬁrmum
816 751 874 773 erat
889 747 914 774 in
929 755 961 775 eo

177 789 211 814 de
231 788 338 815 Chrile
358 789 501 823 judicium.
521 789 691 817 Trahebatur
707 792 779 818 enim
796 797 823 819 et
838 793 871 819 ad
895 801 960 820 con-

177 833 260 860 traria
280 843 286 860 :
304 839 443 869 propterea
458 841 483 861 et
506 843 578 862 nunc
602 836 717 863 trahenti
742 837 775 864 ad
798 838 957 866 deteriorem

177 878 331 912 opinionem
347 879 477 907 Dominus
493 888 545 907 non
564 882 712 916 respondit,
726 885 889 918 contemptis
902 893 959 912 0m-

177 924 258 951 nibus
284 932 344 958 quae
363 925 434 952 dicta
459 925 565 952 fuerant
584 927 610 953 in
633 929 835 956 accusationem
862 930 957 964 ipsius.

177 968 289 996 Miratus
303 974 344 996 cst
357 975 445 997 autem
461 970 564 999 Pilatus
579 974 761 1000 constantiam
775 974 851 1009 ejus;
877 975 957 1002 forsi-

177 1020 221 1042 tan
243 1016 332 1043 sciens
354 1017 492 1051 quomodo
517 1018 630 1046 idoneus
654 1024 725 1047 esset
741 1022 916 1055 pronuntiare
932 1026 958 1049 et

175 1061 311 1088 remittere
328 1062 439 1093 crimen,
457 1063 570 1090 miratus
587 1068 629 1091 est
651 1065 744 1092 videns
764 1073 826 1092 eum
843 1067 869 1093 in
883 1071 958 1093 tran-

174 1106 257 1141 quilla
278 1112 305 1134 et
327 1108 416 1142 quieta
438 1109 575 1143 sapientiae
592 1111 732 1143 gravitate,
751 1115 778 1138 et
800 1111 956 1140 inturbabili

173 1159 236 1179 eum
262 1152 365 1187 judicio
392 1157 473 1186 stare,
497 1154 523 1181 in
551 1163 604 1189 quo
625 1156 657 1182 ad
682 1160 796 1183 mortem
812 1157 956 1191 periclitari

173 1197 381 1225 existimabatur
396 1199 429 1225 ab
443 1199 485 1226 his
503 1200 547 1234 qui
567 1199 675 1227 fuerant
690 1201 737 1234 ibi,
751 1206 778 1228 et
792 1202 887 1229 fortior
899 1207 958 1230 erat

173 1242 291 1270 humana
316 1249 424 1276 natura,
445 1249 471 1271 et
491 1246 565 1272 omni
588 1245 648 1280 ejus
671 1247 827 1275 inﬁrmitate
851 1248 957 1275 volente

174 1289 322 1315 obtundere
346 1289 473 1315 virtutem
490 1290 602 1324 spiritus
619 1291 689 1325 ejus,
705 1299 758 1319 non
776 1298 865 1320 autem
889 1300 957 1327 prae-

172 1332 277 1360 valente
293 1333 380 1361 facere
401 1334 461 1361 hoc.
479 1334 555 1367 Quod
574 1340 663 1363 autem
680 1337 809 1370 script-um
832 1341 883 1369 est,
901 1345 954 1365 non

172 1378 260 1405 solum
278 1378 369 1405 mirari
382 1378 510 1412 Pilatum,
525 1380 571 1406 sed
587 1381 666 1407 etiam
684 1382 762 1409 valde
775 1382 878 1416 mirati,
894 1390 954 1409 Ino-

172 1427 215 1450 vet
228 1431 271 1450 me
284 1429 310 1450 ut
323 1424 486 1456 existimem,
505 1425 633 1459 quoniam
649 1426 761 1462 dignum
776 1428 801 1454 ei
815 1427 955 1456 videbatur

172 1476 270 1505 magno
282 1469 423 1502 miraculo,
434 1475 462 1496 ut
475 1470 612 1499 exhibitus
624 1472 657 1499 ad
668 1473 810 1500 criminale
820 1474 953 1509 judicium
967 1481 991 1512 ο

171 1512 295 1541 Christus
316 1515 487 1542 inturbabilis
504 1521 636 1549 maneret,
651 1523 677 1544 et
695 1522 780 1545 staret
795 1524 858 1546 ante
881 1527 954 1547 mor-

171 1563 223 1586 tem
236 1567 295 1593 quae
307 1559 376 1594 apud
391 1568 485 1588 omnes
497 1561 621 1589 homines
631 1563 760 1591 terribilis
771 1564 952 1592 existimatur.

205 1603 266 1630 1‘20.
280 1603 332 1630 Per
344 1602 412 1630 diem
424 1608 509 1631 autem
522 1605 661 1632 solemnem
674 1613 842 1635 consueterut
857 1616 953 1642 praeses

169 1650 299 1676 dnnittere
314 1649 408 1684 popqu
422 1657 502 1676 unum
522 1651 636 1678 vinctum
659 1661 734 1687 quem
757 1654 899 1683 voluissent
919 1656 950 1683 ’³.

168 1695 226 1722 Νοη
239 1695 344 1723 mireris
358 1695 381 1722 si
396 1695 484 1723 adhuc
499 1697 678 1731 primordium
695 1699 797 1728 habens
813 1701 952 1730 Romanus

169 1743 336 1777 principatus
355 1744 381 1771 in
395 1744 445 1776 eis,
462 1749 486 1771 et
507 1745 612 1771 noviter
630 1744 732 1774 Iudicis
751 1746 847 1781 jugum
864 1749 952 1776 susci-

169 1787 304 1822 pientibus
319 1788 515 1820 Romanorum,
536 1790 600 1824 quia
622 1789 752 1817 donatum
768 1796 826 1818 erat
850 1791 951 1820 ludatis

168 1837 197 1860 ut
213 1833 238 1860 in
252 1834 423 1861 solemnitate
438 1834 557 1869 paschali
575 1839 696 1870 peterent
714 1844 796 1864 unum
810 1845 889 1872 quem
904 1846 951 1865 vo-

167 1878 289 1911 luissem,
305 1881 430 1914 quamvis
453 1881 526 1908 mille
547 1881 702 1909 homicidiis
719 1883 853 1912 obnoxius
875 1885 950 1913 vide-

166 1929 249 1951 retur.
265 1923 310 1951 Sic
322 1925 393 1952 enim
407 1925 537 1960 quasdam
551 1926 651 1960 gratias
663 1931 791 1961 praestant
804 1934 897 1964 gentes
909 1930 949 1958 eis

165 1976 234 2003 quos
257 1969 405 2004 subjiciunt
420 1970 481 2002 sibi,
498 1970 583 1998 donec
597 1971 776 2000 conﬁrmetur
797 1981 879 2008 super
901 1982 948 2003 eos

165 2013 256 2048 iugum
271 2014 403 2049 ipsorum.
420 2015 521 2053 Tamen
533 2017 704 2045 consuetudo
719 2018 776 2046 haec
790 2019 947 2048 absolvendi

166 2059 246 2086 vincti
270 2060 319 2086 fuit
341 2061 487 2094 aliquando
509 2065 537 2088 et
559 2061 629 2096 apud
651 2061 770 2091 Judaaos.
792 2063 859 2091 Nam
883 2073 945 2092 cum

165 2103 229 2130 Saul
252 2104 418 2132 decrevisset
430 2109 459 2132 ut
473 2113 506 2132 ne
520 2105 582 2141 quis
597 2107 731 2142 acciperet
746 2108 848 2142 cibum,
862 2109 947 2137 Jona-

992 208 994 210 '
1016 203 1039 230 si
1059 202 1168 237 quando
1185 202 1282 228 habeat
1304 200 1466 235 perditionis
1484 203 1588 225 cetera
1607 202 1701 230 opera,
1718 195 1747 221 ad
1759 196 1790 221 le-

1013 247 1200 275 ncfaciendum
1224 251 1314 273 autem
1344 244 1477 271 Ecclesiae
1506 243 1628 277 impiger
1659 241 1696 267 sit
1729 239 1789 266 Tata

1012 294 1084 320 enim
1100 292 1220 320 invenies
1235 299 1306 326 ωερε
1327 291 1353 317 in
1370 289 1533 324 potentibus
1551 286 1730 315 constitutos,
1741 286 1790 311 alias

1012 339 1121 374 quidem
1134 342 1302 373 peccatores,
1315 341 1405 362 tamen
1418 343 1470 370 pro
1483 332 1666 363 Christianis,
1680 336 1790 366 quantum

1013 384 1142 419 possibile
1155 383 1194 410 eis
1207 387 1258 414 est,
1283 381 1369 408 multa
1389 384 1512 415 agentes.
1538 378 1697 406 Adduceris
1718 382 1789 403 autem

1013 429 1100 464 magis
1115 429 1148 456 ad
1163 427 1356 463 requirendum
1371 426 1447 456 talia,
1461 426 1486 452 si
1499 425 1638 452 rationem
1655 423 1733 450 habet
1745 423 1791 449 ido-

1014 484 1091 503 neam
1109 475 1181 510 quod
1199 475 1280 501 etiam
1301 473 1383 500 lsrael
1404 479 1455 506 pro
1476 472 1532 498 vita
1554 470 1790 497 Nabuchodonosor

1012 527 1038 549 et
1055 521 1197 548 Balthasar
1217 520 1263 546 ﬁlii
1286 520 1344 554 ejus
1360 518 1446 546 Deum
1470 518 1568 545 orabat
1592 517 1629 543 ¹⁰.
1650 516 1704 543 Sed
1718 516 1789 542 hocsi

1013 568 1118 594 videtur
1141 567 1220 593 alicui
1238 566 1350 601 dignum
1369 564 1561 599 requisitione,
1578 562 1715 597 requiret.
1729 561 1789 594 Quot

1012 617 1100 639 autem
1116 611 1291 638 manifestum
1310 614 1363 642 est,
1377 617 1475 636 omnes
1497 615 1599 636 curare
1615 612 1757 636 tentemus,
1769 610 1790 632 ut

1011 665 1044 684 ex
1056 657 1210 692 petentibus
1224 656 1396 683 inveniamur
1409 662 1482 686 esse,
1498 659 1524 681 et
1543 654 1569 680 in
1589 653 1693 680 ordine
1713 660 1789 679 eorum

1011 703 1058 738 qui
1082 703 1150 729 bene
1167 701 1303 732 vixerunt,
1322 700 1409 735 magis
1423 707 1507 734 quam
1522 705 1555 725 ex
1573 698 1631 725 illis
1646 705 1698 732 pro
1709 698 1790 732 quilsts

1013 749 1113 784 petitur
1129 748 1207 782 quasi
1222 754 1273 781 pro
1284 746 1442 773 hominibus
1453 745 1543 772 malis.
1557 744 1630 771 Nam
1646 744 1700 771 etsi
1714 750 1790 770 conca

1011 794 1091 821 datur
1107 793 1206 828 aliquis
1222 797 1347 827 peccator
1359 791 1393 818 ad
1409 798 1505 826 preces
1525 789 1674 822 Ecclesia,
1689 797 1741 815 non
1759 795 1790 814 ta-

1011 847 1072 867 men
1091 840 1195 873 justum
1211 843 1252 865 est
1267 837 1381 872 gloriam
1403 841 1430 864 et
1453 835 1656 863 beatitudinem
1675 834 1790 868 consequi

1009 892 1072 912 eum
1093 885 1139 919 qui
1156 882 1311 918 huiusmodi
1332 887 1383 914 est,
1396 881 1496 909 suﬁicit
1511 880 1587 908 enim
1600 880 1680 914 quod
1696 887 1711 905 a
1725 886 1790 913 pem

1009 929 1164 956 dimittitur.
1197 927 1322 954 Arbitror
1351 930 1442 953 autem
1476 930 1589 959 propter
1619 924 1707 951 istum
1732 924 1789 950 diem

1010 974 1107 1001 festum
1118 972 1274 1000 Judzeorum
1288 972 1314 998 in
1329 978 1386 1006 quo
1399 970 1538 997 Barabbas
1552 970 1588 996 ad
1603 969 1692 996 vitam
1703 970 1790 996 electus

1008 1024 1061 1051 est,
1088 1019 1216 1046 Christus
1242 1022 1332 1045 autem
1360 1016 1507 1052 neglectus,
1536 1015 1626 1049 918
1659 1015 1789 1041 Dominum

1008 1064 1098 1091 dicere
1112 1070 1159 1097 per
1172 1061 1331 1096 propincum
1346 1061 1367 1075 ἰ
1391 1069 1398 1086 :
1413 1059 1533 1092 Jejuuia,
1549 1064 1575 1085 et
1590 1058 1691 1091 ferias,
1707 1063 1730 1084 et
1746 1057 1789 1083 dia

1009 1109 1089 1144 festo:
1102 1112 1200 1136 castra:
1212 1108 1268 1134 odit
1281 1106 1370 1132 anima
1382 1113 1439 1132 mea
1449 1113 1459 1136 ;
1473 1109 1500 1131 et
1513 1103 1580 1138 quia
1597 1103 1692 1137 magis
1704 1102 1790 1130 solem-

1009 1155 1120 1182 nitatem
1132 1161 1212 1187 agere
1229 1153 1372 1179 voluerunt
1383 1158 1446 1178 cum
1462 1150 1570 1177 latrone
1585 1149 1709 1176 dimisso
1719 1156 1789 1182 quam

1007 1208 1068 1227 cum
1084 1198 1158 1226 Iesu.
1172 1198 1252 1225 Verbi
1265 1197 1350 1231 gratia
1363 1196 1451 1224 dicam
1466 1204 1474 1223 :
1490 1195 1520 1222 Si
1531 1195 1659 1230 egissent
1673 1194 1789 1221 solemni-

1008 1249 1089 1272 tatem
1110 1248 1182 1270 rccte
1201 1243 1270 1270 sicut
1290 1241 1390 1270 .Iosias.
1414 1245 1461 1268 aut
1476 1240 1579 1275 aliquis
1597 1239 1701 1266 similis
1722 1240 1756 1269 ei,
1769 1244 1789 1264 et

1007 1290 1068 1317 data
1086 1289 1126 1316 eis
1143 1288 1238 1316 fuisset
1252 1295 1332 1322 quctn
1352 1287 1451 1313 Vellent
1465 1285 1574 1320 petendi
1600 1285 1724 1314 licentia.
1741 1285 1789 1310 sine

1006 1335 1091 1362 dubio
1107 1333 1199 1361 Jcsum
1222 1332 1415 1367 postulassent,
1437 1330 1591 1357 Barabbam
1615 1336 1710 1356 autem
1732 1337 1788 1356 con-

1006 1379 1190 1406 demnassent.
1218 1377 1272 1404 Nos
1293 1382 1383 1404 autem
1409 1383 1518 1402 oremus
1543 1381 1572 1401 ut
1598 1375 1702 1402 festum
1727 1375 1787 1401 diem

1006 1425 1134 1456 colentes,
1151 1430 1202 1449 non
1216 1423 1242 1448 in
1258 1422 1384 1456 [eratcum
1397 1421 1488 1452 veteri,
1511 1428 1594 1454 neque
1616 1420 1646 1446 in
1671 1420 1787 1454 [arma

1007 1470 1118 1497 malitiae
1132 1473 1157 1496 et
1176 1468 1310 1502 nequitiae,
1329 1468 1374 1494 sed
1400 1468 1427 1494 in
1452 1467 1554 1501 azymis
1579 1466 1745 1492 sinceritatis
1769 1471 1787 1491 ιι

1006 1515 1124 1543 veritatis
1141 1515 1173 1547 ",
1188 1513 1339 1541 Barabbam
1360 1513 1470 1548 quidem
1488 1512 1690 1543 condemnare,
1705 1510 1788 1538 losum

1003 1568 1093 1590 autem
1111 1561 1145 1588 ab
1157 1560 1284 1588 omnibus
1298 1559 1414 1586 vinculis
1429 1558 1548 1585 liberum
1565 1558 1696 1592 accipere
1718 1558 1789 1584 nobis

1003 1614 1156 1635 mereamur
1178 1606 1204 1633 in
1221 1612 1310 1640 regem
1326 1609 1353 1631 et
1368 1603 1523 1630 Dominum.
1545 1601 1579 1629 Et
1596 1602 1722 1637 quamliu
1739 1602 1788 1628 bu

1003 1654 1128 1685 facimus,
1144 1660 1196 1680 non
1219 1654 1415 1679 convertuntur
1430 1648 1489 1676 dies
1512 1648 1575 1676 festi
1593 1649 1684 1676 nostri
1700 1649 1727 1675 in
1750 1648 1786 1674 lu-

1001 1704 1086 1731 ctum.
1102 1705 1190 1733 neque
1205 1697 1310 1725 cantica
1331 1700 1425 1723 nostra
1443 1695 1471 1722 in
1489 1694 1731 1726 lamentationem,
1747 1693 1787 1720 Sed

1001 1749 1080 1772 erunt
1093 1745 1119 1771 in
1135 1743 1215 1771 nobis
1228 1742 1415 1770 solemnitates
1430 1747 1512 1773 verat,
1524 1739 1720 1767 solemuitates
1736 1738 1786 1765 Dei.

1036 1790 1097 1818 121.
1122 1789 1242 1816 Habebat
1267 1794 1354 1814 autem
1375 1791 1434 1813 tunc
1453 1786 1571 1812 vinctum
1594 1785 1735 1818 insignem,
1750 1783 1788 1817 qui

999 1835 1137 1863 dicebatur
1155 1833 1302 1861 Barabbas.
1321 1831 1493 1866 Congrrgatis
1512 1838 1575 1865 ergo
1599 1829 1652 1861 eis,
1670 1828 1741 1854 dixit
1756 1828 1787 1853 eis

999 1880 1104 1907 Pilatus
1136 1887 1145 1905 :
1176 1879 1259 1910 Quem
1288 1876 1367 1904 vultis
1399 1874 1537 1902 dimittam
1573 1874 1672 1904 vobis,
1701 1872 1786 1898 deus

999 1925 1162 1957 Barabbam,
1179 1932 1214 1950 an
1239 1923 1330 1949 Jesum
1351 1922 1396 1956 qui
1423 1921 1523 1947 dicitur
1547 1914 1697 1946 Christus?
1722 1917 1788 1944 διίε-

999 1971 1043 1998 bat
1063 1971 1132 1998 enim
1154 1969 1223 2004 quod
1248 1976 1294 2003 per
1319 1968 1446 1995 invidiam
1476 1958 1654 1992 tradiderunt
1676 1974 1735 1992 eum
1756 1965 1785 1990 “.

998 2017 1025 2044 In
1050 2016 1142 2044 multis
1162 2015 1361 2050 exemplaribus
1384 2020 1438 2040 non
1460 2013 1618 2040 continetur
1643 2012 1720 2047 quod
1742 2011 1784 2037 Ba-

998 2061 1096 2089 rabbas
1117 2061 1198 2089 etiam
1220 2059 1300 2088 Jesus
1321 2059 1480 2090 dicebatur,
1502 2063 1529 2085 et
1558 2057 1678 2085 forsitan
1708 2062 1783 2085 recte.

997 2111 1026 2135 ut
1053 2115 1087 2134 ne
1117 2114 1215 2134 nomen
1239 2105 1304 2134 Jesu
1333 2104 1477 2132 conveniat
1505 2103 1588 2130 alicui
1615 2103 1782 2138 iniquorum.

163 2149 223 2176 thas
238 2154 325 2176 autem
342 2149 432 2176 favum
447 2151 534 2178 mellis
554 2155 690 2186 gustasset
701 2159 794 2181 contra
811 2155 883 2190 regis
897 2156 945 2184 de-

1055 2156 1129 2179 tanta
1160 2152 1232 2179 enim
1261 2149 1434 2178 multitudine
1463 2147 1676 2183 Scripturarum
1705 2147 1783 2175 nemi-

162 2197 277 2225 cretum,
301 2193 403 2221 invenit
424 2194 571 2222 obnoxium
595 2195 751 2229 Jonatham,
768 2203 795 2224 et
819 2199 944 2233 quamvis

163 2239 247 2265 tilium
274 2239 463 2271 constitutum,
490 2245 579 2267 tamen
603 2245 713 2275 propter
738 2242 848 2277 aliquod
863 2244 942 2279 jura-

161 2289 281 2311 mentum
300 2292 378 2312 suum
395 2284 552 2312 decreverat
566 2286 717 2313 interﬁcere
728 2294 789 2314 eum
804 2297 811 2314 τ
827 2289 872 2316 sed
888 2297 942 2316 non

161 2329 304 2362 interfecit,
318 2330 391 2357 omni
416 2330 516 2364 populo
532 2330 613 2358 lsrael
631 2331 839 2367 interveniente,
854 2339 879 2361 ct
896 2342 943 2369 pe-

160 2379 232 2401 tente
254 2382 316 2402 eum
338 2374 372 2402 ad
386 2375 467 2402 vitam
492 2376 524 2402 ‘9.
551 2375 603 2403 Sed
626 2377 697 2411 quod
715 2377 817 2406 Pilatus
840 2379 944 2407 dimisit

160 2428 243 2446 unum
261 2420 379 2448 vinctum
398 2421 509 2455 populo,
527 2422 568 2449 vel
593 2422 657 2450 Sanl
673 2424 821 2451 secundum
835 2426 942 2459 petitio-

160 2473 220 2492 nem
232 2466 322 2500 populi
335 2466 406 2500 quod
418 2466 520 2494 dimisit
533 2467 690 2502 Jonalham,
703 2477 757 2496 non
772 2475 816 2498 est
830 2464 940 2506 mirum;

159 2511 210 2538 sub
225 2511 303 2546 culpa
330 2513 402 2538 enim
427 2518 485 2540 erat
507 2513 649 2540 amborum
676 2515 824 2549 petentium
846 2517 939 2551 vitam,

158 2557 286 2592 quoniam
311 2558 395 2585 Judaei
423 2566 529 2593 semper
553 2559 663 2586 obnoxii
686 2565 774 2588 erant.
794 2561 845 2589 Sed
872 2562 939 2591 illud

159 2610 310 2637 quaeramus
332 2603 355 2630 si
371 2604 422 2630 tale
445 2603 547 2638 aliquid
571 2605 618 2632 tiat
629 2610 656 2632 et
672 2605 698 2632 iu
713 2605 816 2641 judicio
838 2607 896 2640 Dei,
913 2614 940 2637 et

159 2648 247 2676 etnnis
269 2648 389 2676 Ecclesia
413 2653 503 2683 petere
527 2650 612 2683 possit
629 2650 746 2685 aliquem
763 2658 937 2688 peccatorum

195 2749 218 2784 '7’?
235 2748 317 2775 Marc.
331 2757 374 2780 xv,
391 2750 432 2784 4.7
458 2750 478 2765 ³⁸
497 2749 589 2776 Matth.
609 2759 698 2784 xxv",
716 2751 746 2778 l5

157 2781 180 2795 “
197 2783 288 2809 Matth.
304 2791 387 2815 xxvii,
405 2783 436 2810 l6
451 2789 475 2811 el
494 2792 569 2818 Seqq.

815 2754 835 2769 "
854 2753 861 2780 I
883 2754 947 2790 Reg.
965 2763 1019 2782 xw.

997 2205 1058 2225 nem
1077 2198 1180 2225 scimus
1201 2196 1293 2224 Jesutn
1318 2200 1501 2231 peccatorem,
1519 2195 1593 2222 sicut
1618 2195 1647 2221 in
1665 2195 1729 2222 aliis
1742 2201 1784 2220 no-

997 2243 1116 2270 minibus
1136 2242 1289 2270 invenimus
1308 2241 1456 2276 iustorum,
1467 2245 1497 2267 ut
1519 2239 1647 2273 ejusdem
1671 2238 1782 2266 nominis

997 2289 1167 2316 inveniantur
1186 2295 1247 2315 esse
1264 2286 1344 2314 etiam
1365 2285 1462 2321 iniqui,
1485 2289 1594 2320 utputa,
1616 2284 1707 2312 Judas
1722 2291 1782 2318 apo-

995 2334 1081 2362 stolus
1097 2333 1214 2366 Zelotes,
1226 2337 1252 2360 et
1263 2331 1348 2360 Judas
1361 2330 1528 2366 patriarcha,
1546 2330 1614 2357 item
1633 2335 1662 2358 et
1679 2330 1782 2357 Macha—

995 2381 1069 2407 bazus
1081 2379 1175 2411 Judas,
1191 2385 1284 2406 onmes
1298 2376 1447 2404 laudabiles
1461 2385 1468 2403 :
1485 2375 1532 2402 sed
1548 2375 1640 2402 ludas
1655 2375 1782 2410 proditor.

994 2425 1027 2452 Et
1051 2425 1077 2451 in
1099 2424 1197 2452 Genesi
1224 2423 1397 2450 inveniuntur
1422 2421 1546 2456 ejusdem
1573 2422 1699 2448 nominis
1727 2426 1782 2447 esse

993 2471 1039 2497 lilii
1064 2469 1139 2501 Seth,
1160 2474 1187 2496 et
1201 2468 1248 2495 ﬁlii
1265 2468 1344 2499 Cain,
1361 2467 1432 2495 sicut
1449 2467 1556 2498 Enoch,
1569 2472 1597 2493 et
1609 2466 1742 2496 Lamech,
1759 2470 1782 2491 et

993 2515 1170 2542 Mathusalem
1192 2524 1199 2541 :
1218 2522 1271 2541 non
1287 2518 1376 2540 autem
1391 2513 1576 2540 conveniebat
1588 2520 1654 2540 esse
1670 2513 1723 2539 tale
1737 2512 1781 2537 ali-

991 2561 1055 2596 quid
1072 2565 1098 2587 et
1113 2561 1139 2587 in
1155 2559 1264 2586 nomine
1277 2557 1352 2586 Jesu.
1370 2557 1402 2585 Et
1421 2565 1488 2593 puto
1499 2559 1576 2593 quod
1592 2559 1619 2585 in
1636 2558 1779 2585 baaresibus

992 2608 1043 2635 tale
1064 2606 1165 2641 aliquid
1192 2605 1396 2640 superadditum
1421 2609 1475 2636 est,
1501 2609 1533 2631 ut
1549 2605 1674 2632 habeant
1694 2604 1777 2637 aliqua

991 2653 1176 2681 convenientia
1192 2652 1281 2679 dicere
1292 2651 1392 2679 fabulis
1403 2651 1475 2684 suis,
1488 2651 1524 2679 de
1540 2652 1723 2679 similitudine
1736 2655 1777 2676 ιιι)-

1307 2755 1327 2769 ¹¹
1350 2753 1401 2781 lsa.
1425 2761 1444 2786 ι,
1474 2755 1519 2781 Η.
1574 2756 1596 2771 ²¹
1618 2754 1704 2782 lCar.
1719 2753 1775 2785 v.8.

1077 2755 1098 2770 ²⁰
1119 2754 1216 2782 Baruc.
1235 2763 1252 2781 ι.
