1839 3053
61 126 106 153 lii

614 122 939 152 COMMENTARIORUM
958 122 1090 152 SERlES.

1603 126 1672 154 1774

59 186 136 212 minis
149 184 212 213 Iesu
230 189 257 212 et
270 184 406 212 Barablue.
425 184 556 212 Existimo
568 185 639 212 enim
659 185 686 212 in
702 185 772 217 istis,
786 192 832 211 ve-
847 187 869 215 Α
883 185 933 212 cis.
956 183 989 211 Et
1014 184 1075 211 vide
1095 183 1159 219 quia
1182 184 1287 219 justum
1312 184 1457 219 appellavit
1485 184 1577 212 Jesum
1602 193 1672 214 uxor

57 241 115 260 rntn
138 233 245 268 aliquod
261 233 420 269 mysterium
434 232 627 264 demonstrari,
646 236 674 258 ιιι
698 231 835 258 Barabbas

58 279 161 313 quidem
177 280 340 307 constitutus
356 279 392 306 sit
415 279 447 305 ad
469 278 640 308 seditionem.
664 282 690 304 et
707 277 786 310 bella,
809 282 835 304 et

57 325 196 353 homicidia
217 325 338 352 facienda
353 324 497 351 animabus
514 323 672 356 hominum;
688 322 768 350 Jcsus
787 330 836 349 atl-

56 375 107 398 tem
122 371 198 406 quasi
215 372 299 398 Filius
320 370 377 402 Dei,
399 376 425 398 et
447 377 497 405 pax
517 370 692 401 constitutus,
717 373 744 396 et
768 368 836 396 Ver-

54 418 128 450 bum,
147 422 172 445 et
194 417 341 452 Sapientia.
366 417 398 443 ad
417 417 508 443 omnia
537 417 618 443 bona.
641 415 672 442 Hi
693 423 759 450 ergo
780 415 835 442 duo

53 472 114 491 cmn
130 464 183 492 sint
200 464 283 491 vincti
310 464 336 490 in
353 463 434 490 rebus
460 462 587 489 humanis
611 467 638 489 et
662 461 834 496 corporibus,

53 510 168 544 populus
195 509 240 536 illc
270 508 321 535 sibi
348 507 493 543 postulavit
518 507 621 534 absolvi
648 506 799 533 Barabbam
827 515 833 532 :

52 561 162 591 propter
175 563 255 590 quem
272 562 324 581 non
345 558 434 582 cessat
455 561 521 589 gens
537 553 583 580 illa
605 553 709 580 habens
724 553 835 580 seditio-

52 610 112 635 nes,
125 607 150 629 et
163 601 319 632 homicidia,
331 605 358 627 et
372 599 683 631 latrocinia,secundum
701 599 833 634 quosdam

54 647 141 682 gentis
155 655 211 674 sum
222 647 248 673 in
265 645 346 673 rebus
363 653 423 680 qua:
435 645 503 672 foris
518 645 668 678 habentur;
684 644 833 672 secundum

51 700 147 720 omnes
161 697 251 719 autent
263 692 372 719 Judaeos
385 691 431 725 qui
447 698 499 717 non
516 691 629 718 credunt
643 689 747 721 Jesum,
760 690 834 718 intus

50 739 78 765 in
92 737 189 764 anima.
205 737 257 764 Ubi
274 737 346 764 enim
367 744 420 763 non
437 740 477 763 est
499 735 589 769 Jesus,
605 735 660 762 illic
674 735 832 769 seditiones,

48 790 76 811 et
95 784 163 815 lites,
180 787 208 810 et
231 782 322 817 praelia
349 787 423 809 sunt.
447 781 497 809 Ubi
523 786 613 808 autem
634 785 676 809 est
695 781 787 814 Jesus,
803 785 834 809 ut

48 830 140 857 dicere
152 828 258 864 possint
273 838 279 855 :
300 828 329 855 Si
351 833 437 855 autem
455 828 577 855 Christus
594 828 622 854 in
641 827 725 860 nobis,
738 835 832 862 corpus

47 873 153 908 quidem
176 878 308 899 mortuum
330 877 436 906 propter
451 875 595 906 peccatum.
612 870 722 904 spiritus
744 874 832 896 autem

46 920 103 946 vita
114 925 218 953 propter
226 918 361 952 justitiam
373 917 397 933 “
409 926 415 944 :
429 917 465 944 ibi
478 921 540 944 sunt
553 916 644 943 omnia
656 916 738 943 simul
751 916 832 948 bona,

46 971 74 991 ct
88 964 299 991 innumerabiles
310 962 412 990 divitia),
426 962 562 997 spiritales
578 962 605 988 itt
621 962 746 989 manibus
761 962 832 995 ejus,

46 1015 76 1037 et
94 1018 152 1044 pax.
168 1009 228 1044 Ipse
248 1013 287 1036 est
301 1009 370 1036 enim
394 1015 447 1042 pa:
466 1013 557 1034 nostra
575 1008 619 1041 qui
638 1007 698 1042 fecit
722 1011 834 1042 utraque

46 1065 129 1084 unum
144 1057 177 1083 ".
197 1056 228 1082 Et
245 1055 267 1083 si
283 1056 345 1090 quis
359 1055 448 1082 videat
461 1055 626 1082 contrariam
643 1054 716 1081 illam
737 1062 833 1088 opera-

45 1103 160 1132 tionem,
182 1105 327 1136 cognoscet
353 1100 482 1135 quoniam
509 1100 566 1135 ipse
590 1104 632 1127 est
657 1100 684 1126 in
705 1100 832 1128 omnibus

44 1147 155 1173 vinctus
174 1145 288 1180 insignis
305 1144 455 1176 Barabbas,
471 1152 550 1180 quem
567 1144 618 1171 sibi
642 1144 707 1171 solvi
727 1145 833 1172 deside-

44 1195 125 1223 rant,
149 1197 203 1217 non
229 1189 317 1217 solum
341 1195 407 1217 tunc
432 1197 549 1225 peccans
573 1189 657 1216 lsrael
683 1190 832 1217 secundum

45 1243 167 1268 carnem,
185 1235 230 1263 sed
249 1240 276 1263 et
296 1243 391 1263 omnes
413 1235 459 1270 qui
474 1236 514 1263 eis
536 1235 639 1263 similes
659 1239 734 1267 sunt,
750 1235 790 1262 vel
806 1235 832 1262 in

44 1281 184 1315 dogmate,
198 1281 239 1307 vel
256 1281 283 1307 in
308 1281 374 1308 vita.
392 1280 555 1315 Quicunque
578 1288 642 1316 ergo
668 1281 739 1308 mala
764 1281 831 1316 agit,

43 1326 154 1354 solutus
167 1330 209 1354 est
224 1326 250 1352 in
269 1334 385 1361 corpore
398 1327 458 1363 ejus
471 1326 621 1360 Barabbas,
637 1326 763 1355 Christus
783 1334 833 1354 au—

43 1375 104 1397 tem
126 1371 243 1398 vinctus.
262 1371 314 1404 Qui
330 1376 421 1398 autem
437 1371 508 1398 bona
522 1371 586 1406 agit,
604 1372 730 1400 Christus
745 1372 769 1399 ei
785 1380 832 1400 so-

44 1415 122 1442 lutus
134 1419 184 1445 est,
201 1414 340 1442 Barabbas
357 1420 447 1442 autem
461 1415 579 1443 vinctus.

86 1460 144 1488 122.
159 1460 270 1488 Sedente
282 1465 369 1488 autem
384 1469 414 1488 eo
424 1469 472 1496 pro
483 1461 621 1493 tribunali,
640 1462 711 1488 mittit
724 1462 759 1489 ad
773 1470 831 1489 eum

41 1515 116 1534 uxor
127 1507 181 1541 ejus
194 1507 283 1535 dicens
300 1517 309 1534 :
325 1506 401 1534 Nihil
419 1507 453 1534 sit
470 1508 530 1539 tibi,
546 1511 571 1534 et
583 1507 657 1541 justo
672 1508 724 1534 illi.
744 1507 832 1534 Multa

42 1550 116 1577 enim
127 1558 205 1584 passa
223 1558 280 1577 sum
302 1550 379 1577 hodie
397 1559 442 1585 per
455 1551 540 1577 visum
554 1556 660 1586 propter
672 1559 731 1578 cum
749 1552 783 1579 ".
799 1551 832 1579 Ει

40 1595 125 1623 Jesus
140 1596 248 1630 quidem
266 1603 314 1630 per
328 1596 457 1623 invidiam
478 1596 596 1624 traditus
609 1601 678 1631 erat,
691 1602 718 1625 et
730 1598 766 1625 ita
784 1605 832 1632 per

43 1640 176 1668 invidiam
200 1640 383 1675 manifestam,
403 1647 433 1669 ut
452 1643 532 1670 etiam
559 1643 662 1671 Pilatus
685 1651 746 1671 eam
775 1651 830 1670 non

41 1687 192 1720 ignoraret.
210 1685 310 1713 Volunt
330 1691 419 1713 autem
436 1688 609 1722 evangelista:
624 1695 676 1715 non
693 1688 832 1722 prteterire

39 1738 103 1758 rem
126 1731 224 1758 divinae
249 1732 425 1766 providentia:
447 1732 554 1760 laudem
572 1732 617 1760 Dei
634 1733 829 1765 continentem,

38 1778 93 1812 qui
108 1778 192 1805 voluit
207 1785 255 1813 per
268 1778 355 1805 visqu
369 1782 528 1806 convertere
546 1778 624 1806 Pilati
649 1786 772 1811 uxorem,
789 1783 829 1811 ut,

37 1828 176 1858 quantum
192 1823 226 1850 ad
249 1831 288 1855 se,
306 1827 408 1851 vetaret
428 1823 516 1850 virttm
532 1832 612 1852 suum
632 1829 662 1851 ιιι
675 1831 709 1851 ne
731 1824 830 1851 audeat

36 1873 139 1896 contra
164 1868 256 1896 desum
281 1868 403 1903 proferre
418 1870 590 1897 sententiam.
607 1869 638 1897 Et
653 1870 741 1897 visum
768 1870 831 1904 qni-

39 1916 109 1942 dem
133 1923 187 1942 non
207 1915 333 1949 exposuit
357 1915 509 1948 Matthatus,
529 1920 634 1943 tantum
657 1921 747 1943 autem
762 1917 830 1943 dixit

36 1959 107 1994 quia
119 1960 204 1986 multa
215 1967 294 1994 passa
306 1964 365 1987 erat
380 1968 428 1994 per
444 1960 532 1987 visum
555 1965 663 1995 propter
676 1960 779 1988 Jesum.
796 1961 830 1989 Et

36 2005 104 2032 ideo
127 2012 174 2039 per
197 2005 284 2033 visum
305 2013 385 2040 passa
407 2011 449 2032 cst
473 2013 506 2032 ne
530 2007 645 2041 amplius
667 2012 827 2040 pateretur:

36 2054 71 2077 ut
97 2050 204 2077 beatam
222 2050 307 2078 fuisse
321 2051 445 2078 dicamus
458 2051 536 2078 Pilati
561 2059 682 2084 uxorem,
701 2060 761 2086 qua:
774 2060 822 2087 per

36 2095 131 2122 visum
158 2103 237 2130 passa
259 2101 301 2123 est
326 2097 409 2124 multa
432 2101 542 2131 propter
557 2096 662 2128 Jesum,
682 2102 709 2124 et
726 2098 828 2132 recepit

36 2149 88 2177 per
102 2142 193 2168 visum
209 2142 281 2176 quod
298 2147 357 2169 erat
371 2150 495 2177 passura.
516 2143 554 2170 Ex
571 2151 626 2178 quo
641 2144 751 2171 audebit
765 2144 829 2179 quis

846 1528 866 1557 C

888 229 977 262 Pilati,
993 237 1027 256 ne
1045 229 1116 256 forte
1134 230 1292 265 mysterium
1313 230 1349 258 sit
1366 231 1423 257 haec
1439 239 1507 258 uxor
1524 230 1603 258 Pilati
1621 231 1672 259 Ec-

887 275 976 302 clesiae
988 283 1021 302 ex
1036 275 1172 310 gentibus,
1186 283 1247 310 qua:
1263 276 1412 310 aliquando
1434 277 1545 311 quidem
1561 277 1674 312 regeba-

887 325 930 347 tnr
944 327 959 348 a
974 320 1071 353 Pilato,
1088 328 1160 348 nunc
1175 325 1266 348 autem
1285 321 1343 355 jam
1359 330 1414 350 non
1433 327 1474 350 est
1495 322 1547 350 sub
1562 329 1596 350 eo
1610 330 1673 358 pro-

887 370 946 400 pter
960 366 1039 393 ﬁdem
1053 373 1130 393 suam
1145 366 1172 393 in
1189 366 1309 394 Christo.

923 411 984 438 125.
1003 411 1137 446 Principes
1151 417 1239 439 autem
1256 413 1422 440 sacerdotum
1439 417 1465 439 et
1476 413 1591 440 seniores
1611 422 1673 448 per-

886 461 1026 483 suaserunt
1041 457 1137 491 populo
1156 462 1185 484 ut
1202 462 1315 492 peterent
1330 458 1489 490 Barabbam,
1507 458 1599 486 Iesum
1614 467 1673 486 uero

886 504 1031 538 perderent.
1055 504 1221 539 Respondent:
1251 509 1339 531 autem
1363 513 1459 539 prwses
1483 506 1552 532 dixit
1577 505 1632 535 illis
1662 513 1673 533 :

886 550 968 581 Quem
982 549 1060 576 vultis
1076 551 1107 577 de
1118 550 1218 577 duobus
1233 550 1365 577 dimittam
1383 551 1454 577 vobis
1465 551 1477 577 ?
1488 550 1523 577 At
1540 550 1579 577 illi
1594 551 1672 578 dixe-

886 599 946 621 runt
959 603 968 621 :
983 594 1132 622 Barabbam
1147 595 1179 622 ’⁸.
1196 595 1228 622 Et
1249 600 1290 622 cst
1304 595 1395 623 videre
1412 603 1499 631 usque
1516 604 1589 624 nunc
1604 604 1673 631 quo-

886 641 1096 675 modoipopulus
1112 640 1267 668 Judteorum
1285 648 1301 668 a
1318 640 1474 668 senioribus
1498 641 1556 669 suis
1575 646 1603 669 et
1624 641 1673 669 Ju-

885 686 969 713 daicae
986 687 1099 714 culturae
1117 686 1275 714 doctoribus
1289 686 1419 714 suadetur
1435 690 1463 714 et
1476 688 1611 716 excitatur
1625 687 1674 714 ad-

886 740 980 760 versus
1003 731 1095 760 Jesum
1123 733 1287 767 utperdant
1304 741 1377 766 eum,
1394 737 1526 768 quantum
1539 733 1573 761 ad
1589 741 1629 765 se.
1645 737 1674 762 et

886 777 1004 804 habeant
1026 777 1174 804 Barabbam
1195 778 1325 805 solutum.
1346 778 1674 807 Creduntenimturbm

884 822 1053 857 principibus
1065 827 1092 850 et
1107 823 1295 851 sacerdotibus
1306 823 1377 851 suis.
1390 823 1553 859 Plerumque
1564 829 1591 855 et
1603 832 1674 859 prae-

884 875 927 895 ses
939 868 1047 902 quidctn
1063 869 1128 896 dicit
1143 869 1175 896 ad
1192 869 1321 904 populum
1339 879 1345 896 :
1363 870 1446 902 Quem
1462 870 1541 897 vultis
1556 878 1589 898 ea:
1603 871 1672 898 duo—

884 913 931 940 bus
958 914 1093 940 dimittam
1107 914 1182 941 uobis
1208 915 1249 942 "‘i
1264 914 1362 943 Turba:
1380 920 1482 948 autem,
1507 917 1586 951 quasi
1601 924 1673 944 vera:

884 959 970 986 turbae.
987 964 1013 986 et
1027 960 1128 993 mulae,
1144 967 1204 994 qua:
1217 960 1363 995 spatiosam
1378 961 1463 997 919
1477 967 1504 989 et
1518 962 1671 996 perducen-

884 1007 937 1030 tetn
953 1004 986 1031 ad
1007 1004 1186 1038 perditionem
1202 1005 1342 1033 ambulant
1362 1007 1445 1038 viam,
1463 1007 1600 1041 petierunt
1619 1007 1672 1035 Ba-

884 1048 994 1076 rabbam
1021 1050 1099 1082 solvi,
1117 1050 1239 1078 volentes
1256 1058 1322 1078 eum
1342 1051 1395 1079 sibi
1420 1052 1521 1080 habere
1538 1053 1670 1082 solutum.

919 1095 990 1122 £24..
1000 1095 1071 1122 Dicit
1085 1095 1122 1122 eis
1138 1095 1265 1123 Pilatus:
1284 1096 1354 1129 Quid
1370 1106 1431 1133 ergo
1444 1098 1544 1133 faciam
1559 1099 1592 1127 de
1605 1099 1671 1128 Iesu

883 1142 928 1177 qui
948 1141 1048 1169 dicitur
1070 1142 1212 1170 Christus?
1228 1143 1325 1171 Dicunt
1344 1152 1432 1171 omnes
1448 1153 1457 1174 .'
1471 1144 1669 1181 Cruci/igalur,

883 1193 910 1215 et
925 1192 1021 1215 caetera
1041 1187 1073 1214 ³ο.
1096 1187 1194 1216 Valens
1213 1189 1254 1216 eis
1269 1189 1400 1224 pudorem
1419 1194 1500 1217 tanta:
1517 1191 1671 1226 iniquitatis

884 1232 1007 1260 incutere
1031 1231 1154 1266 Pilatus,
1181 1233 1332 1263 diciteis;
1347 1235 1418 1267 Quid
1437 1243 1498 1270 ergo
1515 1235 1614 1270 faciam
1638 1237 1671 1265 de

882 1278 946 1305 Jesu
958 1279 1002 1313 qui
1018 1279 1117 1305 dicitur
1132 1279 1254 1307 Christus
1262 1272 1344 1308 ἐν’Νοη
1360 1282 1447 1308 solum
1463 1286 1565 1315 autem,
1582 1283 1629 1312 sed
1643 1288 1671 1311 ct

884 1332 1041 1352 mensuram
1055 1325 1184 1360 colligere
1206 1326 1301 1354 volens
1325 1326 1472 1362 impietatis
1497 1335 1602 1355 eorutn.
1631 1328 1669 1355 Illi

883 1373 984 1402 autem,
1002 1377 1053 1397 nee
1077 1370 1129 1397 hoc
1150 1370 1341 1399 erubescentes
1362 1372 1435 1406 quod
1458 1372 1562 1402 Pilatus
1575 1372 1669 1402 Jesum

883 1414 1023 1442 Christum
1035 1423 1097 1443 esse
1113 1416 1304 1449 conﬁtebatur,
1327 1424 1377 1445 nec
1396 1417 1507 1445 modum
1521 1418 1670 1452 impietatis

884 1466 1033 1492 servantes,
1048 1461 1176 1489 dixerunt
1187 1469 1282 1490 omnes
1297 1471 1303 1491 :
1318 1462 1508 1498 Ct'uci/igatur.
1520 1462 1553 1492 Et
1570 1465 1594 1497 si
1607 1465 1670 1498 qui-

883 1507 944 1534 dem
972 1507 1123 1535 Barabbam
1149 1509 1281 1543 petissent
1306 1509 1463 1542 dimittere,
1479 1517 1548 1539 _non
1573 1516 1668 1543 autem

884 1555 996 1579 econtra
1021 1558 1048 1580 et
1072 1552 1212 1580 Christum
1237 1553 1421 1587 postulassent
1435 1554 1469 1581 ad
1483 1561 1604 1587 crucem,
1625 1560 1668 1582 ut‘

883 1601 960 1632 puta,
983 1597 1135 1625 Barabbam
1161 1598 1271 1633 quidem
1292 1599 1434 1634 petiissent
1449 1600 1672 1635 ,absole.huttc,

883 1648 975 1670 autem
992 1651 1044 1671 non
1055 1645 1199 1681 petiissent
1212 1644 1344 1680 cruciﬁgi,
1361 1645 1408 1672 sed
1425 1645 1455 1673 in
1472 1649 1611 1680 potestate
1628 1647 1669 1674 di-

884 1689 1025 1716 misissent
1040 1685 1118 1716 Pilati
1135 1694 1165 1716 ut
1178 1689 1278 1717 faceret
1292 1691 1325 1717 de
1337 1698 1370 1718 eo
1385 1691 1457 1725 quod
1473 1691 1564 1725 vellet,
1578 1692 1668 1722 adhuc

884 1739 990 1766 magna:
1006 1737 1077 1760 esset
1096 1733 1243 1767 impietatis
1256 1734 1340 1768 quod,
1359 1734 1454 1761 relicto
1465 1734 1560 1768 justo,
1578 1735 1668 1762 homi-

882 1778 970 1805 cidam
986 1778 1140 1814 petiissent:
1160 1786 1232 1806 nunc
1248 1783 1337 1806 autent
1353 1779 1602 1814 multiplicaverunt
1616 1781 1667 1807 int-

882 1823 991 1859 pietatis
1005 1831 1062 1851 sua:
1075 1831 1243 1858 mensuram,
1260 1832 1313 1852 non
1329 1825 1416 1853 solum
1439 1825 1603 1853 homicidam
1618 1834 1667 1861 po-

883 1870 1016 1897 stulantes
1040 1870 1074 1897 ad
1103 1870 1202 1903 vitam,
1226 1870 1273 1897 sed
1296 1871 1378 1897 etiam
1401 1870 1506 1905 justum
1532 1871 1566 1898 ad
1591 1879 1665 1898 mor-

882 1920 936 1943 tem
959 1921 986 1943 et
1016 1916 1049 1943 ad
1078 1921 1192 1942 mortem
1224 1916 1409 1950 turpissimam
1441 1916 1541 1943 crucis.
1570 1916 1667 1944 Adhuc

882 1966 972 1990 autem
1000 1969 1161 1997 permanens
1195 1962 1222 1988 itt
1248 1969 1280 1988 eo
1303 1962 1362 1995 ipso
1390 1961 1463 1996 quod
1497 1962 1668 1990 confundere

881 2015 928 2035 eos
955 2008 1081 2040 volebat,
1109 2012 1138 2034 ut
1165 2007 1207 2034 vel
1234 2007 1341 2034 confusi
1370 2007 1403 2033 ad
1435 2007 1595 2034 electionem
1621 2008 1666 2042 ju-

882 2051 915 2078 sli
934 2051 1068 2084 venirent,
1093 2051 1143 2078 etsi
1166 2059 1218 2077 nott
1237 2059 1269 2077 ex
1285 2051 1388 2084 judicio
1405 2051 1507 2083 cordis,
1521 2051 1586 2079 dicit
1600 2052 1640 2079 eis
1658 2062 1664 2079 :

882 2095 952 2129 Quid
965 2097 1033 2124 enim
1047 2097 1114 2124 male
1134 2097 1196 2131 fecit
1209 2097 1250 2123 a‘?
1264 2096 1365 2123 Contra
1380 2097 1431 2124 hoc
1446 2097 1513 2123 nihil
1535 2098 1666 2125 habentes

880 2143 952 2177 quod
967 2144 1180 2178 responderent,
1196 2144 1314 2178 amplius
1332 2143 1528 2175 clamaverunt,
1544 2152 1597 2170 non
1618 2144 1666 2171 dc—

36 2187 132 2215 dicere
146 2188 276 2222 quoniam
297 2188 393 2216 melius
416 2193 457 2216 est
479 2189 598 2224 recipere
617 2190 733 2225 aliquem
757 2191 828 2218 mala
844 2194 867 2221 ι)
881 2193 1023 2222 ponentes,
1040 2189 1087 2216 sed
1111 2195 1242 2224 augentes
1263 2190 1332 2216 iram
1347 2210 1354 2222 ,
1379 2189 1590 2221 animositatem,
1609 2190 1667 2216 bla-

36 2233 66 2260 in
90 2233 152 2259 visu
177 2241 258 2268 quam
276 2233 395 2268 recipere
416 2234 442 2261 in
462 2234 526 2261 vita.
543 2234 610 2267 Quis
621 2235 693 2261 enim
711 2243 763 2262 non
780 2235 829 2262 eli-

36 2284 85 2315 gat
101 2287 151 2314 per
167 2280 255 2306 visum
270 2280 341 2306 mala
363 2287 412 2306 sua
438 2280 556 2314 recipere
572 2280 598 2306 in
624 2281 678 2307 vita
701 2288 760 2313 sua,
775 2281 828 2308 nisi

36 2326 110 2352 l'orte
127 2325 192 2352 talia
204 2329 341 2353 mereatur
354 2329 384 2352 ut
403 2326 528 2360 expediat
543 2327 567 2353 ei
587 2326 692 2353 acriora
708 2327 828 2362 recipere

36 2372 63 2397 in
90 2371 149 2397 vita
173 2378 221 2398 sua
246 2371 337 2406 potius
350 2378 430 2405 quam
451 2371 573 2406 recipere
586 2371 686 2398 leviora
704 2371 731 2398 in
748 2371 828 2398 visu?

36 2417 206 2444 Consolatur
225 2418 298 2445 enim
311 2423 338 2445 et
351 2417 497 2453 requiescit
507 2418 536 2444 in
555 2417 662 2444 sinibus
675 2417 791 2444 Abralne
805 2417 827 2432 ³⁷

36 2462 82 2498 ]ui
101 2463 207 2497 recepit
221 2463 290 2490 mala
303 2464 329 2490 in
343 2463 397 2490 vita
416 2471 476 2496 sua,
491 2467 518 2490 et
531 2470 586 2489 non
606 2463 663 2489 hac
679 2463 750 2489 mala
765 2470 828 2497 quae

36 2510 142 2544 recepit
163 2510 190 2536 in
207 2510 266 2536 visu
279 2517 349 2543 suo;
365 2510 513 2537 secundum
526 2509 600 2544 quod
616 2513 643 2536 et
658 2509 826 2536 consolatio-

36 2564 99 2583 nem
119 2555 240 2582 habebit.
257 2555 352 2582 Utrum
366 2559 455 2583 autetn
472 2560 499 2582 et
514 2555 622 2581 initiutn
645 2554 743 2581 habeat
757 2562 826 2580 con-

36 2601 176 2629 versionis
193 2602 225 2629 ad
240 2601 323 2629 Deum
337 2609 369 2629 ex
383 2609 415 2629 eo
426 2601 498 2636 quod
510 2602 594 2628 multa
607 2605 715 2635 propter
730 2600 823 2626 Jesnm

41 2651 126 2674 uerat
143 2655 224 2682 passa
243 2655 291 2682 per
304 2648 402 2679 visum,
420 2647 492 2675 Deus
508 2647 578 2674 scit:
594 2651 684 2673 tamen
700 2646 824 2673 contine-

40 2701 77 2720 ur
94 2692 182 2719 etiam
199 2693 250 2720 hoc
265 2692 292 2719 in
313 2693 461 2727 scripturis
478 2692 641 2727 quibusdam
663 2699 716 2719 non
734 2691 823 2725 publi-

64 2795 90 2812 "
113 2794 333 2834 “om-"vntum:
368 2793 566 2834 "Feles--9.
585 2793 652 2834 Ψ..
666 2828 670 2833 .

41 2837 51 2858 ι
68 2838 153 2865 seqq.
193 2831 216 2846 "
230 2829 348 2857 ibid.2l.
389 2830 410 2845 ³³
428 2827 493 2856 ibid.
508 2828 553 2855 22.
598 2828 619 2843 ³³
636 2828 703 2855 ibid.
721 2827 767 2854 '23.

677 2793 699 2812 ἰ
719 2791 814 2819 Matth.
831 2799 923 2825 urit,
943 2792 986 2820 l9.
1023 2794 1044 2808 ¹⁷
1065 2793 1130 2820 Luc.
1150 2801 1205 2826 xv't,
1222 2793 1268 2827 ‘22,
1283 2794 1329 2822 25.

677 2828 703 2854 li.
721 2827 767 2854 '25.
808 2828 829 2843 "
846 2828 912 2855 ibid.
952 2828 973 2843 "
990 2828 1044 2855 ibid
1072 2829 1118 2855 ‘24.

846 2836 912 2855 ιυια.

881 2234 1042 2269 sphemiam,
1057 2238 1084 2261 et
1095 2234 1242 2262 dixerunt:
1258 2234 1480 2269 Cruci/igatur".
1495 2234 1598 2262 Pilatus
1615 2242 1666 2261 au~

882 2284 946 2312 tem,
963 2280 1057 2307 videns
1071 2281 1143 2314 quod
1158 2280 1224 2306 nihil
1239 2280 1400 2314 proliceret,
1416 2280 1530 2307 Judaico
1544 2287 1609 2307 usus
1625 2285 1667 2307 est

880 2333 968 2358 more,
989 2325 1081 2352 volens
1099 2332 1146 2352 eos
1162 2325 1196 2352 de
1209 2325 1310 2352 Christi
1334 2325 1488 2352 innocentia
1504 2332 1558 2351 non
1577 2325 1665 2351 soluta

880 2372 981 2405 verbis,
1006 2372 1053 2399 sed
1065 2371 1148 2399 etiam
1165 2371 1226 2406 ipso
1238 2370 1309 2398 iacto
1322 2371 1429 2406 placare
1443 2372 1465 2398 si
1480 2371 1625 2403 voluerint,
1641 2372 1665 2398 si

879 2422 968 2444 autem
991 2417 1138 2449 noluerint,
1160 2417 1354 2448 condemnare,
1378 2417 1480 2445 faciens
1496 2424 1550 2444 non
1564 2425 1664 2444 secun-

879 2463 942 2490 dum
955 2463 1075 2497 aliquam
1095 2463 1322 2490 consuetudinem
1342 2462 1539 2490 Romanorum.
1553 2464 1664 2498 Accepit

878 2510 950 2536 enim
969 2517 1067 2543 aquam
1087 2509 1113 2535 in
1129 2513 1277 2542 conspectu
1291 2509 1423 2540 omnium,
1441 2514 1468 2536 et
1488 2509 1582 2536 lavaus
1605 2517 1664 2536 ma-

879 2563 931 2582 nus
947 2563 1011 2582 snas
1025 2554 1094 2581 dixit
1113 2564 1119 2580 :
1138 2553 1265 2581 Innocens
1288 2563 1333 2588 ego
1351 2563 1409 2581 sum
1431 2564 1447 2582 a
1471 2556 1599 2590 sanguine
1615 2556 1663 2581 hu-

874 2600 939 2634 jus;
955 2609 997 2626 vos
1010 2600 1174 2627 videritis".
1194 2599 1226 2627 Et
1252 2600 1308 2634 ipse
1333 2601 1442 2634 quidem
1467 2609 1497 2628 se
1522 2602 1596 2634 lavit,
1624 2601 1662 2628 illi

878 2650 967 2673 autem
994 2653 1048 2673 non
1080 2646 1168 2673 solum
1197 2654 1226 2673 se
1247 2646 1378 2672 mundare
1395 2646 1542 2674 uoluerunt
1563 2655 1578 2674 a
1597 2655 1661 2675 san-

879 2692 959 2726 guine
981 2691 1094 2725 Christi,
1119 2692 1166 2719 sed
1182 2691 1264 2719 etiarn
1282 2699 1364 2726 super
1380 2699 1408 2718 se
1424 2696 1604 2726 susceperunt
1619 2692 1662 2719 di-

1369 2794 1392 2810 "
1409 2793 1503 2821 Matth.
1520 2800 1614 2828 xxv“,
1627 2794 1662 2821 20

952 2828 973 2843 "
990 2828 1044 2855 ibid
1072 2829 1118 2856 ‘24.
