1839 3053
165 100 181 129 ’4
189 107 240 130 77':

746 104 910 133 ORICENIS
929 105 960 133 IN
983 105 1190 135 ΜΛΤΤΙΙιΕυΜ

1722 111 1770 138 1776

162 168 268 190 centes:
281 161 393 197 Sanguis
401 164 632 198 ejuunpernosyt
642 172 696 198 supr
706 164 940 198 rﬁliosnostros“.
959 170 979 198 Α
994 165 1066 199 quod
1081 170 1107 192 et
1122 174 1171 193 nos
1184 173 1303 200 quaerere
1317 167 1465 194 voluerunt
1477 167 1584 194 exitum
1602 167 1681 194 reide
1694 177 1768 196 corona

160 208 275 243 Propter
292 209 342 234 hoc
365 209 403 235 rei
423 208 485 235 facti
510 214 573 236 sum
588 216 641 235 non
663 209 749 235 solum
769 210 794 236 in
812 211 945 244 anguine

157 254 364 288 prophetarum.
379 254 424 281 sed
437 254 579 288 implentes
590 262 747 281 mensuram
762 261 867 288 patrum
876 263 943 281 suo-

127 296 131 298 ’
158 299 309 331 κωμική
324 305 386 326 sunt
405 300 440 326 rei
457 301 483 327 in
500 300 633 335 sanguine
648 300 749 326 Christi
762 321 769 332 ,
788 305 817 326 ut
832 301 944 327 audiant

158 344 245 371 Deum
266 345 324 372 .sibi
348 347 481 372 dicentem
496 346 517 362 ³⁸
535 355 541 372 :
560 345 626 373 Cum
655 346 826 373 exlenderilis
849 355 942 372 mmms

156 385 257 421 rem-as
266 391 304 417 ‘ml
318 399 361 417 me
371 412 378 423 ,
394 397 510 418 avertam
525 393 614 418 oculo:
631 401 702 419 meo:
721 402 736 420 α
749 393 836 424 vobis;
849 401 941 419 manus

138 426 140 429 I
156 427 330 462 ritilﬁ‘tiealrre
341 437 468 470 sanguine
483 437 567 471 plena:
577 442 649 465 sunt.
665 437 810 472 Propterea
826 439 939 473 sanguis

155 480 218 507 Jesu
238 488 292 507 non
307 482 394 508 solum
417 490 499 516 super
513 490 560 509 eos
577 483 665 510 factus
682 488 723 510 est
739 484 784 518 qui
802 489 866 511 tunc
885 485 941 511 fue-

155 529 228 556 runt.
247 533 340 552 rerum
365 526 446 553 etiam
473 534 554 561 super
575 535 670 554 omnes
685 528 872 562 generationes
892 528 941 555 Ju-

153 572 273 598 damrum
286 576 348 606 post
364 577 509 606 sequentes
517 579 604 607 usque
617 573 650 599 ad
664 574 937 601 consummationem.

154 617 297 651 Propterea
309 624 404 654 usque
424 625 497 644 nunc
513 618 611 645 domus
629 626 724 646 eorum
747 619 878 647 derelicta
898 625 939 647 est

152 665 192 690 ris
203 665 320 691 deserta.
340 663 442 691 Pilatus
453 669 542 691 autem
555 665 656 692 oblitus
668 666 813 693 verborum
826 674 937 693 suorum

151 703 413 744 hono‘rumiquibus
438 715 559 745 cmperat
585 709 730 738 defendere
754 711 936 738 innocentiam

151 754 264 787 Christi,
280 754 420 782 declinans
435 756 468 782 ad
489 755 601 787 malum,
633 763 687 783 non
707 756 796 784 solum
827 757 937 784 tradidit

148 799 255 834 Jesum,
277 800 324 828 sed
346 801 428 827 etiam
446 801 558 836 tlagellis
577 809 678 829 cazsum
695 802 806 830 tradidit
822 807 851 830 ut
872 811 935 830 cru-

149 846 290 881 eitigerent
311 853 385 873 eum.

152 897 156 905 '
185 892 245 918 ΗΒ.
263 891 334 918 Tum:
351 892 446 918 milites
463 891 584 926 prmidis
604 898 772 927 susceperunt
793 893 884 920 Iesum
911 894 938 920 in

147 938 310 972 praetorium,
331 943 354 964 et
370 940 594 973 congregat-erunt
615 938 650 965 ad
665 946 725 964 eum
747 943 829 965 totam
844 938 937 964 cohor-

147 989 208 1017 tem,
224 989 248 1010 et
260 984 401 1010 induerunt
414 991 472 1010 eum
486 984 649 1018 chlamydem
662 984 821 1013 coccineum.
838 989 861 1010 et
878 992 937 1017 pur-

145 1036 239 1063 puram
259 1029 486 1056 circumdederunt
505 1029 539 1062 ei,
557 1034 581 1055 et
602 1037 725 1056 coronam
745 1030 775 1055 de
795 1029 877 1063 spinis
891 1037 934 1062 po-

140 1080 252 1110 suerunt
273 1083 351 1109 super
369 1079 447 1109 caput
465 1075 533 1108 eius,
555 1080 580 1101 et
598 1075 756 1102 arundinem
777 1075 804 1101 in
826 1075 935 1102 dextera

144 1123 211 1156 ejus.
229 1127 252 1148 et
268 1122 481 1156 adgeniculaulea
504 1129 543 1154 se,
559 1121 716 1148 deludcbant
729 1130 787 1148 eum
803 1122 934 1148 dicentes:

144 1169 207 1200 Are,
221 1175 268 1194 rea;
280 1167 436 1194 Iudaeorum
449 1167 481 1194 ".
499 1166 652 1194 Verisimile
663 1172 714 1200 est,
730 1172 758 1194 ut
774 1167 800 1193 in
819 1167 934 1202 primor-

142 1213 195 1241 diis
217 1219 281 1241 tunc
306 1214 410 1241 noviter
429 1214 511 1240 erecti
536 1213 721 1248 imperatoris,
742 1213 851 1245 milites,
869 1220 935 1239 non-

142 1261 207 1287 dum
233 1260 382 1295 disciplinaa
410 1260 533 1287 ordinem
560 1264 754 1287 conservantes
782 1259 932 1291 decentem,

142 1311 217 1334 extra
230 1306 455 1333 consuetudinem
472 1305 620 1340 disciplinae
635 1313 696 1339 qua:
707 1312 779 1332 nunc
793 1309 844 1337 est,
862 1304 933 1332 face—

141 1358 201 1380 rent
214 1353 240 1379 in
253 1353 432 1384 Salvaturem,
448 1352 557 1386 quando
572 1352 736 1386 accipientes
749 1359 810 1377 eum
826 1352 851 1377 in
866 1358 933 1385 prm-

141 1401 240 1427 torium
255 1403 490 1434 eongvcgaverunt
504 1402 587 1425 totam
603 1398 754 1430 cohortem,
769 1402 795 1424 et
811 1397 933 1424 fecerunt

140 1454 200 1481 quae
219 1445 315 1473 fecisse
337 1445 474 1477 dicuntur,
494 1444 584 1471 lusum
605 1444 656 1471 sibi
675 1443 768 1471 Jesum
790 1443 930 1475 facientes,

139 1496 249 1525 propter
265 1490 336 1525 quod
355 1490 512 1517 nominatus
527 1489 616 1516 fuerat
632 1497 677 1516 rex
693 1488 859 1516 Judtcorum.
876 1489 932 1523 Ego
946 1514 965 1525 μ

139 1541 228 1562 autem
248 1540 313 1570 puto
337 1536 436 1562 milites
450 1535 556 1567 fecisse,
571 1535 748 1569 operantibus
765 1535 791 1560 in
817 1542 846 1561 se
862 1535 929 1561 invi-

139 1581 263 1609 sihilibus
286 1582 405 1616 regibus,
423 1586 449 1608 et
476 1581 641 1616 principibus
658 1581 750 1608 saeculi
769 1581 861 1615 hujus,
881 1581 927 1614 qui

138 1629 276 1654 astiterunt
295 1632 320 1653 et
342 1631 516 1653 rotiuenerunt
538 1627 563 1652 in
585 1634 666 1652 unum
689 1626 814 1653 adversus
837 1625 928 1652 Denti-

138 1682 200 1701 num
221 1678 245 1700 et
269 1673 393 1701 adversus
414 1673 549 1700 Christum
567 1672 622 1707 ejus
636 1672 668 1705 ",
689 1676 719 1699 ut
742 1672 865 1699 vidcatttr
882 1671 926 1698 illa

135 1719 241 1747 delusio
253 1727 347 1746 eorum
362 1719 452 1754 potius
467 1719 551 1746 fuisse
561 1726 642 1753 quam
660 1718 816 1750 hominum;
831 1725 924 1744 eorum

136 1772 226 1794 autem
252 1766 298 1801 qui
323 1774 375 1793 non
398 1771 583 1801 cognoverunt
607 1765 632 1792 in
657 1765 700 1791 illa
724 1764 926 1799 dispensatione

135 1813 295 1848 sapientiam
313 1812 359 1839 Dei
373 1821 380 1838 :
397 1811 427 1839 Si
439 1811 506 1838 enim
522 1811 710 1845 cognovissent,
727 1817 859 1844 nunquam
872 1808 925 1835 Do-

135 1860 235 1886 minum
250 1858 395 1891 maiestatis
412 1858 606 1891 crucifixissent
624 1857 656 1883 ³⁸.
675 1855 745 1891 Ergo
764 1855 862 1883 cohors
879 1855 923 1882 illa

136 1905 292 1940 mysterium
308 1909 366 1931 erat
379 1903 482 1930 militia:
497 1902 613 1937 alicujus
629 1901 762 1936 malignm.
779 1901 811 1928 Et
823 1908 923 1935 exspo-

134 1950 268 1978 liarerunt
282 1958 344 1977 cum
361 1949 520 1976 vestimenta
536 1949 596 1984 ejus
612 1956 672 1983 quae
684 1947 827 1975 desursum
845 1947 924 1974 habe-

134 1996 188 2026 bat,
208 1995 325 2022 tunicam
350 1994 553 2026 inconstttilem,
581 1998 608 2021 et
630 1994 744 2027 stolam;
771 1994 827 2020 hate
849 1994 920 2020 enim

134 2040 291 2067 vestimenta
309 2040 368 2074 ejus
390 2040 453 2066 talia
469 2039 595 2066 describit
616 2038 754 2066 Joannes:
776 2043 802 2066 ct
827 2039 920 2065 indue-

133 2090 197 2112 runt
220 2093 280 2112 eum
301 2085 459 2112 deludentcs
478 2089 589 2119 propter
614 2091 712 2112 nomen
736 2083 796 2118 ejus
820 2084 918 2118 regale,

132 2130 286 2157 coccineam
297 2130 477 2165 chlamydem,
488 2137 540 2156 non
553 2129 731 2165 intelligentes
742 2130 814 2164 quod
826 2135 918 2163 agunt.

132 2177 179 2204 illa
194 2181 284 2203 autem
302 2176 427 2203 coccinea
450 2175 572 2210 chlamys
591 2176 747 2210 mysterium
762 2180 819 2202 erat
831 2175 919 2202 cocci-

131 2223 174 2250 nei
195 2222 265 2257 signi
281 2221 354 2257 quod
369 2221 499 2254 scriptum
516 2226 557 2248 est
573 2221 599 2247 in
620 2221 683 2248 Jesu
706 2220 778 2248 Nave
795 2222 826 2253 ³⁵³,
844 2221 916 2255 quod

129 2269 161 2295 ad
179 2268 293 2295 salutem
315 2275 392 2295 suam
413 2266 508 2293 habuit
523 2267 567 2293 illa
589 2266 674 2299 Raab,
691 2271 718 2293 et
735 2266 760 2292 in
783 2266 879 2293 Genesi
896 2266 917 2281 ’⁸⁸

129 2314 200 2349 quod
223 2314 325 2341 factum
342 2318 382 2341 est
405 2313 431 2340 in
456 2321 510 2340 uno
533 2313 648 2339 filiorum
671 2312 790 2338 Thamar
807 2312 839 2338 ad
858 2319 916 2338 ma—

129 2367 192 2386 nuni
208 2358 355 2391 nascentis,
372 2365 400 2385 ut
417 2366 529 2386 coccum
543 2358 698 2392 alligaretur
713 2357 739 2383 in
753 2356 830 2391 signo
846 2355 918 2383 futu-

129 2412 164 2431 ne
176 2404 311 2439 passionis
324 2403 437 2431 Christi.
451 2403 522 2438 Ergo
535 2408 562 2430 et
575 2409 646 2429 nunc
660 2402 810 2436 suscipiens
827 2401 917 2427 Domi-

127 2459 179 2477 nus
195 2451 349 2478 coccineam
363 2449 544 2484 chlamydem,
561 2449 588 2475 in
601 2456 630 2475 se
644 2448 803 2481 sanguinem
822 2446 915 2473 mundi

125 2495 254 2530 suscepit,
277 2499 303 2522 et
321 2495 346 2521 in
371 2494 464 2529 spinea
490 2493 535 2520 illa
558 2500 658 2520 corona
683 2492 803 2526 suscepit
824 2491 917 2525 spinas

126 2546 296 2576 peccatorum
310 2545 464 2568 nostrorum
483 2540 599 2567 intextas
612 2539 638 2565 in
656 2538 742 2573 capite
759 2545 819 2564 suo.
835 2537 867 2564 Et
883 2537 916 2564 de

124 2587 266 2622 chlamyde
279 2587 408 2621 scriptum
424 2592 465 2614 est
478 2586 607 2621 quoniam
624 2586 713 2612 denuo
731 2584 917 2619 spoliaverunt

123 2640 184 2659 eum
200 2632 370 2667 chlamydem
386 2633 559 2664 coccinea");
577 2631 610 2658 de
629 2637 729 2658 corona
751 2635 840 2656 autem
862 2628 914 2663 spi-

125 2685 173 2704 uca
203 2677 269 2704 nihil
295 2677 346 2705 tale
371 2678 543 2713 evangelistaa
568 2677 745 2711 scripserunt,
769 2680 910 2710 propterea

483 2781 505 2796 ³⁵
524 2780 575 2807 lsa.
595 2789 613 2810 ι,
630 2781 672 2806 lli.

527 2816 547 2831 ⁵⁵
563 2815 633 2842 i’sal.
654 2823 725 2848 XLIV,
739 2816 766 2842 7.

158 2778 179 2793 ³⁸
195 2778 288 2806 Matth.
301 2788 386 2811 xxvn,
399 2775 444 2807 ‘23.

124 2820 152 2838 ιε.
191 2813 212 2828 ³ο
225 2813 290 2839 Gen,
309 2823 427 2846 \nvm,
443 2815 488 2841 ιε’-7.

712 2781 733 2796 ³⁸
749 2780 843 2807 Matth.
864 2787 949 2811 uin,
961 2779 996 2805 '27
1013 2784 1040 2806 et
1054 2787 1129 2813 seqq.

712 2823 725 2841 τ.
739 2816 766 2841 7.
819 2816 840 2830 δ’
858 2814 866 2840 Ι
881 2816 943 2841 (lor.
965 2823 1001 2841 tv.
1015 2815 1061 2841 9|.
1110 2815 1129 2830 ⁸³

895 2823 943 2841 .()Ι“.

996 211 1088 245 spinea
1110 212 1192 239 semel
1215 212 1341 246 imposita
1364 218 1391 238 et
1417 220 1563 246 utinquam
1590 213 1715 240 detracta.
1729 214 1770 250 Ego

996 255 1078 290 igitur
1090 256 1208 282 arbitror
1219 257 1348 290 quoniam
1367 257 1464 291 spim-a
1485 257 1531 284 illa
1546 264 1649 284 corona
1663 265 1768 285 consum-

996 306 1039 335 pta
1053 306 1094 328 est
1107 309 1122 328 a
1136 303 1223 336 capite
1234 301 1310 334 Jesu,
1325 307 1354 329 ut
1372 303 1430 337 jam
1448 311 1503 330 non
1520 304 1577 330 sint
1593 304 1679 339 spina!
1691 311 1770 332 nostra

994 346 1122 380 antiquae,
1139 351 1282 382 postquam
1297 348 1381 374 semel
1397 356 1446 375 eas
1461 357 1475 375 a
1491 349 1572 376 nobis
1590 350 1699 376 abstulit
1708 349 1770 377 Jesus

994 400 1076 426 super
1090 393 1242 420 venerabile
1260 397 1342 428 caput
1363 401 1458 421 suum.
1484 394 1513 421 Si
1538 399 1632 421 autem
1652 400 1677 422 et
1697 396 1725 422 de
1737 404 1771 423 α-

993 437 1065 464 lamo
1085 445 1164 472 quem
1190 443 1338 473 posuerunt
1361 440 1387 465 in
1405 439 1518 466 dextera
1535 439 1607 474 ejus,
1630 440 1725 475 aliquid
1740 441 1771 467 di-

991 491 1052 510 cere
1067 484 1204 516 convenit,
1222 484 1376 519 lmjusmodi
1399 485 1520 513 dicimus
1542 487 1692 514 rationem.
1706 486 1770 514 ωδ.

993 537 1052 556 mus
1065 537 1130 564 ergo
1150 530 1193 556 ille
1207 531 1364 564 mysterium
1387 530 1437 557 fuit
1450 532 1553 566 sceptri
1566 533 1628 558 rani
1647 537 1674 559 et
1685 532 1770 567 fragil'u

991 581 1073 608 super
1089 582 1169 608 quem
1185 575 1409 602 incumbebamus
1425 584 1524 603 mnnes
1545 577 1703 612 ptiusquam
1725 588 1769 605 ere

990 619 1118 646 dei-emus
1136 626 1272 655 sceptrum
1292 621 1416 656 maligni.
1440 622 1658 650 Conﬁdebamus
1669 624 1734 651 enim
1749 625 1769 651 iu

991 665 1063 698 virga
1078 665 1210 692 caiamina
1225 665 1343 701 Egypti,
1356 667 1397 693 vel
1410 666 1572 702 Babylonis,
1587 669 1627 695 vel
1643 670 1770 704 cujuscun-

988 717 1041 744 que
1066 711 1140 746 regni
1156 711 1286 738 contrarti
1305 717 1400 739 contra
1425 721 1542 748 regnum
1567 713 1624 747 Dei,
1641 719 1668 741 et
1681 716 1771 749 accepit

989 756 1123 783 calamum
1140 757 1215 783 illum
1234 761 1261 784 et
1274 757 1376 792 virgam
1394 758 1501 793 fragilis
1522 760 1594 794 regni
1610 760 1645 787 de
1660 761 1772 787 manibus

990 803 1100 832 nostris,
1114 808 1143 838 ut
1160 803 1305 838 triumphet
1320 812 1394 837 eum,
1410 805 1496 840 920
1511 811 1537 832 et
1559 811 1688 834 conterat
1706 807 1730 834 in
1747 807 1772 833 li-

954 845 972 872 Β
988 855 1040 882 gno
1060 849 1166 880 cruciS'I
1180 854 1208 876 et
1228 857 1276 883 pro
1298 851 1404 878 calamo
1425 852 1474 878 illo
1497 852 1580 885 priori
1597 859 1684 886 super
1703 861 1771 887 quem

989 892 1065 927 prius
1089 895 1326 924 recumbebamus.
1348 896 1423 923 dedit
1446 896 1526 923 nobis
1549 902 1690 932 sceptrum
1710 898 1772 933 regni

988 939 1118 971 caelestis,
1133 944 1160 966 et
1178 941 1279 975 virgam
1301 941 1336 968 de
1353 949 1407 976 qua
1423 943 1555 976 scriptum
1575 947 1619 970 est
1642 943 1683 968 ":
1707 942 1771 977 Virga

988 984 1132 1018 conﬂatis,
1145 985 1218 1020 virga
1236 987 1308 1021 regni
1326 987 1380 1018 tui;
1400 987 1440 1014 vel
1458 988 1562 1022 virgam
1579 996 1644 1023 qum
1657 989 1772 1022 corripiat

986 1037 1033 1057 eos
1055 1030 1100 1065 qui
1116 1037 1184 1065 opus
1198 1031 1297 1059 habent
1309 1033 1491 1067 correptione,
1506 1033 1538 1060 de
1553 1041 1609 1068 qua
1627 1034 1695 1061 dicit
1712 1035 1771 1069 Δροσ

986 1072 1071 1102 stolus
1083 1075 1105 1091 λ’
1120 1083 1126 1101 :
1141 1076 1211 1108 Quid
1223 1076 1321 1103 nullis?
1334 1079 1361 1104 in
1377 1078 1449 1112 virga
1458 1079 1562 1104 veniam
1577 1080 1612 1105 ad
1628 1081 1694 1106 vos?
1709 1081 1773 1106 Dedit

987 1120 1064 1147 nobis
1083 1125 1110 1147 et
1124 1121 1248 1147 baculum
1265 1127 1294 1148 ut
1310 1122 1480 1150 celebremus
1495 1122 1615 1155 Pascha,
1633 1126 1772 1153 secundum

985 1167 1056 1200 quod
1072 1167 1200 1200 scriptum
1217 1173 1257 1194 est
1273 1168 1315 1194 u:
1335 1168 1432 1194 Bacnli
1450 1170 1528 1195 vestri
1550 1170 1579 1196 in
1597 1171 1723 1198 manibus
1739 1180 1772 1198 u-

985 1211 1047 1237 mis
1059 1211 1130 1243 sint;
1147 1216 1176 1238 ut
1187 1211 1355 1239 celebremus
1371 1212 1476 1240 Pascha
1494 1214 1669 1248 deponentes
1683 1216 1772 1251 virgam

984 1256 1081 1283 calami
1101 1265 1160 1283 eam
1179 1265 1260 1291 quam
1288 1258 1455 1286 habebamus
1474 1259 1640 1294 priusquam
1663 1262 1772 1288 celebra-

985 1309 1075 1329 rcmus
1093 1301 1198 1329 Domini
1222 1302 1335 1330 Pascha.
1354 1303 1514 1331 Pcrcutiunt
1533 1311 1628 1332 autctn
1652 1314 1714 1334 cum
1732 1307 1773 1334 hoc

984 1346 1073 1382 fragili
1090 1353 1115 1374 ct
1132 1355 1201 1375 rano
1219 1349 1323 1376 calamo
1342 1354 1424 1383 caput
1440 1349 1504 1377 Jesu
1530 1352 1701 1385 venerabile,
1714 1361 1772 1387 quo-

984 1393 1055 1420 niatn
1069 1398 1096 1420 ct
1110 1401 1217 1428 semper
1232 1402 1344 1428 regnum
1368 1395 1433 1421 illud
1457 1396 1632 1423 contrarium
1648 1398 1774 1425 conﬁciat

981 1444 1008 1467 ct
1021 1439 1144 1466 verberat
1158 1439 1240 1466 Deum
1255 1439 1375 1473 Patrem,
1388 1446 1468 1475 caput
1485 1441 1596 1468 Domini
1619 1442 1773 1471 Salvatoris.

983 1485 1015 1512 Et
1029 1486 1055 1512 in
1075 1486 1117 1514 his
1139 1486 1266 1513 omnibus
1283 1488 1422 1521 unigenita
1436 1488 1523 1515 virtus
1541 1489 1634 1516 nocita
1659 1498 1713 1517 non
1729 1496 1773 1522 est,

982 1531 1052 1558 sicut
1075 1539 1123 1559 nec
1144 1539 1221 1567 passa
1238 1537 1279 1559 est
1295 1532 1408 1567 aliquid,
1432 1533 1501 1561 facta
1524 1542 1576 1568 pro
1601 1536 1684 1562 nobis
1701 1539 1773 1562 ntale-

981 1577 1094 1609 tlictuin,
1111 1585 1172 1604 cum
1188 1577 1346 1605 naturaliter
1365 1579 1518 1606 lenedietio
1533 1585 1608 1607 esset
1624 1589 1630 1606 :
1652 1582 1700 1608 sed
1717 1590 1771 1608 eum

981 1621 1132 1649 benedictio
1152 1627 1233 1654 esset,
1251 1624 1432 1657 consumpsit,
1453 1628 1478 1652 et
1501 1625 1633 1657 absolvit,
1648 1631 1675 1653 et
1699 1627 1771 1654 dissi-

981 1667 1053 1700 paiit
1069 1675 1176 1695 attinent
1199 1669 1414 1696 maledictionem
1431 1671 1593 1698 humanam.

1016 1713 1075 1741 126.
1097 1713 1227 1742 Est-uiues
1247 1720 1333 1742 autem
1358 1716 1510 1749 invenerunt
1537 1718 1675 1744 hominem
1699 1718 1772 1753 Cynt-

978 1767 1075 1791 namm,
1100 1761 1203 1787 nomine
1229 1760 1388 1788 Simonem:
1412 1762 1480 1788 hunc
1504 1764 1718 1797 attgariawruut
1748 1769 1773 1790 ut

979 1804 1080 1832 tolleret
1102 1813 1204 1833 crucem
1223 1809 1279 1841 ejus
1290 1807 1324 1834 “.
1348 1807 1425 1835 Sicut
1447 1808 1518 1836 enim
1542 1811 1699 1838 secundum
1725 1816 1773 1838 trs

976 1851 1156 1885 evangelistas
1181 1857 1299 1880 tentatur
1316 1861 1330 1880 a
1355 1854 1467 1882 diabolo
1491 1854 1595 1884 Jesus:
1621 1858 1771 1885 secundum

976 1894 1107 1924 Joannem
1120 1903 1221 1931 autem,
1234 1899 1279 1933 qui
1294 1899 1426 1933 spiritalis
1441 1905 1547 1928 natura:
1560 1901 1623 1936 ejus
1639 1902 1707 1930 fecit
1719 1911 1772 1930 se:-

977 1949 1096 1974 monem,
1111 1950 1164 1970 non
1183 1948 1302 1972 tentatur
1315 1952 1322 1970 :
1339 1953 1390 1972 nec
1401 1946 1475 1973 enirn
1489 1951 1610 1974 tentatur
1624 1949 1737 1979 veritas,
1750 1955 1772 1975 τί

976 1987 1041 2021 vita,
1054 1992 1080 2015 et
1103 1990 1275 2023 resurrectio,
1292 1995 1319 2017 et
1334 1991 1424 2018 lumen
1448 2000 1542 2019 verum
1556 2002 1563 2020 :
1583 1994 1632 2020 sed
1648 1995 1771 2021 tentatu-

974 2037 1019 2067 _tur
1031 2034 1180 2061 secundum
1196 2035 1333 2063 hominem
1347 2044 1427 2071 quem
1441 2045 1602 2073 suscoperat
1613 2040 1771 2075 unigenitos

974 2077 1062 2112 Deus;
1079 2079 1119 2107 sic
1133 2081 1280 2108 secundum
1293 2080 1425 2109 Joannem
1439 2083 1550 2116 quidem
1566 2084 1711 2116 Saliator.
1729 2087 1769 2112 ina

974 2125 1139 2158 ponentibus
1155 2125 1195 2153 eis
1213 2127 1258 2161 qui
1273 2134 1454 2162 susceperunt
1468 2137 1544 2162 eunt,
1561 2137 1677 2158 erucem
1696 2139 1770 2159 suam

974 2175 1085 2203 portans
1098 2177 1225 2204 egressus
1241 2177 1282 2198 est
1302 2172 1328 2198 in
1350 2172 1441 2200 locum
1457 2175 1504 2208 qui
1518 2175 1623 2202 dicitur
1638 2176 1770 2204 (latrat-ia

973 2215 1058 2245 locus.
1078 2216 1226 2243 secundum
1245 2217 1364 2252 reliquos
1379 2223 1470 2246 autem
1486 2219 1538 2247 sibi
1554 2228 1617 2248 eam
1637 2230 1694 2249 non
1710 2231 1769 2256 por-

971 2265 1018 2288 tat.
1034 2260 1171 2290 Exeuntes
1184 2263 1256 2290 enim
1278 2263 1324 2298 qui
1336 2264 1474 2293 ducebant
1485 2273 1547 2293 eum
1561 2267 1596 2294 ad
1607 2269 1769 2304 cruciﬁgen-

970 2307 1045 2337 dum,
1062 2307 1223 2336 invenerunt
1237 2309 1382 2343 quemdam
1407 2309 1580 2346 Cyrenzeum,
1599 2314 1719 2340 nomine
1731 2312 1770 2340 Si-

970 2361 1090 2386 monem,
1107 2363 1188 2389 quem
1209 2356 1422 2391 angariaverunt
1448 2361 1479 2383 ut
1497 2357 1637 2391 acciperet
1659 2366 1769 2385 cmest:

969 2400 1081 2427 Christi.
1102 2400 1160 2428 Non
1176 2406 1265 2428 autem
1285 2403 1373 2429 solum
1400 2401 1571 2429 Salvatorem
1587 2404 1768 2431 conveniebat

970 2447 1092 2480 accipere
1110 2455 1218 2474 crucem
1231 2455 1320 2479 suam,
1338 2448 1385 2475 sed
1398 2452 1427 2475 et
1443 2455 1494 2476 nos
1506 2450 1693 2476 conveniebat
1710 2458 1770 2484 por-

970 2498 1027 2520 tare
1042 2501 1113 2525 eam,
1133 2494 1279 2520 salutarent
1304 2494 1383 2521 nobis
1403 2494 1546 2529 angariam
1571 2494 1767 2529 adimplcntEs.

970 2537 1024 2566 Nec
1041 2539 1138 2566 iterum
1161 2544 1250 2566 autem
1268 2539 1307 2567 sic
1325 2539 1506 2574 prodilicaudi
1530 2539 1680 2568 fueramus
1708 2549 1768 2567 cru-

970 2591 1028 2611 cem
1047 2583 1106 2618 ejus
1121 2584 1295 2618 accipientes,
1311 2590 1444 2618 quantum
1464 2584 1548 2612 modo
1568 2586 1767 2620 prodit‘tcamur

969 2637 983 2656 a
1001 2637 1082 2657 cruce
1099 2630 1167 2665 ejus,
1182 2638 1243 2657 cum
1256 2635 1283 2657 ct
1303 2630 1360 2664 ipse
1380 2630 1432 2657 sibi
1449 2631 1568 2665 accipiat
1582 2639 1645 2658 eam
1658 2638 1689 2658 et
1708 2639 1765 2665 por-

969 2679 1014 2702 tet.
1044 2675 1155 2708 Qua-res
1181 2675 1215 2706 si.
1237 2676 1386 2703 secundum
1411 2681 1528 2708 textum,
1554 2683 1707 2713 utrumque
1728 2682 1764 2702 es]

1169 2779 1190 2795 ³⁷
1204 2779 1275 2807 Psal.
1291 2787 1319 2809 ιι,
1337 2779 1365 2806 2.

1110 2815 1130 2830 ⁸³
1145 2813 1232 2842 Exod.
1250 2822 1300 2842 xu.
1318 2815 1361 2841 Η.

1405 2780 1429 2796 ³⁸
1443 2780 1451 2807 Ι
1467 2781 1532 2808 Cor.
1552 2789 1581 2812 ιι,
1601 2782 1629 2809 8.
1670 2781 1756 2805 "ius.

965 2823 1001 2847 tv,
1015 2815 1061 2842 c2|.
1110 2815 1130 2830 ⁸³
1145 2815 1232 2842 Exod.
1250 2822 1300 2842 xu.
1318 2815 1361 2841 Η.
1410 2815 1433 2831 ⁸⁸
1452 2815 1553 2843 Matth.
1572 2825 1657 2844 urit.
1678 2817 1715 2842 52
