1839 3053
68 139 132 167 177⁸1

623 141 948 170 COMMENTANORUM
968 143 1099 171 SlalllES.

1615 146 1682 174 I778

68 200 171 234 factum,
184 205 211 228 et
228 209 280 228 tton
295 201 437 229 dissonant
454 201 504 229 sibi
528 203 699 237 evangelista:
719 203 752 229 ab
776 203 844 229 invi-
859 206 881 234 Α
897 204 998 238 gratias
1017 211 1110 239 agens,
1129 205 1271 239 discipulis
1284 205 1367 237 dedit,
1382 211 1409 234 et
1426 206 1551 240 promisit
1566 215 1596 235 se
1616 207 1681 235 bibi-

68 254 132 280 cem,
146 250 171 274 et
186 247 251 282 quid
266 255 359 274 eorum
377 248 454 282 prius
471 252 512 275 cst
528 247 625 275 factum
639 256 645 274 ε
661 253 752 274 ιιιι·ιιιιι
771 249 843 276 ertim

67 293 111 326 qui
124 297 298 328 susceperunt
311 293 403 321 Jesunt
422 293 455 320 ad
482 294 693 328 crucifigcndum
710 298 737 321 et
757 294 845 328 impo-

68 343 154 366 nentcs
168 339 192 366 ei
218 347 338 370 crucem,
358 343 387 366 ut
410 343 521 373 p0rtans
536 347 594 365 eam
611 344 689 366 exeat
711 340 737 366 in
755 340 846 366 locum

66 383 198 415 Calvarize.
215 384 266 412 ltoc
280 385 398 419 primum
416 383 537 411 fecerunt
554 389 699 419 antequam
721 385 846 420 angaria-

66 435 122 457 rent
140 429 275 458 Simonem
294 430 452 466 Cyrenantm
467 440 474 458 :
488 435 536 458 aut
556 431 658 466 egressi
675 431 783 466 quidem
802 439 848 458 an-

65 476 231 510 gariaverunt
243 477 393 510 Simonem,
409 476 474 504 facti
492 482 584 504 atttem
598 477 631 504 ad
646 477 736 505 locum
748 477 774 504 in
792 485 848 512 quo

65 528 124 548 eum
141 522 248 549 fuerunt
266 522 439 556 suspensuri,
457 527 608 557 posueruttt
621 530 730 550 crucem
750 523 774 550 ci
797 519 848 557 ipsi

64 571 95 593 ιιι
109 567 160 602 ipse
174 575 233 595 eam
250 572 380 603 portaret.
399 568 432 595 Et
446 569 491 604 qui
511 574 599 604 potest
611 569 758 600 discutere.
775 576 847 603 qua:-

64 617 107 639 rat
124 612 269 641 discutiens
282 613 308 640 in
325 618 452 648 utroque,
469 618 499 641 ιιι
515 615 632 641 inveniat
652 619 743 641 utrum
766 614 846 641 tinent

62 658 197 693 pcrtanda‘.
212 659 303 687 crucis
327 660 442 694 accepit,
467 663 513 686 aut
531 659 616 695 magis
636 659 781 695 Cyrenazus
805 659 844 687 Si-

62 712 135 735 mon,
151 712 202 732 non
227 704 340 732 fortuitu
359 706 529 740 angariatus,
554 706 600 733 sed
623 705 772 733 secundum
795 705 846 732 ali-

61 758 141 785 quam
156 750 188 778 de
205 758 240 777 eo
257 751 457 785 praescientiam
480 750 536 782 Dei,
557 752 706 778 secundum
729 751 846 786 disposi-

61 796 159 823 tionem
179 795 225 824 Dei
241 796 339 825 duclus
358 797 390 824 ad
415 797 468 825 ltoc
485 802 514 824 ut
535 798 688 832 evangelica
707 797 846 832 Scriptura
863 812 866 815 ν

898 254 989 276 turum
1004 257 1103 278 novum
1121 250 1208 285 ipsunt
1228 251 1254 277 in
1268 259 1350 287 regno
1365 251 1424 278 Det.

934 294 994 322 128.
1017 293 1160 329 Postquam
1183 300 1270 322 autent
1292 297 1483 331 crueiﬁxerunt
1500 305 1569 329 eum,
1589 299 1680 325 divis.»-

899 343 959 365 runt
981 338 1030 365 sibi
1053 340 1206 366 vestimenta
1225 340 1292 374 ejus,
1309 346 1405 367 sortem
1424 343 1577 369 mittentes:
1598 347 1621 369 et
1640 351 1682 369 ιε·-

899 383 986 410 deutes
1000 383 1135 411 serrabant
1148 393 1207 411 eum
1220 385 1253 412 ⁸⁸.
1273 385 1305 412 Et
1318 391 1382 413 sunt
1396 394 1482 420 usque
1501 395 1573 414 rtunc
1584 389 1629 421 qui
1643 388 1685 422 ip-

900 436 960 456 sutn
975 429 1084 464 quidem
1100 437 1153 456 ttou
1167 429 1308 462 habentes,
1318 431 1476 458 vestimenta
1491 436 1592 464 autem,
1605 433 1629 459 id
1643 437 1684 461 est

900 474 981 500 verba
1000 473 1026 500 in
1043 473 1190 509 Scripturis
1203 475 1290 509 posita
1305 475 1413 508 habent,
1428 484 1478 503 nec
1495 477 1556 511 ipsa
1571 478 1604 504 ad
1625 479 1682 512 ple-

901 528 976 552 num,
990 520 1036 548 sed
1048 528 1079 547 ex
1095 525 1180 555 parte,
1193 519 1371 548 nihilominus
1386 521 1438 548 hoc
1452 522 1540 556 ipsum
1554 524 1682 557 propitle

900 566 1004 593 dicente
1020 566 1177 601 mysterium
1193 565 1266 600 quod
1278 573 1350 593 nunc
1362 573 1401 593 est
1421 566 1570 601 impletum.
1588 567 1682 596 Utrum

899 616 988 638 autent
1001 612 1168 639 conscissum
1180 616 1221 639 est
1233 611 1341 646 aliquod
1352 613 1572 641 vestimentorum
1586 615 1644 649 ejus
1656 616 1682 642 in

854 659 856 661 ’
897 657 942 684 illa
956 658 1036 692 921
1045 658 1200 692 partltione,
1210 666 1244 685 an
1256 658 1356 685 mansit
1364 659 1577 694 unumquodque
1587 667 1682 688 eorurtt

898 703 1033 738 integrum
1056 703 1125 731 sicut
1142 703 1202 736 fuit,
1219 707 1246 731 et
1266 704 1357 738 qualia
1377 703 1422 730 illa
1446 705 1606 732 vestimenta
1623 705 1682 733 fuc-

899 753 978 781 runt,
1004 757 1058 776 non
1080 749 1194 785 legimus
1217 751 1288 785 apud
1313 754 1367 778 tres
1391 751 1591 786 evangelistas:
1611 752 1683 786 apud

897 795 1029 824 Joannem
1050 801 1140 823 autem
1158 796 1304 825 didicimus
1327 798 1399 832 quod
1415 799 1514 825 milites
1538 803 1681 834 postquam

59 842 156 877 dignus
171 843 349 876 inveniretur,
370 848 397 871 et
413 843 565 871 ministerio
584 844 673 871 cruris
689 843 802 876 Christi,
819 843 846 871 in
862 847 883 874 Β
898 842 1091 869 crucifixnrunt
1102 841 1252 875 Christum,
1264 848 1426 878 acceperunt
1439 844 1598 872 vestimenta
1610 845 1682 880 ejus,

60 896 115 922 qua
130 889 246 916 mundus
266 889 434 924 cruciﬁgitur
451 890 565 922 sanctis,
582 894 609 917 et
624 889 711 917 sancti
733 889 845 917 mundo.

60 933 172 966 Quidam
200 938 290 961 autent
318 940 345 962 et
371 935 511 962 moraliter
537 942 673 970 exponere
703 935 848 962 voluerunt

59 979 132 1007 hunc
151 979 238 1014 ipsum
261 979 400 1008 Simonem
421 981 591 1016 Cyrenaeam,
616 989 649 1008 ex
664 989 696 1008 eo
717 981 789 1015 quod
814 981 848 1008 de

60 1024 198 1059 Pentapoli
214 1030 286 1053 esset
296 1024 413 1060 Cyrenes
428 1026 577 1053 secundum
594 1025 706 1060 Libyam
723 1026 755 1057 ⁸⁸,
776 1026 847 1053 acci-

57 1069 162 1104 pientes
178 1070 349 1098 occasionem
367 1071 400 1098 de
421 1071 548 1098 sensibus
561 1071 682 1106 quinque
702 1076 730 1098 ttt
743 1071 845 1107 dicant,

56 1115 137 1150 quasi
159 1116 281 1151 quinque
306 1124 404 1144 sensus
433 1121 608 1151 portaverunt
635 1116 847 1153 dispensationis

55 1161 131 1189 Illius
143 1169 261 1189 crucertt.
274 1161 368 1190 Simon
380 1167 470 1190 autem
487 1163 680 1197 interpretatur
689 1162 845 1189 obedientia.

55 1207 108 1233 Cui
128 1212 216 1234 autem
237 1209 323 1243 magis
345 1209 522 1236 conveniebat
547 1213 576 1236 ut
599 1217 707 1236 cruccttt
738 1208 846 1236 Christi

55 1258 175 1287 portaret
192 1254 245 1281 nisi
264 1255 442 1282 obedientize?
463 1259 520 1288 aut,
545 1255 615 1283 sicut
635 1255 771 1283 secundus
792 1253 847 1282 Lize

54 1299 130 1327 ﬁlius
143 1304 266 1331 vocatur,
281 1299 421 1327 Simeoni?
434 1300 581 1335 Dupliciter
593 1300 665 1327 enim
685 1300 756 1335 apud
773 1299 846 1327 Grae-

52 1353 104 1372 cos
120 1346 276 1373 nominatur
299 1350 326 1373 et
345 1347 511 1381 patriarcha,
526 1351 552 1374 et
574 1346 681 1377 Petrus,
696 1346 845 1373 secuttdunt

53 1391 249 1426 proprietatem
272 1391 398 1420 chraici
425 1393 570 1425 sertnonis,
595 1397 625 1420 ut
651 1393 796 1420 conveniat
821 1392 845 1419 ei

51 1437 103 1471 qui
129 1437 164 1464 ita
189 1442 311 1471 vocatur,
333 1442 363 1465 ut
381 1443 407 1466 et
428 1438 522 1466 Simon
544 1438 651 1466 dicatur
673 1443 700 1465 ct
722 1438 844 1470 Sitneon,

51 1483 186 1517 quoniam
203 1483 298 1511 iisdem
316 1483 412 1511 litteris
432 1484 555 1511 scribunt
578 1483 681 1511 lleln'zci
698 1489 725 1511 et
741 1483 845 1511 Simeo-

51 1529 100 1555 nis
116 1536 214 1555 nomen
232 1533 259 1556 et
275 1528 404 1556 Simonis.
419 1529 508 1557 Locus
524 1535 614 1557 autem
631 1530 763 1556 (Zalvariae
778 1529 846 1557 dici-

49 1579 100 1601 tur
115 1582 170 1601 non
193 1575 412 1610 qualemcunque
435 1574 666 1610 dispensationem
690 1575 798 1608 ltabere,
817 1580 847 1601 ut

50 1619 111 1646 illic
134 1620 181 1654 qui
202 1628 252 1654 pro
274 1620 429 1647 ltominibus
443 1619 592 1646 moriturus
609 1618 708 1650 fuerat,
726 1625 847 1646 morere-

50 1670 109 1692 tur.
127 1664 207 1692 Venit
228 1666 300 1692 enim
317 1666 351 1692 ad
369 1674 412 1692 me
434 1664 542 1692 traditio
559 1664 682 1698 quzedam
703 1664 764 1690 talis
776 1663 845 1699 (89),

47 1710 127 1744 quod
145 1718 245 1744 corpus
259 1710 324 1737 Adae
342 1710 422 1744 printi
444 1709 562 1737 hominis
588 1708 625 1735 ibi
644 1709 779 1742 sepultum
803 1713 846 1736 est

47 1756 99 1783 ubi
115 1756 264 1783 crucitixus
277 1759 319 1783 est
331 1755 467 1789 Christus,
481 1759 510 1782 ut
521 1755 592 1782 sicut
605 1754 632 1781 in
649 1753 734 1780 Adam
751 1761 846 1781 omnes

47 1802 220 1835 moriuntur,
243 1802 283 1830 sic
306 1802 333 1828 in
356 1801 465 1829 Christo
491 1808 586 1828 omnes
610 1799 779 1827 vivilicentur
802 1799 844 1826 “:

46 1853 81 1876 ut
101 1848 130 1875 in
147 1849 207 1876 loco
226 1848 271 1875 illo
288 1847 334 1882 qui
350 1848 450 1875 dicitur
461 1846 593 1874 Calvarite
605 1846 692 1879 locus,
707 1845 732 1872 id
748 1850 789 1873 est
807 1845 845 1872 lo-

45 1902 97 1920 cus
121 1894 230 1928 capitis,
254 1897 336 1928 caput
358 1892 469 1920 humani
490 1892 597 1927 generis
619 1891 844 1918 resurrectionem

46 1939 175 1967 inveniat
196 1947 258 1967 cum
279 1939 379 1974 populo
400 1938 527 1966 universo
550 1945 596 1972 per
617 1937 845 1964 resurrectionem

45 1985 162 2012 Domini
178 1985 335 2016 Salvatoris,
352 1984 398 2020 qui
417 1985 452 2011 ibi
466 1991 563 2018 passus
575 1987 626 2015 est,
642 1987 669 2010 et
685 1982 842 2009 resurrexit.

43 2029 250 2058 luconveniens
262 2031 334 2058 enim
349 2033 408 2057 erat
421 2034 451 2056 ut
465 2037 527 2056 curn
543 2028 621 2055 multi
633 2035 664 2055 ex
683 2035 716 2055 eo
731 2027 785 2054 rtati
802 2035 845 2055 re-

43 2075 215 2103 missionem
242 2075 397 2110 acciperent
419 2078 606 2110 peccatorum,
633 2077 660 2100 et
682 2072 843 2100 beneficium

43 2121 264 2149 resurrectionis
279 2125 522 2156 consequerentur,
540 2127 594 2146 non
620 2120 706 2153 magis
721 2119 778 2154 ipse
793 2118 844 2146 Pa-

898 891 924 914 ct
939 886 1063 914 fecerunt
1074 891 1191 922 quatuor
1200 893 1300 923 partes,
1316 889 1463 924 unicuique
1475 889 1552 917 militi
1566 895 1683 925 partem.

898 932 1029 960 Tunicam
1049 938 1150 966 autent,
1166 935 1294 968 quoniam
1317 941 1375 963 erat
1396 944 1449 963 non
1466 937 1621 970 consutilis,
1635 939 1683 966 sed

898 986 912 1005 a
929 985 1039 1005 sursum
1053 978 1154 1007 textilis
1171 987 1218 1014 per
1238 984 1335 1013 totum,
1352 980 1479 1009 dixerunt
1493 982 1527 1009 ad
1546 982 1681 1010 invicem:

899 1023 960 1050 Non
974 1024 1173 1051 conscindantus
1189 1033 1257 1058 earn,
1273 1026 1317 1053 sed
1333 1027 1479 1053 sortiantur
1490 1028 1522 1055 de
1536 1036 1567 1055 ea
1579 1028 1612 1055 ⁴’.
1624 1028 1682 1056 Non

897 1077 962 1104 ergo
984 1077 1080 1098 omnes
1101 1077 1264 1105 acceperunt
1276 1079 1353 1104 eam,
1373 1072 1421 1099 sed
1438 1074 1483 1107 qui
1501 1073 1614 1102 sortitus
1629 1079 1681 1101 est.

897 1115 1046 1150 Disputans
1069 1120 1159 1142 autent
1183 1116 1283 1151 aliquis
1302 1117 1335 1144 de
1354 1117 1504 1145 differentia
1526 1126 1620 1145 eorum
1636 1119 1682 1154 qui

897 1161 1059 1189 vestimenta
1076 1161 1182 1188 Domini
1203 1161 1312 1195 habent,
1332 1163 1451 1190 inveniet
1465 1163 1524 1191 sine
1539 1163 1623 1191 dubio
1635 1164 1682 1199 qui

897 1206 924 1233 in
938 1206 1110 1241 dogmatibus
1121 1207 1189 1240 suis,
1204 1207 1255 1234 etsi
1269 1215 1322 1234 non
1337 1207 1438 1235 habent
1449 1209 1548 1243 ipsum,
1561 1209 1681 1236 tunicam

897 1255 986 1279 tamen
1014 1252 1157 1279 desursum
1183 1253 1301 1280 textilem
1323 1259 1371 1287 per
1387 1257 1472 1280 totum
1497 1253 1597 1281 habent
1612 1263 1619 1281 :
1637 1254 1681 1281 alii

896 1301 985 1324 autem
1009 1304 1058 1324 nec
1081 1297 1184 1331 ipsam,
1207 1297 1253 1325 sed
1277 1297 1396 1332 aliquam
1419 1298 1580 1332 particulam
1597 1299 1682 1326 vesti-

897 1342 979 1369 menti
1006 1342 1074 1378 ejus.
1103 1341 1136 1369 Et
1160 1342 1212 1369 hoc
1241 1343 1384 1370 considera
1411 1343 1502 1378 qttod,
1530 1344 1680 1372 secundum

895 1386 1050 1414 Matthzeum
1066 1388 1089 1403 "
1102 1388 1223 1423 quidem,
1238 1387 1317 1416 Jesus
1342 1388 1478 1423 accipiens
1495 1394 1600 1416 acetum
1618 1397 1680 1421 eum

897 1432 957 1460 felle
973 1433 1133 1468 pertnisturtt
1158 1434 1288 1469 gustavit,
1303 1438 1330 1461 ct
1346 1434 1434 1461 uoluit
1457 1434 1563 1467 bibere;
1581 1443 1681 1462 secun-

896 1479 961 1506 dum
977 1479 1096 1507 Marcttnt
1115 1484 1205 1507 autent
1221 1480 1256 1513 “,
1271 1488 1332 1508 cutn
1352 1481 1462 1508 daretur
1474 1481 1498 1509 ei
1512 1481 1680 1516 myrrhatum

897 1525 1001 1558 vinunt,
1019 1533 1073 1552 tton
1085 1526 1197 1560 accepit.

934 1571 994 1598 129.
1013 1570 1046 1598 Et
1067 1571 1183 1598 sedentes
1199 1573 1338 1599 servabant
1353 1580 1412 1598 eum
1434 1572 1515 1600 ibi".
1534 1571 1565 1598 Et
1580 1572 1681 1599 milites

897 1617 1005 1652 quidem
1028 1617 1174 1644 servabant
1195 1625 1305 1652 corpus,
1328 1617 1456 1644 submissi
1479 1625 1494 1644 a
1514 1617 1681 1651 principibus

897 1661 1088 1694 sacerdotum,
1114 1661 1193 1696 quasi
1220 1661 1365 1690 furandum
1389 1670 1404 1689 a
1422 1661 1563 1696 discipulis
1582 1661 1641 1696 ejus
1659 1661 1680 1687 si

897 1715 950 1734 non
978 1713 1149 1742 servaretur;
1182 1707 1349 1742 dispensatio
1382 1712 1472 1734 autem
1508 1707 1681 1734 resuscitavit

896 1760 969 1783 cum.
991 1758 1015 1780 ct
1043 1758 1124 1781 testes
1149 1753 1355 1780 resurrectionis
1381 1753 1440 1788 ejus
1464 1761 1525 1781 esse
1549 1753 1612 1781 fecit
1628 1757 1680 1780 no‘n

896 1798 965 1826 duos
987 1803 1102 1831 tatttum,
1124 1803 1172 1826 aut
1194 1803 1266 1830 tres,
1294 1798 1342 1826 sed
1363 1798 1449 1825 multo
1474 1799 1574 1832 plures.
1601 1798 1681 1826 Visus

895 1848 937 1871 est
951 1843 1023 1870 ettint
1040 1843 1147 1878 Cephze,
1159 1847 1251 1878 postea
1267 1842 1319 1869 illis
1335 1842 1470 1872 undecim,
1486 1843 1582 1870 deinde
1599 1851 1682 1877 appa-

895 1889 950 1916 ruit
965 1889 1081 1923 amplius
1096 1896 1176 1923 quam
1197 1888 1352 1923 quingentis
1373 1887 1514 1920 fratribus,
1528 1889 1681 1917 novissime

894 1941 984 1963 autem
1001 1935 1123 1963 omnium
1147 1934 1232 1962 Paulo
1248 1935 1281 1961 ⁵³.
1296 1934 1329 1961 Ει
1343 1942 1396 1961 tton
1413 1938 1472 1961 erat
1487 1935 1623 1962 ntodicunt
1642 1936 1679 1963 si-

895 1990 977 2017 gnum
1002 1982 1210 2010 resurrectionis
1226 1980 1285 2016 ejus
1306 1980 1381 2015 quod
1401 1988 1415 2007 a
1433 1981 1516 2008 tantis
1534 1985 1577 2008 est
1592 1982 1677 2014 visus,

895 2029 938 2056 his
962 2029 1008 2064 qui
1034 2033 1212 2063 susceperunt
1227 2028 1376 2062 periculum
1399 2033 1428 2055 ut
1448 2026 1594 2062 praedicent
1613 2036 1676 2055 eunt

894 2076 1027 2102 viventem
1044 2075 1070 2102 ιιι
1086 2074 1192 2109 populis
1208 2074 1254 2109 qui
1270 2074 1403 2109 petierant
1423 2081 1485 2101 eum
1507 2074 1539 2101 ad
1555 2081 1674 2102 crucem.

894 2121 928 2149 Et
949 2129 1021 2149 nunc
1042 2122 1104 2148 novi
1131 2121 1266 2155 principes
1291 2121 1475 2153 sacerdotum,
1493 2121 1615 2148 \idelicu
1631 2121 1678 2148 ulli

41 2169 89 2191 ter
113 2164 241 2192 omnium
261 2164 403 2191 hominum
426 2163 582 2200 hujusmodi
608 2163 721 2199 gratiam
747 2171 843 2192 conse-
859 2177 881 2205 Β
896 2166 1048 2201 principum
1077 2165 1196 2197 illorum,
1221 2166 1333 2192 verbum
1359 2166 1481 2193 veritatis
1505 2167 1623 2201 posituut
1651 2166 1678 2192 in

39 2214 193 2244 queretur.

81 2256 149 2283 127.
164 2256 200 2283 Et
214 2255 340 2283 dederunt
353 2257 377 2283 ei
387 2260 490 2283 acetum
502 2256 588 2283 bibere
603 2256 662 2290 felle
674 2256 791 2283 ntistum.
807 2255 841 2283 Et

38 2309 108 2328 cum
126 2305 272 2337 gustasset,
290 2302 373 2328 noluit
388 2301 473 2328 bibere
486 2301 518 2328 ".
535 2300 690 2328 Sullicicbat
705 2301 776 2327 enint
791 2309 841 2327 no»

37 2347 87 2375 bis
111 2353 143 2375 ut
168 2350 274 2374 tantum
298 2351 420 2383 gustaret
440 2355 489 2382 pro
513 2347 601 2379 nobis,
626 2347 698 2374 sicut
724 2350 837 2373 rttortcttt

36 2393 130 2420 tridui
148 2393 280 2428 temporis
300 2401 354 2420 non
373 2393 533 2428 longiorem,
549 2392 589 2420 sic
607 2397 635 2420 et
651 2397 757 2420 acctunt
778 2392 840 2420 fdle

36 2440 224 2475 perrnistum.
242 2441 321 2467 Aliud
343 2444 432 2467 autent
457 2439 548 2466 vinum
570 2447 623 2466 non
646 2439 756 2466 ntistum
776 2447 837 2466 cum

35 2485 108 2513 felle
123 2493 178 2513 nec
190 2493 252 2513 cum
275 2486 367 2520 aliquo
380 2485 529 2516 contrario,
550 2484 653 2519 accepit
669 2489 694 2512 et
717 2483 794 2515 bibit,
812 2489 838 2512 et

78 2575 104 2590 "
122 2575 169 2603 Cf.
188 2576 247 2603 Act.
266 2585 296 2607 ll,
312 2576 355 2603 10.
394 2575 432 2602 ⁵⁸1
447 2576 509 2603 Cor.
528 2584 572 2606 XV,
588 2575 632 2602 2‘2.

36 2618 136 2642 xxvii,
155 2610 203 2638 54.
253 2611 275 2627 ⁵⁸
293 2611 376 2638 Marc.
396 2619 446 2644 xv,
469 2611 513 2638 ‘25.

77 2703 144 2739 (89)
172 2703 246 2732 Venit
268 2705 302 2731 ad
319 2714 359 2732 me
375 2705 483 2732 traditio
502 2706 623 2740 qua-dam
639 2705 701 2732 talis
714 2726 720 2736 ,
739 2710 791 2732 etc.
810 2705 837 2732 in

34 2739 146 2775 (lateri.
177 2747 230 2766 ms.
247 2740 339 2775 Graeca
359 2741 439 2767 verba
466 2741 521 2767 haec
544 2744 652 2775 exstant
674 2748 679 2765 :
702 2741 770 2775 Περὶ
791 2740 839 2766 τοῦ

34 2774 173 2810 Κρανίου
191 2775 273 2801 τόπου
289 2773 370 2810 ἦλθεν
383 2776 422 2807 εἰς
440 2776 512 2810 ἡμᾶς
526 2775 566 2800 ὅτι
590 2774 707 2809 Ἑϐραῖοι
725 2773 838 2809 napum-

35 2809 160 2839 δύαισιν,
185 2810 226 2836 ὅτι
247 2810 277 2836 τδ
298 2809 376 2844 eo,”
395 2810 441 2836 τοῦ
462 2809 550 2843 Ἂῆᾶμ
574 2810 632 2835 ἐκεῖ
650 2810 780 2836 τέθαπται
797 2811 840 2836 ἵνα

35 2844 106 2870 ἐπεὶ
121 2844 153 2871 ἐν
171 2845 213 2879 τῷ
231 2845 314 2872 Ἀδὰυ.
326 2843 423 2877 τέάντες
441 2845 539 2871 ἀπώνὶ
549 2853 651 2874 nouat.
668 2845 747 2871 πάλιν
761 2847 789 2872 ὲν
802 2843 840 2878 τῷ

672 2577 692 2591 ³⁷
701 2575 793 2603 Matth.
810 2584 893 2606 xxv".
907 2577 951 2604 5L

551 2611 573 2626 ⁸¹
590 2610 686 2637 Matth.
705 2619 796 2643 XXVII,
810 2611 854 2638 56.
891 2612 914 2627 ⁸³
931 2611 1014 2639 ICor.
1035 2620 1083 2644 xv,
1099 2611 1116 2639 5
1132 2612 1157 2638 7.

897 2211 1046 2247 Scripturis
1071 2211 1234 2246 crucitigunt
1260 2210 1336 2239 falsis
1359 2212 1577 2246 expositionibus
1602 2212 1677 2245 suis,

893 2262 921 2285 et
945 2257 1075 2285 occidunt
1101 2257 1263 2290 mendaciis;
1292 2257 1404 2284 verbum
1429 2262 1518 2285 autent
1544 2257 1677 2289 veritatis,

892 2304 955 2339 quia
974 2303 1044 2338 apud
1068 2303 1128 2330 illos
1150 2303 1259 2337 quidem
1281 2304 1424 2335 occiditur,
1450 2304 1516 2331 vivit
1533 2309 1622 2332 autem
1649 2304 1676 2330 itt

893 2357 941 2376 sua
957 2354 1064 2378 natura,
1081 2355 1188 2381 semper
1213 2347 1324 2380 invenit,
1345 2352 1373 2375 et
1395 2347 1470 2382 eligit
1496 2348 1548 2375 sibi
1567 2356 1630 2375 vasa
1648 2349 1675 2376 in

892 2394 991 2429 quibus
1007 2397 1139 2428 resurgat,
1154 2398 1182 2420 et
1196 2393 1283 2424 vivat,
1298 2396 1325 2419 et
1340 2392 1429 2420 adhuc
1446 2393 1594 2420 confundat
1609 2402 1675 2422 suos

893 2435 1097 2470 interfectores,
1127 2436 1220 2464 multis
1248 2436 1411 2468 testimoniis
1439 2437 1528 2464 virere
1559 2438 1673 2465 demon-

891 2488 1017 2510 stratum.

990 2577 1012 2593 ⁸⁸
1025 2576 1091 2604 ibid.
1108 2576 1153 2608 55,
1168 2576 1212 2604 56.
1251 2576 1273 2591 δ’
1287 2575 1366 2603 Joan.
1382 2583 1438 2607 χιι,
1455 2575 1500 2602 24.
1538 2575 1561 2590 '°
1578 2573 1672 2603 Matth.

891 2707 1001 2743 Χριστῷ
1016 2708 1115 2739 πάντες
1133 2706 1329 2743 ζωηποιηῦὧσι.
1348 2706 1384 2734 De
1399 2706 1534 2743 Calvarire
1545 2706 1602 2743 loco
1614 2713 1672 2738 pcr-

891 2741 958 2770 t'c'm't
972 2741 1006 2769 ad
1024 2752 1069 2770 nos
1085 2744 1195 2770 traditio
1212 2741 1394 2773 Hebre-orum,
1411 2749 1504 2774 corpus
1520 2741 1604 2766 Adam
1619 2748 1673 2766 esse

891 2778 927 2804 ibi
942 2778 1073 2812 sepultum
1086 2798 1093 2809 ,
1112 2783 1140 2804 ut
1161 2779 1229 2805 sicut
1252 2778 1279 2804 in
1304 2777 1386 2803 Adam
1408 2784 1495 2803 omnes
1513 2776 1672 2807 moriuntur,

892 2822 982 2840 rm‘sus
998 2813 1024 2840 in
1039 2813 1145 2840 Christo
1159 2821 1246 2840 onmes
1262 2813 1431 2847 riviﬁccntur.
