1839 3053
143 92 212 119 i779

721 88 882 118 ORlGENlS
901 88 935 116 IN
953 87 1162 118 MATTHEUM

1700 87 1756 114 £780

178 148 239 175 150.
269 147 302 175 Et
330 147 508 182 imposuerunt
535 157 612 183 super
635 154 712 183 caput
741 150 797 183 ejus
818 155 925 175 causam
941 149 962 176 Α
976 148 1052 181 pedes
1069 155 1138 173 meos
1151 147 1184 178 θ’,
1199 150 1225 174 ct
1247 153 1300 174 non
1321 146 1495 181 blasphemat
1508 144 1618 173 Iesum.
1636 144 1663 172 Si
1677 151 1755 172 autem

140 193 196 227 ejus
221 195 348 228 scriptam
364 202 373 220 :
388 193 438 222 Hic
460 201 498 221 est
524 194 619 226 .lcsus,
645 202 690 221 rex
714 193 870 221 Juawerum
893 194 925 220 “.

142 239 205 266 Sive
222 240 376 271 occasione,
392 241 449 268 sive
466 241 589 274 veritate,
605 240 730 267 Christus
746 248 792 267 rex
806 247 925 274 pronun-

142 284 235 316 tiatur,
249 289 275 311 et
290 284 379 311 omnis
405 285 493 311 littera
512 292 624 319 regnum
650 285 709 320 ejus
728 290 852 318 testatur,
869 287 927 313 sive

141 328 309 361 Graecorum,
326 329 384 356 sive
401 329 595 362 Romanorum,
611 329 667 356 sive
681 329 885 362 Ilcbraicorum,
900 334 927 357 et

141 381 190 407 pro
208 382 310 402 cut-oua
338 381 419 408 super
445 379 525 408 caput
556 375 614 409 ejus
640 376 794 410 scriptum:
815 376 865 403 Hic
887 381 924 403 est

140 417 236 449 Iesus,
263 425 308 444 res;
329 416 494 444 Judtcorum.
521 417 554 444 Et
583 426 644 445 cum
672 420 745 447 nulla
773 420 925 447 inveniatur

140 469 223 489 causa
237 461 288 488 alia
307 462 403 488 mortis
415 462 485 496 ejus,
505 470 554 490 nec
568 462 641 489 enim
654 468 723 496 erat,
739 464 795 491 hch
809 464 923 491 habetur

141 508 198 534 sola
212 515 218 532 :
239 507 294 534 Rex
309 506 360 534 fuit
372 506 545 540 Judaaorum;
561 508 593 536 de
613 516 667 543 qua
688 509 793 537 locutus
809 514 861 542 est,
879 509 922 537 di-

141 559 205 579 cens
217 552 240 567 ⁸⁵
255 560 261 578 :
281 552 336 587 Ego
353 557 440 579 autem
455 554 611 580 constitutus
624 561 682 581 sum
697 562 742 581 rea:
758 554 790 581 ab
805 563 834 582 eo
847 563 925 590 super

142 596 207 623 Sion
226 601 339 625 montem
353 602 472 624 sanctum
485 598 553 632 ejus.
570 597 603 625 Et
617 599 742 634 princeps
756 599 865 634 quidem
882 607 925 627 sa-

140 642 280 669 cerdotum
297 644 446 670 secundum
469 643 584 670 litteratn
605 643 672 678 legis
692 644 816 679 portabat
833 645 859 672 in
875 653 919 672 ca-

139 686 194 720 pite
209 693 259 713 suo
278 686 393 714 formam
411 687 492 722 signi,
511 692 538 715 et
557 688 797 716 sanctiﬁcationem
816 689 922 717 Domini

139 731 267 766 scriptam
292 732 318 759 in
339 732 469 760 metallo:
492 741 571 761 verus
589 739 678 761 autem
695 735 820 769 princeps
833 743 923 763 sacer-

138 776 231 804 dotum
255 781 282 804 et
305 784 349 804 rex
376 776 455 805 Jcsus
477 779 504 804 in
526 786 607 806 cruce
621 779 730 814 quidem
751 780 832 808 habet
853 781 923 808 scri-

978 193 1116 225 cccidcrit,
1140 197 1187 219 aut
1201 192 1376 227 praeterierit,
1396 192 1438 218 vel
1455 191 1614 222 transierit,
1630 191 1670 216 vel
1684 191 1756 216 decli-

978 238 1093 269 naverit,
1107 241 1171 264 tunc
1193 244 1255 263 eum
1273 236 1454 270 blasphemat.
1473 235 1552 262 Sicut
1566 235 1657 261 adhuc
1677 235 1720 268 qui
1735 235 1756 260 in

978 282 1048 309 mala
1073 289 1155 316 opera
1181 281 1351 312 ceciderunt,
1373 286 1401 308 et
1427 281 1499 307 sicut
1523 280 1570 313 qui
1599 279 1757 313 reliquerunt

977 327 1108 354 terminos
1122 332 1238 353 aeternos
1258 331 1284 353 ct
1299 326 1369 352 viam
1387 325 1517 352 Ecclesia:
1534 325 1667 357 cmlestis,
1680 330 1705 350 et
1716 325 1756 350 llu-

977 375 1114 403 etuantur,
1131 375 1158 397 et
1171 369 1399 397 circumferuntur
1412 370 1444 396 ab
1459 371 1532 396 omni
1546 375 1622 396 vento
1638 370 1757 395 doctrin:

976 419 1003 444 in
1021 417 1131 452 fallacia
1146 418 1290 449 hominum,
1315 417 1341 443 in
1362 416 1477 447 astutia,
1500 416 1535 442 ad
1556 416 1702 442 remedium
1722 424 1757 442 ετ-

976 463 1043 490 roris
1060 463 1092 490 ⁶¹.
1111 462 1210 490 Omnes
1229 462 1301 489 enim
1323 462 1439 489 haereses
1458 466 1656 496 praetereuntes
1679 465 1704 488 et
1717 462 1758 488 dc-

975 508 1109 535 clinautes
1124 514 1185 534 esse
1203 507 1225 534 si
1240 507 1303 542 quis
1319 506 1432 538 dixerit,
1457 513 1510 532 non
1535 506 1678 540 peccabit;
1704 513 1758 539 pro-

975 558 1064 588 pterea
1081 553 1153 588 quod
1175 558 1200 579 et
1216 552 1266 587 ipsi
1287 553 1356 580 inter
1372 557 1565 587 praetereuntes
1584 552 1720 579 habentur
1735 556 1759 579 et

975 598 1166 632 blasphemant
1179 596 1271 625 Jcsum
1282 617 1289 630 ,
1311 605 1364 624 non
1388 597 1520 625 habentes
1537 602 1622 632 caput
1639 597 1755 628 ﬁrmum,

975 644 1022 672 sed
1038 649 1175 672 moventes
1190 644 1279 679 ipsum
1296 651 1405 672 sursum
1420 648 1447 671 et
1461 643 1590 672 deorsum
1608 653 1615 670 :
1633 645 1757 679 quoniam

975 697 1028 716 non
1045 694 1108 716 sunt
1124 690 1279 724 prudentes.
1293 697 1342 718 nec
1363 690 1464 718 habent
1480 690 1574 717 oculos
1591 697 1660 717 suos
1676 689 1702 715 in
1717 697 1757 716 ca-

974 735 1028 770 pite
1045 743 1105 768 suo,
1131 736 1157 762 in
1175 744 1230 770 quo
1246 736 1343 763 habere
1364 737 1525 768 debuerant,
1539 735 1709 762 Ecclesiaste
1722 735 1757 761 di-

974 786 1051 808 cente
1065 781 1087 796 ⁶³
1101 790 1107 806 :
1125 780 1255 815 Sapientis
1267 782 1337 808 oculi
1350 783 1376 808 in
1388 783 1475 816 capite
1487 781 1543 815 ejus
1558 785 1634 807 sunt.
1650 780 1758 807 Practer-

139 827 214 856 ptum
231 831 237 848 :
255 821 306 849 llic
323 829 361 850 est
376 831 421 850 rem
432 823 604 857 Judworum,
620 825 872 853 ascendensautcm
889 826 922 854 ad
938 820 959 847 Β
973 826 1094 853 euntium
1120 834 1184 860 ergo
1204 831 1230 853 et
1251 824 1446 853 declinantiu'm
1466 826 1548 861 922
1563 834 1636 860 opus
1662 830 1705 852 est
1719 824 1757 851 Je-

138 867 256 900 Patrem,
275 872 301 895 et
316 868 469 903 suscipiens
489 868 595 897 Patrem
615 871 642 897 in
659 877 689 898 se
712 878 761 905 pro
786 871 883 899 litteris
897 876 923 899 et

138 920 188 947 pro
202 913 312 940 nomine
325 907 404 940 habet
419 914 467 948 qui
478 915 644 949 nominatur,
661 920 688 943 et
704 915 783 944 habet
798 924 861 944 eum
875 925 921 945 co-

137 965 244 991 ronam,
262 963 288 986 et
311 959 410 995 dignus
425 968 457 987 co
476 960 599 995 eﬂ'ectus,
613 966 639 988 et
657 962 754 990 domus
772 962 819 990 Dei
835 963 923 992 Patris

137 1005 218 1040 digna
244 1005 374 1040 elfcctus,
400 1003 475 1034 solus
504 1007 666 1036 suiiicienter
691 1008 797 1037 Patrem
827 1018 922 1046 capere

137 1055 234 1086 potest.

172 1097 234 1124 151.
259 1097 330 1124 Tum:
354 1098 542 1133 cruciﬁxerunt
566 1108 625 1126 cum
652 1108 681 1127 eo
698 1100 763 1128 duos
787 1101 920 1135 latrones,

137 1149 217 1169 unum
234 1151 249 1169 a
266 1143 378 1177 dea-tris,
396 1149 420 1171 et
444 1153 523 1171 unum
540 1153 555 1171 a
578 1145 693 1174 sinistris
714 1147 747 1174 ⁸⁸.
768 1147 921 1176 Crucitixus

139 1188 207 1216 inter
223 1189 342 1217 latrones
358 1190 490 1218 Dominus
507 1191 577 1218 sicut
594 1191 644 1226 ipsi
668 1192 788 1220 latrones
801 1193 921 1228 implevit

136 1234 304 1268 prophetiam
322 1234 456 1263 diccntem
472 1235 504 1263 de
521 1243 551 1263 se
564 1236 586 1251 ⁸⁷
602 1244 608 1263 :
626 1235 659 1263 Et
682 1245 741 1263 cum
764 1238 862 1273 iniquis
880 1246 921 1265 re-

136 1284 243 1314 putatus
264 1285 319 1312 est;
340 1286 367 1308 et
382 1286 423 1309 est
439 1281 532 1309 videre
552 1282 701 1318 discipulos
723 1283 783 1318 ejus
799 1286 921 1312 testimo-

136 1326 212 1352 nium
227 1325 323 1353 dantes
346 1327 459 1354 cultura:
484 1327 531 1354 Dei
550 1336 610 1363 quae
628 1336 677 1363 per
691 1337 753 1356 cum
773 1335 816 1357 est
831 1331 919 1357 intro-

135 1372 227 1405 ducta,
242 1380 304 1400 cum
325 1373 424 1408 iniquis
439 1375 568 1408 reputari,
590 1379 617 1402 et
639 1383 701 1402 cum
722 1375 762 1403 eis
785 1376 918 1412 cruciﬁgi,

135 1422 182 1446 aut
197 1419 337 1454 passiones
350 1420 468 1455 reliquas
483 1421 629 1454 sustinere,
646 1422 718 1449 sicut
732 1427 758 1450 et
775 1423 823 1451 illi.
840 1423 918 1451 Mun-

134 1463 185 1491 dus
198 1465 282 1498 enim,
295 1470 319 1492 et
332 1465 444 1500 spiritus
456 1466 502 1501 qui
521 1467 547 1493 in
562 1474 594 1493 eo
608 1471 661 1499 est,
676 1475 798 1495 summos
813 1476 919 1503 semper

133 1510 308 1544 persequitur
325 1510 397 1538 viros
408 1531 416 1544 ,
433 1515 460 1538 et
484 1512 562 1546 punit
579 1512 688 1539 malitia:
710 1513 819 1547 quidem
843 1522 918 1541 sum-

133 1561 193 1580 mos
209 1558 319 1588 propter
341 1555 482 1582 utilitatem
500 1555 647 1582 multorutn
665 1564 672 1582 :
688 1563 810 1584 summos
827 1562 917 1585 autem

133 1598 253 1631 virtutis,
266 1599 396 1634 quoniam
419 1607 474 1627 non
489 1604 530 1627 est
545 1600 644 1635 dignus
665 1601 783 1629 mundus
808 1602 859 1630 iste
878 1603 918 1631 eis

132 1643 180 1678 qui
203 1650 258 1670 non
273 1644 447 1673 considerant
469 1652 530 1680 qua:
552 1645 687 1678 videntur,
715 1647 761 1674 sed
780 1655 840 1682 quae
864 1656 916 1676 non

133 1689 258 1716 videntur
273 1697 280 1715 :
294 1693 321 1717 et
337 1694 514 1718 contemnunt
529 1699 602 1723 eum,
620 1691 690 1719 sicut
706 1696 732 1718 et
751 1693 815 1720 olim
831 1695 917 1721 sancti

132 1735 303 1764 ambulantes
328 1736 355 1764 in
379 1737 494 1770 melotis,
519 1742 545 1765 et
567 1739 594 1767 in
612 1739 739 1773 pellibus,
755 1744 782 1767 et
809 1739 835 1767 in
854 1747 916 1775 spe-

132 1781 231 1815 luncis,
244 1786 271 1810 et
287 1782 314 1810 in
330 1782 414 1811 foveis
432 1788 520 1817 terrae,
536 1791 653 1820 quorum
670 1792 724 1812 non
745 1790 803 1812 erat
817 1785 916 1820 dignus

132 1826 250 1855 mundus
260 1827 293 1854 ⁸⁸.
780 1859 784 1863 .

168 1871 229 1899 152.
246 1872 421 1900 Transeuntes
436 1879 524 1900 autent
545 1874 759 1909 hlasphemabant
781 1883 839 1902 eum
858 1884 916 1901 mn-

130 1921 217 1943 vcntcs
241 1918 328 1952 capita
346 1926 404 1950 sua,
420 1923 444 1945 et
465 1919 602 1946 dicentes:
629 1918 683 1946 Val:
698 1920 742 1954 qui
764 1919 915 1947 destruebat

132 1962 267 1996 templum,
282 1968 307 1990 et
327 1963 354 1989 in
369 1963 457 1990 triduo
473 1964 662 1999 rcwdiﬁcabas.
680 1964 775 1992 Libera
791 1966 913 1999 teipsum.

131 2006 162 2034 Si
185 2006 273 2034 Filius
290 2009 338 2035 Dei
362 2017 399 2042 es,
424 2009 548 2036 descende
570 2009 601 2036 de
623 2018 708 2036 cruce.
735 2009 866 2037 Similiter
889 2016 914 2037 et

130 2052 260 2086 principes
276 2054 604 2085 sacerdotum,deludentes
621 2063 680 2081 eum
693 2063 751 2081 cum
765 2054 875 2087 Scribis,
890 2060 914 2082 ct

131 2098 289 2131 senioribus,
305 2104 328 2125 et
350 2098 495 2126 Pbariswis
517 2100 637 2126 dicebant
651 2108 660 2126 :
676 2100 749 2127 Alios
766 2100 850 2127 salvos
873 2101 913 2135 fe-

973 877 1033 897 sum
1057 870 1245 905 blasphemare
1258 870 1357 897 Filium
1374 870 1431 903 Dei,
1445 873 1508 906 quia
1530 879 1608 898 nemo
1625 871 1655 896 in
1668 870 1758 904 spirits

972 916 1098 951 loquens,
1125 916 1190 942 dicit
1217 916 1357 943 auat/tenta
1387 916 1452 943 Jesu
1480 917 1512 943 °‘.
1538 915 1648 943 Diversi
1674 920 1757 942 autem

973 961 1216 995 blasphemantium
1233 969 1372 989 sermones
1386 962 1529 995 habentur,
1543 970 1667 997 quorum
1681 972 1757 990 unum

971 1012 1013 1034 est
1027 1007 1226 1041 blasphemum,
1239 1008 1311 1041 quod
1326 1007 1428 1034 dicitur
1441 1007 1474 1034 ab
1488 1008 1530 1035 eis
1546 1008 1595 1042 qui
1612 1015 1669 1035 non
1688 1010 1758 1036 intel-

972 1053 1059 1087 ligunt
1080 1060 1129 1080 nec
1152 1052 1266 1080 audiunt
1290 1060 1351 1088 qua:
1372 1053 1513 1085 dicuntur,
1538 1061 1590 1080 nec
1605 1054 1642 1080 de
1665 1055 1758 1088 quibus

972 1099 1106 1126 atlirmant
1120 1108 1126 1126 :
1143 1097 1222 1126 Jcsus
1237 1099 1309 1126 enim
1326 1099 1395 1126 dixit
1413 1107 1420 1125 :
1442 1098 1541 1126 Solvite
1558 1100 1692 1134 templum
1705 1101 1757 1130 Iter,

970 1150 994 1171 et
1007 1153 1054 1180 ego
1070 1145 1097 1171 in
1112 1145 1198 1171 triduo
1213 1144 1347 1171 suscitabo
1362 1144 1430 1171 illud
1445 1145 1478 1171 ⁸⁸.
1496 1144 1701 1173 Ρτξιξιρτευηιθδ
1715 1153 1759 1172 au-

972 1195 1036 1223 tem,
1053 1190 1130 1224 quasi
1148 1189 1209 1217 falsi
1224 1194 1316 1222 testes,
1331 1194 1425 1217 contra
1437 1189 1530 1217 Jcsum
1543 1190 1679 1217 dicebant
1691 1191 1757 1224 quod

971 1244 1024 1263 non
1042 1241 1101 1263 erat
1114 1235 1215 1262 dictum
1232 1234 1266 1262 de
1286 1241 1330 1268 eo,
1344 1239 1502 1269 appetentes
1523 1241 1590 1262 eum
1607 1243 1614 1261 :
1645 1234 1701 1261 Val!
1718 1236 1759 1269 qui

970 1283 1082 1310 destruit
1099 1283 1221 1317 templum
1237 1281 1293 1314 Dei,
1307 1287 1330 1308 et
1345 1282 1372 1307 in
1385 1281 1474 1308 triduo
1487 1281 1637 1315 reccdiﬁcat
1650 1281 1719 1307 illud
1728 1282 1757 1308 “.

970 1327 1028 1354 Non
1044 1327 1116 1355 enim
1137 1327 1194 1361 ipse
1210 1327 1326 1353 destruit
1341 1326 1482 1360 templum,
1495 1325 1541 1353 sed
1558 1326 1636 1361 quod
1652 1326 1698 1352 alii
1715 1326 1757 1352 de-

970 1377 1081 1401 struunt
1098 1373 1155 1406 ipse
1169 1371 1303 1399 aediﬁcat:
1319 1371 1375 1398 sive
1392 1371 1522 1405 templum
1539 1372 1686 1406 proprium
1701 1379 1757 1398 cor-

970 1419 1053 1454 poris,
1069 1418 1140 1453 quod
1158 1426 1172 1445 a
1195 1414 1295 1444 ludatis
1318 1416 1407 1444 fuerat
1435 1417 1564 1444 traditum
1584 1418 1681 1449 morti,
1705 1417 1759 1444 sive

971 1464 1100 1500 templum
1123 1463 1232 1491 testium
1257 1470 1369 1490 suorum
1393 1467 1421 1490 et
1445 1463 1568 1490 omnium
1587 1463 1636 1497 qui
1660 1463 1758 1489 habue-

970 1516 1033 1538 runt
1047 1510 1159 1537 verbum
1183 1509 1229 1536 Dei
1252 1509 1279 1536 in
1304 1516 1350 1542 se,
1373 1513 1400 1536 et
1419 1516 1453 1536 ex
1477 1509 1586 1536 insidiis
1612 1509 1756 1544 impiorum

969 1561 1078 1591 propter
1100 1555 1225 1589 pietatem
1248 1554 1348 1580 mortui
1369 1558 1442 1581 sunt.
1472 1553 1548 1580 Venit
1572 1554 1648 1580 enim
1675 1554 1756 1585 liora,

968 1600 1074 1635 quando
1089 1608 1176 1626 omnes
1192 1599 1236 1634 qui
1258 1599 1286 1625 in
1305 1599 1480 1626 monumentis
1497 1603 1575 1630 sunt,
1591 1598 1704 1625 audient
1717 1606 1755 1624 eo-

969 1653 1023 1672 cem
1039 1644 1106 1671 Filii
1124 1644 1190 1677 Dei,
1212 1648 1236 1670 et
1251 1649 1385 1677 resurgent
1400 1643 1433 1670 ⁸⁷.
1448 1642 1482 1670 Et
1503 1651 1557 1670 non
1574 1643 1666 1670 solum
1683 1643 1710 1669 iu
1726 1649 1756 1668 co

968 1690 1041 1726 quod
1052 1690 1179 1717 dicebant
1195 1699 1201 1717 :
1215 1689 1266 1722 Qui
1278 1689 1391 1715 destruit
1409 1688 1545 1723 templum,
1562 1688 1672 1715 mentiti
1684 1693 1755 1719 sunt,

968 1735 1015 1764 sed
1040 1737 1120 1764 etiam
1147 1736 1212 1763 illud
1237 1735 1309 1770 quod
1332 1735 1482 1762 dixerunt:
1505 1734 1540 1761 Et
1558 1743 1606 1769 ego
1625 1735 1654 1761 in
1669 1736 1755 1761 triduo

968 1781 1133 1816 rewdiﬁcabo
1155 1782 1251 1816 ipsum.
1269 1779 1323 1808 Nec
1346 1781 1419 1808 enim
1442 1781 1512 1809 dixit
1525 1781 1754 1808 reedilicaturum

968 1835 998 1854 se
1015 1827 1156 1862 templum,
1172 1827 1218 1854 sed
1238 1827 1473 1854 resuscitaturum.
1491 1826 1591 1853 Sermo
1604 1827 1679 1853 enim
1693 1826 1756 1852 ardi-

968 1872 1103 1900 ticalionis
1124 1880 1178 1899 non
1198 1873 1316 1900 ostendit
1338 1873 1511 1900 subitaneum
1533 1878 1623 1905 opus,
1639 1871 1754 1897 susdta-

969 1918 1050 1944 tionis
1065 1922 1155 1944 autem
1182 1918 1307 1944 ostendit.
1327 1916 1360 1944 Et
1376 1916 1423 1951 qui
1449 1917 1561 1950 quidem
1585 1915 1754 1945 decidebant.

966 1963 1093 1991 dicebant
1113 1972 1119 1989 :
1146 1963 1227 1990 Salva
1248 1964 1379 1997 tcipsum;
1403 1963 1461 1996 ipse
1485 1965 1595 1992 autem,
1618 1960 1755 1994 accipiens

967 2010 1094 2037 virtutem
1112 2018 1125 2036 a
1141 2009 1232 2042 Patre,
1247 2013 1274 2036 et
1296 2009 1348 2036 hoc
1370 2007 1434 2035 fecit
1455 2013 1482 2035 et
1494 2007 1626 2042 amplius.
1642 2006 1755 2034 Cunctis

966 2055 1038 2082 enim
1066 2055 1234 2089 capientibus
1265 2055 1376 2080 verbum
1405 2061 1505 2084 suum,
1531 2053 1650 2079 salutem
1677 2058 1754 2078 suam

966 2101 1093 2128 ostendit.
1117 2100 1149 2127 Et
1172 2100 1208 2127 illi
1235 2100 1343 2134 quidem
1366 2099 1522 2126 deridentes
1547 2099 1700 2126 dicebant:
1726 2095 1754 2123 SI

130 2143 177 2176 cit,
191 2143 305 2177 seipsum
319 2152 371 2170 non
383 2149 465 2178 potest
479 2144 579 2172 salvum
596 2145 691 2180 facere.
704 2145 734 2173 Si
750 2147 804 2181 ipse
819 2152 857 2174 est
868 2154 914 2173 rea:
930 2149 952 2177 D
969 2147 1056 2174 Filius
1073 2148 1119 2174 Dei
1133 2156 1169 2181 es,
1184 2147 1308 2174 descende
1323 2146 1354 2172 de
1367 2153 1452 2172 cruce.
1468 2145 1528 2179 lpse
1548 2149 1642 2171 autem
1657 2143 1753 2170 Filium

131 2188 227 2220 Israel,
243 2189 382 2216 descendat
409 2198 476 2217 nunc
501 2191 532 2217 de
554 2199 639 2223 cruce,
657 2197 682 2218 et
706 2193 836 2219 credimus
859 2193 912 2220 illi.

130 2232 245 2268 Conﬁdit
262 2234 290 2260 in
306 2234 400 2268 Deum,
415 2234 536 2262 liberabit
550 2244 617 2262 nunc
630 2244 688 2262 cum
704 2237 727 2263 si
750 2237 803 2263 vult
819 2245 828 2264 :
845 2237 913 2263 dixit

129 2277 209 2309 enim,
227 2278 290 2312 quia
316 2277 400 2306 Filius
424 2279 472 2306 Dei
496 2288 554 2312 sunt
574 2280 607 2306 ".
623 2280 706 2307 Nemo
730 2285 804 2308 stans
820 2280 912 2308 Jesum

130 2323 307 2358 blasphemat,
317 2332 402 2360 neque
418 2330 488 2353 recte
500 2326 636 2354 incedens.
646 2325 828 2354 Transeuntes
840 2328 912 2355 enim

130 2369 354 2404 hlasphemabant
368 2379 439 2405 eum,
452 2377 478 2399 et
496 2373 568 2400 sicut
585 2373 612 2399 in
631 2372 725 2400 Graeco
741 2373 829 2407 habet,
845 2382 914 2408 pra-

130 2420 270 2447 tereuntes,
289 2417 334 2451 qui
349 2417 430 2444 etiatn
447 2419 563 2446 macerie
577 2419 663 2446 vineae
678 2419 808 2446 dissoluta
826 2427 840 2446 a
857 2419 913 2447 Deo

130 2459 295 2488 vindemiant
322 2469 368 2488 eos
402 2462 448 2497 qui
477 2468 676 2490 remanserunt.
708 2463 844 2498 Scriptum
871 2471 913 2493 est

129 2504 201 2531 enim
216 2505 238 2521 ‘°
253 2514 260 2532 :
277 2505 310 2533 Ut
327 2507 390 2541 quid
405 2508 516 2540 posuisti
532 2508 668 2534 maccriem
692 2508 748 2542 ejus
759 2530 766 2540 ,
782 2514 805 2535 et
823 2510 911 2537 vinde-

129 2549 212 2577 miant
234 2559 292 2577 eam
313 2560 400 2578 omnes
426 2554 471 2587 qui
494 2558 650 2587 pnetereunt
676 2554 767 2580 viam?
787 2554 912 2587 Quandiu

127 2602 193 2630 ergo
206 2596 268 2630 quis
283 2604 334 2624 non
359 2599 504 2631 praeterivit
520 2598 601 2630 viam,
622 2606 708 2633 neque
732 2600 877 2627 declinavit
895 2608 910 2627 a

129 2640 182 2673 via,
196 2645 272 2669 stans
288 2642 377 2670 dicere
392 2648 480 2678 potest
491 2643 563 2672 Deo:
578 2644 704 2672 Statuisti
718 2653 798 2680 supra
809 2652 911 2680 petram

163 2722 187 2738 “
204 2722 299 2749 Matth.
316 2731 399 2756 xxvu,
416 2724 460 2751 57.
499 2725 521 2740 ⁵⁸
530 2724 602 2751 Psal.
614 2725 677 2758 ",6.

130 2765 215 2793 urit,
228 2758 308 2793 59y,
319 2766 394 2790 seqq.
434 2759 456 2774 ⁵⁰
473 2758 544 2786 Psal.
559 2768 650 2793 Lxxtx,
668 2760 710 2787 15.

130 2799 178 2820 an.
190 2791 217 2819 3.
257 2791 279 2807 “
294 2791 372 2819 .loati.
391 2801 420 2823 tl,
438 2794 480 2821 l9.
519 2794 542 2809 ⁸⁵
559 2791 652 2822 Matth}
671 2803 754 2824 xxvii.
777 2796 820 2824 49.

715 2725 738 2741 ⁸⁶
754 2726 847 2754 Matth.
863 2728 1000 2759 xxvn,58.

749 2762 770 2776 ⁵³
788 2761 860 2789 Psal.
880 2770 974 2795 xxxtx,
993 2764 1018 2790 5.

861 2797 881 2813 ⁵⁷
895 2796 973 2825 Joan.
991 2805 1018 2826 ν.
1036 2797 1081 2827 ‘28.

966 2193 1012 2220 Dei
1030 2202 1059 2220 se
1074 2192 1260 2220 deridentibus
1275 2192 1384 2227 quidem
1400 2193 1465 2218 non'
1475 2190 1649 2221 ostendebat,
1664 2195 1753 2216 osten-

964 2238 1004 2265 dit
1023 2243 1114 2265 autem
1134 2237 1306 2264 credentibus
1329 2236 1398 2267 sibi,
1415 2239 1563 2270 postquam
1585 2234 1754 2269 dispensant

965 2292 1025 2320 qua:
1037 2283 1178 2319 oportebat
1190 2290 1251 2310 eum
1266 2283 1424 2317 dispensare
1437 2282 1462 2308 in
1477 2282 1568 2308 tribus
1580 2281 1635 2308 illis
1649 2281 1754 2311 diebus,

967 2333 1110 2364 postquam
1125 2328 1292 2355 descendens
1313 2327 1347 2354 ad
1375 2326 1478 2354 inferos
1504 2326 1683 2360 mortiﬁcata:
1697 2333 1754 2351 car-

966 2382 1046 2409 pore,
1072 2374 1217 2408 riuiﬁcatus
1242 2378 1330 2399 autem
1352 2373 1380 2399 in
1400 2372 1518 2406 spiritu,
1543 2372 1686 2406 spiritibus
1712 2370 1754 2405 qui

966 2424 1041 2446 erant
1055 2419 1081 2445 iu
1094 2426 1196 2446 carcere
1209 2417 1360 2452 prmdicavit
1374 2418 1443 2452 quod
1456 2426 1509 2444 non
1521 2418 1692 2444 crediderant
1705 2417 1755 2442 ali-

966 2464 1070 2499 quando
1085 2463 1188 2499 quando
1202 2465 1402 2498 exspectabatur
1415 2464 1545 2496 patientia
1560 2463 1610 2489 Dei
1628 2464 1754 2489 indictus

968 2509 1035 2543 Noe,
1049 2518 1108 2536 cum
1121 2510 1299 2544 fabricaretur
1311 2518 1374 2535 arca
1385 2510 1413 2536 in
1426 2517 1480 2544 qua
1500 2510 1592 2544 pauci,
1606 2510 1635 2535 id
1648 2514 1685 2536 eu
1699 2513 1754 2534 octo

965 2557 1072 2588 animm,
1093 2560 1153 2581 sunt
1174 2555 1270 2582 saluati
1290 2563 1335 2589 per
1354 2563 1449 2590 aquam
1463 2555 1496 2582 ".
1522 2554 1556 2582 Et.
1577 2562 1632 2582 non
1651 2558 1690 2582 est
1710 2554 1753 2579 de-

965 2601 1075 2629 relictus
1091 2601 1155 2633 illic,
1169 2601 1238 2628 sicut
1252 2601 1308 2635 ipse
1321 2601 1426 2628 dicebat
1441 2610 1448 2627 :
1463 2601 1600 2633 Quoniam
1617 2609 1669 2627 non
1684 2601 1754 2625 der:-

964 2648 1064 2682 linques
1079 2648 1196 2674 animant
1219 2655 1303 2673 nteant
1327 2648 1355 2676 in
1375 2648 1481 2681 inferno
1500 2647 1534 2674 ‘9.
1549 2647 1699 2682 Oportebat
1710 2653 1752 2672 at»

1039 2728 1060 2743 "
1072 2728 1121 2754 lsa.
1139 2735 1196 2759 LIII,
1213 2727 1255 2761 η.
1292 2727 1408 2754 "Hebr.
1425 2736 1465 2759 au,
1479 2728 1527 2760 57,
1540 2729 1587 2756 38.
1626 2729 1650 2745 ⁸⁸
1664 2728 1750 2755 Hatth.

1058 2763 1079 2777 ⁶¹
1094 2762 1193 2797 Epltes.
1214 2770 1249 2789 I\'.
1267 2762 1309 2788 Ili.
1348 2763 1372 2778 ⁵³
1388 2763 1480 2791 Ecclc.
1501 2771 1533 2795 ll,
1552 2765 1597 2791 Η.
1636 2765 1658 2779 ε’
1673 2764 1680 2790 l
1693 2764 1749 2790 Cor.

1183 2797 1204 2812 ε’(
1222 2797 1230 2823 l
1246 2797 1316 2824 Pctr.
1335 2805 1375 2827 ill,
1395 2798 1490 2825 18—20.
1534 2800 1556 2815 δ’
1576 2799 1649 2828 Psal.
1664 2808 1702 2827 ιγ.
1714 2799 1750 2826 ω.
