1879 3046
45 140 86 167 ibi:

708 142 808 172 LIBER
829 143 987 173 TERTIUS.

1615 146 1666 174 i54-

45 202 129 225 sancto
142 203 289 233 permotus
310 200 440 235 propheta
455 201 538 228 vitam
554 202 587 230 de
609 203 704 230 umbra
724 203 826 231 Christi
842 208 863 235 Α
880 204 980 231 habere
995 204 1190 236 necessariam,
1212 209 1322 239 propter
1344 204 1419 231 illum
1439 204 1520 231 credo
1541 204 1664 232 ardoretn

45 244 144 280 praeberi
159 245 288 279 gentibus
299 245 374 279 dicit;
385 251 413 274 et
424 247 566 282 qubmodo
578 255 633 275 non
647 249 732 275 vitam
747 250 825 277 nobis

44 291 148 326 prebeat
158 291 219 324 ejus
236 292 345 324 umbra,
361 300 423 320 cum
444 298 471 320 et
496 294 523 320 in
544 299 677 329 conceptu
702 295 824 330 corporis

45 335 108 362 illius
127 335 159 363 ad
174 334 292 363 Mariam
309 337 417 364 dicatur
436 347 442 365 :
467 338 584 373 Spiritus
610 345 719 367 σαηειιω
742 341 825 367 veniet

43 389 109 416 nuper
120 387 152 414 te,
168 386 192 408 et
209 383 297 410 virtus
314 383 446 411 Altissimi
467 386 634 413 abumbrabit
660 386 707 414 tibi
724 387 761 414 “2
795 387 824 414 Si

45 436 97 463 ergo
108 429 281 457 obumbratio
290 430 341 458 fuit
353 431 486 459 Altissimi
501 433 528 460 in
548 438 680 468 conceptu
701 435 824 469 corporis

44 475 101 508 ejus,
113 475 314 503 meritoumbra
325 477 386 512 ejus
397 478 480 505 vitam
493 479 619 513 gentibus
630 480 714 507 dabit.
727 479 759 506 Et
770 487 825 508 me-

46 519 87 546 rito
97 527 191 554 sponsa
202 520 264 556 ejus
277 521 398 550 Ecclesia
407 523 460 550 sub
474 524 536 551 meli
550 524 646 552 umbra
655 525 749 552 sedere
758 533 824 552 con-

44 565 154 599 eupiscit,
168 566 228 593 sine
241 567 328 594 dubio
343 572 371 595 ut
383 567 454 600 vitae,
468 576 529 603 qua:
548 574 590 597 est
600 569 626 596 in
645 570 704 604 ejus
714 571 821 603 umbra,

45 610 162 645 particeps
173 611 231 638 fiat.
245 611 425 648 Reliquorum
440 621 505 641 vero
520 614 657 649 lignorum
673 615 748 643 silva;
763 624 823 643 ulll-

46 655 84 682 hra
95 656 151 683 talis
166 661 218 691 est,
231 662 263 684 ut
276 658 325 692 qui
341 658 441 691 sederit
457 659 509 686 sub
524 659 594 694 ipsa,
615 661 710 688 sedere
729 661 823 688 videa-

46 707 81 728 tur
94 701 119 728 in
134 703 241 738 regione
257 704 364 731 umbra:
377 705 484 732 mortis.
500 704 553 733 Sed
577 706 668 734 adhuc
685 711 714 734 ut
733 708 821 742 magis

45 754 71 772 ac
88 748 165 783 magis
177 748 286 782 planior
301 749 432 776 reddatur
445 750 522 777 locus
533 750 580 785 qui
596 751 710 778 habetur
726 752 753 779 in
770 760 823 779 ma-

45 793 122 824 nibus,
139 795 311 829 requiramus
325 796 462 830 quomodo
487 796 634 830 Apostolus
646 797 719 825 dicat
735 798 820 834 legem

47 841 152 867 umbram
167 841 265 868 habere
280 841 436 869 futurorum
455 842 589 870 honorum
611 843 632 858 "
645 863 653 875 ,
678 850 706 871 et
730 845 821 872 omnia

876 249 954 281 solis,
970 250 1017 284 qui
1033 256 1096 276 cttm
1115 253 1226 276 exortus
1242 249 1333 282 fuerit,
1345 250 1475 277 continuo
1489 257 1580 277 semen
1593 252 1665 284 quod

875 303 930 322 non
948 295 1003 322 alta
1019 295 1109 322 radice
1128 294 1282 322 demersum
1300 299 1357 327 est,
1375 295 1476 322 arescit
1499 302 1533 322 ac
1549 295 1664 330 deperit.

876 339 928 367 Sed
943 340 1015 368 hunc
1029 340 1156 367 ardorem
1171 339 1288 366 tenuiter
1297 339 1406 374 quidem
1422 339 1489 374 legis
1501 340 1596 367 umbra
1609 348 1666 375 pro-

875 386 950 421 pellit
967 395 974 414 :
990 386 1093 414 Christi
1109 393 1174 413 vero
1188 385 1285 412 umbra
1300 385 1327 412 in
1339 393 1393 420 qua
1410 393 1483 413 nunc
1496 386 1523 413 in
1541 386 1666 421 gentibus

874 432 1003 465 vivimus,
1016 432 1042 459 id
1054 436 1097 459 est
1110 430 1308 458 incarnationis
1319 431 1379 465 ejus
1393 431 1459 459 fides
1468 451 1475 461 .
1498 436 1601 460 avertet
1617 440 1666 467 pe-

875 478 950 505 nitus
967 482 994 504 et
1021 477 1184 512 exstinguet.
1202 476 1248 503 Ille
1263 476 1335 504 enim
1358 477 1404 511 qui
1421 477 1553 505 adurebat
1570 479 1666 506 ambu-

874 523 964 550 lantes
979 522 1030 550 sub
1047 523 1143 549 umbra
1161 522 1238 557 legis,
1256 526 1379 557 tempore
1395 523 1530 557 passionis
1551 523 1665 558 Christi,

874 568 945 595 sicut
960 567 1051 602 fulgur
1066 567 1142 594 visus
1157 571 1198 594 est
1218 566 1351 594 cecidisse
1372 567 1406 594 de
1427 568 1515 601 cado,
1540 569 1666 603 quamvis

873 613 954 641 etiam
969 613 1029 647 ejus
1042 612 1146 639 umbra:
1160 616 1266 646 tempus
1280 612 1307 638 in
1320 611 1372 639 fine
1383 613 1664 648 steculicompleatur,

873 659 948 693 quia,
965 659 1038 686 sicut
1052 658 1188 690 diximus,
1211 662 1272 692 post
1289 658 1555 686 consummationem
1573 659 1665 687 saeculi

871 703 927 738 jam
943 711 997 730 non
1013 711 1062 738 per
1076 703 1228 738 speculum,
1244 711 1293 730 nec
1305 703 1331 729 in
1346 704 1489 738 aenigmate
1500 724 1509 736 ,
1527 705 1574 731 sed
1595 704 1666 732 facie

872 748 906 775 ad
922 748 1017 775 fatiem
1034 747 1187 775 videbimus
1202 747 1346 774 veritatem
1366 751 1398 774 η.
1418 748 1512 776 Simile
1525 757 1585 777 esse
1598 754 1664 784 puto

872 798 899 821 et
912 793 978 821 illud
992 793 1065 828 quod
1079 793 1210 828 scriptum
1223 799 1264 821 est
1283 802 1290 820 :
1309 793 1363 820 Sub
1378 795 1471 821 umbra
1483 795 1589 821 alarum
1604 800 1666 822 tua-

872 847 932 866 rum
944 839 1081 866 exsultatio
1101 839 1134 866 ¹⁰.
1156 838 1209 866 Sed
1223 843 1251 866 et
1273 839 1300 866 in
1323 840 1500 874 sequentibus
1522 840 1604 875 hujus
1631 841 1667 868 li-

47 891 94 918 qua:
104 883 141 910 vel
155 884 186 911 de
198 884 298 912 diebus
312 884 396 918 festis,
409 885 452 913 vel
465 886 597 919 sabbatis,
613 887 655 914 vel
670 889 821 918 neomeniis
838 875 858 902 Β
873 885 934 912 belli
949 885 986 912 ila
998 885 1063 912 dicit
1075 893 1174 920 Sponsa
1192 894 1198 912 ε
1224 884 1372 912 Frater"!!!
1391 893 1462 912 ηκιω
1483 885 1556 918 mihi.
1575 891 1599 913 ει
1617 894 1665 921 €90

47 929 128 963 scripta
136 934 208 963 sunt,
219 931 345 958 umbram
353 939 413 959 esse
422 936 555 960 memoret
566 931 720 960 futurorum
736 934 822 962 bono-

48 982 105 1007 rum,
119 975 143 1002 in
159 976 199 1004 his
222 976 328 1004 scilicet
350 985 411 1012 quae
431 978 581 1005 secundum
603 978 720 1007 litteram
742 987 819 1015 gere-

49 1020 149 1054 bantur;
173 1026 200 1049 et
222 1023 364 1057 quomodo
395 1031 504 1052 omnem
533 1029 652 1052 veterum
683 1026 818 1054 culturam

48 1067 164 1101 exemplar
185 1072 212 1094 et
234 1069 362 1096 umbram
389 1071 547 1104 pronuntiet
569 1079 631 1099 esse
648 1072 814 1101 coelestium.

50 1111 112 1142 Quod
126 1112 212 1147 utique
226 1113 250 1140 si
265 1114 305 1141 ita
322 1119 374 1147 est,
389 1116 572 1144 ostenduntur
597 1117 649 1145 sub
667 1118 763 1146 umbra
782 1119 820 1146 le-

49 1158 80 1193 gis
101 1159 194 1187 sedisse
216 1167 314 1188 omnes
340 1161 496 1197 quicunque
519 1163 572 1190 sub
587 1162 646 1198 lege
669 1168 764 1196 erant,
790 1169 818 1192 et

50 1205 152 1232 umbram
176 1206 261 1240 magis
288 1215 360 1235 verte
383 1208 451 1244 legis
471 1208 617 1236 habebant.
643 1208 699 1236 Nos
725 1214 816 1237 autem

49 1250 113 1277 alieni
126 1259 214 1279 sumus
229 1253 264 1279 ab
281 1253 379 1280 umbra
404 1261 515 1287 eorum,
536 1254 665 1289 quoniam
685 1255 738 1290 72
761 1263 816 1282 non

49 1304 126 1325 sumus
139 1299 186 1326 sub
198 1299 265 1335 lege,
280 1299 330 1327 sed
344 1299 395 1327 sub
412 1299 510 1334 gratia.
535 1299 588 1327 Sed
608 1301 735 1335 quamvis
760 1309 815 1329 non

49 1341 118 1370 simus
130 1344 177 1371 sub
196 1345 294 1372 umbra
311 1344 355 1371 illa
379 1352 462 1379 quam
488 1344 554 1381 legis
575 1345 665 1373 littera
687 1346 814 1379 faciebat.

50 1395 126 1416 Simus
140 1394 224 1418 tamen
247 1391 301 1418 sub
319 1391 415 1418 umbsa
438 1391 557 1418 meliore.
577 1392 607 1419 ln
624 1393 721 1420 umbra
742 1393 815 1420 enim

49 1432 131 1461 Christi
145 1435 257 1464 vivimus
269 1436 343 1464 inter
359 1441 464 1472 gentes.
482 1436 514 1465 Et
528 1441 570 1465 est
589 1438 728 1473 profectus
754 1439 815 1473 qui-

50 1478 99 1505 dam
111 1479 139 1506 de
152 1481 245 1508 umbra
257 1481 326 1517 legis
341 1482 434 1509 venire
451 1482 484 1509 ad
500 1482 624 1510 umbram
646 1483 760 1516 Christi;
785 1488 816 1511 ut

50 1524 99 1557 quia
108 1524 224 1554 Christus
237 1531 279 1554 est
299 1527 364 1560 vita,
382 1532 409 1554 et
424 1527 537 1560 veritas,
554 1532 582 1555 et
600 1528 654 1560 via,
666 1527 815 1556 efliciamur

51 1568 121 1601 primo
133 1570 157 1597 in
171 1571 265 1599 umbra
276 1572 339 1606 viae,
352 1577 379 1599 et
393 1572 419 1599 in
435 1572 530 1599 utnbra
546 1573 617 1604 vitae,
635 1577 662 1600 et
674 1573 700 1600 in
717 1573 814 1600 umbra

51 1615 159 1649 veritatis,
175 1621 203 1644 ut
218 1618 487 1654 comprehendamus
502 1626 534 1646 ex
550 1624 637 1653 parte,
653 1623 679 1646 et
699 1619 727 1646 in
753 1626 812 1654 sp:-

51 1659 97 1687 culo
110 1669 137 1688 ac
150 1661 176 1689 in
189 1664 341 1699 aenigmate,
350 1668 379 1692 ut
391 1664 537 1698 posthaec,
555 1664 577 1692 si
591 1664 750 1692 incedamus
765 1672 814 1699 per

52 1704 105 1732 hanc
115 1707 189 1740 viam,
205 1717 265 1744 quae
276 1713 320 1737 est
329 1709 467 1741 Christus,
481 1709 624 1744 pervenire
636 1710 775 1745 possimus
786 1710 813 1737 in

828 1549 853 1582 ο

53 1749 103 1784 hoc,
116 1757 142 1780 ut
153 1753 216 1782 facie
238 1755 271 1782 ad
289 1754 388 1782 faciem
409 1755 675 1791 comprehendamus
695 1764 727 1784 ea
753 1764 814 1791 quae

52 1796 112 1829 prius
130 1800 201 1833 quasi
217 1800 245 1828 in
264 1801 363 1828 umbra
381 1806 407 1828 et
431 1801 458 1828 in
480 1801 624 1836 aenigmate
645 1801 811 1828 videramus.

52 1840 96 1869 Non
107 1844 168 1872 enim
181 1846 239 1881 quis
251 1847 351 1882 poterit
365 1847 398 1873 ad
414 1847 458 1873 illa
473 1854 535 1881 qua:
551 1854 614 1874 vera
629 1850 693 1874 sunt
708 1850 735 1874 et
748 1854 809 1881 per-

52 1887 106 1915 lecta
118 1892 256 1926 pervenire,
276 1893 330 1920 nisi
352 1893 429 1928 prius
445 1893 640 1920 desideraverit
663 1897 687 1920 et
712 1900 814 1920 concu-

53 1934 114 1967 pierit
130 1936 154 1963 in
176 1937 225 1965 hac
241 1939 338 1966 umbra
360 1939 491 1967 residere.
509 1938 561 1966 Sed
578 1943 605 1965 et
628 1938 680 1965 Job
703 1946 811 1966 omnem

53 1978 166 2009 hominum
181 1984 258 2011 vitam
269 1984 336 2012 dicit
348 1992 409 2012 esse
421 1985 547 2012 umbram
561 1992 642 2020 super
653 1990 752 2012 terrain
765 1986 787 2001 ¹¹³
801 1995 807 2013 :

54 2026 116 2054 credo
129 2036 171 2062 pro
184 2037 215 2058 eo
229 2031 304 2066 quod
320 2031 411 2058 anima
425 2031 452 2058 in
464 2031 515 2059 hac
526 2032 580 2059 vita
593 2031 745 2059 velamento
757 2031 809 2059 hu-

52 2070 85 2103 ius
97 2075 169 2102 crassi
184 2078 305 2112 corporis
318 2078 508 2105 obumbrantur.
526 2078 628 2105 Onmcs
642 2085 707 2113 ergo
720 2078 766 2113 qui
783 2078 811 2106 in

55 2115 92 2143 hac
103 2118 147 2146 vita
167 2125 236 2153 sunt,
251 2129 365 2150 necesse
382 2127 424 2150 est
438 2122 465 2150 in
487 2123 585 2150 umbra
605 2123 723 2158 quadam
738 2130 810 2150 esse.

55 2160 92 2188 Sed
113 2164 151 2191 alii
168 2167 272 2201 quidem
296 2172 361 2195 sunt
381 2167 507 2196 sedentes
531 2168 558 2195 in
578 2169 689 2203 regione
709 2169 812 2196 umbra:

55 2208 136 2242 mortis,
150 2211 173 2238 hi
185 2213 302 2247 profecto
322 2214 367 2249 qui
383 2222 436 2242 non
450 2214 566 2242 credunt
580 2214 700 2242 Christo.
715 2213 808 2242 Ecele-
824 2219 846 2246 Ι)

54 2252 83 2278 sia
97 2261 149 2283 vero
163 2265 220 2285 cum
234 2259 332 2287 fiducia
347 2259 414 2287 dicit
429 2269 436 2287 :
453 2259 486 2286 Ιιι
499 2259 593 2286 umbra
607 2260 696 2293 sponsi
712 2268 809 2286 concu-

54 2298 92 2330 piri
103 2306 122 2327 et
131 2303 196 2336 sedi,-
218 2306 343 2340 quamvis
362 2310 435 2333 certe
456 2305 538 2332 fuerit
558 2302 665 2340 temptis
687 2313 741 2340 quo
760 2313 810 2340 po-

55 2345 117 2371 tuerit
128 2347 181 2381 quis
195 2350 243 2377 sub
259 2351 357 2378 umbra
371 2350 437 2385 legis
453 2351 578 2378 residens
593 2350 702 2379 defendi
718 2358 733 2378 a
758 2351 809 2378 du-

55 2387 102 2416 ritia
109 2393 200 2422 ardoris
211 2401 236 2423 et
250 2402 343 2425 aestus.
361 2396 414 2424 Sed
429 2396 537 2424 transiit
550 2396 616 2424 illud
632 2401 748 2431 tempus,
762 2405 806 2425 ve-

56 2434 156 2467 niendutn
175 2447 213 2470 est
237 2452 310 2471 nunc
334 2444 368 2470 ad
393 2443 500 2471 arboris
523 2443 586 2471 meli
609 2444 755 2476 umbram;
782 2448 809 2470 et

56 2483 153 2512 'lnamvis
167 2485 266 2516 diversa
280 2489 344 2523 quis
359 2492 451 2515 utatur
467 2488 574 2520 umbra,
592 2488 698 2516 videtur
716 2492 806 2515 tatnen

56 2527 124 2556 omnis
135 2531 225 2568 anima,
239 2534 326 2562 donec
342 2534 369 2562 in
379 2534 506 2570 praesenti
526 2534 580 2561 vita
594 2539 635 2562 est
648 2553 656 2567 ,
680 2534 805 2563 umbram

82 2609 252 2650 {Luc-1.55.
289 2618 310 2633 υ
327 2617 408 2644 Hebr.
426 2624 454 2649 ι,
474 2617 500 2644 t.
541 2616 744 2650 ".lob.vtt,i.

83 2724 126 2767 (βπ)
134 2727 229 2767 Spuma
238 2733 324 2767 verba,
334 2737 385 2760 etc.
398 2731 547 2767 Procopius
556 2740 590 2760 ex
601 2731 716 2767 Origene
724 2741 731 2760 ι
739 2734 811 2760 Eta-

58 2763 154 2803 9‘}‘il‘€?§
169 2774 203 2798 με
226 2769 271 2803 sic
279 2763 365 2794 οἷκον
379 2768 474 2794 οιγου.
487 2763 580 2803 Ταῦτᾳ
593 2763 664 2803 πρὸξ
676 2768 741 2799 τοὺθ
761 2768 808 2802 φί-

61 2801 104 2837 ςῗ-ςξ
113 2804 152 2823 του
164 2802 269 2834 νυμφίου
285 2803 361 2837 φησὶ,
378 2804 440 2834 τοὺς
451 2803 545 2837 ἁγίους
560 2801 692 2837 ἀγγέλους
705 2803 722 2837 ἢ
740 2801 808 2830 ἁπο-

61 2827 141 2862 ετέληυς
150 2841 173 2859 τε
187 2827 228 2862 isi.
242 2827 392 2873 πρθξῆτᾶς,
408 2827 546 2872 μδνοῦουχῗ
559 2827 806 2877 λέγᾉψςαῗέυγκδ-

58 2615 162 2658 “nime.
177 2622 201 2658 ιλ
210 2616 267 2658 55.“
287 2618 310 2658 εξ
327 2617 408 2658 llehr.
426 2617 510 2658 x._ln._
541 2616 702 2658 "__.lo_b:‘vu,
718 2617 744 2643 l.
762 2616 805 2658 ﬂ"
821 2615 908 2658 lgor.
926 2625 986 2658 x_nt,
1004 2617 1049 2645 l2.

84 2644 141 2675 Psal.
154 2644 211 2684 νβ.
245 2644 269 2668 ⁵³
287 2644 522 2686 Psal.cxvm,l03.
555 2654 579 2668 "
592 2652 613 2679 ll
626 2644 741 2685 Corfvt,
759 2651 803 2678 ll.
843 2652 865 2667 "’
883 2644 1119 2685 Psal.c'xvm,l3l.

871 931 914 958 illi
928 931 989 966 ipsi,
1006 931 1050 966 qui
1067 932 1152 966 pascit
1165 931 1234 958 inter
1251 931 1312 958 lilia
1327 932 1409 958 datast:
1428 932 1535 966 respiret
1555 932 1626 964 diu,
1638 938 1664 959 et

872 982 1043 1004 amoveantur
1054 976 1155 1004 umbra:
1170 978 1204 1011 ἰ,
1221 977 1339 1005 edocens
1351 985 1400 1012 per
1423 977 1475 1005 hoc
1487 978 1561 1013 quod
1575 978 1665 1006 veniet

873 1026 991 1056 tempus,
1006 1030 1069 1049 cum
1082 1030 1179 1050 omnes
1196 1023 1301 1050 umbra:
1317 1024 1547 1056 removebantur.
1574 1029 1600 1052 et
1617 1032 1664 1058 per

872 1067 1090 1095 misericordiam
1111 1067 1158 1095 Dei
1173 1069 1276 1103 patebit
1287 1069 1387 1097 veritas
1401 1070 1469 1096 sola.
1483 1069 1536 1097 Sed
1551 1074 1578 1096 et
1590 1070 1663 1104 quod

871 1113 909 1139 ait
925 1122 931 1139 :
948 1112 984 1140 Et
997 1114 1099 1147 fructus
1114 1114 1172 1148 ejus
1194 1114 1280 1142 dulcis
1295 1115 1323 1142 in
1346 1115 1469 1150 faucibus
1491 1115 1566 1148 meis,
1589 1115 1664 1143 illius

870 1160 991 1186 animam
1010 1160 1063 1187 hoc
1081 1160 1163 1187 credo
1187 1160 1296 1193 dicere,
1313 1168 1374 1195 quae
1393 1160 1461 1188 nihil
1486 1167 1640 1188 emortuum
1655 1181 1663 1194 ,

870 1205 937 1232 nihil
949 1205 1107 1233 insensibile
1122 1205 1203 1233 habet
1215 1206 1242 1233 in
1262 1206 1388 1234 faucibus
1402 1207 1472 1238 suis,
1488 1211 1515 1234 et
1532 1207 1559 1233 in
1582 1207 1658 1234 nullo

868 1257 982 1286 prorsus
994 1251 1093 1279 similis
1108 1255 1151 1279 est
1165 1251 1220 1279 illis
1235 1251 1269 1279 de
1291 1252 1392 1287 quibus
1415 1251 1516 1279 dicitur
1538 1260 1545 1279 :
1565 1251 1664 1286 Sepul-

869 1305 942 1324 crum
965 1301 1056 1331 patem
1078 1301 1116 1324 est
1139 1302 1231 1332 guttur
1242 1305 1333 1324 eorum
1351 1299 1385 1324 η.
1405 1297 1567 1332 Quicunque
1588 1297 1660 1325 enim

868 1344 952 1372 verba
969 1343 1067 1372 mortis
1081 1347 1109 1370 et
1123 1343 1249 1371 interitus
1263 1343 1296 1370 de
1310 1342 1434 1370 faucibus
1451 1342 1606 1377 proferunt,
1620 1343 1661 1377 ip-

869 1397 965 1417 sorum
981 1388 1076 1417 fauces
1089 1389 1214 1424 sepulcra
1226 1389 1356 1416 dicuntur
1370 1397 1376 1416 :
1398 1388 1470 1416 sicut
1483 1393 1548 1416 sunt
1563 1396 1660 1416 omnes

870 1434 916 1469 qui
934 1434 975 1462 vel
995 1439 1091 1462 contra
1108 1442 1200 1462 veram
1215 1434 1294 1461 ﬁdem
1311 1434 1459 1469 loquuntur
1470 1455 1478 1468 ,
1502 1434 1543 1461 vel
1563 1438 1661 1462 contra

868 1479 1040 1515 disciplinam
1054 1481 1199 1513 castitatis,
1214 1485 1241 1507 et
1252 1479 1375 1514 justitize,
1396 1484 1423 1507 et
1435 1479 1589 1507 sobrietatis
1611 1478 1661 1506 ali-

868 1525 934 1561 quid
946 1525 1098 1560 proferunt.
1110 1524 1163 1560 Ipsi
1177 1533 1242 1561 ergo
1257 1531 1321 1554 sunt
1331 1533 1449 1561 quorum
1463 1525 1556 1553 fauces
1568 1525 1662 1559 sepul-

867 1579 913 1599 cra
929 1577 993 1600 sunt
1009 1576 1036 1600 et
1049 1572 1109 1600 loca
1125 1572 1232 1604 mortis,
1255 1572 1327 1599 unde
1349 1572 1445 1599 mortis
1463 1571 1544 1599 verba
1568 1571 1661 1606 profe-

867 1622 976 1645 runtur.
994 1617 1092 1646 Justus
1107 1623 1198 1646 autem
1213 1617 1280 1645 dicit
1304 1625 1310 1642 2
1329 1617 1417 1650 Quam
1433 1617 1524 1645 dulcia
1537 1618 1659 1652 faucibus

865 1664 928 1691 meis
939 1663 1043 1699 eloquia
1054 1670 1101 1691 tua
1113 1665 1136 1680 "
1148 1665 1155 1691 l
1176 1663 1210 1692 Et
1220 1664 1292 1692 alius
1304 1665 1350 1699 qui
1365 1664 1448 1691 verba
1460 1665 1522 1691 vitae
1533 1663 1659 1698 docebat,

865 1709 901 1736 ita
915 1709 982 1737 dicit
997 1719 1004 1737 :
1022 1710 1057 1738 Oa
1070 1716 1188 1737 nostrum
1201 1714 1273 1744 patet
1293 1709 1328 1736 ad
1345 1718 1400 1742 vos,
1414 1718 1430 1736 θ
1447 1709 1597 1742 Corinthii,
1615 1717 1660 1736 cor

865 1760 989 1783 nostrum
1000 1756 1143 1783 dilatatam
1157 1761 1196 1783 est
1210 1756 1243 1784 ἰ.
1257 1755 1309 1783 Sed
1323 1760 1349 1782 et
1364 1755 1434 1782 alius
1448 1755 1495 1790 qui
1513 1755 1595 1783 verbo
1611 1754 1658 1783 Dei

866 1803 974 1837 aperuit
990 1811 1021 1830 os
1032 1811 1124 1835 suum,
1141 1803 1230 1838 inquit
1246 1812 1253 1830 :
1267 1802 1303 1830 Or
1320 1810 1406 1830 meum
1417 1802 1508 1837 aperui
1520 1807 1545 1829 et
1557 1802 1659 1829 attraxi

865 1848 990 1883 spiritum
1001 1849 1034 1876 “.

899 1894 975 1922 Vers.
995 1894 1023 1922 4.
1045 1893 1209 1921 lntroducite
1223 1902 1263 1921 me
1283 1894 1310 1921 iu
1324 1894 1431 1921 domum
1451 1894 1515 1921 uini.
1541 1895 1654 1930 Sponszc

865 1940 949 1968 verba
963 1939 1021 1976 (66)
1033 1940 1123 1967 adhuc
1135 1943 1210 1971 sunt,
1225 1939 1272 1967 sed
1291 1940 1324 1966 ad
1343 1940 1447 1967 amicos
1463 1945 1490 1967 et
1508 1940 1657 1969 familiares

864 1985 971 2021 sponsi,
986 1990 1017 2012 ut
1028 1986 1157 2019 arbitror,
1178 1985 1334 2020 diriguntur
1360 1993 1367 2012 :
1389 1993 1404 2012 a
1429 1985 1529 2020 quibus
1551 1986 1658 2014 videtur

864 2038 1023 2066 exposcere,
1040 2035 1069 2058 ut
1084 2030 1258 2058 introducam
1273 2037 1333 2057 eam
1352 2030 1379 2056 itt
1406 2030 1519 2058 domum
1544 2031 1657 2065 laetitiae,

863 2077 909 2104 ubi
923 2077 1016 2104 vinum
1026 2076 1128 2104 bibitur
1142 2080 1169 2103 et
1182 2076 1271 2111 epula:
1285 2081 1426 2111 parantur.
1441 2075 1507 2109 Qua:
1521 2076 1657 2111 enimjam

862 2122 970 2150 viderat
985 2122 1142 2150 cubiculum
1168 2122 1292 2157 regium,
1313 2122 1450 2149 desiderat
1477 2122 1559 2149 etiatn
1585 2131 1658 2151 nunc

863 2170 954 2204 regale
969 2169 1082 2196 introire
1095 2168 1249 2196 convivium
1263 2172 1290 2195 et
1303 2167 1357 2194 frui
1369 2168 1433 2195 vino
1446 2167 1553 2196 lmtitiw.
1569 2167 1658 2203 Supra

859 2216 915 2251 jam
931 2215 1052 2243 diximus
1065 2215 1168 2242 atnicos
1182 2215 1286 2250 sponsi,
1304 2215 1450 2250 prophetas
1462 2219 1490 2242 et
1500 2223 1595 2244 omnes
1609 2215 1658 2251 qui

864 2261 1089 2289 ministraverunt
1103 2260 1216 2288 verbum
1232 2260 1291 2292 Dei,
1309 2260 1343 2287 ab
1357 2260 1435 2287 initio
1446 2261 1538 2288 saeculi
1557 2261 1656 2289 intelli-

865 2307 979 2342 gendos,
995 2306 1027 2333 ad
1045 2313 1114 2340 quos
1128 2310 1201 2333 recte
1217 2305 1260 2332 vel
1273 2304 1396 2332 Ecclesia
1408 2305 1520 2337 Christi,
1537 2306 1579 2333 vel
1596 2305 1657 2332 ani-

866 2359 910 2379 ma
928 2351 1012 2378 verbo
1026 2351 1072 2378 Dei
1087 2351 1228 2378 adhaerens
1244 2350 1317 2378 dicat
1338 2355 1368 2377 ut
1382 2358 1411 2378 se
1433 2351 1608 2379 introducant
1628 2352 1654 2379 in

863 2397 973 2425 domum
997 2389 1114 2430 vini,—id
1137 2401 1189 2430 est,
1211 2397 1255 2424 ubi
1277 2397 1409 2431 sapientia
1437 2398 1547 2425 miscuit
1558 2398 1585 2425 in
1596 2406 1656 2427 cra-

863 2447 920 2471 tere
939 2444 1032 2470 vinum
1047 2445 1125 2471 situm
1138 2463 1145 2476 ,
1168 2447 1195 2470 et
1221 2443 1382 2478 deprecatur
1399 2450 1447 2478 per
1472 2451 1566 2472 servos
1589 2452 1655 2473 suos

861 2496 969 2516 omnem
987 2488 1158 2524 insipientem
1173 2492 1200 2516 et
1216 2492 1339 2523 egentem
1357 2496 1452 2523 sensu,
1467 2489 1561 2517 dicens
1578 2498 1585 2517 :
1606 2489 1654 2517 Ve-

860 2535 923 2567 nite,
937 2534 1094 2562 ntutzducute
1102 2542 1182 2570 panes
1195 2542 1274 2566 meos,
1288 2539 1312 2562 et
1328 2534 1407 2561 bibite
1420 2535 1508 2561 vinum
1518 2535 1586 2570 quod
1603 2535 1654 2563 mi-

1099 2617 1123 2663 .”
1136 2617 1208 2645 Psal.
1226 2619 1290 2649 L'vn,
1302 2616 1329 2643 2.
1369 2615 1390 2631 ²¹
1406 2614 1485 2642 Cant.
1502 2621 1531 2646 tt,
1549 2613 1591 2647 l6,
1609 2613 1651 2663 ιζ.

857 2732 973 2766 ριὶσατέ
978 2742 1016 2768 με
1027 2733 1066 2766 τῷ
1078 2733 1191 2768 adipqu
1200 2732 1252 2759 τοῦ
1261 2732 1397 2768 Χριστοῦτ
1414 2741 1423 2756 ‹
1439 2730 1603 2768 Introducile
1613 2738 1654 2759 me

859 2768 886 2794 in
899 2766 1006 2795 dornum
1018 2768 1081 2796 vini.
1104 2766 1201 2794 {Illuc
1213 2767 1278 2793 dicit
1293 2768 1328 2793 ad
1343 2767 1440 2792 amicos
1457 2766 1565 2800 sponsi,
1587 2773 1651 2792 Ill"-

859 2808 914 2829 tlos
925 2803 1042 2838 angelos,
1059 2803 1097 2829 rel
1114 2802 1246 2836 apostolus
1271 2807 1295 2828 et
1307 2801 1465 2838 propitiatus;
1476 2805 1578 2827 tantum
1597 2808 1649 2828 tum

857 2838 946 2866 dicens
962 2835 971 2865 Ξ
989 2847 998 2864 ‹
1016 2835 1187 2865 Cunnum-ctu
1200 2845 1238 2864 me
1249 2837 1351 2871 corpori
1365 2835 1476 2864 Christi.
1490 2851 1499 2868 ,
