1839 3053
30 117 83 144 781

593 111 922 143 COMMENTARIORUM
942 110 1074 140 SERIES.

1588 107 1658 135 i782

30 184 68 202 :m
83 184 162 204 eum
174 181 199 204 et
213 176 358 204 ascendere
370 176 403 204 ad
416 176 554 212 proprium
566 177 672 203 Patrem
682 180 709 202 et
720 174 815 206 Deum,
831 177 853 203 Α
867 172 922 199 ctio
934 171 1000 200 solis
1014 179 1075 206 qua:
1087 169 1236 197 secundum
1257 167 1482 196 consuetudinem
1501 170 1653 200 temporum

30 226 38 248 ι
56 223 227 250 ascendens
240 222 266 249 in
283 222 367 249 altum
384 222 501 257 captivet
516 222 710 256 captivitatem,
724 225 751 247 et
770 226 817 247 ac-

36 268 103 301 piat
122 269 202 295 dona
218 268 244 295 in
263 268 387 296 homines
402 269 435 301 ",
451 273 478 295 et
493 272 553 303 post
573 268 631 295 lucc
646 267 772 295 ostendat
788 273 818 294 se

30 313 173 340 irtiorem
186 318 270 340 morte
285 314 378 341 dicens
388 314 420 340 ad
433 321 492 340 eam
507 321 513 339 :
528 313 578 340 Ubi
592 319 641 346 est,
657 321 736 345 mors,
753 321 818 339 acu-

30 365 72 383 'us
98 361 172 384 tuus
188 358 230 384 ἰτ
249 357 380 385 Similiter
397 362 486 385 autem
501 379 508 391 ,
528 358 633 385 ceteris
654 363 818 393 praetereun-

35 403 96 430 bus
126 408 161 430 ct
179 403 431 438 blasphemantibus
456 411 538 436 eum,
561 403 696 438 principes
711 410 818 437 quoque

30 447 208 475 icerdotum
220 453 246 476 et
257 448 359 475 Scribe
374 452 575 483 praetereuntes,
589 453 615 476 et
630 448 681 483 ipsi
692 448 819 476 dicebant

30 493 44 519 d
66 501 143 521 eum
172 493 235 521 victi
260 494 405 522 virtutibus
428 498 490 521 ante
513 495 597 530 gestis
613 495 648 522 ab
673 502 706 522 eo
721 505 727 521 :
742 494 817 521 Alios

30 539 106 566 ilva:
136 540 213 574 fecit,
239 541 354 575 seipsum
376 541 477 568 salvum
502 541 588 576 facere
612 549 663 568 non
687 545 769 575 potest
782 541 816 568 ".

35 585 164 613 idcllcct
189 593 242 612 non
265 586 405 614 credentes
420 588 549 621 quoniam
566 586 612 622 qui
628 586 696 613 alios
712 586 818 614 salvare

30 631 124 662 otuit,
144 631 232 658 multo
247 631 363 666 amplius
376 636 482 666 poterat
506 637 533 659 et
554 632 672 667 seipsum
695 632 817 664 salvare;

30 682 35 703 L
56 677 266 711 promittebant
289 685 318 704 se
339 678 493 705 credituros
514 678 542 704 in
559 685 621 705 eum
639 678 718 712 quasi
732 678 758 704 in
773 685 817 704 re-

30 731 74 748 em
100 722 193 749 Israel
204 743 211 754 ,
226 723 248 749 si
266 723 433 750 descendens
447 731 462 749 a
478 731 560 751 cruce
573 723 708 750 videretur
719 723 753 750 ab
765 723 816 750 eis.

30 775 75 795 ise
101 772 202 795 autem
229 776 282 794 non
306 769 419 795 curabat
444 768 586 803 indignum
608 768 710 802 aliquid
737 775 818 802 agere

30 818 136 847 ropter
155 813 302 841 derisionis
327 814 465 848 injuriam,
489 818 516 841 et
539 813 627 841 facere
649 813 722 848 quod
741 813 815 841 dice-

30 863 99 886 atur
113 859 155 886 ab
169 859 209 886 eis
224 862 299 885 extra
314 859 446 886 rationem
464 864 491 886 et
503 859 637 885 ordinem.

47 903 123 930 135.
139 901 261 938 ldipsum
274 908 362 930 autem
377 907 401 929 et
413 903 529 930 latrone:
542 903 586 937 qui
603 904 724 938 cruci/ixi
737 908 814 930 erant

30 956 74 975 itm
92 956 142 980 eo,
158 948 369 982 improperabant
384 949 408 975 ei
418 948 453 975 ⁷⁸.
467 948 498 975 Ει
517 948 586 981 apud
600 948 731 976 Joannem
743 949 814 976 sicut

30 993 169 1020 otuimus
193 993 371 1027 exposuimus
397 993 430 1020 de
456 993 564 1021 duobus
589 993 741 1021 latronibus
765 995 813 1029 qui

31 1042 138 1065 ierunt
154 1039 277 1065 cruciﬁxi
297 1045 359 1066 cum
375 1038 495 1072 Christo,
513 1039 560 1073 qui
582 1039 731 1067 secundum
745 1039 814 1067 Mat-

30 1091 123 1110 ueum
153 1083 262 1118 quidem
294 1088 322 1111 et
349 1083 473 1112 Marcum
504 1085 756 1119 improperaverimt
787 1086 812 1113 ei

31 1129 103 1155 mbo
125 1129 154 1156 i-n
174 1136 264 1156 cruce.
282 1128 437 1157 Secundum
453 1129 554 1157 Lucam
572 1129 661 1157 autem
678 1130 811 1158 dicentem

31 1175 155 1202 uoniam
171 1183 242 1202 unus
263 1175 296 1202 de
319 1176 500 1210 pendentibus
519 1176 670 1204 latronibus
687 1177 812 1210 blasphe-

30 1223 113 1249 iabat
128 1223 226 1249 dicens
242 1230 249 1246 τ
267 1221 297 1248 Si
313 1227 341 1248 tu
362 1230 389 1248 es
409 1220 539 1254 Christus,
563 1222 637 1248 salva
659 1222 771 1256 teipsum
787 1228 811 1250 et

32 1275 76 1294 os.
92 1266 264 1301 Respondeas
279 1271 365 1292 autem
382 1269 450 1292 alter
464 1266 616 1301 increpabat
627 1275 686 1294 eum
697 1267 785 1294 dicens
801 1275 810 1294 :

30 1311 80 1339 ἴση
101 1313 182 1339 times
200 1314 228 1339 tu
243 1311 325 1338 Deum
340 1312 411 1346 quod
427 1312 453 1338 in
475 1312 565 1339 eadem
580 1313 749 1339 damnatione
763 1314 811 1341 es?

30 1357 50 1384 Et
62 1366 114 1384 nos
131 1358 236 1392 quidem
247 1357 332 1391 juste,
344 1364 406 1383 nam
417 1357 548 1391 condigna
559 1357 637 1391 factis
653 1357 810 1391 recipimus:

30 1408 65 1429 ite
81 1408 176 1430 autem
202 1402 268 1429 nihil
294 1401 358 1428 mali
379 1402 450 1436 fecit.
469 1401 502 1428 Et
516 1402 619 1428 dicebat
641 1402 675 1428 ad
693 1401 785 1428 Iesum
800 1410 809 1428 :

30 1448 156 1475 [emerito
181 1448 230 1474 mei
251 1455 310 1474 cum
331 1447 430 1474 veneria
446 1448 473 1474 in
495 1455 602 1482 regnum
623 1453 697 1474 tuum
706 1448 739 1474 ⁷⁸.
759 1447 809 1474 Re-

30 1493 162 1526 pondens
178 1496 267 1520 autem
293 1491 372 1519 Jesus
393 1492 462 1519 dixit
481 1492 514 1519 ad
537 1499 609 1524 eum,
623 1492 668 1527 qui
687 1493 809 1527 inerepa-
821 1508 842 1537 ο

32 1542 95 1564 erat
118 1537 352 1572 blasphemautem
367 1546 373 1562 ι
396 1539 476 1564 Amen
494 1538 553 1564 dico
570 1537 637 1565 tibi:
655 1537 740 1564 Hodie
755 1546 808 1564 me—

32 1590 74 1608 um
90 1582 147 1608 eris
167 1582 194 1608 in
209 1582 333 1616 paradiso
346 1582 379 1608 ⁷⁸.
392 1581 563 1609 Conveniens
582 1589 646 1616 ergo
663 1586 715 1614 est,
733 1587 763 1609 ut
781 1582 807 1608 in

31 1626 117 1654 >rimis
140 1627 250 1662 quidem
273 1627 353 1654 ambo
376 1628 496 1655 latrones
518 1627 703 1662 intelligantur
716 1627 809 1654 Domi-

31 1680 85 1699 mm
102 1673 309 1707 blaspliemasse
322 1680 329 1698 :
344 1677 404 1706 post
430 1673 482 1700 hoc
506 1677 597 1700 autem
613 1681 695 1700 unum
717 1681 750 1701 ex
769 1673 809 1701 eis

33 1725 186 1746 onversum
217 1725 291 1751 esse,
320 1723 347 1746 et
371 1718 520 1746 credidisse
545 1723 706 1746 tractantem
737 1719 808 1753 apud

32 1763 142 1797 eipsum
169 1763 212 1791 bis
234 1764 374 1792 miraculis
390 1772 450 1795 qua:
466 1764 593 1791 audiebat
616 1764 685 1792 facta
701 1765 735 1792 ab
750 1772 783 1792 eo
799 1774 807 1792 :

32 1808 137 1836 ursitan
164 1813 254 1836 autem
277 1815 304 1836 et
328 1810 423 1837 videns
446 1810 653 1837 conversionem
675 1810 762 1842 aeris,
781 1815 809 1838 et

32 1854 150 1882 enebras
164 1854 220 1882 ﬁeri
235 1854 368 1886 insuetas,
383 1859 410 1882 et
426 1863 477 1882 non
493 1855 563 1883 sicut
580 1855 637 1882 ﬁeri
654 1855 809 1890 frequenter

33 1899 158 1927 olebant.
180 1900 235 1927 Aut
257 1908 290 1927 ne
313 1900 392 1933 forte,
410 1901 481 1928 sicut
501 1905 529 1927 et
548 1901 602 1927 illic
617 1900 807 1933 diximus,alii

34 1948 83 1970 iiut
98 1944 126 1971 hi
140 1943 196 1972 duo
211 1945 340 1977 latrones,
354 1945 400 1979 qui
415 1945 497 1972 ambo
511 1945 742 1980 blasphemarunt.
756 1946 808 1973 Sed

33 1988 64 2015 lle
90 1989 162 2016 latro
185 1989 231 2024 qui
256 1989 376 2016 salvatus
391 1994 442 2021 est,
466 1993 555 2024 potest
570 1997 630 2018 esse
650 1991 807 2025 mysterium

35 2039 116 2059 orum
132 2033 180 2068 qui
203 2037 263 2068 pOst
287 2033 388 2060 multas
410 2033 568 2067 iniquitates
588 2034 765 2066 crediderunt
781 2035 807 2061 iu

33 2076 173 2109 iliristum,
193 2083 220 2104 et
240 2077 367 2104 dixerunt
390 2076 522 2104 Christo:
544 2077 649 2104 Contixi
671 2085 768 2104 sumus
782 2083 808 2105 et

35 2123 184 2158 ontigtirati
212 2123 238 2149 in
265 2128 351 2150 morie
374 2121 476 2150 Christi
503 2131 510 2149 :
534 2127 561 2149 et
587 2130 694 2157 semper
713 2122 808 2150 dicunt

829 840 851 868 Β

869 219 907 245 ita
921 217 1089 245 currentium
1112 216 1170 243 licri
1194 215 1278 246 solet,.
1296 222 1350 241 non
1373 214 1399 240 in
1423 213 1476 240 alio
1492 218 1611 247 tempore
1627 213 1655 240 tit

868 264 920 291 nisi
933 263 960 290 in
974 267 1109 290 conventu
1132 261 1198 289 solis
1215 265 1245 288 ct
1261 261 1342 293 hunc,
1357 259 1468 294 quando
1479 259 1542 285 luna
1559 259 1655 285 subtus

868 317 981 337 currens
1003 308 1069 335 solis
1093 306 1205 341 impedit
1222 305 1314 333 radios
1337 313 1485 333 occurrens
1507 304 1549 336 ei,
1565 308 1590 330 ct
1607 311 1653 330 oc-

868 362 950 382 cursu
964 361 1014 380 suo
1038 353 1128 379 lumen
1146 351 1205 386 ejus
1226 351 1361 378 obtundit.
1382 349 1409 377 ln
1426 355 1547 384 tempore
1565 354 1653 376 autem

868 407 923 434 quo
938 406 1036 434 passus
1054 403 1096 425 est
1117 397 1252 429 Christus,
1270 396 1444 424 manifestum
1469 402 1508 424 est
1521 396 1653 443 qiiiiiiiqiii

868 450 1018 473 conventus
1035 452 1088 472 non
1108 448 1167 471 erat
1184 443 1256 470 lunae
1274 443 1306 468 ad
1331 443 1427 474 solent,
1439 443 1568 476 quoniam
1588 447 1654 469 tein-

868 498 919 526 pus
939 495 995 518 erat
1019 490 1166 525 paschale,
1189 488 1261 524 quod
1282 488 1490 515 consuetudinis
1514 493 1556 516 est
1574 496 1654 523 agere

868 535 977 570 quando
992 535 1057 562 luna
1073 535 1139 562 solis
1152 534 1347 569 plenitudinem
1364 533 1445 560 habet
1457 538 1484 561 et
1491 534 1525 560 ~iii
1545 538 1599 560 tota
1613 538 1655 561 est

869 585 956 607 nocte.
981 579 1123 612 Quomodo
1146 585 1210 613 ergo
1239 583 1344 613 poterat
1365 578 1423 605 tieri
1448 578 1563 605 defectio
1587 578 1653 605 solis

868 632 930 652 cum
950 624 1014 651 luna
1026 628 1098 651 esset
1112 623 1190 658 plena
1202 627 1229 650 et
1240 622 1434 658 plenitudinem
1449 623 1515 650 solis
1527 622 1653 649 haberet!

868 670 984 702 Quidam
1000 674 1090 696 autem
1117 668 1302 700 credentium.
1326 667 1446 695 volentes
1467 667 1651 695 defensionem

867 715 986 750 aliquam
999 715 1172 741 introducere
1189 720 1284 741 contra
1303 714 1372 746 hac,
1388 713 1532 747 augustiati
1548 722 1651 741 sermo-

868 761 949 788 nibus
972 760 1156 794 prolitentium
1180 758 1254 792 talia,
1276 758 1313 785 ita
1332 759 1460 786 dixerunt
1478 768 1484 786 :
1500 758 1528 786 Si
1547 758 1651 785 nullum

868 805 950 840 923
965 805 1115 840 prodigium
1133 812 1232 830 novum
1250 803 1351 830 factum
1370 803 1466 830 fuisset
1486 803 1513 830 in
1531 808 1653 838 tempore

865 852 1000 888 passionis
1015 851 1130 882 Christi,
1148 851 1194 878 sed
1207 850 1298 877 omnia
1311 850 1461 876 secundqu
1472 850 1650 877 consuetudi-

864 906 938 929 nem,
969 897 1125 925 crederetur
1155 896 1305 924 secuudum
1336 895 1559 922 consuetudinem
1582 895 1651 922 facta

863 943 950 971 fuisse
963 943 1009 970 illa
1027 941 1142 969 defectio
1156 942 1232 968 solis.
1248 940 1325 968 Nunc
1342 946 1432 967 autem
1456 948 1518 968 eum
1542 944 1649 968 constet

863 993 959 1017 caetera
975 988 1096 1023 prodigia
1113 996 1174 1022 qua:
1191 992 1255 1015 tunc
1281 987 1351 1016 facta
1371 991 1453 1020 sunt,
1477 995 1531 1013 non
1555 994 1652 1014 secun-

863 1035 928 1062 dum
943 1033 1166 1062 consuetudinem
1185 1033 1255 1060 facta
1269 1032 1367 1065 luisse,
1384 1033 1431 1060 sed
1449 1040 1518 1060 nova
1527 1039 1553 1059 et
1565 1033 1652 1059 admi-

863 1080 962 1107 randa:
982 1087 1045 1106 nam
1056 1084 1080 1106 et
1094 1078 1176 1105 velum
1189 1078 1279 1112 templi
1290 1079 1401 1105 scissum
1414 1083 1452 1104 est
1469 1078 1574 1104 induas
1589 1086 1652 1110 par-

863 1131 900 1152 tes
913 1135 929 1152 a
940 1133 1046 1152 sursum
1061 1133 1142 1159 usque
1156 1125 1289 1156 deorsum,
1304 1129 1328 1151 et
1347 1129 1416 1150 terra
1433 1125 1601 1155 contremuit,
1626 1128 1651 1150 et

862 1175 942 1204 petra:
966 1171 1079 1204 diruplw
1096 1174 1169 1202 sunt,
1195 1173 1219 1196 ct
1235 1173 1403 1195 monumenta
1424 1175 1513 1203 aperta
1530 1174 1603 1201 simi,
1625 1173 1649 1195 et

863 1215 946 1242 multa
966 1223 1076 1249 corpora
1102 1214 1288 1240 dormientium
1314 1218 1467 1240 sanctarum
1498 1221 1648 1240 resurrcxc-

862 1266 923 1287 runt
940 1261 978 1293 ⁷⁷;
1004 1259 1179 1287 manifestum
1204 1265 1245 1286 cst
1270 1259 1398 1294 quoniam
1417 1262 1444 1285 et
1472 1259 1515 1285 illa
1535 1258 1651 1285 defectio

862 1306 927 1334 solis
940 1310 1136 1340 consequenter
1147 1305 1297 1333 secundum
1315 1310 1411 1332 czetera
1425 1304 1558 1340 prodigia,
1580 1313 1649 1331 nova

860 1357 955 1380 contra
971 1351 1194 1378 consuetudinem
1212 1350 1283 1377 facta
1297 1355 1346 1377 est.
1365 1349 1429 1376 Item
1447 1349 1578 1376 adversus
1592 1349 1652 1376 Iunc‘

859 1397 910 1431 ﬁlii
924 1396 1015 1423 seculi
1038 1396 1128 1430 hujus,
1144 1395 1190 1430 qui
1211 1395 1394 1430 prudentiores
1413 1400 1474 1421 sunt
1495 1395 1557 1429 ﬁliis
1581 1395 1650 1421 lucis

860 1443 887 1468 in
897 1451 945 1468 sua
961 1441 1127 1476 generatione
1140 1442 1174 1473 ⁷⁸,
1190 1441 1251 1467 talia
1271 1441 1365 1468 dicunt
1381 1450 1387 1468 :
1403 1440 1476 1468 Pone
1491 1441 1552 1475 quia
1572 1446 1647 1467 extra

860 1489 1084 1516 consuetudinem
1101 1487 1172 1514 facta
1188 1492 1228 1514 cst
1249 1487 1293 1513 illa
1311 1486 1426 1513 defectio
1444 1486 1509 1513 solis
1535 1487 1560 1512 in
1582 1492 1648 1512 tem-

859 1542 924 1569 pore
941 1542 994 1560 non
1008 1532 1122 1566 antiquo
1139 1532 1189 1559 sub
1213 1531 1365 1566 principatu
1388 1530 1591 1563 Romanorum,
1611 1530 1648 1556 ita

859 1585 888 1607 ut
903 1580 1020 1607 tenebrat
1035 1578 1130 1606 ﬁerent
1146 1585 1228 1612 super
1243 1585 1350 1603 omnem
1376 1582 1476 1604 terrain
1499 1585 1585 1611 usque
1615 1577 1648 1602 ad

859 1626 1075 1656 horamnonam,
1091 1623 1229 1658 quomodo
1247 1623 1298 1649 hoc
1324 1622 1426 1649 factum
1448 1627 1502 1649 tam
1525 1622 1649 1649 mirabile

859 1677 938 1696 nemo
960 1669 1133 1700 Griecorum,
1157 1674 1236 1694 nemo
1260 1666 1439 1693 barbarorum
1460 1665 1561 1693 factum
1582 1674 1647 1693 coa-

858 1715 967 1749 scripsit
982 1714 1009 1740 in
1029 1718 1149 1748 tempore
1165 1713 1220 1745 illo,
1232 1712 1350 1739 maxime
1367 1712 1413 1746 qui
1434 1712 1563 1739 chronica
1583 1721 1648 1738 cou-

858 1760 1044 1794 scripserunt,
1064 1762 1090 1784 et
1107 1762 1269 1785 notaverunt
1295 1757 1382 1784 sicubi
1405 1758 1457 1784 tale
1477 1758 1580 1792 aliquid
1599 1765 1648 1784 no-

858 1812 921 1831 vam
933 1803 1032 1830 factum
1045 1807 1086 1829 est
1099 1802 1256 1836 aliquando,
1275 1801 1321 1828 sed
1335 1802 1384 1828 soli
1404 1802 1454 1828 hoc
1477 1803 1647 1835 scripserunt

858 1849 939 1876 vestri
962 1846 1151 1875 auctores?Et
1179 1845 1300 1881 Phlegon
1330 1846 1439 1880 quidem
1463 1847 1489 1873 in
1507 1847 1646 1873 Clu-unicis

858 1896 916 1925 suis
929 1894 1037 1929 scripsit
1056 1894 1083 1920 in
1101 1893 1253 1928 principatu
1267 1891 1368 1919 Tiberii
1397 1892 1513 1921 Caesaris
1532 1893 1645 1925 factum,

859 1942 905 1973 sed
922 1950 976 1969 non
993 1939 1155 1974 signiﬁcavit
1173 1938 1199 1965 in
1216 1938 1280 1965 luna
1291 1939 1369 1973 plena
1384 1939 1435 1966 hoc
1449 1938 1559 1966 factum.
1581 1938 1647 1967 Vide

858 1995 923 2022 ergo
941 1986 992 2013 nisi
1010 1985 1089 2012 fortis
1112 1988 1153 2011 est
1167 1983 1285 2018 objectio
1304 1984 1370 2015 hinc,
1387 1988 1413 2010 ct
1430 1988 1525 2018 potens
1539 1992 1646 2012 movere

858 2041 965 2061 omnem
982 2033 1118 2059 hominem
1139 2031 1289 2066 sapientem
1315 2031 1361 2065 qui
1385 2038 1433 2058 nec
1458 2031 1513 2058 illis
1532 2031 1645 2058 dicenti-

858 2079 919 2111 bus,
934 2086 983 2105 nei:
995 2078 1054 2105 istis
1066 2077 1249 2104 scribentibus
1265 2076 1411 2107 consentit,
1422 2077 1468 2104 sed
1481 2076 1572 2103 omnia
1584 2085 1646 2103 cum

859 2125 965 2151 ratione
980 2129 1007 2150 et
1017 2123 1121 2158 judicio
1139 2123 1225 2149 audit.
1245 2121 1277 2149 Et
1293 2130 1346 2149 non
1359 2122 1519 2156 estquidem
1536 2122 1645 2154 durum,

34 2164 89 2193 'ilio
106 2167 154 2194 Dei
172 2175 178 2193 :
195 2167 298 2194 Memor
315 2173 375 2194 esto
397 2167 484 2194 nostri
499 2175 563 2194 cum
587 2168 693 2194 veneris
715 2167 743 2194 in
766 2176 809 2196 re—
824 2172 846 2199 D
860 2169 933 2204 quod
950 2168 1138 2203 unusquisque
1156 2167 1276 2195 ﬁdelium
1293 2168 1339 2203 qui
1355 2167 1442 2195 credit
1457 2167 1578 2202 quidem,
1593 2177 1645 2195 non

34 2219 103 2241 nam
121 2217 209 2245 tuum,
221 2218 248 2239 et
260 2212 320 2239 ideo
337 2212 363 2239 in
376 2212 504 2246 paradiso
516 2217 652 2240 suntcum
666 2213 735 2247 ipso.

55 2258 119 2286 154.
133 2259 152 2285 Α
168 2263 242 2285 sexta
260 2263 347 2285 autent
358 2258 423 2284 hora
439 2258 550 2285 tenebra:
565 2258 643 2292 factw
658 2263 718 2284 sunt
730 2266 807 2292 super

35 2303 170 2331 :nirersam
197 2309 294 2331 terram
318 2313 398 2339 usque
421 2305 455 2331 ad
479 2305 572 2331 harant
593 2312 689 2331 nonam
708 2304 741 2330 ⁷⁸⁵.
764 2304 805 2332 Ad

35 2356 93 2376 lUllC
121 2354 223 2376 textum
253 2350 362 2385 quidam
394 2350 597 2377 calumniantur
622 2350 804 2382 cvangelicam

35 2395 174 2428 ‘eritatem,
187 2396 307 2423 dicentes
319 2396 456 2430 quomodo
472 2395 621 2424 secundum
638 2400 740 2422 textum
757 2402 803 2429 po-

35 2443 72 2465 est
84 2447 144 2468 esse
157 2448 250 2467 verum
263 2440 336 2475 quod
350 2440 450 2468 dicitur
466 2440 530 2475 quia
554 2439 632 2467 factae
654 2444 717 2468 sunt
731 2444 804 2466 tene-

36 2492 76 2511 bras
89 2494 171 2521 super
191 2493 298 2514 omnem
321 2491 421 2513 terram
444 2495 459 2514 a
481 2490 557 2513 sexta
578 2487 644 2513 hora
670 2493 755 2519 usque
770 2485 803 2512 ad

36 2538 137 2564 mnam,
161 2532 234 2566 quod
249 2532 350 2559 factum
372 2533 445 2559 nulla
470 2532 552 2560 refert
572 2531 702 2559 histeria?
717 2531 750 2558 Et
763 2531 804 2557 di-

39 2580 86 2601 unt
100 2577 173 2610 quia,
191 2577 262 2604 sicut
273 2578 342 2604 solet
361 2577 418 2604 ﬁeri
444 2577 470 2604 in
492 2577 559 2605 solis
580 2577 741 2609 defectione,
764 2576 804 2603 sic

36 2625 91 2647 arta
106 2627 147 2649 cst
165 2627 229 2649 tunc
247 2622 363 2650 defectio
377 2622 454 2650 solis.
469 2622 588 2649 Deiectio
602 2627 691 2648 autem
708 2621 773 2648 solis
787 2630 802 2649 a

38 2667 121 2694 :cculo
133 2674 238 2702 semper
251 2667 302 2694 fuit
317 2667 343 2694 in
357 2675 408 2695 suo
425 2671 545 2701 tempore
558 2666 638 2694 facta.
657 2666 710 2693 Sed
725 2665 800 2693 defe-

334 2771 353 2786 ⁷¹
372 2770 380 2796 Ι
396 2771 457 2798 Cor.
480 2778 522 2800 xv.

437 2806 457 2821 ττ
473 2805 539 2832 illiti.
555 2805 598 2839 δι,
625 2805 667 2832 52.

58 2767 81 2783 ⁷.
96 2769 178 2788 Rnlinc
208 2778 237 2788 lu.

96 2769 190 2802 Ephcs.
208 2778 251 2802 iv-,
269 2770 294 2796 8.
334 2771 353 2786 ⁷¹
372 2770 380 2796 Ι
396 2779 397 2789 ι

106 2805 127 2820 ⁷⁸
140 2804 231 2833 Matth.
248 2813 320 2832 xxiii
331 2825 338 2838 ,
354 2806 397 2833 iii.

37 2801 68 2828 ὦ.

627 2770 648 2785 ⁷¹
664 2769 758 2796 Matth.
775 2776 859 2801 xxvii,
873 2770 915 2797 i2.
953 2770 976 2787 ⁷³
992 2770 1055 2798 ibid.
1071 2771 1114 2797 ii.
1150 2770 1170 2786 7‘
1187 2769 1251 2796 Luc.
1269 2769 1387 2804 uiii,59
1402 2774 1429 2797 ct
1442 2777 1498 2805 seq.

627 2805 667 2832 52.
707 2805 728 2819 ⁷⁸³
743 2803 808 2832 Luc.
826 2812 879 2832 xvi.
894 2805 919 2832 8.

710 2810 728 2819 ”'
743 2810 808 2832 Luc.
826 2812 879 2838 xvt,
894 2810 919 2832 is.

861 2219 951 2241 tamen
965 2222 1027 2240 cum
1047 2213 1150 2240 ratione
1164 2218 1190 2240 ct
1203 2221 1263 2240 cum
1280 2213 1384 2247 judicio
1401 2213 1495 2246 credit,
1511 2218 1539 2240 nt
1559 2213 1593 2240 ita
1611 2215 1647 2240 sit

859 2263 987 2287 constans
1000 2258 1027 2285 in
1042 2259 1104 2291 ﬁde,
1121 2263 1150 2285 ut
1165 2258 1216 2285 etsi
1229 2259 1302 2286 mille
1312 2258 1429 2286 crimina
1438 2259 1569 2292 obiiciant
1581 2267 1645 2285 coii-

859 2309 900 2332 tra
931 2304 1114 2339 evangelicam
1144 2303 1222 2331 tidem
1252 2305 1374 2331 volentes
1400 2304 1539 2331 destruere
1566 2305 1644 2330 tidem

858 2356 990 2383 nostram,
1008 2355 1037 2377 ut
1049 2351 1075 2377 iu
1091 2351 1162 2377 milia
1178 2355 1253 2385 parte
1266 2358 1361 2377 eorum
1372 2354 1573 2377 commoveatur
1587 2357 1644 2375 scr-

858 2395 995 2427 monibus,
1013 2395 1059 2430 qui
1079 2395 1211 2429 [ingentes
1224 2403 1253 2422 se
1265 2396 1375 2422 credere
1397 2394 1545 2428 Scripturis
1561 2401 1643 2420 evan-

857 2439 961 2475 gelicis,
979 2447 1026 2474 per
1042 2440 1214 2467 occasionem
1235 2440 1315 2467 unius
1331 2442 1377 2466 aut
1388 2439 1500 2465 alterius
1516 2439 1642 2473 quaestio-

857 2486 910 2516 nis,
924 2489 971 2512 aut
985 2485 1101 2512 dillicilis
1111 2489 1158 2512 aut
1169 2485 1237 2512 forte
1250 2484 1456 2515 indissolubilis,
1469 2484 1642 2511 adversantes

857 2530 1005 2564 Scripturis
1019 2524 1147 2558 festinant
1165 2530 1244 2557 [idem
1259 2530 1359 2556 Christi
1385 2534 1412 2556 et
1435 2529 1641 2563 Evangelioruin

855 2576 914 2611 ejus
927 2577 1020 2604 tollere
1028 2577 1062 2604 de
1073 2577 1162 2603 anima
1176 2582 1280 2608 nostra,
1293 2575 1495 2603 introduccntcs
1508 2575 1640 2610 quasdam

856 2622 995 2648 mirabiles
1013 2629 1066 2654 res,
1083 2626 1110 2648 et
1125 2621 1260 2648 mirabilia
1274 2620 1320 2648 Dei
1336 2620 1437 2647 virtute
1450 2625 1640 2647 consummata

855 2667 888 2695 ad
900 2668 1044 2695 saeculares
1059 2667 1192 2703 quasdam
1204 2665 1415 2694 consuetudines
1432 2665 1580 2693 transferre
1593 2674 1640 2692 vo-

1536 2770 1556 2785 "
1572 2769 1638 2798 ibid.
