1839 3053
132 103 201 132 1765

716 98 880 128 οῐιιοΕΝιε
899 96 933 125 ΙΝ
952 98 1162 127 ΜΑΤΤΠΑΞΠΜ

1704 99 1758 127 1761

131 168 242 191 cantum
255 161 354 190 Petrus
370 167 511 197 negasset,
527 166 556 189 ut
570 161 706 189 diceretur
721 171 728 189 :
747 160 808 188 No.1
820 169 926 196 promo—
941 163 961 191 Α
978 161 1124 196 operibus;
1143 161 1222 196 longe
1242 164 1333 188 autem
1357 159 1508 188 emciamur
1526 167 1542 187 a
1557 159 1654 195 priore
1675 161 1760 188 ancills

131 209 168 236 vit
179 230 186 241 ,
207 208 262 235 dies
277 213 364 235 autem
380 208 615 244 appropinquavit.
636 207 704 234 sicut
720 207 746 233 in
761 207 805 233 die
819 207 924 233 honeste

132 254 297 281 ambulemus
311 255 345 286 "',
372 254 445 280 nulla
462 253 639 280 excusatione
653 252 752 286 digitus
765 251 860 279 fuisset
872 251 923 278 Pc-

132 304 201 326 trtts.
234 299 357 327 Forsitan
382 304 473 326 autent
492 303 518 325 et
541 306 637 325 omnes
662 298 789 324 homines
814 297 924 332 qnamlo

131 344 267 379 tlencgant
308 343 420 375 losum,
449 343 485 370 ita
512 347 540 369 ut
562 350 702 376 peccatum
737 342 923 377 dencgatiouis

132 397 226 416 corum
242 390 355 424 recipiat
371 389 545 420 medicinam,
562 393 624 415 ante
637 388 699 423 galli
712 392 823 415 cantum
839 388 923 415 dene—

133 443 196 471 gare
214 443 275 462 eum
292 435 418 462 videnlur
429 455 436 468 ,
461 434 582 461 nondum
596 434 636 461 eis
650 438 716 461 nato
728 434 785 461 sole
800 433 922 468 justitiae,

133 488 182 508 nec
201 479 435 515 appropinquante
448 480 488 507 eis
507 485 567 506 ortn
585 480 688 514 ipsius;
706 480 729 507 si
752 485 841 507 autem
862 483 924 514 post

132 531 221 553 ortum
237 526 394 560 hujusmodi
415 526 481 553 solis
507 527 540 552 ad
555 526 674 553 animam
693 526 814 553 volentes
828 533 923 560 pecca—

132 572 268 603 verimus,
293 577 437 606 postquam
460 571 616 606 accepimus
631 572 771 599 scientiam
789 571 922 606 veritatis,

129 617 185 652 jam
203 624 256 643 non
276 617 440 651 relinquitur
454 617 535 643 nobis
551 617 717 644 sacrilicium
737 624 786 652 pro
800 622 921 652 peccato,

131 662 178 689 sed
192 662 311 690 terribile
325 662 472 697 judicium,
490 666 516 689 et
538 661 613 689 zclus
636 662 705 697 ignis
724 662 770 697 qui
785 667 923 690 comestu-

132 711 179 735 ru‘s
196 712 237 735 est
253 708 390 735 inimicos.
421 707 453 734 Et
478 707 504 734 in
528 707 609 734 Petro
622 707 732 742 quidem
755 712 821 736 tunc
840 708 923 736 dene-

131 756 211 788 gante
233 760 285 780 non
303 753 479 780 conveniebat
495 753 585 780 dicere
600 762 607 779 :
624 752 760 785 Quomodo
775 761 806 780 ne
820 755 922 788 putatis

130 799 221 833 pejora
245 799 339 825 mereri
367 799 497 832 supplicia
512 799 556 833 qui
572 798 674 825 Filium
689 798 737 825 Dei
753 802 921 827 conculcave-

977 213 1003 234 et
1018 208 1120 240 altera;
1136 211 1163 234 et
1179 207 1214 234 ab
1226 207 1355 234 omnibus
1370 207 1416 241 qui
1431 210 1505 233 stant
1525 206 1552 232 in
1569 206 1644 233 atrio
1658 206 1717 240 ejus
1728 207 1761 234 vel

978 254 1004 280 in
1021 254 1105 288 janua
1118 254 1188 288 ejus,
1214 258 1244 280 ut
1258 261 1291 280 ne
1305 253 1332 279 in
1347 252 1473 286 proximo
1486 252 1658 279 exsistamus
1674 251 1763 279 iacien-

978 299 1051 326 tibus
1063 299 1198 334 denegare
1214 307 1276 326 eum
1293 299 1340 334 qui
1352 298 1434 325 fuerit
1445 298 1524 332 juxta
1541 297 1594 324 eis.
1616 297 1762 332 Cognosce-

978 353 1040 372 mus
1055 350 1145 372 autem
1161 353 1221 380 quae
1237 345 1273 372 sit
1285 345 1383 372 ancilla
1401 344 1544 379 principis,
1566 343 1590 370 si
1607 343 1655 371 int:
1667 344 1764 371 Πεισή-

977 399 1039 418 mus
1053 398 1114 426 quae
1129 391 1164 418 sit
1178 390 1277 418 ancilla
1294 390 1354 423 Dei,
1380 390 1413 417 de
1433 398 1487 425 qua
1511 389 1648 424 scriptum
1670 394 1710 417 est
1721 390 1742 406 τ’
1756 400 1763 417 :

978 435 1035 471 Ego
1059 444 1147 463 servus
1171 439 1249 468 tuus,
1273 440 1298 462 et
1321 435 1394 470 [ilius
1417 435 1525 462 ancilla
1542 439 1607 462 tum.
1637 435 1704 468 Quae
1717 435 1764 463 sint

977 487 1068 509 autent
1093 482 1161 509 atria
1183 481 1315 516 principis
1331 481 1433 516 poteris
1449 480 1531 513 scire,
1557 480 1581 508 si
1606 480 1765 509 intellexeris

976 535 1038 564 quae
1060 528 1116 555 sint
1139 528 1208 555 atria
1222 527 1322 555 domus
1337 527 1461 560 Domini,
1474 527 1508 555 de
1520 528 1624 562 quibus
1639 527 1763 561 scriptum

976 579 1019 602 cst
1033 575 1057 590 ⁸⁸
1071 584 1078 602 :
1096 574 1163 601 Ecce
1185 581 1254 600 nunc
1265 573 1407 601 benedicite
1421 573 1576 606 Dominum,
1593 581 1684 600 omnes
1704 575 1763 600 serui

976 621 1101 653 Domini,
1122 621 1168 656 qui
1187 621 1265 648 statis
1278 621 1304 647 in
1316 620 1393 647 domo
1407 620 1531 652 Domini,
1544 621 1573 646 iu
1586 621 1666 646 atriis
1679 620 1763 646 domu

979 667 1027 694 Dei
1051 667 1147 694 nostri.
1179 666 1206 693 Si
1219 671 1310 693 autem
1333 670 1360 693 et
1378 666 1411 693 de
1430 666 1528 693 ancilla
1542 665 1629 692 altera
1641 666 1763 693 debemus

976 712 1077 747 aliquid
1092 711 1193 743 dicere,
1206 711 1328 738 utetiam
1345 711 1379 738 ab
1391 711 1436 737 illa
1449 710 1625 742 recedamus,
1639 710 1761 745 intelliga-

976 766 1038 786 mus
1060 758 1133 793 quod
1158 757 1289 792 scriptum
1305 761 1348 785 est
1359 757 1404 783 ":
1426 756 1501 783 Sicut
1523 757 1595 783 oculi
1615 756 1723 782 ancilla:
1741 756 1765 783 in

976 805 1099 831 manibus
1113 804 1229 830 dominte
1243 811 1298 830 tum
1308 823 1315 835 ,
1338 803 1377 829 ita
1389 802 1464 840 oculi
1481 803 1566 829 nostri
1582 802 1617 828 ad
1630 802 1765 828 Dominum

131 845 195 877 rint,
213 848 238 870 et
253 844 407 878 sanguinem
431 844 580 870 testamenti
605 851 766 870 communem
784 845 857 872 existi

1038 858 1058 876 ut
1071 855 1209 883 nostrum,
1226 850 1307 876 donec
1322 849 1480 875 misereatur
1497 849 1595 875 nostri.
1629 847 1701 874 Puto
1714 847 1764 882 pri-

129 891 212 916 rerint
236 891 305 916 unde
323 890 485 924 sancti/itali
498 895 569 921 sunt,
585 894 608 916 et
623 889 754 924 Spiritum
768 891 864 925 gratiae
878 892 921 918 in-

126 936 287 970 juriauerint
305 935 346 962 "?
373 935 498 962 Nondum
520 936 592 962 enim
621 935 807 964 sanctiﬁcatus
834 935 923 965 fuerat

131 993 227 1020 l’ctrus
245 993 378 1028 sanguine
391 993 494 1021 Christi
507 994 553 1029 qui
571 994 659 1022 fuerat
674 994 787 1028 sanguis
805 997 864 1023 novi
880 1001 922 1022 te-

130 1038 270 1070 stamenti,
296 1045 345 1064 nec
368 1037 509 1072 injuriavit
534 1038 667 1073 Spiritum
693 1040 788 1072 gratia!
807 1049 888 1075 quem
905 1047 921 1067 a

129 1082 262 1117 principio
291 1090 340 1110 nec
361 1088 522 1118 acceperat,
544 1084 677 1119 quoniam
697 1083 779 1112 Jesus
802 1086 920 1113 nondum

129 1128 219 1155 fuerat
237 1128 433 1157 honoriticatos
449 1130 483 1162 ⁷³,
508 1138 558 1158 nec
573 1136 631 1158 erat
647 1131 673 1158 iu
689 1131 846 1159 hominibus
861 1133 919 1166 Spi-

130 1174 198 1200 ritus
211 1179 332 1201 sanctus.
356 1174 383 1200 Si
401 1179 491 1201 autent
506 1175 532 1201 in
549 1175 630 1202 nobis
646 1175 696 1202 hoc
713 1176 824 1210 impiam
841 1176 922 1203 l'uoiit

130 1220 230 1247 factum
255 1220 442 1255 denegationis
461 1227 618 1255 peccatum,
637 1221 729 1248 omnia
751 1222 807 1248 lure
830 1222 921 1249 dicere

130 1265 267 1296 Convenit,
293 1266 424 1299 quoniam
440 1272 466 1293 et
483 1266 508 1292 in
523 1266 656 1301 sanguine
678 1267 831 1294 testamenti
858 1275 921 1294 san-

128 1309 237 1336 ctiticati
252 1318 348 1338 sumus
364 1315 390 1337 et
406 1310 537 1346 Spiritum
552 1311 645 1346 gratia:
656 1311 837 1346 suscepimus.
853 1311 920 1339 Pro-

129 1361 219 1389 pterea
252 1363 426 1383 communem
459 1361 555 1391 putare
579 1357 740 1392 sanguinem
766 1358 919 1386 testamenti

128 1401 368 1434 pretiosissimum,
383 1406 410 1429 et
421 1402 553 1437 injuriare
568 1402 699 1438 Spiritum
718 1404 821 1438 gratiae,
831 1404 921 1431 omni~

129 1445 179 1472 bus
194 1447 311 1480 peccatis
328 1446 449 1474 deterius
462 1452 504 1475 est
515 1469 521 1480 ,
542 1448 578 1474 ita
596 1452 624 1475 ut
640 1456 690 1475 nec
706 1449 732 1475 in
754 1449 805 1476 hoc
819 1449 920 1476 saeculo

129 1499 177 1518 nec
200 1491 227 1518 in
245 1491 337 1519 futuro
354 1492 543 1519 remissionem
567 1493 707 1527 possimus
730 1494 870 1529 accipere,
896 1495 919 1522 si

129 1537 176 1563 Dei
200 1536 300 1564 Filium
325 1537 502 1573 denegemus.
530 1538 664 1571 Quoniam
688 1547 753 1574 ergo
776 1541 855 1567 nobis
867 1549 919 1567 nos:

126 1593 255 1626 promouit
266 1613 273 1625 ,
290 1593 345 1619 dies
362 1599 449 1620 autent
467 1593 686 1628 appropinquavit
701 1593 742 1626 7‘,
769 1598 794 1621 et
809 1593 918 1628 signum

127 1638 180 1665 diei
197 1638 259 1673 galli
273 1643 370 1665 cantus
385 1639 507 1666 insonuit
520 1639 609 1670 nobis,
624 1643 767 1674 propterea
784 1647 871 1674 usque
884 1639 918 1667 ad

127 1684 288 1717 sanguinem
313 1687 416 1710 stemus
440 1689 534 1710 contra
552 1690 693 1718 peccatum
714 1689 868 1717 certantes,
892 1689 919 1712 et

128 1733 237 1764 propter
267 1729 428 1756 charitateiu
459 1737 600 1764 nunquam
627 1730 797 1757 excidentem
823 1731 917 1758 omnia

126 1774 302 1806 suti'eramus,
329 1780 359 1801 ut
385 1782 447 1801 cum
472 1774 599 1809 perfectis
616 1775 643 1802 in
669 1783 700 1802 ea
716 1781 917 1811 consequamur

126 1820 322 1848 haereditatan
354 1819 386 1847 Et
402 1821 453 1848 hoc
475 1821 602 1853 attende,
628 1822 758 1856 quoniam
776 1827 839 1850 ante
854 1822 916 1858 galli

125 1872 247 1901 cantum,
272 1873 299 1895 et
323 1872 386 1894 ante
400 1866 532 1902 Spiritum
558 1872 696 1900 sanctum,
714 1873 741 1895 et
754 1869 780 1895 in
795 1875 917 1903 tempore

125 1914 213 1941 noctis
231 1913 384 1948 profundae,
394 1914 501 1941 etiamsi
519 1913 675 1948 frequenter
688 1915 830 1950 denegavit
841 1915 914 1950 quis,

123 1960 215 1987 vivere
232 1964 319 1994 potest
334 1969 340 1987 :
358 1960 430 1994 quod
446 1959 623 1987 manifestum
637 1964 677 1987 est
690 1967 722 1987 ex
741 1968 775 1987 eo
789 1961 862 1995 quod
876 1966 916 1988 ter

123 2004 267 2039 denegavit
279 2003 385 2032 Petrus.
418 2003 445 2031 Si
463 2009 554 2031 autem
568 2008 629 2039 post
651 2005 712 2040 galli
736 2012 857 2039 cantum,
874 2006 916 2033 vel

123 2051 208 2078 semel
224 2051 250 2078 in
265 2059 429 2086 quocunque
443 2051 566 2085 periculo
583 2051 750 2078 constitutus
773 2052 917 2087 denegavit

123 2097 202 2132 quis,
221 2096 389 2131 impossibile
412 2100 453 2122 est
474 2103 536 2123 eum
559 2096 684 2123 renovari
701 2097 728 2123 in
746 2097 914 2131 pmnitentia,

123 2148 153 2170 ut
166 2142 264 2169 iterum
278 2142 419 2176 cruciligat
433 2142 484 2169 sibi
503 2141 601 2169 Filium
619 2142 666 2169 Dei
684 2142 717 2168 ".
755 2143 807 2176 Qui
821 2148 912 2170 autent

124 2189 150 2215 iu
175 2187 330 2222 hujusmodi
354 2187 544 2223 denegationis
567 2193 677 2222 peccato
692 2187 774 2216 fuerit
788 2197 913 2224 compre-
929 2202 951 2230 υ

124 2234 243 2266 bensus,
274 2233 388 2268 aspiciat
415 2233 479 2260 illud
501 2234 572 2268 quod
592 2234 722 2269 scriptum
746 2239 789 2262 cst
800 2234 847 2262 "z
870 2234 913 2262 Vcs

122 2279 162 2306 Itis
181 2279 225 2314 qui
250 2279 388 2305 attrahunt
409 2284 516 2314 peccata
530 2288 578 2306 sua
594 2280 662 2306 sicut
684 2280 772 2315 funem
794 2280 911 2315 longum,

123 2330 146 2352 rt
160 2326 227 2352 sicut
238 2325 394 2360 jugulorunt
410 2325 487 2352 vituli
509 2326 662 2361 iniquitates
677 2347 685 2359 ,
700 2331 726 2353 et
745 2334 798 2353 non
814 2327 887 2354 dicat
903 2335 910 2354 :

123 2371 236 2398 Peccata
261 2375 351 2397 nostra
366 2371 390 2397 in
408 2371 481 2398 nobis
495 2377 573 2405 sunt,
596 2377 620 2398 ιιι
634 2372 763 2406 quomodo
775 2373 888 2399 vivemus
900 2373 913 2400 ?

128 2417 200 2451 Viuo,
218 2418 302 2453 inquit
319 2417 446 2445 Dominus
457 2439 464 2451 ,
481 2419 605 2454 quoniam
622 2419 682 2446 nolo
695 2424 804 2446 mortem
817 2428 911 2453 pecca-

122 2465 199 2496 toris,
216 2464 260 2491 sed
275 2463 455 2499 paenitentiam
469 2465 500 2492 ⁷⁷.
522 2465 581 2500 Ipse
602 2469 692 2492 autem
711 2466 762 2493 scit
778 2465 848 2493 Detts
859 2486 866 2498 ,
881 2466 914 2493 de

121 2518 176 2546 quo
191 2511 321 2546 scriptum
335 2517 374 2538 est
389 2512 411 2529 ⁷⁸
429 2521 435 2538 :
454 2511 488 2538 Et
504 2512 560 2546 ipse
582 2512 685 2545 sapiens
707 2511 820 2539 adducet
835 2520 913 2547 super

119 2565 165 2584 eos
180 2557 251 2584 mala
261 2577 269 2589 ,
284 2557 375 2592 qualia
393 2557 463 2585 mala
479 2558 595 2584 adducet
611 2565 692 2592 super
706 2557 871 2591 dencgautcs
886 2562 913 2585 ct

121 2610 175 2630 non
191 2604 373 2638 puznitentes,
389 2608 415 2630 et
429 2603 521 2638 qualia
538 2611 621 2638 super
637 2603 803 2638 dcuegantes
817 2608 844 2630 ct
855 2611 912 2637 pte—

120 2650 249 2683 nituntes,
272 2651 362 2685 qualia
382 2651 451 2677 bona
475 2658 556 2686 super
572 2658 619 2677 eos
636 2649 683 2685 qui
707 2658 847 2685 nunquam
863 2650 910 2677 do-

120 2700 299 2730 negaverunt,
315 2704 403 2731 neque
420 2695 502 2723 verbo
519 2703 611 2724 coram
626 2695 801 2729 hominibus,
820 2703 909 2730 neque

155 2774 177 2789 "
199 2773 277 2799 Rom.
298 2781 358 2807 xm,
376 2774 419 2805 12,
439 2774 482 2801 i5.
536 2774 559 2790 "
579 2773 664 2802 Hebr.
681 2774 767 2807 1,29.

122 2808 143 2823 "°
163 2808 317 2838 lsa.\’,18.
371 2810 393 2825 ⁷⁷
415 2810 512 2836 l-Izcch.
539 2817 644 2842 xxxnt,
673 2810 716 2836 10.
750 2809 793 2837 11.

122 2841 142 2856 ⁸¹
162 2842 233 2869 l’sal.
253 2851 339 2876 cun,
353 2844 380 2870 2.
420 2845 441 2860 ⁸·
464 2843 485 2870 ll
498 2845 560 2872 Cor.
580 2853 606 2877 ν,
625 2844 667 2872 l6.

823 2775 844 2790 ⁷³
862 2773 943 2802 Joan.
959 2782 1009 2806 vn,
1023 2774 1069 2802 59.

833 2809 857 2825 ⁷⁸
876 2809 929 2837 lsa.
951 2817 1032 2842 xxxi,
1062 2809 1090 2836 2.

706 2845 729 2861 "
749 2844 846 2873 Matth.
863 2852 937 2879 xxvi,
951 2846 995 2872 54.

973 904 1044 923 mam
1061 896 1188 923 ancillam
1203 895 1315 930 intelligi
1333 894 1464 929 principis
1479 894 1625 921 facientem
1637 894 1766 928 denegare

972 942 1120 976 discipulos
1139 941 1252 974 Christi,
1279 940 1451 976 Synagogam
1468 948 1530 967 esse
1551 939 1711 967 Iudaeorum
1726 947 1765 967 se-

972 987 1091 1015 cundum
1107 994 1234 1018 carnem,
1260 987 1306 1021 qui
1324 986 1461 1021 denegare
1478 985 1638 1020 frequenter
1655 993 1764 1019 compu-

972 1034 1063 1061 lerunt
1076 1033 1181 1062 ﬁdeles.
1213 1032 1367 1059 Secundam
1383 1037 1476 1058 autem
1490 1031 1619 1058 ancillam
1632 1050 1641 1063 ,
1656 1037 1766 1066 congre-

972 1079 1108 1113 gationem
1135 1077 1267 1113 gentium,
1290 1077 1336 1112 qui
1357 1080 1384 1104 et
1401 1076 1453 1111 ipsi
1477 1080 1677 1111 persequentes
1690 1075 1769 1103 Chri—

972 1124 1077 1150 stianos
1101 1122 1236 1157 denegare
1252 1122 1396 1157 cogebant.
1430 1120 1539 1148 Tertios
1555 1124 1649 1147 autem
1666 1124 1765 1146 stantes

972 1168 999 1195 in
1013 1167 1089 1195 atriis
1100 1186 1108 1200 ,
1124 1167 1267 1195 ministros
1283 1175 1343 1195 esse
1368 1167 1502 1194 hzercsum
1520 1166 1711 1198 diversarum,
1722 1165 1765 1200 qui

971 1219 998 1240 et
1012 1213 1063 1248 ipsi
1078 1213 1218 1240 veritatem
1234 1212 1336 1240 Christi
1362 1213 1499 1247 denegare
1525 1212 1707 1247 compellunt.
1739 1210 1765 1238 in

972 1264 1051 1287 nocte
1072 1264 1162 1286 autem
1187 1266 1242 1286 non
1266 1259 1355 1286 solum
1384 1264 1424 1285 ter
1440 1258 1557 1292 denegat
1575 1257 1696 1290 Petrus,
1722 1256 1766 1284 sed

971 1306 1053 1333 etiam
1074 1305 1184 1332 devolat
1197 1305 1316 1340 seipsum
1331 1310 1358 1332 et
1370 1305 1446 1339 jurat
1462 1323 1470 1336 ,
1488 1304 1552 1338 quia
1570 1303 1665 1330 nescio
1682 1303 1766 1330 homi-

971 1358 1044 1378 nem.
1086 1349 1120 1376 Et
1142 1349 1253 1385 quidem
1277 1354 1342 1377 tunc.
1366 1349 1456 1376 adhuc
1480 1349 1633 1376 secundum
1659 1356 1765 1375 carnem

971 1395 1110 1423 Christum
1127 1396 1241 1428 sciebat,
1266 1402 1315 1422 mc
1338 1395 1429 1422 adhuc
1445 1398 1549 1429 poterat
1564 1394 1656 1421 dicere
1673 1403 1681 1420 :
1700 1393 1733 1419 Et
1745 1393 1767 1419 si

971 1441 1107 1469 Christum
1122 1441 1266 1477 aliquando
1288 1440 1431 1468 secundunt
1452 1448 1559 1466 carnem
1575 1440 1764 1474 cognorimus,

971 1489 1016 1515 sed
1039 1495 1109 1515 nunc
1131 1489 1189 1522 iant
1213 1496 1263 1514 non
1289 1487 1472 1522 cognouimus
1485 1485 1518 1512 θ’.
1550 1486 1681 1518 Quandiu
1696 1486 1767 1512 ειιὶ

971 1535 1079 1569 signum
1096 1534 1149 1561 diei
1161 1541 1215 1561 non
1229 1533 1389 1564 exsistebat,
1406 1532 1545 1567 denegans
1558 1531 1658 1558 Petrus
1671 1531 1768 1558 verbo-

971 1587 1032 1607 rum
1047 1578 1111 1606 Jcsu
1124 1586 1178 1606 non
1193 1578 1244 1606 l'uit
1261 1585 1376 1606 memor.
1404 1577 1554 1612 Postquam
1575 1582 1666 1604 autent
1686 1584 1769 1613 ange-

970 1626 1013 1653 lus
1031 1625 1079 1652 Dci
1092 1624 1220 1652 clamavit
1234 1624 1275 1657 ci,
1300 1629 1366 1651 tunc
1389 1624 1548 1651 recordatus
1563 1628 1605 1650 est
1620 1623 1767 1650 verborum

968 1671 1033 1698 Jcsu
1055 1671 1172 1698 dicentis
1193 1670 1226 1697 ad
1242 1677 1271 1697 se
1289 1678 1296 1697 :
1313 1669 1461 1704 Antequam
1484 1669 1572 1704 gallus
1593 1674 1706 1702 cantet,
1733 1674 1770 1695 ter

969 1727 1009 1745 me
1024 1718 1131 1753 negabis
1145 1716 1179 1744 ⁸³,
1209 1715 1243 1743 Et
1267 1716 1377 1751 quando
1402 1715 1563 1743 recordatus
1589 1721 1631 1742 est
1654 1715 1770 1742 verbum

968 1764 1082 1797 Christi,
1098 1764 1155 1798 jam
1170 1770 1224 1790 non
1240 1767 1298 1789 erat
1315 1763 1340 1788 in
1355 1762 1425 1789 atrio
1439 1762 1570 1796 principis
1579 1762 1770 1796 sacerdotum,

969 1819 1019 1838 nec
1039 1811 1117 1845 juxta
1132 1809 1245 1844 januam
1267 1808 1344 1843 cjus,
1367 1808 1414 1835 sed
1440 1807 1524 1840 foris;
1544 1807 1667 1842 alioquin
1686 1807 1772 1844 91‘,

970 1864 1143 1891 nequaquam
1170 1856 1314 1891 plorasset.
1354 1853 1432 1881 Sicut
1456 1854 1527 1880 enim
1551 1853 1687 1888 scriptum
1716 1859 1768 1885 est,

968 1910 1096 1937 egressus
1115 1901 1200 1934 foras,
1222 1900 1394 1928 amarissime
1422 1898 1549 1934 ploravit.
1581 1897 1653 1932 Ergo
1681 1903 1710 1925 et
1732 1906 1772 1924 se-

967 1947 1088 1974 cundum
1118 1944 1220 1972 Lucam
1234 1944 1258 1960 ”
1287 1943 1424 1979 peccatrix
1449 1943 1548 1970 mulier
1571 1943 1651 1977 juxta
1687 1943 1771 1978 pedes

966 1992 1075 2019 Domini
1101 1991 1237 2027 paenitens
1268 1990 1360 2022 ﬂevit,
1387 1994 1414 2017 et
1440 1989 1484 2016 hic
1510 1988 1608 2016 Petrus
1639 1996 1771 2024 egressus

966 2038 1066 2065 atrium
1085 2037 1236 2073 principis,
1255 2036 1288 2064 ad
1299 2037 1412 2071 januam
1435 2035 1500 2070 ejus:
1507 2034 1595 2070 plorat
1609 2042 1645 2061 ex
1666 2034 1771 2061 amari-

967 2084 1060 2111 tudine
1076 2084 1199 2119 peccati,
1222 2083 1414 2110 examaricans
1438 2081 1466 2109 in
1483 2081 1649 2117 pmuitentia
1671 2079 1769 2108 ﬂetum

966 2138 1059 2158 suum.

1003 2189 1065 2216 “5.
1088 2187 1167 2215 Hane
1194 2191 1284 2215 autem
1311 2186 1404 2222 facto,
1429 2185 1574 2212 consilium
1606 2190 1769 2220 acceperunt

967 2244 1055 2264 omnes
1071 2235 1203 2270 principes
1220 2234 1387 2262 sacerdotum
1403 2237 1427 2260 et
1439 2232 1555 2259 seniores
1569 2232 1654 2266 plebis
1669 2233 1768 2259 adrer-

967 2290 1012 2310 sus
1025 2282 1129 2314 Jesum,
1145 2286 1174 2308 ut
1188 2288 1247 2308 cum
1264 2280 1343 2307 morti
1359 2278 1492 2306 traderent
1505 2286 1515 2310 ;
1534 2283 1559 2304 et
1574 2278 1697 2304 riuctum
1709 2286 1767 2304 eum

968 2328 1137 2355 adduxerunt
1152 2331 1176 2353 et
1197 2320 1364 2353 tradiderunt
1387 2324 1482 2350 Pontio
1497 2323 1589 2350 Pilato
1605 2323 1722 2358 praesidi
1734 2323 1762 2349 ³⁵.

967 2373 1019 2406 Qui
1037 2373 1064 2400 in
1082 2372 1201 2399 tenebris
1217 2375 1243 2398 et
1256 2374 1336 2398 nocte
1345 2369 1469 2401 olfendit,
1485 2369 1565 2396 venia
1581 2368 1687 2403 dignus
1705 2373 1749 2395 est

966 2419 1013 2454 qui
1031 2424 1121 2445 autem
1139 2417 1166 2444 in
1185 2417 1229 2444 die
1249 2417 1324 2444 clara
1349 2414 1480 2446 offendit,
1509 2421 1651 2449 nunquam
1677 2418 1768 2447 potest

965 2464 1076 2499 culpare
1116 2470 1236 2490 errorem
1262 2461 1339 2496 quasi
1364 2459 1547 2487 continenter»
1572 2466 1619 2491 se,
1644 2459 1770 2485 maxime

965 2509 1075 2545 quando
1099 2508 1203 2535 habens
1227 2507 1254 2534 in
1280 2514 1310 2534 se
1333 2500 1474 2534 lucernam
1495 2505 1621 2540 corporis
1636 2504 1768 2535 olIrndit,

965 2556 1013 2584 sed
1024 2553 1250 2583 incantinentiam
1262 2551 1418 2580 suamJloc
1430 2556 1521 2579 autem
1535 2550 1658 2578 diximus
1673 2556 1767 2578 osten-

964 2602 1060 2630 dentes
1084 2600 1214 2636 quoniam
1238 2599 1341 2626 Christi
1359 2598 1468 2633 quidem
1494 2597 1624 2632 discipuli
1641 2597 1668 2623 in
1686 2601 1768 2623 nocte

964 2648 1197 2680 scantlalizantur,
1215 2646 1364 2674 secundum
1381 2644 1454 2680 quod
1467 2640 1601 2671 Dominus
1619 2643 1683 2678 ejus
1698 2651 1766 2678 prt-

963 2696 1029 2724 dicit
1043 2704 1050 2722 :
1070 2694 1166 2723 Ouum
1183 2702 1226 2721 vos
1242 2693 1398 2720 scandalum
1415 2691 1554 2726 patiemini
1570 2690 1597 2717 in
1610 2699 1651 2717 me
1668 2690 1699 2717 in
1715 2690 1765 2715 Lac

1120 2773 1143 2789 ⁷⁸
1163 2771 1244 2800 Rom.
1276 2778 1345 2804 xui,
1365 2770 1408 2798 t2.
1457 2769 1481 2785 "
1503 2769 1585 2797 llebr.
1606 2778 1652 2803 vr,
1678 2770 1715 2802 ι,
1735 2769 1763 2797 6.

1129 2808 1152 2825 ἠ
1174 2807 1245 2834 Psal.
1267 2814 1339 2837 cxv,
1361 2806 1405 2832 16.
1450 2804 1475 2822 ³ο
1494 2804 1569 2832 Psal.
1588 2813 1719 2839 cxutu,
1735 2805 1762 2833 ί.

1035 2845 1058 2861 ⁸⁵
1077 2851 1125 2878 vn,
1140 2842 1185 2870 ’57.
1198 2842 1242 2870 38.
1281 2842 1304 2858 "
1324 2841 1418 2869 Matth.
1435 2848 1529 2875 nul,
1550 2841 1577 2874 Ι.
1589 2841 1618 2869 3.

1815 314 1826 612 ι

1820 627 1829 909 ι

1823 924 1832 1208 l

1827 1225 1834 1512 ι

1824 1521 1839 1888 l

1831 1891 1839 2186 τ
