1839 3053
22 107 82 136 (:5

23 211 93 238 νίι.
119 210 176 244 Qui
193 217 282 239 autem
296 213 440 240 consilium
457 214 595 249 accipiunt
607 220 699 242 contra
715 215 808 244 Jesunt

21 265 110 284 anes
131 258 271 292 principes
287 265 313 286 ct
332 260 453 286 seniores
469 261 557 295 plebis
572 269 652 289 mane
674 261 764 294 facto,
783 263 808 291 in

21 303 119 331 mitte
143 304 278 339 peccant,
305 305 330 331 id
356 310 398 333 est
412 306 546 338 scientes,
574 307 722 335 secundum
738 310 809 343 quod

21 349 152 384 riptnm
179 355 221 378 est
244 351 277 378 de
293 351 345 379 hoc
360 352 492 385 consilio,
517 353 646 387 quoniam
674 356 808 384 consiliati

28 398 73 421 nt
94 402 132 420 ex
151 402 289 423 consensu
314 396 340 422 itt
364 404 466 430 unum,
493 397 564 425 sicut
579 398 710 433 scriptum
726 401 808 428 estin

21 440 134 467 Latinis
152 439 194 473 ⁸⁷,
214 444 243 466 ut
258 441 339 468 morti
362 442 665 477 traderentGhristnm,
683 450 809 479 putantes

21 493 46 511 »ι-
82 489 206 514 mortem
231 487 404 522 exstinguere
429 489 487 523 ejus
512 489 665 518 doctrinam
682 497 708 518 et
729 491 808 520 ﬁdem

21 538 64 557 us
89 531 169 564 apud
193 539 240 559 eos
263 533 309 566 qui
325 533 497 561 crediderunt
512 535 537 562 in
552 543 614 563 eum
630 537 708 572 quasi
722 536 747 564 in
763 537 807 563 Fi-

21 584 74 604 ιη]
105 576 170 605 Dei.
202 577 277 604 Talia
304 583 394 606 autem
422 585 516 608 contra
543 589 606 609 eum
634 584 808 612 consiliantcs

21 622 156 657 'incipes
180 624 294 651 culturae
321 625 417 653 littera:
447 627 614 660 occidentis.
642 633 669 655 et
688 629 806 657 ministri

21 670 205 697 imitationis
230 671 367 702 seniores,
385 671 566 707 alligaverunt
588 673 680 701 Iesum
698 676 806 703 solven-

21 721 62 740 ‘m
88 721 105 740 a
133 714 251 743 vinculis
268 719 295 742 et
309 716 444 744 dicentem
470 717 509 746 eis
526 718 572 752 qui
587 723 650 746 sunt
668 719 694 746 in
713 721 807 747 vincu-

21 767 30 787 ς
54 768 63 786 :
90 759 177 787 Exite
192 761 233 793 ⁸⁸;
258 765 285 788 et
301 763 470 796 compeditos
487 763 635 792 solventem
646 785 653 796 ,
671 770 752 800 atque
763 766 806 792 di-

21 811 124 834 :utcm
150 815 157 833 :
180 807 368 842 Dirumpamm
392 810 497 837 vincula
512 819 602 838 eorum
618 811 658 844 “9;
675 817 701 839 et
715 813 760 847 qui
776 814 806 840 li—

589 107 920 140 COMMENTARIORU'M
937 112 1069 142 SERIES.

21 172 87 193 cte
103 166 142 198 ",
160 170 188 195 et
205 167 267 202 quia
285 167 381 195 Petrus
395 173 457 196 ante
467 168 529 204 galli
545 174 655 199 cantum
672 175 713 197 ter
729 172 812 198 tlenc-
827 175 847 203 Α

1582 120 1650 148 1766

901 173 959 201 H7.
988 174 1060 201 Tum:
1083 175 1171 203 videns
1189 177 1277 204 ludas
1297 179 1342 214 qui
1366 186 1424 205 eum
1447 179 1567 211 tradidit,
1585 188 1650 216 quu-

862 219 932 246 niam
955 220 1098 248 damnatus
1120 227 1173 255 est,
1198 225 1350 257 poenitentia
1371 225 1465 251 ductus
1488 226 1576 252 retulit
1598 226 1649 253 tri-

861 265 935 299 ginta
956 271 1092 299 argeuteos
1118 268 1280 301 principibus
1302 271 1468 296 sacerdotum
1491 275 1515 296 et
1536 270 1649 297 seniori-

861 309 918 342 bus,
938 310 1026 337 dicetis
1045 319 1054 337 :
1081 311 1189 339 Peccavi
1213 313 1284 348 quod
1309 315 1464 341 tradiderim
1494 316 1649 350 sanguinem

857 355 973 389 justum.
990 359 1023 383 At
1040 357 1081 384 illi
1095 357 1218 384 dixerunt
1235 366 1243 384 :
1261 358 1332 390 Quid
1351 360 1386 386 ad
1400 361 1468 387 nos?
1490 360 1527 387 Tu
1542 361 1647 388 videris.

864 398 898 425 Et
919 400 1042 440 projectis
1065 403 1196 437 argenteis
1219 403 1245 428 itt
1263 403 1368 437 templo,
1388 406 1504 437 recessit,
1520 411 1544 432 et
1560 406 1648 432 abiens

860 445 950 481 laqueo
977 454 1003 473 se
1030 448 1174 481 suspendit.
1206 448 1340 483 Principes
1369 455 1456 476 autem
1483 452 1648 478 sacerdotum

859 491 972 527 acceptis
996 493 1125 526 argenteis
1145 493 1265 518 dixerunt
1288 501 1297 520 :
1318 493 1378 520 Non
1399 495 1458 522 licet
1478 497 1581 523 mittere
1604 504 1648 525 eos

859 537 885 563 itt
916 537 1076 570 corbonam,
1105 540 1167 573 quia
1195 541 1308 575 pretium
1335 542 1470 576 sanguinis
1498 546 1547 569 est.
1578 542 1647 570 Cott-

858 580 919 607 silio
933 587 1020 609 autem
1047 589 1151 617 accepto
1176 585 1245 611 inter
1261 594 1297 618 se,
1318 591 1435 613 emerunt
1454 595 1546 621 agrum
1569 587 1647 622 ﬁguli

858 626 885 653 iu
910 629 1071 662 sepulturam
1093 631 1298 664 peregrinorum.
1333 631 1443 666 Propter
1464 632 1512 658 hoc
1540 639 1645 660 vocatus

858 679 896 700 est
922 682 984 709 ager
1014 675 1075 706 ille,
1107 676 1310 709 Acheldemach,
1334 679 1402 712 quod
1433 683 1470 704 est
1501 687 1563 712 ager
1582 687 1646 706 suu-

857 720 956 754 guinis,
984 728 1065 755 usque
1091 721 1118 748 in
1141 722 1295 749 hodiernum
1315 723 1391 749 diem.
1422 723 1494 750 Tunc
1510 724 1644 757 impletum

857 769 894 789 est
909 764 977 798 quod
990 764 1092 791 dictant
1106 771 1145 791 est
1163 774 1209 800 per
1221 765 1365 793 Jeremiam
1383 768 1536 802 prop/telam
1555 768 1644 794 dicen-

859 815 910 836 tem
933 818 942 837 :
964 810 999 837 Et
1021 816 1177 846 acceperunt
1204 812 1315 847 triginta
1348 817 1501 847 argenteos,
1529 815 1643 848 pretium

21 859 73 878 1m
91 852 213 879 Abrahae
227 853 363 888 alligatam
379 861 394 881 a
408 854 509 882 Satana
534 856 626 884 decem
640 863 666 885 et
678 863 740 885 octo
755 867 799 887 an-
824 848 844 875 Β
857 857 1016 891 appretiati,
1038 858 1107 893 quod
1127 858 1339 892 apprettaeerunt
1363 867 1378 884 a
1399 859 1464 893 ﬁliis
1490 859 1590 893 Israel,
1617 865 1641 886 et

21 904 45 923 IS
65 904 85 923 a
99 897 220 925 vinculs
238 899 354 927 solverat
365 900 399 931 ’°,
418 901 511 936 utjam
525 909 695 938 nequaquam
713 905 749 932 sit
762 905 804 932 in-

26 942 115 968 itiata
131 961 139 974 ,
157 949 218 978 qua:
232 950 286 969 non
303 949 408 979 poterat
431 953 540 974 sursum
563 948 685 982 aspicere
704 949 780 985 prius
795 959 804 978 .-

21 1008 25 1014 ,
43 988 238 1023 alligaverunt
251 998 313 1018 eutn
329 991 462 1020 volentem
474 1012 481 1024 ,
495 998 522 1021 et
537 993 562 1020 in
576 1002 608 1022 eo
622 996 695 1031 quod
712 996 805 1032 alliga-

21 1039 89 1062 :tur
115 1036 233 1063 vinculis
259 1036 324 1071 ipsis
351 1038 464 1065 insidias
475 1039 685 1074 dirumpcntcm,
705 1043 802 1077 utjatu

21 1089 63 1107 uti
85 1081 205 1110 habeant
226 1083 361 1118 principes
384 1085 554 1113 sacerdotum
573 1091 598 1114 et
619 1088 740 1115 seniores
753 1087 802 1115 Ju-

21 1135 138 1154 :eorum
155 1128 286 1157 adversus
301 1129 425 1158 homines
441 1132 563 1165 vincula,
590 1133 703 1161 Domino
713 1142 743 1162 ea
760 1136 802 1162 vi-

21 1173 113 1199 t'iicet
124 1173 297 1210 dirumpente
312 1176 390 1203 inse.
411 1178 439 1205 Si
456 1179 517 1214 quis
530 1184 620 1207 autem
635 1180 719 1216 exigit
730 1189 745 1207 a
759 1189 802 1209 me

25 1219 186 1253 t-ripturam
202 1220 258 1248 haec
271 1221 304 1249 de
319 1220 521 1258 disrtitnpcndis
536 1225 650 1253 vinculis
661 1227 802 1255 ostenden-

21 1271 61 1290 rm
75 1284 84 1296 ,
98 1264 203 1298 quibus
223 1265 402 1301 alligaverunt
415 1267 507 1295 Jesnm
521 1270 657 1305 principes
676 1272 802 1299 sacerdo-

21 1317 66 1336 am
87 1313 116 1338 et
132 1311 262 1344 seniores,
281 1312 412 1349 intelligat
430 1315 500 1349 qttod
517 1319 626 1350 propter
641 1316 729 1351 ipsum
748 1316 801 1345 hoc

24 1355 78 1382 icit
106 1356 164 1390 ipse
185 1356 266 1385 Jcsus
292 1366 339 1393 per
361 1359 522 1395 Prophetam
539 1362 560 1377 ἰ
586 1371 592 1389 :
611 1362 800 1397 Dirumpamus

21 1401 119 1426 incula
131 1409 230 1436 eorum,
246 1408 374 1438 tanquam
393 1405 414 1431 si
429 1405 511 1436 dicat,
528 1405 691 1440 principum,
707 1414 799 1434 sacer-

24 1451 107 1473 utum
122 1450 149 1473 ct
162 1447 310 1481 seniorum,
326 1454 372 1476 aut
386 1450 470 1476 multo
487 1451 571 1484 magis
587 1459 682 1478 eorttm
698 1452 800 1487 princi-

21 1498 76 1518 utm
96 1492 143 1526 qui
159 1486 223 1520 sunt
246 1494 350 1528 operati
378 1494 404 1522 in
426 1495 481 1526 eis,
500 1500 525 1523 et
538 1504 630 1531 regum
648 1486 725 1524 terra:
741 1497 800 1525 illo-

23 1545 72 1564 um
89 1537 136 1573 qui
154 1539 343 1571 astilerunt,ct
354 1540 506 1575 principum
524 1541 569 1576 qui
585 1548 757 1569 convenerunt
772 1543 799 1570 in

21 1593 96 1610 mum
128 1585 252 1613 adversus
276 1585 439 1618 Demittunt,
465 1592 491 1615 et
514 1587 637 1614 adversus
664 1587 800 1616 Christum

21 1631 67 1664 jus
78 1651 87 1663 ,
104 1638 219 1665 quorutn
234 1636 262 1659 et
269 1632 364 1667 jugum
378 1633 551 1668 projiciamus
568 1643 583 1660 a
597 1634 670 1660 nobis
685 1635 719 1661 ".
745 1634 800 1662 Ad-

21 1684 66 1703 :uc
92 1681 181 1704 autem
206 1678 324 1712 amplius
343 1682 367 1705 te
386 1679 504 1713 placabit
530 1684 558 1706 ut
582 1680 717 1715 suscipias
734 1688 800 1715 quo~

21 1722 87 1749 tiam
113 1722 162 1750 etsi
183 1723 327 1758 alligautes
350 1722 442 1751 Jesum
459 1724 624 1751 induxerunt
640 1725 686 1760 qui
705 1725 798 1752 consi-

22 1776 79 1794 tltlll
103 1767 223 1796 iecerunt.
245 1769 377 1797 adversus
392 1777 465 1803 eum,
484 1775 574 1797 tamen
598 1770 699 1805 dirupit
718 1770 798 1799 Jesus

21 1813 141 1842 «iucula:
159 1814 181 1841 si
199 1815 366 1843 intellexeris
388 1824 450 1850 qum
473 1817 573 1851 scripta
597 1821 660 1845 sunt
674 1817 707 1844 dc
719 1817 798 1845 Sam-

21 1870 80 1888 .oue
94 1862 127 1894 ⁸⁵,
142 1863 186 1896 qui
203 1862 360 1897 frequenter
377 1863 428 1890 fuit
449 1863 558 1898 ligatus,
575 1868 601 1890 et
615 1863 718 1898 dirupit
733 1865 797 1892 alie-

21 1907 171 1942 nigenarum
193 1907 311 1941 vincula,
334 1909 464 1943 quoniam
480 1908 625 1937 Nazaracus
648 1909 795 1938 fueratDci

21 1959 36 1979 ιι
61 1954 177 1981 habebat
197 1962 303 1981 comam
330 1955 435 1989 plenam
459 1955 577 1983 virtutis.
612 1955 641 1983 Si
665 1964 729 1992 ergo
752 1957 796 1984 ille

21 2003 122 2032 tz-opter
146 2006 229 2025 coma:
251 1999 377 2027 virtdtcm
403 2007 485 2034 quam
515 2000 631 2028 habebat
654 2000 680 2028 in
697 2002 794 2036 capite,

21 2048 102 2071 )otutt
116 2052 239 2079 rumpere
252 2045 359 2072 vincula
374 2045 606 2080 alienigenarum,
622 2046 721 2081 quibus
736 2046 795 2073 alli-

21 2094 140 2119 taverant
159 2098 220 2118 eum
248 2090 403 2125 frequenter
416 2110 424 2123 ,
440 2095 543 2126 quanto
560 2091 646 2126 magis
659 2091 794 2124 Christus,

22 2135 58 2168 tui
75 2140 134 2169 post
157 2140 230 2163 tanta
252 2136 374 2171 prodigia
391 2140 419 2163 ct
432 2136 546 2164 virtutes
560 2143 629 2172 quas
644 2135 725 2168 fecit,
744 2144 793 2163 vo-

24 2190 70 2210 ens
85 2182 191 2210 tradidit
215 2190 244 2210 se
260 2183 292 2211 ad
310 2183 416 2211 vincula
427 2203 434 2215 ,
451 2190 585 2218 soporatis
608 2182 635 2210 in
652 2190 682 2209 se
694 2182 793 2210 divini~

21 2231 75 2257 Latis
91 2230 211 2257 virtutem
239 2234 266 2257 et
288 2231 465 2265 acquiescens
491 2234 521 2257 ut
543 2229 717 2265 alligaretur,
735 2230 794 2256 sine

21 2275 94 2303 lubio
114 2277 214 2311 dirupit
236 2277 343 2305 vincula
369 2275 566 2304 circumdantia
589 2275 638 2303 se?
670 2274 793 2308 Quorum

21 2322 180 2350 vinculorum
195 2323 323 2358 mysteria
339 2323 446 2351 vincula
461 2321 602 2350 Samsonis
618 2321 739 2349 fuerunt.

50 2370 110 2396 116.
131 2370 161 2397 Ει
174 2370 340 2397 tradiderunt
354 2377 412 2396 eum
430 2369 524 2396 Pontia
542 2368 631 2395 Pilato
644 2367 677 2394 9⁵.
695 2366 791 2394 Utrum

21 2421 100 2443 autem
115 2417 191 2443 etiam
206 2416 316 2443 nomina
334 2420 448 2448 utraque
464 2414 588 2449 praesidis
601 2413 718 2440 habeant
740 2413 790 2440 ali-

21 2471 94 2494 quam
109 2463 237 2489 rationem
253 2461 457 2490 convenientem
471 2459 666 2494 dispensationi
684 2458 790 2486 Domitti

21 2509 166 2542 Salvatoris,
184 2517 237 2536 non
252 2509 331 2535 facile
345 2512 386 2536 est
401 2506 597 2535 scntentialitcr
614 2505 788 2541 respondere.

21 2553 137 2581 Pulcrum.
153 2555 223 2581 enim
240 2554 357 2589 aliquem
381 2559 490 2580 movere
506 2550 666 2586 principalia
680 2558 712 2577 ex
728 2549 789 2585 qui—

21 2599 64 2627 bus
79 2601 132 2628 hanc
145 2601 273 2627 vocabula
290 2600 475 2631 deducuntur,
493 2597 606 2625 Pontius
633 2602 659 2625 et
673 2596 786 2624 Pilatus.

21 2643 107 2673 Utrum
124 2651 209 2673 autem
229 2647 298 2673 bene
318 2646 380 2680 quis
404 2649 555 2675 moveatur,
579 2650 681 2676 annon,
704 2650 789 2670 unus-

21 2692 123 2726 quisque
137 2692 285 2727 potentium
300 2691 475 2719 considerare
503 2693 658 2724 cognoscat.

44 2751 64 2766 "
82 2750 165 2778 Matth.
187 2759 260 2782 xxvi,
274 2751 318 2778 51.

21 2784 38 2800 θ’
51 2786 108 2813 ibid.
123 2786 153 2818 2,
167 2786 192 2813 5.
250 2786 274 2803 ³³
288 2785 378 2813 .ludic.
394 2792 430 2812 in.

23 2827 96 2854 mu,
110 2822 135 2848 4.

487 2784 510 2800 ’⁵
529 2782 623 2811 Matth.
642 2789 733 2816 xsvn,
752 2784 779 2810 2.

357 2749 379 2766 ⁸⁷
399 2749 470 2777 Psal.
491 2756 528 2781 tt,
544 2747 571 2774 ‘2.
607 2748 630 2764 ’⁸⁸
649 2747 700 2774 lsa.
715 2755 794 2781 χιιι,
813 2747 840 2776 9.

856 902 983 930 dederunt
1004 911 1048 930 eos
1067 904 1094 930 in
1114 911 1207 938 agrum
1222 903 1309 938 ﬁguli,
1334 905 1402 930 sicut
1424 905 1558 931 constituit
1577 905 1641 931 mihi

857 947 986 974 Dominus
998 948 1032 976 ³⁸.
1048 948 1241 984 Respondcant
1255 950 1321 976 mihi
1336 950 1382 985 qui
1397 951 1430 977 de
1446 951 1551 977 naturis
1565 958 1644 985 quas-

855 994 917 1020 dam
942 993 1047 1022 faltulas
1071 995 1259 1028 introducunt,
1288 997 1478 1024 existimantes
1500 1004 1528 1023 se
1553 997 1642 1023 dicere

855 1047 929 1072 vera,
945 1044 973 1066 et
992 1048 1045 1067 non
1061 1046 1259 1076 cognoscentes
1272 1041 1343 1076 quod
1365 1049 1459 1069 eorum
1475 1042 1567 1076 opinio
1588 1041 1641 1068 ini-

854 1086 1128 1120 quitatemCrcatoi-is
1137 1092 1257 1120 accusat,
1269 1087 1314 1122 qui
1328 1087 1520 1122 fecitquaadam
1532 1088 1640 1122 quidem

854 1135 919 1159 vasa
949 1132 975 1159 in
999 1132 1143 1165 honorem,
1166 1141 1220 1160 non
1242 1141 1276 1160 ex
1300 1141 1382 1161 causa
1409 1134 1517 1161 virtutis
1543 1141 1637 1160 eoruttt

853 1178 978 1206 ducentia
999 1187 1047 1206 eos
1067 1179 1100 1206 ad
1116 1179 1261 1213 honorem;
1279 1180 1403 1215 qumdam
1420 1185 1511 1208 autem
1532 1180 1558 1207 iu
1573 1187 1640 1207 con-

853 1225 1009 1257 tumeliam,
1035 1233 1088 1251 non
1115 1229 1224 1260 propter
1254 1230 1364 1260 peccata
1389 1233 1484 1252 eorum
1510 1225 1636 1252 ducentia

851 1278 898 1299 eos
922 1271 956 1298 ad
979 1271 1182 1298 contumeliam.
1215 1269 1243 1297 Si
1268 1271 1340 1298 enim
1371 1271 1509 1307 pcrdibilis
1533 1275 1638 1298 natttrm

851 1320 910 1343 erat
925 1315 1024 1348 'Judas,
1047 1316 1183 1351 quomodo
1210 1317 1396 1351 pmnitentiam
1420 1321 1522 1343 tantam
1545 1324 1636 1344 susce-

851 1361 900 1396 pit,
914 1366 942 1388 ut
955 1369 1008 1388 non
1030 1361 1184 1388 vinceretur
1203 1361 1350 1397 cupiditate
1371 1361 1479 1395 triginta
1495 1365 1637 1396 argenteo-

851 1415 923 1438 rum,
951 1412 1059 1442 propter
1083 1414 1165 1442 quam
1192 1406 1303 1442 impiam
1332 1407 1493 1441 proditionis
1516 1407 1636 1441 suscepit

850 1452 1012 1479 audaciam?
1043 1451 1071 1479 Si
1099 1452 1170 1479 enim
1198 1452 1231 1478 ad
1256 1453 1449 1486 proprietatem
1474 1456 1634 1478 naturarum

851 1497 971 1525 referunt
987 1498 1058 1533 quod
1073 1502 1115 1525 est
1128 1498 1230 1525 dictum
1243 1498 1266 1514 "
1279 1506 1285 1523 :
1302 1497 1362 1524 Non
1374 1502 1458 1532 potest
1474 1498 1553 1525 arbor
1566 1498 1636 1524 mala

852 1543 931 1571 bonos
954 1544 1057 1578 fructus
1074 1543 1211 1578 proferre,
1226 1543 1327 1575 dicant,
1348 1543 1400 1570 nisi
1417 1543 1562 1569 bonitatem
1586 1543 1636 1569 ali-

850 1597 932 1624 quam
954 1589 1038 1624 spiret
1057 1598 1063 1616 :
1081 1593 1107 1616 et
1131 1588 1155 1615 si
1178 1595 1232 1614 non
1249 1587 1377 1622 perfecte,
1396 1596 1483 1622 neque
1498 1587 1569 1615 sicut
1589 1587 1635 1615 de-

849 1634 908 1662 buit
928 1642 1076 1662 conversus
1095 1633 1157 1662 fecit
1170 1633 1254 1661 Iudas
1271 1634 1322 1661 hoc
1345 1633 1433 1668 ipsum
1452 1634 1524 1668 qttod
1544 1634 1636 1662 rctulit

849 1681 958 1714 triginta
971 1684 1124 1715 argenteos,
1137 1680 1208 1706 unde
1219 1683 1260 1706 est
1271 1684 1297 1706 et
1308 1679 1380 1713 quod
1392 1679 1458 1706 dicit
1467 1687 1636 1714 cognoscens

847 1725 928 1760 915
946 1729 1084 1759 peccatum
1100 1731 1180 1751 suurn
1197 1731 1203 1749 :
1226 1723 1336 1750 Peccavi
1354 1723 1460 1750 tradetis
1472 1724 1628 1758 sanguinem

843 1770 947 1805 justum
967 1770 1004 1803 '7;
1032 1769 1084 1796 nisi
1097 1776 1130 1796 ex
1146 1769 1216 1795 bona
1239 1768 1406 1802 plantatione
1430 1769 1529 1796 mentis
1540 1789 1547 1801 ,
1561 1774 1588 1796 et
1601 1777 1633 1796 ex

848 1816 1027 1842 seminatione
1041 1814 1149 1842 virttttis
1165 1821 1226 1848 quae
1244 1813 1377 1840 seminata
1398 1819 1439 1840 est
1454 1814 1480 1840 in
1494 1815 1569 1841 omni
1587 1823 1633 1841 ra-

847 1861 970 1888 tionabili
984 1861 1084 1892 anima,
1100 1868 1181 1895 quam
1191 1867 1245 1886 non
1257 1859 1340 1886 coluit
1352 1858 1448 1891 Judas,
1464 1864 1490 1887 ct
1512 1860 1573 1887 ideo
1589 1868 1634 1887 ce-

847 1907 911 1934 cidit
926 1906 952 1933 in
969 1907 1020 1933 tale
1035 1911 1186 1940 peccatum.
1206 1904 1233 1932 Si
1250 1909 1340 1932 autem
1365 1909 1468 1932 natura:
1494 1906 1633 1940 pereuntis

846 1955 888 1978 est
904 1951 1003 1986 aliqttis
1027 1951 1179 1980 hominum.
1196 1951 1256 1978 sine
1272 1949 1356 1978 dubio
1371 1950 1457 1985 magis
1474 1950 1631 1985 bujnsmodi

846 2002 950 2025 natura:
970 1997 1108 2032 pereuntis
1137 1996 1186 2024 fuit
1201 2002 1228 2024 ct
1248 1997 1342 2024 ludas.
1365 1995 1443 2029 Quod
1468 1996 1527 2024 sine
1548 1997 1632 2024 dubio

846 2043 930 2071 fuisse
945 2043 1096 2074 videretur,
1115 2043 1137 2070 si
1153 2043 1264 2071 tradens
1282 2044 1442 2078 sanguinem
1452 2043 1568 2078 justum,
1585 2048 1632 2070 aut

846 2097 899 2116 non
929 2088 1066 2116 retulisset
1091 2089 1221 2123 pecunias
1241 2090 1443 2117 condclectatus
1462 2089 1488 2116 in
1510 2089 1560 2121 eis,
1585 2095 1632 2116 aut

845 2135 971 2162 auferens
985 2142 1039 2161 non
1052 2135 1177 2168 dixisset,
1194 2135 1256 2169 quia
1271 2136 1375 2170 peccavi
1390 2135 1497 2163 tradetis
1520 2136 1630 2171 sangui-

810 2182 904 2217 Daem
930 2182 1045 2216 justum.
1076 2181 1105 2207 EI
1136 2181 1158 2208 si
1181 2182 1291 2215 quidem
1319 2186 1380 2216 post
1402 2182 1631 2209 resurrectionem

844 2229 945 2256 Christi
958 2236 990 2255 ex
1008 2227 1122 2254 mortuis
1141 2227 1253 2255 dixisset
1266 2227 1350 2255 Judas
1371 2236 1432 2263 qute
1452 2228 1535 2260 dixit,
1548 2227 1630 2254 l'orsi-

845 2280 889 2302 tan
907 2274 1090 2302 verisimiliter
1109 2277 1168 2300 erat
1184 2273 1345 2304 dicendum,
1357 2274 1487 2308 quoniam
1500 2273 1631 2308 compulit

844 2329 906 2348 eum
921 2319 1051 2356 pmniterc
1067 2320 1099 2346 de
1116 2318 1198 2351 facto,
1217 2323 1243 2345 et
1256 2319 1378 2346 conﬁteri
1389 2319 1423 2346 dc
1438 2327 1489 2346 suo
1501 2323 1629 2354 peccato,

845 2365 901 2401 ipsa
915 2366 1001 2392 virtus
1024 2363 1232 2391 resurrectionis
1259 2363 1355 2397 ipsius.
1371 2363 1448 2391 Nunc
1464 2369 1553 2390 autem
1567 2371 1629 2390 mox

846 2416 874 2438 ut
888 2411 954 2438 vidit
969 2417 1031 2437 eum
1049 2409 1177 2436 traditum
1190 2416 1249 2436 esse
1265 2408 1362 2441 Pilato,
1378 2413 1559 2443 compunctus
1573 2416 1629 2443 pce-

845 2457 926 2485 nituit
941 2466 948 2485 :
965 2456 1077 2484 forsitan
1109 2461 1199 2483 autem
1225 2459 1250 2482 et
1271 2454 1430 2481 recordatus
1446 2462 1476 2481 ea
1492 2462 1553 2489 quae
1573 2454 1628 2482 fre-

845 2506 958 2537 quenter
967 2501 1048 2529 Jesus
1056 2499 1311 2534 dixeratdisvipulis
1321 2498 1378 2525 suis
1385 2499 1417 2525 de
1430 2499 1628 2526 resurrectione

843 2557 892 2576 sua
908 2547 1008 2575 l'ntnra.
1027 2546 1126 2574 Videas
1141 2547 1222 2581 igitur
1238 2544 1322 2572 Judas
1336 2544 1549 2579 magnitudinem
1562 2544 1629 2571 faci-

843 2595 919 2622 noris
930 2595 982 2626 sui,
998 2593 1124 2629 pcenituit
1140 2593 1261 2628 quidem,
1276 2595 1302 2618 et
1319 2591 1427 2618 locutus
1440 2598 1474 2617 ex
1493 2591 1627 2625 paeniten-

843 2642 878 2669 tia
891 2640 992 2674 cordis,
1014 2639 1155 2668 confessus
1166 2643 1208 2667 est
1224 2642 1363 2674 peccatum
1374 2644 1454 2664 suum
1465 2644 1498 2663 es
1510 2644 1543 2662 eo
1554 2636 1627 2670 qunti

841 2687 981 2716 tradiderit
1002 2685 1274 2722 sanguinemjuslum
1290 2693 1296 2711 :
1314 2691 1367 2711 non
1386 2687 1475 2710 autem
1488 2687 1515 2708 et
1529 2689 1627 2709 secun-

879 2747 902 2763 ⁸⁹
922 2745 994 2773 Psal.
1008 2752 1044 2778 tt,
1061 2745 1087 2771 5.
1127 2744 1150 2760 ⁹⁰
1171 2743 1235 2770 Luc.
1261 2750 1324 2774 xm,
1340 2739 1444 2778 ωλι
1466 2738 1582 2778 [ξξιιιιμ

827 2773 850 2798 it
868 2781 934 2809 ibid.
958 2781 975 2808 5
992 2785 1019 2808 et
1038 2773 1117 2815 seqq.
1155 2780 1178 2795 κ
1200 2778 1292 2806 Matth.
1318 2784 1366 2808 νη,
1389 2775 1431 2802 ts.
1481 2774 1503 2790 ιτ
1530 2773 1625 2800 Matth.
