1839 3053
191 94 258 122 Ιῒϐἲ

773 90 935 120 ORlGENIS
954 88 987 118 lN
1006 89 1211 119 MA-TTlM-ZUM
1765 98 1808 129 ,τίς

185 156 249 180 ιΙιιιιι
281 153 422 181 scientiam
446 152 589 187 paenituit,
617 152 688 179 sicut
710 151 803 179 debuit
834 152 977 187 pmnitcrc.
995 153 1015 182 A
1034 152 1184 179 tentiamin
1194 153 1308 180 salutem
1318 153 1446 180 stabilem
1462 158 1620 189 operatur;
1635 154 1683 180 sed
1699 160 1809 190 postquam

186 198 360 226 Existimavit
387 199 459 226 enim
486 198 634 233 prrevenire
652 198 679 224 in
701 201 789 224 morte
816 198 979 233 moriturum

187 245 364 280 Magistrum,
388 249 416 272 et
444 252 588 272 occurrere
615 244 639 270 ei
653 252 715 271 cum
733 244 824 270 anima
843 244 914 271 nuda
928 262 936 275 ,
952 248 981 271 ut

185 290 337 325 eonlitens,
370 290 538 326 deprecans,
569 289 784 317 misericordiam
817 293 978 316 mereretur.

186 337 299 372 Propter
322 337 394 372 quod
418 336 475 371 ipse
497 343 526 363 se
547 335 690 370 judicavit,
705 340 731 362 et
746 335 978 362 condemnavitin

185 391 217 410 eo
231 382 302 419 quod
318 383 407 410 sciens
419 382 550 417 peccavit,
565 387 589 409 et
605 390 659 410 non
676 382 784 416 aspexit
798 382 824 409 in
841 382 893 409 hoe
905 382 977 416 quod

185 429 291 456 dixerat
303 429 353 456 Job
369 437 396 456 tn
420 429 503 456 tantis
518 428 643 456 cladibus
660 429 827 456 constitutus
842 436 849 453 ε
869 427 979 455 Utinam

183 483 285 510 possem
309 483 349 502 me
363 475 522 510 interﬁcere,
538 479 584 501 aut
599 474 715 509 aliquem
728 482 820 509 rogare
835 479 862 500 ut
881 474 978 508 faceret

185 521 250 547 milii
272 521 340 551 hoc:
355 528 404 548 nec
417 521 483 547 vidit
496 520 559 555 quia
585 528 638 547 non
661 520 790 548 convenit
804 528 912 547 servum
933 519 978 547 Dei

184 566 306 600 seipsuin
321 565 458 601 expellere
472 566 504 593 de
520 567 570 592 hac
579 565 644 598 vita,
661 565 708 592 sed
721 571 881 600 exspectare
896 566 977 593 etiam

183 611 217 637 de
232 611 282 638 hoc
297 610 344 638 Dei
358 611 504 646 judicium.
522 610 669 638 Videamus
682 619 756 638 nunc
772 612 806 643 si,
822 611 895 646 quod
913 611 979 638 latet

184 656 297 688 multos,
309 656 363 683 loci
377 657 469 690 istius,
481 655 534 683 Deo
550 657 678 690 donante,
697 657 835 692 possimus
843 657 979 692 explicare

183 703 255 737 quod
273 703 375 729 dictum
391 707 432 730 est
446 711 452 729 :
473 701 569 729 Videtis
584 707 672 729 autem
688 702 776 730 ludas
799 703 844 738 qui
864 703 977 730 tradidit

182 757 252 782 cum,
266 749 392 784 quoniam
403 749 591 776 condemnatus
601 755 650 781 est,
663 750 817 784 poenitentia
827 750 923 777 ductus
936 759 977 777 re-

183 794 244 821 tulit
264 795 375 830 triginta
400 799 536 830 argenteos
561 795 725 830 principibus
747 797 925 828 sacerdotum,
950 801 977 824 et

183 847 279 869 raztera
295 842 329 869 ".
350 841 378 868 Si
394 842 466 869 enim
483 843 614 877 scriptum
629 842 726 870 fuisset
741 847 801 878 post
813 843 975 870 sententiam

184 887 272 918 Pilati,
289 891 433 921 postquam
449 887 562 922 ﬂagellis
581 887 784 915 catsuniJesum
802 889 912 916 tradidit
927 887 976 915 Ju-

183 932 249 959 daiis
264 937 293 959 ut
305 933 568 967 crueiligerenteum
582 955 590 967 ,
607 934 679 969 quod
697 935 732 962 ita
750 934 859 962 fecisset
872 934 974 968 Judas,

184 979 252 1006 nihil
266 978 325 1006 sine
336 978 419 1006 dubio
435 979 590 1014 hujusrnodi
607 988 793 1014 quaereremus
810 981 836 1007 in
852 988 885 1008 eo
902 981 976 1016 quod

182 1024 285 1051 dictum
312 1027 374 1051 est:
395 1023 489 1051 Videtis
514 1029 602 1052 autem
623 1026 686 1060 quia
712 1026 902 1053 condemnatus
925 1032 974 1054 est.

184 1070 261 1097 Nunc
275 1075 364 1097 autem
380 1071 520 1106 quomodo
535 1072 601 1099 vidit
612 1071 697 1099 Judas
705 1073 768 1107 quia
778 1073 976 1100 condemnatus

181 1117 243 1143 est?
260 1115 352 1150 Neque
369 1117 442 1143 enim
459 1117 550 1144 adhuc
564 1118 766 1146 condemnatus
783 1118 872 1146 fuerat
884 1117 975 1151 Jesus,

182 1169 271 1197 neque
283 1170 297 1189 a
313 1161 400 1190 Pilato
412 1163 608 1199 interrogatus.
624 1163 751 1191 Forsitan
767 1172 832 1200 ergo
845 1164 911 1192 dicit
927 1165 977 1192 ali-

183 1209 245 1243 quis
260 1208 313 1235 vim
333 1208 449 1242 faciens,
473 1209 603 1244 quoniam
626 1209 849 1238 consideratione
874 1211 975 1239 mentis

183 1262 240 1282 suae
254 1254 322 1281 vidit
346 1255 448 1282 exitum
471 1255 509 1282 rei
529 1255 593 1290 quia
610 1256 811 1283 condemnatus
833 1260 876 1284 est
891 1264 923 1283 ex
941 1264 975 1284 eo

183 1300 256 1335 quod
273 1301 401 1327 traditum
421 1301 527 1335 aspexit
543 1309 557 1328 a
573 1301 744 1336 principibus
761 1302 931 1329 sacerdotum
949 1307 976 1330 ct

183 1346 338 1374 senioribus
354 1346 450 1381 plebis.
464 1347 541 1374 Alius
556 1352 647 1374 autem
665 1347 735 1375 dicet
750 1348 802 1376 hoc
811 1349 975 1384 modoquod

183 1392 314 1426 scriptum
328 1397 367 1419 est
383 1402 389 1420 :
411 1392 505 1420 Videtis
522 1399 611 1420 autem
624 1393 713 1421 ludas
735 1395 798 1428 quia
813 1395 975 1422 condemna-

184 1443 225 1463 tus
242 1443 279 1464 est
292 1457 299 1467 .
319 1438 351 1464 ad
371 1438 459 1472 ipsqu
476 1438 574 1466 ludam
595 1439 723 1466 refertur.
738 1439 806 1467 Cum
825 1441 897 1468 enim
921 1447 975 1468 tra-

182 1483 317 1510 didissent
339 1483 433 1511 Jesum
451 1484 592 1519 principes
619 1485 792 1512 sacerdotum
809 1491 835 1513 et
853 1487 976 1513 seniores
991 1504 1011 1532 ο

183 1529 269 1564 plebis
283 1529 369 1556 Pilato
385 1535 449 1557 tunc
465 1531 552 1557 sensit
564 1531 665 1557 malum
678 1538 757 1558 suum
769 1530 855 1558 Judas
866 1552 873 1564 ,
887 1536 914 1559 et
931 1533 973 1559 in-

183 1575 287 1601 tellexit
298 1576 427 1609 quoniam
442 1576 488 1610 qui
508 1577 571 1603 talia
589 1584 675 1603 ausus
693 1582 744 1607 est,
763 1577 822 1604 sine
837 1578 976 1612 dubioju-

182 1620 290 1646 dicatus
304 1625 329 1646 et
346 1621 544 1649 condemnatus
561 1630 577 1648 a
591 1621 646 1649 Deo
659 1628 709 1650 est.
736 1621 861 1650 Forsitan
884 1628 908 1650 ct
925 1623 977 1650 Sa-

183 1669 274 1699 tanas,
292 1665 338 1699 qui
361 1670 422 1700 post
441 1673 538 1700 panem
560 1667 705 1694 intinctum
725 1667 813 1694 fuerat
834 1668 975 1702 ingressus

183 1710 210 1737 in
228 1709 325 1737 ludam
338 1730 344 1742 ,
373 1716 471 1746 praesto
489 1711 539 1739 fuit
563 1712 604 1746 ei,
625 1713 712 1740 donec
725 1713 806 1741 Jesus
825 1714 976 1741 traderetur

184 1756 270 1783 Pilato
285 1766 291 1784 :
310 1763 453 1792 postquam
472 1758 535 1785 fecit
546 1758 619 1794 quod
636 1759 736 1791 voluit,
752 1759 865 1787 recessit
876 1760 910 1786 ab
925 1767 974 1793 eo;

183 1803 326 1830 reredcnte
341 1808 431 1834 autem
446 1804 566 1836 diabolo,
582 1805 747 1832 intellexitet
766 1805 831 1832 vidit
844 1806 975 1840 quoniam

182 1849 292 1876 tradens
307 1849 467 1883 Sanguinem
483 1850 588 1884 justum
603 1851 802 1878 condemnatus
824 1859 839 1878 a
856 1852 911 1879 Deo
922 1857 974 1885 est,

181 1899 208 1920 ct
231 1895 319 1929 potuit
335 1895 486 1930 intelligere
504 1904 600 1924 sensus
619 1898 678 1931 ejus
693 1897 749 1931 jatn
766 1906 866 1925 vacans
879 1903 905 1925 ct
920 1907 974 1926 llOll

183 1939 287 1968 habens
298 1941 435 1969 diabolum
448 1947 605 1976 operantem
621 1943 647 1970 iu
663 1951 702 1971 se.
718 1944 809 1970 Potuit
822 1951 897 1979 ergo,
917 1952 931 1971 a
947 1952 976 1972 se

183 1987 328 2014 recedente
345 1988 473 2021 diabolo,
491 1997 588 2024 capere
606 1989 796 2024 pmniteutiam
820 1995 846 2016 et
873 1989 975 2017 referre

183 2033 293 2068 triginta
309 2040 453 2067 argenteos
469 2034 512 2062 his
527 2035 572 2070 qui
596 2035 727 2063 dederant
747 2043 795 2064 eos
819 2046 825 2063 :
846 2041 872 2063 et
887 2037 976 2072 potuit

182 2078 283 2110 dicere,
300 2079 442 2106 recedente
467 2080 592 2112 diabolo,
611 2081 684 2115 quod
711 2082 871 2117 priusquam
894 2082 928 2110 ab
942 2090 976 2110 eo

183 2123 319 2145 recederet
334 2143 338 2145 _
356 2124 446 2145 dinam:
464 2132 517 2145 nnn
541 2125 673 2145 nntniccni
710 2126 764 2145 Nnn
789 2128 860 2145 nni...
886 2099 1016 2145 mihi...“

183 2123 339 2155 recederet,
356 2124 446 2152 dicere
464 2132 517 2151 non
541 2125 686 2159 potuisset.
709 2126 765 2154 Nec
788 2128 860 2154 enim
885 2128 975 2155 adhuc

184 2166 313 2201 implente
337 2168 446 2195 diabolo
474 2177 522 2197 cor
549 2170 609 2205 ejus
623 2173 710 2205 potuit
736 2172 827 2201 dicere
842 2181 849 2200 :
863 2173 975 2201 Peccavi
992 2188 1014 2216 υ

183 2212 290 2239 tradetis
319 2215 473 2249 sanguinem
490 2215 606 2249 justum.
627 2215 678 2244 Sed
702 2225 755 2245 non
782 2218 834 2246 hoc
858 2219 975 2247 dicimus

183 2258 313 2293 quoniam
331 2258 456 2287 diabolus
480 2261 607 2289 recedens
624 2262 659 2290 ab
672 2263 764 2298 aliquo
778 2265 824 2292 tali
836 2286 842 2298 ,
854 2265 908 2300 jam
927 2274 975 2293 ne-

183 2312 320 2339 quaquam
351 2305 375 2332 ei
394 2306 556 2340 insidiatur,
575 2309 621 2335 sed
640 2309 768 2337 observat
790 2311 887 2338 iterum
906 2315 975 2338 tem-

182 2358 244 2385 pus,
261 2351 284 2377 si
301 2351 419 2384 potuerit
435 2352 532 2379 itcrttm
543 2360 571 2379 se
580 2360 716 2387 apponere
731 2354 770 2387 ei;
785 2357 812 2381 et
829 2359 973 2388 postquam

182 2396 341 2430 cogitaverit
353 2398 502 2424 secundum
516 2404 656 2432 peccaturo
672 2406 752 2426 suum
764 2399 837 2435 quis,
849 2399 977 2427 observat

182 2443 263 2469 etiam
280 2443 366 2470 tertia:
389 2443 557 2479 deceptionis
587 2445 677 2472 locum
696 2446 722 2472 in
741 2454 773 2472 eo
794 2445 928 2473 diabolus.
946 2445 976 2473 Si

183 2494 273 2515 autem
301 2497 371 2523 opus
389 2495 430 2517 est
447 2494 474 2518 ct
484 2492 616 2526 exemplis
637 2491 692 2524 uti,
709 2492 850 2520 videamus
864 2492 890 2518 in
910 2492 974 2527 Epi-

182 2535 254 2563 stola
269 2536 302 2563 ad
316 2536 473 2564 Corinthios
489 2538 575 2572 prima
589 2538 622 2571 ν’,
634 2546 696 2565 eum
719 2538 765 2573 qui
790 2546 904 2565 uxorem
927 2540 975 2566 ha-

183 2579 242 2608 buit
267 2582 352 2616 patris
370 2591 376 2609 :
392 2589 441 2610 nec
469 2584 540 2610 enim
573 2584 599 2611 in
630 2584 787 2619 huiusmodi
807 2585 879 2611 malo
916 2585 975 2612 sine

185 2635 284 2662 magno
300 2634 381 2662 opere
396 2629 496 2656 diaboli
510 2630 597 2664 potuit
611 2637 680 2657 esse.
700 2629 737 2657 De
753 2638 809 2665 quo
823 2631 902 2664 ,malo
917 2638 975 2665 pte-

184 2673 276 2706 iiituit,
292 2675 362 2701 sicut
374 2673 516 2710 Scriptura
527 2675 582 2709 ipsa
597 2680 711 2703 lt‘Slaltll‘
726 2676 745 2708 ¹,
758 2680 785 2703 et
800 2676 922 2703 tristatus
933 2679 975 2703 est

184 2719 322 2747 tristitiam
347 2721 498 2748 secundum
520 2721 609 2762 ‘Deum
622 2744 630 2755 ,
649 2722 788 2749 tristitiam
804 2729 863 2756 qua:
890 2723 974 2757 potni-

221 2787 243 2825 ξ’
264 2787 328 2814 ibid.
346 2789 385 2825 5.7
413 2790 435 2806 ”
457 2799 483 2824 v,
501 2791 523 2818 I.
566 2792 572 2807 ¹
591 2791 611 2818 ll
624 2791 686 2819 Cor.
704 2799 751 2824 VII,
767 2791 793 2825 9,
815 2790 856 2818 l0.

413 2790 435 2806 "
457 2791 523 2824 v,|.

186 2821 196 2837 ³
217 2821 284 2848 Joan
312 2830 342 2855 ιι,
360 2824 400 2850 16.

914 2791 923 2807 ²
950 2790 972 2817 ll
987 2790 1051 2818 Cor.
1070 2797 1099 2824 tt,
1116 2790 1142 2818 7.

1037 199 1159 233 suscepit
1178 199 1334 233 hujusmodi
1353 200 1509 232 tristitiam,
1537 201 1675 236 apposuit
1692 201 1776 228 iterum

1031 244 1056 271 ei
1073 245 1209 276 diabolus,
1228 246 1321 273 volens
1333 247 1420 281 ipsam
1440 247 1589 274 tristitiam
1612 248 1676 282 ejus
1689 255 1763 283 supra
1771 257 1809 275 uio-

1032 290 1097 318 dum
1115 299 1292 326 exaggerare,
1312 297 1341 319 ut
1353 292 1410 327 jam
1422 301 1478 320 non
1493 293 1810 325 essetsecundttmbeum.

1033 338 1079 366 sed
1101 343 1130 365 ut
1149 339 1332 367 abundantior
1353 340 1423 368 facta
1440 340 1610 368 absorberet
1625 341 1770 369 tristantcm
1779 351 1810 370 su-

1032 392 1081 419 pra
1095 393 1252 412 mensuram
1270 389 1296 412 et
1311 385 1382 413 ultra
1393 394 1479 420 quam
1493 386 1601 414 tristari
1617 386 1738 420 deberet,
1752 393 1773 414 et
1784 396 1811 414 εις

1030 438 1093 457 eum
1119 431 1278 458 absorberet
1297 430 1414 459 Satanas
1438 431 1466 458 in
1484 431 1688 459 abundantiori
1714 432 1809 459 tristitia.

1031 476 1108 509 Quod
1132 485 1356 514 praecognoscens
1377 478 1547 513 Apostolus.
1564 479 1715 506 consilium
1733 479 1811 506 Coriu-

1033 524 1098 550 thiis
1114 523 1160 550 dat
1175 528 1204 550 ut
1228 524 1391 551 confirment
1407 525 1573 552 charitatcm
1597 525 1625 552 in
1643 533 1726 557 eum,
1739 525 1812 552 dicens

1030 570 1187 605 liujusmodi
1204 579 1315 598 causam
1334 582 1340 599 :
1360 570 1393 597 Ut
1408 580 1452 603 ne,
1467 572 1569 606 inquit,
1580 572 1768 599 abundantiori
1778 573 1814 599 tri-

1029 617 1105 643 stitia
1132 617 1306 643 absorbcalur
1331 617 1376 652 qui
1397 618 1556 652 hujusmodi
1578 624 1619 644 est
1634 618 1657 644 '.
1675 617 1733 645 Non
1755 619 1811 646 erit:

1028 663 1164 690 versutias
1178 663 1238 697 ejus
1254 662 1422 698 ignoramus.
1446 662 1582 690 Similiter
1604 663 1712 697 aliquid
1732 663 1812 690 factum

1028 714 1070 736 est
1083 713 1107 735 et
1121 708 1148 735 in
1163 707 1232 735 Juda
1250 708 1296 743 qui
1315 708 1426 735 tradidit
1450 707 1546 736 Jesum
1558 717 1565 741 ;
1579 714 1608 736 et
1623 709 1773 736 secundum
1787 710 1809 735 si

1029 754 1209 781 militudinem
1228 754 1301 781 illius
1320 754 1438 781 tristitiao
1456 762 1518 788 qua:
1533 755 1729 789 pinnitentiam
1745 755 1768 780 in
1782 763 1811 781 είς

1030 799 1113 827 lutetn
1131 799 1255 827 stabilem
1268 804 1406 834 operatur,
1419 800 1547 827 tristatus
1557 804 1586 826 et
1603 800 1675 835 ipse,
1689 805 1813 835 postquam

1028 844 1187 879 poenitentia
1196 843 1294 871 ductus
1304 849 1354 876 cst,
1368 844 1461 871 retulit
1477 844 1591 878 triginta
1601 850 1750 880 argenteos
1759 846 1806 879 prin

1027 889 1136 924 cipihus
1149 889 1321 916 sacerdotum
1335 889 1430 917 dicens
1446 899 1452 916 :
1472 888 1587 916 Peccavi
1604 891 1716 916 tradens
1728 892 1807 924 sangsi

1028 942 1084 961 irent
1095 935 1200 968 justum
1212 935 1222 950 ³
1235 944 1241 962 :
1252 934 1323 969 quod
1339 935 1429 970 ipsum
1444 935 1615 970 pmnitentia:
1635 941 1715 969 erat,
1736 941 1760 963 et
1776 937 1813 963 tri-

1027 979 1107 1007 stitia:
1129 979 1268 1007 salutaris.
1293 978 1346 1007 Sed
1376 980 1441 1015 quia
1466 988 1612 1015 nunquam
1633 982 1755 1008 servavit
1777 989 1813 1007 cor

1028 1033 1120 1056 suum,
1151 1033 1240 1060 neque
1261 1026 1399 1060 sapienter
1426 1026 1554 1053 tristatus
1575 1031 1630 1059 est,
1649 1027 1698 1054 sed
1713 1028 1814 1061 suscepit

1027 1071 1255 1098 abundantiorem
1272 1072 1410 1099 tristitiam
1426 1080 1440 1099 a
1453 1072 1564 1099 diabolo
1580 1073 1634 1100 sibi
1650 1074 1813 1102 submissam.

1027 1116 1074 1151 qui
1090 1116 1177 1144 voluit
1194 1124 1255 1144 eum
1269 1118 1417 1145 absorbere
1438 1118 1465 1145 in
1487 1118 1690 1145 abundantiori
1704 1121 1813 1150 tristitia,

1027 1161 1089 1189 ideo
1104 1161 1227 1190 referens
1241 1168 1384 1198 argenteos
1399 1164 1461 1191 illos
1476 1163 1504 1190 in
1517 1164 1667 1199 templum,
1684 1166 1775 1192 abiens
1789 1167 1814 1191 l2-

1026 1215 1098 1243 quco
1113 1215 1142 1235 se
1159 1209 1310 1243 suspendit.
1329 1209 1356 1236 Si
1372 1210 1446 1236 enim
1463 1215 1612 1244 postquam
1634 1211 1729 1237 retulit
1747 1218 1814 1245 [Mtt-

1027 1253 1113 1286 niam,
1131 1258 1158 1281 ct
1166 1254 1309 1282 confessus
1324 1260 1366 1282 est
1384 1263 1414 1282 se
1432 1263 1564 1290 peccasse
1579 1264 1613 1283 eo
1630 1257 1707 1290 quod
1722 1257 1814 1283 tradidit

1027 1302 1189 1337 sanguinem
1210 1301 1327 1336 justum,
1344 1309 1398 1329 non
1421 1302 1518 1330 abiens
1535 1303 1637 1337 laqueo
1665 1312 1696 1330 se
1718 1312 1814 1338 suspen-

1027 1348 1123 1379 disset,
1137 1347 1185 1374 sed
1200 1347 1290 1374 locum
1308 1347 1476 1382 pwnitentia:
1485 1349 1673 1384 requisiissct,
1685 1355 1712 1376 et
1725 1354 1814 1383 tempus

1027 1392 1194 1428 pamitentizn
1208 1392 1390 1424 obscrvassct,
1416 1393 1533 1420 forsitan
1547 1398 1574 1419 et
1597 1393 1752 1420 invenisset
1767 1402 1814 1421 cca

1027 1437 1073 1471 qui
1091 1437 1160 1464 dixit
1174 1436 1184 1452 ⁵
1201 1446 1208 1463 z
1229 1435 1292 1463 Vivo
1311 1445 1368 1471 ego,
1385 1438 1512 1471 quoniam
1533 1437 1618 1473 916
1639 1438 1704 1465 nolo
1723 1446 1814 1464 moriri:

1028 1483 1184 1517 peccatoris,
1191 1483 1258 1510 sicut
1267 1483 1448 1517 paznitcntiam
1456 1483 1524 1517 ejus.
1534 1483 1591 1518 Ego
1600 1489 1696 1511 autem
1706 1485 1815 1511 existim-

1028 1528 1159 1563 quoniam
1174 1533 1201 1556 et
1223 1528 1312 1563 majus
1328 1528 1433 1563 aliquid
1451 1529 1486 1555 de
1500 1527 1651 1555 Salvatore
1677 1529 1815 1563 intelligas

1027 1573 1121 1606 Judas,
1139 1581 1193 1600 non
1218 1573 1283 1600 alibi
1307 1573 1423 1607 proiecit
1437 1573 1549 1608 triginta
1571 1579 1724 1608 argenteos
1737 1574 1784 1601 nisi
1797 1582 1814 1598 lt!

1029 1620 1172 1654 templum,
1185 1619 1232 1646 ubi
1255 1619 1359 1646 sciebat
1382 1618 1530 1646 Dominum
1547 1619 1667 1654 ejeeisse
1679 1620 1714 1647 de
1731 1620 1816 1654 tempto

1028 1672 1093 1692 oves
1107 1670 1133 1692 et
1147 1665 1241 1697 boves,
1256 1669 1283 1691 et
1296 1664 1399 1692 dixisse
1414 1664 1604 1692 venditoribus
1614 1665 1815 1692 columbarum.

1030 1709 1126 1736 Tollite
1139 1711 1193 1736 liatc
1204 1709 1275 1741 hinc,
1294 1715 1318 1736 ct
1339 1710 1422 1735 no'itc
1438 1709 1527 1743 facere
1539 1710 1653 1736 domum
1668 1709 1764 1736 Patris
1779 1719 1816 1734 εςτ

1027 1756 1135 1782 domum
1152 1755 1341 1789 negotiationis
1355 1755 1376 1782 ⁸.
1396 1754 1473 1782 Satis
1487 1762 1552 1789 ergo
1574 1755 1730 1790 desperans
1748 1763 1779 1782 ex
1797 1762 1818 1781 σε

1028 1801 1102 1836 quod
1125 1801 1255 1828 intellexit
1282 1801 1498 1836 magnitudinem
1521 1801 1564 1828 sui
1581 1802 1708 1836 peccati,
1723 1802 1817 1837 iactans

1028 1852 1172 1882 argenteos
1188 1847 1249 1874 illos
1263 1847 1290 1874 in
1315 1847 1462 1881 templum,
1479 1847 1546 1874 abiit
1557 1851 1585 1874 et
1604 1848 1709 1882 laques
1728 1856 1757 1875 se
1768 1857 1816 1874 sus-

1028 1893 1130 1927 pendit.
1153 1893 1326 1928 Accipientes
1343 1897 1436 1921 autem
1462 1898 1607 1928 argenteos
1634 1894 1715 1926 illos,
1739 1895 1817 1919 Wint-

1027 1942 1088 1965 runt
1101 1938 1203 1973 aliquid
1230 1938 1381 1973 legitimum
1399 1939 1558 1970 observare,
1582 1943 1608 1965 et
1635 1947 1691 1966 non
1718 1940 1815 1966 mittere

1027 1991 1076 2011 eos
1091 1984 1118 2011 in
1135 1984 1294 2016 corbonam,
1314 1985 1360 2011 ubi
1375 1984 1438 2011 data
1462 1985 1556 2019 populi
1575 1991 1691 2020 propter
1708 1985 1815 2012 uerissi-

1028 2033 1097 2057 tates
1124 2037 1275 2065 pauperum
1304 2030 1545 2065 congregabantur
1565 2031 1738 2065 :sanguinis
1756 2031 1815 2057 enim

1028 2076 1144 2112 pretium
1161 2076 1274 2111 impium
1288 2076 1485 2103 existimabant
1499 2076 1561 2103 mitt
1581 2085 1609 2104 re
1624 2077 1652 2103 in
1666 2077 1814 2104 eorhnnani.

1028 2121 1141 2156 Propter
1162 2121 1234 2156 quod
1256 2121 1401 2148 consilium
1432 2122 1620 2156 accipientes,
1651 2129 1815 2157 comparare

1029 2173 1093 2195 runt
1107 2175 1139 2194 ex
1157 2167 1324 2202 pecuniailla
1335 2175 1431 2203 agrum
1440 2168 1516 2203 liguli
1534 2174 1560 2196 et
1569 2170 1717 2203 operantis
1733 2169 1813 2196 lutum.

1031 2213 1166 2240 Videbunt
1180 2214 1253 2240 enim
1277 2213 1407 2249 quoniam
1427 2213 1501 2240 circa
1522 2219 1651 2241 mortuos
1670 2215 1759 2249 magis
1769 2220 1814 2240 citi

1029 2259 1174 2294 pecuniam
1186 2260 1366 2286 conveniebat
1378 2259 1508 2294 expendi,
1522 2264 1549 2286 et
1559 2260 1636 2286 circa
1654 2260 1748 2287 locum
1762 2267 1815 2286 nier-

1030 2309 1139 2332 tuorum
1159 2309 1186 2332 et
1205 2305 1361 2340 sepultum,
1377 2305 1510 2339 quoniam
1537 2306 1660 2340 pretium
1686 2305 1814 2340 sanguinis

1029 2356 1097 2383 erat,
1112 2359 1194 2386 quam
1214 2352 1239 2377 in
1252 2351 1371 2377 corbona
1390 2355 1438 2377 aut
1455 2350 1483 2377 in
1497 2351 1590 2385 aliqua
1604 2352 1772 2378 necessitate
1782 2351 1815 2376 bit-

1028 2402 1115 2424 nesta.
1132 2396 1184 2423 Sed
1208 2396 1271 2431 quia
1298 2401 1324 2423 et
1338 2397 1407 2423 inter
1423 2396 1484 2424 loca
1502 2402 1679 2424 mortuorum
1702 2397 1815 2424 ιίὶπυτι-ε-

1029 2443 1073 2470 tia:
1086 2447 1150 2470 sunt
1166 2451 1173 2469 :
1191 2444 1320 2476 quoniam
1339 2442 1415 2468 tntilli
1435 2443 1549 2477 quidem
1569 2443 1726 2470 secundum
1740 2448 1815 2469 ιοιιω

1029 2489 1184 2524 optabiliter
1208 2488 1377 2523 sepeliuntur
1395 2489 1421 2515 in
1447 2490 1641 2526 monumentis
1657 2490 1717 2517 suis
1743 2494 1815 2523 pater-

1029 2536 1082 2568 nis,
1095 2535 1205 2570 quidam
1236 2539 1326 2561 autem
1354 2539 1467 2570 propter
1496 2536 1636 2570 quasdam
1661 2537 1815 2564 calamitsts

1029 2583 1186 2617 frequenter
1197 2581 1225 2608 in
1252 2580 1404 2616 peregrinis
1429 2582 1622 2610 monumentis
1640 2583 1813 2617 sepclmnur;

1029 2628 1091 2656 ideo
1108 2626 1273 2662 accipientes
1280 2626 1397 2661 pretium
1411 2627 1562 2662 sanguinis
1574 2627 1654 2660 Jcsu,
1665 2629 1707 2655 usi
1726 2631 1813 2654 sunto:

1029 2674 1063 2701 ad
1075 2674 1307 2708 comparationem
1323 2672 1381 2707 agri
1395 2671 1471 2707 ﬁguli
1488 2673 1611 2707 alicujus
1621 2695 1630 2707 ,
1649 2679 1677 2701 ut
1691 2675 1720 2701 in
1735 2681 1765 2700 eo
1779 2678 1811 2705 ἶὺ

1029 2719 1131 2755 regi-ini
1148 2718 1248 2747 mortui
1267 2718 1446 2753 sepeliantur,
1467 2726 1524 2746 non
1541 2720 1695 2747 secundum
1720 2723 1810 2746 votum

1198 2789 1208 2806 ³
1228 2787 1322 2816 Matth.
1340 2796 1426 2822 xxvii,
1444 2787 1473 2816 4.
1515 2788 1528 2804 ⁸
1548 2787 1650 2816 Ezeeh.
1671 2794 1762 2818 xum,
1779 2784 1808 2809 Η-
