1839 3053
32 123 96 151 1769

30 184 74 211 sed
91 184 242 213 secundum
259 193 353 214 casum
369 186 487 222 aliquem
503 189 669 216 contrarium
684 189 736 216 hoc
750 197 814 224 pro-

30 235 175 257 merentes.
190 231 218 257 Si
235 235 325 258 autem
341 236 368 259 et
385 233 544 267 peregrinos
562 234 722 266 spiritaliter
735 234 813 262 intel-

30 276 109 310 ligere
122 276 260 310 convenit,
277 278 435 312 peregrinos
453 278 571 306 dicimus
592 286 652 306 esse
663 279 708 314 qui
726 287 813 315 usque

29 321 60 348 ad
75 322 156 348 ﬁnem
172 322 294 349 extranei
307 327 371 350 sunt
384 330 399 349 a
415 322 471 350 Deo
484 325 651 359 etperegrini
663 329 810 353 testamen-

29 372 117 394 torum
125 367 196 402 ejus.
211 367 290 395 Tales
305 369 387 404 igitur
396 371 531 405 peregrini
546 370 701 406 huiusmodi
714 372 813 400 habent

29 413 118 445 linem,
137 417 169 440 ut
183 413 210 441 in
225 421 291 449 agro
307 414 379 448 liguli
395 416 572 450 sepeliantur,
590 417 636 452 qui
651 418 738 452 pretio
749 426 813 446 san-

27 458 116 493 guinis
128 462 172 485 est
183 465 367 494 comparatus.
382 460 449 488 Nam
465 461 531 496 justi
556 467 621 490 sunt
638 464 685 498 qui
700 464 810 492 dicunt:

27 503 182 538 Consepulti
200 513 296 533 sumus
306 506 415 534 Christo
427 507 453 534 in
466 515 537 535 novo
552 513 728 536 monumento
739 511 810 544 quod

27 549 146 576 excisum
168 550 284 578 habetur
307 551 334 578 in
358 557 452 586 petra,
468 553 494 579 in
514 559 693 582 monumento
709 555 810 588 dolato,

28 595 71 622 ubi
100 595 222 623 nondum
249 597 395 632 quisquam
415 605 586 627 mortuorum
612 601 718 635 positus
731 606 774 630 est
790 603 809 628 °.

28 639 76 673 Qui
84 646 175 668 autem
184 649 270 676 usque
287 643 320 669 ad
332 642 412 670 linem
421 644 554 679 peregrini
568 650 631 672 sunt
643 653 658 672 a
666 645 775 674 Christo
785 651 812 674 et

27 685 104 712 alieni
116 693 130 712 a
144 685 211 718 Deo,
228 687 320 714 dicent
335 687 395 715 sine
410 688 493 716 dubio
505 696 721 725 consequenter:
736 692 809 719 Con-

27 731 122 765 sepulti
136 737 233 759 sumus
247 734 396 767 peregrinis
411 733 438 761 in
452 741 517 769 agro
528 735 601 770 tiguli
616 736 753 770 operanlis
768 738 811 764 lu-

28 780 93 808 tum,
114 777 161 812 qui
188 779 274 813 pretio
289 780 432 814 sanguinis
453 785 496 808 est
522 787 708 817 comparatus,
724 788 751 810 et
765 792 811 810 su-

28 830 86 849 mus
111 823 137 849 in
158 831 225 858 agro
242 825 287 859 qui
309 833 373 861 ager
395 827 538 862 sanguinis
559 828 727 856 nominatur.
757 829 809 857 Sed

27 868 152 901 quoniam
164 869 238 903 quod
253 875 315 905 post
326 871 383 899 haec
396 872 462 899 dicit
472 873 637 908 evangelista
650 882 657 900 :
676 874 748 901 Tum:
760 876 812 901 im-

27 913 121 946 pletum
134 920 171 941 es;
184 916 253 950 quod
264 917 364 944 dictum
377 918 464 952 fuerat
476 927 523 953 per
537 919 681 947 Jeremiam
701 921 812 955 prophe-

29 964 78 986 tam
99 961 238 993 dicentem,
252 966 305 991 etc.
321 963 422 992 “inter
437 972 469 991 ca
481 973 542 999 quae
558 967 658 1000 scripta
670 971 743 999 sunt,
757 974 810 994 non

28 1004 161 1033 invenitur
178 1007 229 1034 hoc
239 1007 371 1036 Jcremias
379 1009 478 1037 alicubi
491 1010 668 1045 prophetasse
686 1011 713 1038 in
734 1012 812 1040 libris

28 1051 92 1085 suis,
109 1053 158 1087 qui
173 1053 216 1080 vel
231 1054 258 1081 in
271 1054 400 1084 Ecclesiis
414 1056 551 1091 leguntur,
570 1057 611 1085 vel
624 1058 694 1091 apud
704 1057 812 1088 Judmos

27 1097 198 1132 referuntur;
215 1100 237 1127 si
251 1101 313 1135 quis
327 1105 416 1129 autem
430 1106 518 1136 potest
533 1103 614 1135 scire,
627 1105 751 1133 ostendat
765 1106 811 1133 ubi

28 1142 62 1169 sit
76 1144 207 1178 scriptum
222 1153 229 1172 :
244 1146 371 1181 suspicor
388 1151 562 1175 auterrorem
577 1156 638 1176 esse
653 1149 810 1185 Scriptura},

27 1193 53 1214 et
63 1196 110 1223 pro
122 1189 255 1218 Zacharia
267 1192 385 1226 positum
398 1192 556 1227 Jercmiam,
567 1199 682 1223 autesse
691 1196 810 1232 aliquam

28 1239 155 1262 secretam
170 1235 295 1265 Ieremia:
306 1238 469 1274 scripturam
481 1240 507 1266 in
529 1248 583 1275 qua
603 1241 742 1270 scribitur.
756 1240 812 1270 Τι-

27 1280 59 1307 lis
80 1287 120 1308 est
137 1287 228 1309 autem
246 1287 336 1311 textus
351 1285 423 1319 apud
437 1284 598 1313 Zachariam
610 1287 621 1303 ⁸
637 1288 809 1322 prophetam.

29 1324 60 1351 Et
73 1326 160 1353 dicam
172 1327 206 1354 ad
228 1336 270 1355 eos
282 1337 291 1355 :
308 1329 339 1356 Si
351 1330 447 1356 bonum
462 1335 500 1357 est
514 1332 541 1357 in
553 1338 690 1367 conspectu
703 1337 787 1360 vestro
801 1354 808 1367 ,

27 1371 84 1398 date
100 1374 242 1400 mercedem
256 1383 340 1402 meam
352 1396 359 1410 ,
380 1381 426 1403 aut
448 1376 592 1412 ulmegate;
613 1386 639 1404 et
658 1383 810 1407 statuerunt

27 1419 166 1445 mercedem
186 1428 270 1447 meam
286 1421 397 1457 triginta
413 1428 562 1457 argenteos.
579 1423 613 1450 Et
632 1424 700 1451 dixit
719 1425 810 1453 Domi-

28 1472 72 1491 nus
92 1466 125 1492 tul
141 1474 182 1493 me
193 1474 203 1493 :
216 1466 320 1502 Depone
330 1476 372 1495 eos
387 1469 415 1495 in
428 1469 572 1504 fornacem,
585 1475 610 1496 et
629 1470 687 1497 uide
706 1472 730 1498 si
747 1480 809 1506 pro-

28 1512 83 1538 bum
97 1519 146 1545 est,
169 1514 236 1541 sicut
253 1515 378 1549 probatus
392 1525 450 1543 sum
474 1525 521 1552 pro
531 1517 579 1544 eis.
597 1516 631 1542 Et
645 1519 745 1552 accepit
761 1519 810 1545 tri-

28 1558 95 1590 ginta
126 1565 272 1594 argenteos,
297 1566 321 1588 et
343 1561 415 1588 misit
438 1570 481 1588 eos
495 1562 522 1588 in
533 1562 638 1588 domum
658 1561 765 1589 Domini
781 1563 808 1589 in

28 1602 165 1635 fornacem.
184 1604 212 1631 Si
226 1610 316 1632 autem
336 1606 393 1633 hate
411 1606 505 1634 dicens
519 1607 618 1641 aliquis
632 1607 808 1635 existimatse

28 1647 170 1681 oll'entlere,
183 1651 272 1678 videat
285 1659 319 1678 ne
333 1651 432 1679 alicubi
450 1651 477 1679 in
493 1652 604 1679 secretis
614 1651 740 1679 Jeremia:
756 1652 809 1680 hoc

28 1695 210 1728 prophetatur,
228 1698 317 1725 sciens
328 1699 457 1733 quoniam
482 1703 509 1726 et
529 1698 676 1733 Apostolus
691 1699 809 1732 scriptu-

27 1746 69 1766 ras
81 1741 212 1774 quasdam
234 1747 401 1770 secretorum
422 1745 541 1778 profert,
560 1743 708 1771 sicutdicit
724 1743 808 1770 alicu-

27 1784 72 1811 bi’
87 1786 179 1819 :Quod
200 1788 292 1815 oculus
315 1797 367 1815 non
387 1790 464 1822 vidit,
479 1797 524 1816 nec
544 1790 617 1816 auris
641 1790 764 1822 audivit;
780 1790 807 1817 in

27 1832 97 1859 nullo
109 1834 182 1860 enim
199 1834 313 1869 regulari
329 1835 399 1862 libro
410 1835 462 1862 hoc
470 1835 586 1870 positttm
601 1835 745 1867 invenitur,
755 1835 808 1863 nisi

27 1877 51 1904 in
74 1881 186 1908 secretis
200 1880 266 1908 Elia:
283 1882 430 1916 prophetae.
453 1882 516 1909 Item
532 1881 605 1916 quod
618 1881 656 1908 ait
672 1881 693 1896 ‘°
707 1890 714 1908 ε
732 1880 809 1908 Sicut

25 1923 128 1952 Iamne:
143 1932 168 1953 et
183 1927 313 1954 Mambres
326 1928 478 1955 restiterunt
494 1927 592 1963 Moysi,
606 1935 658 1954 non
671 1927 807 1954 invenitur

27 1969 51 1996 in
65 1972 180 2006 publicis
196 1973 349 2007 scripturis.
367 1973 412 2000 sed
428 1973 453 2000 iu
475 1973 543 2001 libro
558 1977 676 2006 secreto,
691 1973 737 2007 qui
760 1981 807 2000 su-

26 2017 199 2048 prascribitur
219 2017 327 2045 Junmes
350 2024 373 2045 et
397 2018 528 2045 Mambres
550 2018 624 2045 liber.
645 2017 724 2045 Unde
746 2018 806 2045 ausi

25 2066 84 2088 sunt
97 2063 208 2097 quidam
234 2063 380 2099 Epistolam
396 2066 428 2091 ad
454 2064 626 2091 Timotheum
655 2064 805 2098 repellere,

25 2108 98 2140 quasi
115 2109 257 2136 habentem
279 2111 306 2136 in
327 2117 356 2137 se
375 2115 477 2137 textum
494 2109 611 2144 alicujus
630 2109 738 2142 secreti,
758 2109 805 2136 sed

26 2160 74 2180 non
95 2159 250 2188 potuerunt.
264 2155 383 2182 Primam
397 2160 487 2182 autem
504 2154 652 2190 Epistulam
663 2155 695 2182 ad
708 2155 805 2183 Corin-

26 2198 102 2232 thios,
118 2205 228 2235 propter
242 2202 293 2228 hoc
308 2202 424 2236 aliquem
448 2201 582 2229 refutasse
607 2201 686 2236 quasi
703 2201 805 2228 adulte-
820 2212 841 2237 ο

25 2245 117 2277 rinam,
132 2245 166 2272 ad
182 2254 262 2273 aures
276 2254 350 2274 meas
368 2254 505 2280 nunquam
521 2245 652 2280 pervenit.

57 2290 114 2318 ll8.
131 2291 208 2318 Iesus
231 2297 319 2318 autem
334 2293 405 2319 stetit
428 2297 488 2318 ante
511 2290 661 2326 praasidem.
676 2289 710 2317 Et
722 2290 804 2317 inter-

24 2338 118 2370 rogauit
130 2345 306 2371 eumprwses,
322 2338 410 2364 dicens
422 2345 431 2363 :
445 2337 484 2363 Tu
507 2345 533 2364 es
555 2344 602 2363 rem
623 2335 804 2363 Judttorum?

24 2379 93 2408 Dixit
107 2383 130 2408 ei
143 2382 220 2409 Jesus
233 2391 242 2409 :
255 2382 293 2409 Tu
309 2383 375 2409 dicis
388 2385 418 2411 “.
441 2383 508 2411 Vere
521 2383 601 2410 Jesus
611 2390 663 2408 non
682 2382 803 2416 rapinam

23 2425 161 2454 arbitratus
174 2433 212 2455 est
224 2437 279 2455 esse
292 2437 319 2455 se
333 2429 461 2463 (equalcnt
477 2429 529 2455 Deo
542 2429 573 2453 ι’.
586 2427 618 2454 Ει
633 2434 686 2453 non
708 2426 801 2457 sctnel,

23 2473 65 2499 sed
77 2473 232 2510 frequenter
246 2484 295 2511 pro
309 2477 438 2504 omnibus
452 2476 572 2511 scipsum
590 2474 752 2502 humiliavit.
769 2473 803 2500 Et

23 2525 91 2546 nunc
105 2528 169 2554 ergo
183 2521 266 2555 judcx
276 2522 359 2549 totius
374 2526 505 2549 creatura:
526 2522 690 2549 constitutus
710 2529 724 2548 a
752 2520 803 2548 Pa—

22 2567 69 2596 πθ.
96 2564 167 2600 Rege
192 2575 284 2601 regum
309 2573 334 2595 et
361 2567 475 2595 Domino
493 2567 677 2600 dominorum,
699 2566 759 2594 vide
775 2575 801 2593 tn

22 2613 147 2641 quantum
163 2619 192 2638 se
208 2612 362 2640 humiliavit
382 2618 412 2640 ut
429 2613 614 2648 acquiesceret
641 2618 713 2639 stare
740 2615 802 2638 ante

21 2652 133 2686 iudicem
148 2662 212 2684 tunc
225 2663 303 2685 terrai
315 2658 425 2691 Iudaee,
442 2663 470 2686 et
483 2664 595 2686 vocatus
619 2659 801 2692 interrogatus

22 2705 60 2727 est
79 2701 336 2738 interrogationem,
357 2713 438 2739 quam
463 2704 577 2733 forsitan
602 2705 729 2732 deridens
754 2709 801 2731 aut

54 2783 64 2798 ⁸
79 2782 157 2811 Rom.
173 2791 210 2815 vt,
229 2784 358 2816 4:10am
374 2793 432 2816 xu,
451 2785 496 2812 tl.
534 2784 544 2800 ⁷
560 2783 653 2811 Matth.
673 2791 757 2813 xxv".
775 2782 801 2809 9.

24 2818 42 2831 “
58 2818 148 2846 Matth.
163 2827 250 2852 xxvn,
270 2820 314 2847 ll.
355 2821 375 2837 ¹¹
393 2820 489 2855 Philip.
511 2827 542 2849 ιι.
560 2820 586 2846 6.

23 2859 39 2878 I.
56 2856 80 2879 8.

176 2903 299 2932 l'ATIttH.
335 2904 391 2932 (in.
416 2903 498 2932 Xlil.

592 126 921 156 COMMENTARIORUM
943 127 1072 156 SElllES.

633 2819 653 2834 ”
668 2819 763 2845 Matth.
780 2825 866 2847 xxvu,
881 2818 926 2844 21.

1580 133 1649 161 1771)

861 190 990 218 dubitans
1003 191 1108 219 Pilatus
1124 191 1298 227 interrogavit
1312 191 1404 219 dicens
1420 201 1426 218 :
1441 192 1480 220 Tn
1495 201 1521 220 ιιι
1541 201 1586 220 ηπ
1596 193 1648 219 Ju-

860 235 999 264 dteorum}
1015 237 1054 263 Ad
1076 244 1157 272 quam
1180 237 1421 273 interrogationem
1446 239 1518 272 quod
1545 239 1646 273 putavit

860 289 921 310 esse
944 282 1096 310 condeceus
1122 283 1272 316 respondit.
1293 283 1387 310 dicens
1406 292 1413 310 :
1431 283 1469 310 Tn
1486 284 1564 310 dicit.
1587 284 1619 310 Et
1633 292 1648 310 a

865 323 988 357 principe
1013 323 1122 357 quidem
1154 323 1324 349 sacerdotum
1342 323 1482 357 adjuralus
1503 327 1533 350 ut
1549 323 1649 350 diceret

865 368 888 395 si
901 368 958 402 ipse
966 373 1007 395 est
1021 368 1146 395 Christus
1156 367 1240 394 Filius
1251 367 1308 398 Dei,
1326 367 1527 402 responditzTu
1539 369 1650 400 dixisti;

865 420 881 440 ει
895 412 981 440 Pilato
997 417 1086 440 autem
1103 414 1284 447 interrogatus
1297 423 1302 440 :
1319 413 1356 440 Tu
1367 422 1393 440 es
1405 422 1451 440 rex
1470 413 1625 441 Juda'orttm
1639 415 1651 440 .’

866 459 1023 494 respondit:
1040 459 1156 485 Tudicis
1185 458 1250 485 Vide
1275 459 1511 494 interrogationes.
1531 460 1582 487 uisi
1604 460 1649 487 illa

865 504 973 539 quidem
993 505 1167 540 interrogatio
1185 514 1191 531 :
1209 504 1239 531 Si
1254 509 1280 531 tu
1295 513 1320 531 es
1334 505 1453 532 Christus
1475 505 1563 532 Filius
1581 505 1649 538 Dei,

863 550 984 578 Jutlaicze
1000 551 1177 577 conveniebat
1203 557 1340 584 personae;
1363 550 1485 577 Romano
1501 555 1589 577 autem
1603 551 1649 585 ju-

864 595 918 623 dici
936 596 1035 623 dicenti
1059 596 1233 630 interrogatot
1242 596 1282 628 ie,
1296 596 1353 630 jam
1369 604 1422 623 non
1438 605 1444 623 :
1462 596 1502 623 Tu
1519 604 1549 624 cs
1566 596 1649 623 Chri-

865 645 934 674 stus,
950 642 1014 669 sed:
1038 641 1076 668 Tu
1093 650 1120 668 es
1139 649 1184 668 rex
1201 641 1379 669 lndworum?
1392 641 1443 675 Qui
1459 646 1550 669 autem
1572 648 1650 670 caute

865 687 1019 714 considerat
1034 688 1108 722 ipsos
1127 687 1216 722 apices
1234 687 1450 722 evangelicorum
1474 696 1628 715 scrmonutu
1641 709 1648 722 ,

865 733 966 760 videbit
987 734 1115 768 quoniam
1136 734 1262 768 princeps
1283 734 1391 768 quidem
1413 734 1583 761 sacerdotum
1599 734 1649 761 du-

865 779 980 806 bitanter
995 780 1063 807 divit
1082 789 1087 806 :
1107 778 1136 807 Si
1148 785 1174 806 ιιι
1190 787 1217 805 es
1229 778 1349 806 Christus
1364 779 1450 806 Filius
1463 779 1521 806 Dei.
1534 779 1564 807 Si
1576 781 1647 807 enim

864 824 966 858 syllaba
981 824 1178 851 dubitationem
1192 824 1413 859 interrogationis
1428 825 1557 852 ostendit.
1577 825 1647 852 Pila-

830 865 849 891 Β
864 874 907 897 tus
933 875 1023 898 autem
1048 870 1248 905 pronuntiative
1270 880 1276 897 :
1295 869 1334 896 Tu
1361 879 1386 897 es
1412 879 1457 898 rea:
1474 871 1647 898 Jutlwornm.’

864 915 999 948 Quoniam
1029 920 1119 943 autem
1149 916 1348 950 pronuntiativo
1377 917 1430 944 hoc
1448 916 1645 950 dixitPilatus,

864 961 928 989 illud
944 969 1053 997 quoque
1068 963 1212 990 conﬁrmat
1224 962 1295 997 quod
1314 963 1396 989 etiam
1412 962 1475 989 alibi
1494 964 1647 998 suprascri-

863 1007 902 1035 bit
916 1007 943 1034 in
956 1008 1042 1040 titulo,
1060 1008 1115 1035 Rex
1125 1008 1291 1040 Jndccorum,
1319 1008 1344 1034 in
1366 1008 1453 1035 tribus
1468 1008 1577 1043 linguis,
1595 1008 1648 1035 "u-

863 1053 965 1086 braice,
983 1053 1085 1087 Graece,
1103 1058 1129 1081 ct
1158 1053 1262 1086 Latine,
1283 1058 1312 1080 ut
1333 1053 1448 1086 Hebraei,
1463 1058 1489 1081 et
1501 1054 1586 1081 Graeci
1599 1077 1606 1088 ,
1622 1060 1648 1082 ct

863 1097 979 1126 Romani
1000 1102 1210 1133 cognoscerent,
1235 1098 1364 1133 quoniam
1379 1103 1406 1125 et
1426 1097 1530 1125 Pilatus
1547 1099 1648 1126 sciebat

862 1151 924 1171 eum
948 1151 1037 1180 regem
1054 1143 1210 1171 Judaeorum
1239 1151 1309 1170 esse.
1324 1143 1437 1178 Propter
1447 1144 1519 1178 quod
1536 1151 1647 1179 apparet

862 1197 924 1218 eum
937 1198 990 1224 qua
1006 1190 1156 1217 reverentia
1173 1189 1327 1224 requirebat
1342 1190 1373 1216 de
1385 1189 1460 1222 Jesu,
1474 1195 1499 1217 et
1517 1198 1648 1225 provoca-

864 1237 910 1264 bat
922 1237 1003 1272 917
1020 1236 1149 1272 populum
1173 1240 1201 1263 ut
1220 1236 1312 1263 Jcsum
1339 1237 1425 1271 magis
1451 1237 1484 1264 ad
1508 1237 1648 1265 dimitten-

863 1282 928 1310 dum
945 1286 1066 1317 peterent
1090 1289 1171 1317 quam
1185 1281 1345 1307 Barabbam.
1366 1280 1533 1308 Reverentia:
1557 1287 1646 1308 autem

862 1328 941 1355 Pilati
956 1328 1021 1354 illud
1038 1327 1122 1354 etiam
1139 1326 1190 1353 fuit
1212 1326 1318 1359 signum
1332 1347 1339 1358 ,
1353 1325 1425 1360 quod
1440 1326 1534 1353 lavaus
1549 1333 1647 1352 manus

862 1381 926 1402 suas
940 1373 1007 1400 dixit
1020 1382 1026 1400 :
1039 1371 1168 1398 lnnocens
1180 1378 1226 1405 ego
1237 1377 1295 1396 sum
1307 1378 1322 1396 a
1344 1371 1470 1404 sanguine
1491 1370 1569 1404 hujus
1581 1378 1590 1396 .'
1602 1378 1646 1397 vos

862 1419 978 1447 videritis
993 1419 1026 1446 “.
1041 1418 1119 1451 Quod
1140 1421 1229 1444 autem
1248 1416 1317 1442 dixit
1335 1416 1367 1442 ad
1384 1416 1532 1451 principem
1552 1423 1644 1444 sacer-

862 1466 954 1493 dotum
972 1473 979 1491 z
996 1463 1034 1491 Tu
1047 1463 1152 1494 dixisti.
1177 1461 1374 1489 dubitationem
1393 1462 1452 1496 ejus
1476 1461 1584 1496 oblique
1601 1470 1646 1489 ar-

862 1518 947 1546 guens
962 1509 1107 1538 convincit.
1125 1508 1158 1535 Et
1172 1508 1245 1543 quod
1263 1508 1301 1535 ait
1311 1507 1419 1534 Pilato:
1437 1506 1475 1534 Tu
1491 1508 1569 1540 dicis,
1585 1515 1648 1535 scu-

861 1555 972 1584 tentiam
987 1555 1047 1590 ejus
1060 1553 1261 1589 pronuntiantis
1268 1553 1421 1580 continuat.
1432 1552 1540 1580 Marcus
1555 1558 1646 1580 autem

860 1609 910 1636 pro
926 1610 932 1628 :
950 1600 979 1628 Si
993 1605 1020 1627 tu
1034 1609 1060 1627 es
1073 1599 1194 1627 Christus
1208 1598 1295 1625 Filius
1308 1598 1356 1625 Dei
1369 1619 1376 1631 ,
1389 1599 1429 1626 sic
1447 1599 1541 1626 scribit
1551 1599 1570 1614 “
1584 1609 1590 1626 :
1606 1598 1645 1626 Tit

860 1655 886 1673 es
899 1646 986 1673 Filius
998 1645 1155 1672 Benedicti?
1172 1643 1296 1671 Forsitan
1317 1648 1364 1670 aut
1374 1643 1440 1670 illud
1455 1644 1527 1678 quod
1541 1644 1647 1679 simpli-

860 1693 927 1720 citer
941 1693 1072 1726 scriptum
1086 1695 1138 1722 est,
1157 1695 1204 1718 aut
1215 1691 1267 1717 hoc
1280 1689 1352 1724 quod
1370 1689 1540 1722 dubitanter,
1555 1691 1647 1717 nescio

861 1738 884 1765 si
900 1746 955 1765 non
971 1738 1102 1765 mendosa
1120 1736 1238 1763 habeant
1253 1735 1418 1770 exemplaria
1430 1755 1437 1767 ,
1455 1742 1517 1762 cuni
1538 1735 1647 1762 dchuis-

860 1789 921 1811 seut
947 1784 1028 1811 ambo
1053 1782 1193 1817 atqualiter
1219 1780 1310 1808 dicere
1327 1789 1335 1808 :
1351 1779 1379 1808 ὦ
1403 1784 1430 1807 tu
1453 1787 1499 1812 es,
1519 1785 1585 1807 aut:
1607 1780 1646 1807 Tu

858 1838 895 1857 es.

895 1875 956 1903 119.
983 1875 1017 1902 Et
1043 1883 1101 1902 cum
1125 1878 1296 1901 accusaretur
1311 1882 1326 1899 a
1344 1873 1507 1908 principibus
1522 1873 1644 1900 sacerdo-

859 1926 914 1948 tum
940 1925 965 1948 et
986 1921 1134 1948 senioribus
1157 1920 1251 1956 plebis,
1275 1920 1341 1946 nihil
1365 1920 1544 1954 respondebat.
1571 1919 1643 1946 Tunc

858 1968 926 1994 dixit
942 1967 966 1994 ei
982 1967 1109 1994 Pilatus:
1126 1966 1187 1993 Non
1206 1966 1283 1992 audis
1298 1970 1398 2000 quanta
1418 1965 1542 1992 adversus
1558 1969 1582 1992 te
1599 1966 1642 1992 di-

857 2019 918 2040 cunt
935 2013 1104 2040 testimonia?
1118 2012 1152 2039 Et
1169 2021 1220 2039 non
1235 2011 1367 2047 respondit
1387 2012 1410 2038 ei
1427 2011 1510 2038 ullunt
1526 2011 1641 2040 verbum,

858 2060 895 2087 ita
911 2064 938 2086 ut
955 2059 1098 2086 miraretur
1113 2067 1208 2092 prwses
1233 2059 1393 2085 vehenwnter
1409 2058 1440 2084 ¹¹.
1460 2057 1578 2085 Judaicze
1599 2057 1642 2083 lit-

857 2111 921 2133 terae
936 2105 1083 2132 occidentis
1095 2104 1211 2131 ministri
1224 2109 1249 2131 et
1263 2104 1394 2135 seniores,
1408 2103 1454 2130 lilii
1469 2108 1532 2131 sunt
1546 2111 1641 2144 eorum

858 2150 1029 2178 sacerdotum
1049 2152 1076 2176 et
1090 2148 1227 2176 seniorum
1253 2149 1299 2183 qui
1319 2153 1517 2176 accusaverunt
1536 2148 1640 2178 Jesum,

859 2194 1058 2222 accusationem
1081 2200 1176 2220 eorum
1200 2200 1287 2227 usque
1311 2201 1383 2219 nunc
1408 2193 1642 2230 suscipienles.t‘t

857 2245 1016 2268 accusantes
1035 2238 1140 2266 Jesum.
1168 2237 1315 2272 Propterea
1332 2243 1507 2273 permanente
1520 2239 1560 2266 eis
1583 2239 1642 2273 ipso

857 2291 978 2322 peccato,
994 2290 1019 2312 et
1034 2283 1214 2319 praeveniente
1233 2291 1280 2310 eos
1293 2285 1376 2311 semel
1395 2284 1445 2316 ira,
1466 2292 1553 2319 usque
1570 2284 1596 2311 in
1611 2285 1642 2311 li-

858 2340 918 2359 nem
933 2331 1021 2358 adhuc
1037 2330 1178 2364 patiuntur
1194 2333 1350 2362 operatorcs
1367 2329 1428 2363 ipsi,
1444 2330 1565 2357 derelicti
1578 2338 1640 2357 cum

857 2377 956 2413 populo
968 2376 1095 2402 universo
1110 2374 1177 2400 sicut
1193 2373 1390 2400 tabernaculum
1405 2375 1430 2400 in
1448 2377 1639 2408 cucnnterario,

857 2429 880 2451 et
899 2424 967 2450 sicut
980 2421 1072 2448 civitas
1085 2428 1143 2455 qua:
1161 2423 1326 2454 expugnatur
1340 2419 1370 2445 ’³.
1387 2419 1537 2448 Accusatus
1549 2428 1639 2448 auttm

856 2470 946 2501 Jesus.
971 2468 1041 2496 sicut
1062 2472 1127 2495 tunc
1146 2466 1213 2493 nihil
1227 2465 1376 2500 respondit,
1392 2467 1432 2493 sic
1447 2471 1475 2494 et
1496 2467 1575 2495 modo
1589 2470 1633 2496 ad-

857 2523 952 2543 versus
977 2513 1166 2542 accusationes
1182 2512 1295 2539 istorum
1321 2511 1491 2538 sacerdotum
1507 2518 1534 2540 et
1551 2515 1625 2541 senio

857 2571 917 2591 rum
932 2562 1000 2589 nihil
1021 2559 1170 2595 respondit.
1186 2559 1269 2585 Tacet
1285 2557 1357 2584 enim
1380 2557 1420 2584 eis
1437 2557 1556 2586 Verbum
1578 2560 1638 2593 Dei,

855 2613 882 2637 et
893 2609 950 2644 jam
968 2615 1021 2634 non
1039 2606 1154 2634 audiunt
1177 2604 1289 2632 verbum
1316 2603 1373 2635 Dei,
1398 2604 1469 2630 sicut
1491 2604 1638 2639 aliquando

855 2655 955 2682 factum
975 2653 1062 2680 fuerat
1076 2653 1108 2679 ad
1129 2651 1284 2686 prophetas,
1307 2654 1334 2676 et
1353 2649 1379 2676 in
1402 2651 1639 2679 consummatione

859 2700 1020 2729 stt-culmum
1046 2706 1110 2725 caro
1133 2697 1220 2725 factus
1242 2701 1294 2729 est,
1309 2701 1335 2723 et
1350 2695 1479 2722 habitavit
1502 2696 1528 2721 in
1547 2695 1636 2723 nobis.

1139 2781 1150 2797 ’
1167 2781 1174 2807 1
1193 2781 1257 2808 Cor.
1276 2789 1304 2813 ll,
1321 2780 1347 2808 9.
1388 2780 1409 2797 ¹⁶
1427 2780 1448 2807 ll
1464 2780 1532 2806 Tim.
1552 2787 1593 2811 Ill,
1609 2781 1635 2807 8.

842 2782 853 2797 "
868 2791 907 2811 ιι.
925 2782 956 2809 l2
970 2786 995 2808 et
1015 2789 1092 2816 seqq.
1139 2782 1150 2797 '
1167 2782 1174 2807 1
1193 2782 1257 2808 Cor.
1276 2789 1304 2813 ιι,
1321 2782 1347 2808 9.
1388 2782 1409 2797 ¹⁶
1427 2782 1448 2807 ll
1464 2782 1532 2806 Tim.
1552 2787 1593 2811 Ill,
1609 2782 1635 2807 8.

848 2825 866 2847 ι.
881 2818 926 2844 21.
974 2817 994 2832 ”
1011 2825 1066 2848 le,
1081 2817 1124 2843 (il.
1166 2816 1187 2831 ”
1201 2816 1295 2842 Matth.
1312 2824 1397 2848 xxv",
1414 2815 1506 2842 1214.
1547 2816 1568 2831 ¹⁶
1585 2815 1636 2843 lsa.

974 2817 994 2832 “
1011 2825 1066 2848 xrv,
1081 2817 1124 2843 (il.

1385 2900 1422 2930 '56
