1839 3053
184 99 244 126 177ι

762 96 924 128 ontGIcNts
946 96 978 124 t-N
1001 93 1206 127 utriscum
1410 70 1415 72 η
1662 101 1675 112 ι

1734 90 1782 118 εττε

181 160 211 187 Et
225 165 278 187 non
301 158 366 186 solis
382 159 548 194 principibus
570 158 741 186 sacerdotum
765 164 791 186 et
803 160 956 187 senioribus
973 159 993 187 Λ
1009 163 1037 185 ut
1049 158 1170 186 solvatur
1187 165 1202 184 a
1216 155 1441 184 condemnatione
1455 153 1576 188 peccati,
1587 150 1705 178 maxime
1714 156 1781 178 autem

180 204 264 237 plebis
283 203 351 231 falsa
365 205 559 232 accusantibus
573 212 625 231 non
640 205 789 239 respondit,
808 206 853 232 sed
872 213 959 240 neque

181 250 275 281 Pilato,
289 251 418 284 quoniam
434 251 541 278 volebat
561 258 623 278 eum
649 250 745 278 audire
771 251 958 278 defendentem

178 302 207 322 se
228 301 320 323 contra
342 297 530 323 accusationes
554 304 648 323 eorum
675 296 829 324 mendaces.
845 296 959 330 Quando

180 341 251 367 enim
268 341 335 367 dixit
350 341 373 366 ei
397 339 499 367 Pilatus
517 345 576 375 post
596 342 782 368 accusationes
806 342 958 377 principum

179 384 347 411 sacerdotum
365 389 392 410 et
408 384 545 411 seniorunt
562 393 568 410 :
590 383 648 410 Non
670 385 745 411 audis
759 390 858 419 quanta
874 390 898 411 te
913 393 958 411 ac-

180 433 270 454 rusant
295 428 337 453 ‘7?
365 435 452 462 neqtte
478 427 527 462 ipsi
553 428 701 463 respondit.
722 428 776 456 Nec
800 429 871 456 enim
900 433 959 456 erat

178 473 287 508 dignum
308 474 471 507 respondere
487 474 528 500 vel
545 474 679 501 dubitanti
695 479 785 502 utrum
802 475 898 502 debeat
912 476 959 502 ad-

178 526 271 545 versus
286 518 474 545 accusationes
494 526 588 545 eorum
604 519 687 547 falsas
704 521 878 554 respondere.
903 521 959 547 lloc

176 562 295 588 diximus
311 570 364 588 non
380 562 455 589 obliti
471 562 542 596 quod
558 563 660 590 dictum
676 569 718 591 est
735 565 768 591 de
784 564 881 595 Pilato,
896 565 958 599 quia

176 607 217 634 vel
242 613 408 634 momentum
433 607 542 642 aliquod
566 609 710 644 benignum
737 618 799 645 erga
820 611 957 638 Christum

176 652 301 679 habebat.
318 651 374 679 Hoc
391 652 462 678 enim
485 660 578 679 verum
595 661 655 681 esse
670 655 703 681 de
726 655 812 682 Pilato
835 664 867 683 ex
884 657 957 683 onmi

177 698 331 726 narratione
354 699 414 733 ejus
436 699 598 726 ostenditur.
612 699 670 726 Non
687 705 776 728 autem
792 701 883 729 dicere
897 702 958 736 qltis

174 744 293 777 audebit,
315 745 443 779 quoniam
467 753 628 780 permanens
645 751 671 773 et
686 747 792 774 firmum
813 753 871 775 erat
886 749 911 775 in
926 757 958 776 eo

174 790 208 816 de
228 789 335 817 Christo
355 791 498 825 judicium.
518 791 688 819 Tralicbatur
705 793 776 819 enim
793 798 820 820 et
835 794 868 821 ad
892 802 957 821 con-

174 835 257 862 traria
277 845 283 862 :
301 841 441 871 propterea
455 842 480 863 et
503 844 575 863 nunc
600 837 715 865 trahenti
739 839 772 865 ad
795 839 955 867 deteriorem

175 880 328 914 opinionem
344 881 474 908 Dominus
491 890 542 908 non
561 884 709 917 respondit,
724 886 886 920 cotttetnptis
899 894 957 913 om-

175 925 255 952 nibus
281 934 341 960 quae
361 926 431 953 dicta
456 927 562 954 fuerant
582 928 608 954 in
631 930 832 957 accusationem
859 931 954 965 ipsius.

174 970 286 998 Miratus
300 976 342 998 est
355 977 442 998 autem
459 972 561 1000 Pilatus
576 975 758 1001 constantiam
772 975 848 1010 ejus;
874 976 955 1004 forsi-

174 1022 218 1044 tan
241 1018 330 1045 sciens
352 1019 489 1052 quomodo
515 1019 628 1047 idoneus
651 1025 722 1048 esset
738 1023 914 1056 pronuntiare
929 1027 956 1050 et

173 1063 309 1089 remittere
326 1063 437 1095 crimen,
454 1064 568 1092 miratus
585 1070 626 1092 est
648 1066 742 1094 videns
762 1074 823 1094 eum
841 1068 867 1094 in
881 1072 956 1095 tran-

172 1108 255 1143 quilla
276 1113 302 1136 et
325 1110 414 1144 quieta
435 1110 572 1144 sapientiae
589 1112 730 1145 gravitate,
749 1116 775 1139 et
798 1113 953 1140 inturbabili

171 1161 234 1181 eum
260 1153 362 1188 judicio
390 1159 470 1188 stare,
495 1155 521 1182 in
548 1164 602 1190 quo
622 1157 654 1183 ad
679 1161 793 1184 mortem
810 1159 954 1192 periclitari

171 1199 379 1226 existimabatur
394 1200 427 1227 ab
441 1201 483 1228 his
500 1201 544 1235 qui
564 1200 672 1229 fuerant
687 1202 735 1236 ibi,
749 1207 776 1230 et
789 1203 884 1231 fortior
896 1209 955 1231 erat

171 1243 288 1272 humana
314 1250 421 1278 natura,
443 1251 468 1273 ct
488 1247 563 1273 omni
586 1247 646 1281 ejus
669 1248 825 1276 infirmitate
849 1249 954 1276 volente

171 1290 320 1317 obtundere
343 1291 470 1317 virtutem
487 1291 599 1325 spiritus
617 1292 686 1327 ejus,
703 1301 756 1320 non
773 1299 862 1321 autent
887 1301 954 1328 prae-

169 1334 274 1362 valente
290 1334 378 1362 facere
399 1336 459 1362 hoc.
477 1336 553 1368 Quod
571 1341 661 1364 autem
677 1338 806 1372 scriptum
829 1343 881 1370 est,
899 1346 952 1366 non

170 1380 257 1406 solum
275 1380 367 1406 mirari
379 1379 508 1413 Pilatum,
523 1381 569 1408 sed
585 1382 665 1409 etiam
682 1383 759 1410 valde
773 1383 876 1416 mirati,
892 1391 952 1410 mo-

170 1428 212 1452 vct
226 1432 269 1452 me
281 1430 307 1451 ut
321 1425 483 1457 existimem,
503 1426 631 1460 quoniam
647 1428 758 1463 dignum
774 1429 798 1456 ei
812 1429 953 1456 videbatur

988 208 991 214 ’
1012 205 1036 231 si
1055 203 1165 238 quando
1182 203 1279 229 habeat
1301 201 1460 236 perditionis
1476 204 1580 226 caetera
1598 203 1694 231 opera,
1711 196 1739 222 ad
1751 197 1783 222 te

1011 249 1197 276 nefaciendum
1220 252 1310 274 autem
1340 245 1470 272 Ecclesiae
1498 244 1622 278 impiger
1654 241 1690 268 sit
1721 239 1783 267 Tales

1009 296 1081 321 enim
1097 293 1217 321 invenies
1232 300 1302 327 stupe
1323 292 1349 319 in
1366 290 1525 325 potentibus
1544 288 1722 316 constitutos.
1734 287 1783 313 alias

1009 340 1118 375 quidem
1132 343 1299 374 peccatores,
1312 342 1400 363 tamen
1413 344 1464 370 pro
1476 334 1662 364 Christianis,
1674 336 1783 367 quantum

1010 385 1139 420 possibile
1152 384 1191 412 eis
1205 388 1255 415 est.
1280 382 1365 410 multa
1385 385 1507 416 agentes.
1531 379 1691 406 Adduceris
1711 383 1783 404 autem

1010 431 1096 465 magis
1112 430 1145 457 ad
1161 428 1352 464 requirendum
1368 427 1442 458 talia,
1457 427 1480 453 si
1494 426 1635 453 rationem
1651 424 1727 451 habet
1738 424 1784 450 ido-

1010 485 1088 504 neum
1106 476 1178 511 quod
1195 475 1276 502 etiam
1298 473 1379 501 lsrael
1400 480 1450 508 pro
1471 473 1526 499 vita
1550 471 1784 498 Nabncbmloaosor

1009 528 1035 550 ct
1051 522 1194 549 Balthasar
1214 521 1260 547 ﬂlii
1283 521 1341 555 ejus
1357 519 1442 546 Deum
1465 519 1566 546 orabat
1588 517 1626 544 ’°.
1646 517 1698 544 Sed
1712 517 1784 543 bocsi

1010 569 1115 595 videtur
1138 568 1217 594 alicui
1235 567 1347 601 dignum
1366 565 1558 600 requisitione,
1573 563 1708 598 requiret.
1723 561 1784 595 Quod

1009 618 1097 640 autem
1113 611 1288 639 manifestum
1307 615 1360 643 est,
1373 617 1470 637 omnes
1493 616 1595 636 curare
1611 612 1750 637 tentemus.
1763 611 1785 633 ut

1008 666 1041 685 ex
1054 658 1207 693 petentibus
1221 657 1393 684 inveniamur
1406 663 1478 687 esse.
1494 659 1521 682 et
1539 655 1566 681 in
1585 653 1687 681 ordine
1707 660 1785 680 eorum

1008 704 1055 739 qui
1079 703 1148 730 bene
1165 702 1300 733 vixerunt.
1319 701 1405 736 magis
1419 707 1503 734 quam
1518 706 1552 726 ex
1569 699 1627 726 illis
1641 706 1692 733 pro
1703 698 1786 733 quibus

1010 750 1111 785 petitur
1126 749 1205 783 quasi
1219 755 1269 782 pro
1281 746 1438 774 hominibus
1450 746 1540 772 malis.
1555 744 1625 771 Nam
1640 744 1695 771 etsi
1708 750 1787 770 conos

1009 795 1088 822 datur
1104 794 1204 829 aliquis
1219 798 1344 828 peccator
1356 792 1389 819 ad
1405 799 1502 826 preces
1521 790 1669 822 Ecclesiae,
1684 797 1736 816 non
1754 794 1786 816 ta-

1008 849 1069 868 men
1088 840 1192 874 justum
1208 843 1249 866 est
1264 837 1378 873 gloriam
1399 842 1426 864 et
1449 835 1651 864 beatitudinem
1669 834 1786 868 consequi

1006 893 1069 913 eum
1090 885 1136 920 qui
1153 883 1308 919 huiusmodi
1328 887 1379 916 est,
1393 881 1493 909 suﬂicit
1507 881 1583 908 enim
1597 881 1675 915 quod
1690 887 1705 906 a
1719 886 1786 914 ptem

1007 930 1161 957 dimittitur.
1194 928 1319 955 Arbitror
1348 931 1439 954 autem
1473 930 1585 960 propter
1614 925 1701 951 istum
1726 924 1785 951 diem

1007 975 1105 1002 festum
1116 974 1271 1001 Iudaeorum
1285 972 1312 999 in
1327 979 1382 1007 quo
1396 971 1536 998 Barabbas
1550 971 1584 997 ad
1598 970 1686 996 vitam
1697 970 1786 996 electus

1006 1025 1058 1052 est,
1086 1019 1214 1047 Christus
1239 1023 1330 1046 autem
1357 1017 1505 1052 neglectus.
1533 1015 1622 1050 918
1654 1015 1785 1041 Dominum

1006 1065 1095 1092 dicere
1109 1071 1157 1098 per
1169 1062 1328 1098 prophetam
1343 1061 1365 1076 “
1387 1070 1395 1087 :
1410 1059 1530 1093 Jejunia,
1547 1065 1571 1085 et
1587 1059 1685 1092 ferias,
1702 1063 1725 1084 et
1740 1057 1785 1083 die:

1006 1110 1086 1144 festos
1100 1113 1198 1136 vestros
1210 1108 1265 1135 odit
1279 1107 1367 1134 anima
1379 1113 1456 1138 mea;
1470 1109 1498 1132 et
1511 1104 1576 1139 quia
1594 1104 1686 1138 magis
1698 1103 1786 1130 soletu-

1007 1156 1117 1183 nitatem
1129 1161 1210 1189 agere
1227 1154 1369 1181 voluerunt
1380 1159 1443 1179 cum
1459 1151 1566 1178 latrone
1581 1150 1704 1177 dimisso
1714 1156 1785 1183 quam

1005 1209 1066 1228 cum
1081 1200 1156 1227 Iesu.
1170 1199 1249 1226 Verbi
1263 1198 1348 1232 gratia
1360 1197 1448 1224 dicam
1463 1205 1471 1224 :
1488 1196 1517 1223 Si
1528 1195 1654 1230 egissent
1668 1194 1786 1221 solemni-

1005 1250 1086 1273 tatem
1108 1249 1179 1272 recte
1198 1244 1267 1271 sicut
1288 1242 1388 1270 Josias.
1411 1246 1457 1268 aut
1474 1241 1576 1276 aliquis
1593 1240 1696 1267 similis
1718 1239 1752 1270 ei.
1765 1245 1786 1265 et

1004 1290 1066 1318 data
1084 1290 1123 1317 eis
1140 1289 1236 1316 luisset
1250 1295 1329 1322 quem
1350 1287 1449 1315 vellent
1463 1286 1571 1321 petendi
1597 1286 1720 1315 licentia.
1737 1286 1786 1311 sine

1004 1336 1089 1363 dubio
1104 1334 1196 1362 Jesum
1220 1333 1412 1368 postulassent,
1435 1331 1588 1358 Barabbam
1611 1337 1706 1357 autem
1728 1337 1785 1357 con-

1004 1381 1188 1407 demnassent.
1216 1378 1269 1405 Nos
1291 1383 1381 1404 autem
1406 1384 1516 1403 oremus
1540 1381 1569 1402 ut
1594 1375 1699 1402 festum
1722 1375 1784 1402 diem

1003 1426 1132 1457 colentes,
1149 1431 1200 1450 non
1214 1424 1239 1449 in
1255 1423 1381 1456 [ernteuto
1395 1422 1486 1453 veteri,
1508 1429 1590 1455 neque
1612 1421 1642 1446 in
1667 1421 1785 1454 fermento

169 1477 268 1507 magno
279 1471 421 1504 miraculo,
432 1476 460 1498 ttt
473 1472 609 1500 exhibitus
621 1473 654 1500 ad
666 1474 807 1502 criminale
818 1475 950 1510 judicium

1034 1471 1116 1498 utilite
1130 1474 1154 1497 et
1174 1469 1308 1504 nequitiis,
1328 1469 1372 1495 sed
1398 1469 1425 1494 in
1450 1468 1551 1502 azymis
1575 1467 1742 1493 sinceritatis
1766 1471 1786 1491 et

168 1515 293 1543 Christus
314 1517 485 1544 inturbabilis
501 1522 634 1551 maneret,
649 1524 675 1546 et
693 1523 778 1546 staret
793 1525 855 1547 ante
879 1528 952 1548 mor-

169 1565 220 1588 tem
233 1569 293 1595 qua:
305 1561 374 1596 apud
389 1569 483 1590 omnes
495 1562 619 1591 homines
628 1563 758 1592 terribilis
769 1565 949 1593 existimatur.

203 1605 264 1632 19.0.
277 1604 329 1631 Per
341 1604 409 1631 diem
422 1610 507 1632 autem
520 1606 659 1634 solemnem
672 1615 841 1636 consuereral
855 1617 950 1644 prwses

167 1652 297 1678 dimittere
312 1651 406 1685 populo
420 1659 500 1677 tntum
520 1653 634 1679 vinclum
656 1662 732 1689 quem
755 1655 896 1684 voluissent
917 1657 948 1685 ".

166 1697 224 1724 Non
237 1697 342 1724 mireris
356 1697 379 1724 si
393 1697 482 1725 adltuc
497 1699 675 1732 primordium
693 1701 794 1729 habens
811 1703 950 1731 Romanus

166 1744 333 1779 principatus
352 1745 379 1772 in
392 1746 443 1777 eis,
460 1750 484 1773 ct
504 1746 610 1773 novilcr
627 1745 730 1775 Judzeis
749 1748 845 1783 jugum
862 1750 949 1777 susci-

166 1789 302 1824 pientibus
316 1790 513 1822 Romanorum,
534 1791 598 1825 quia
619 1791 750 1818 donatum
766 1797 824 1819 erat
847 1792 949 1821 Judmis

165 1839 195 1862 ut
211 1835 236 1862 in
250 1835 421 1863 solemnitate
435 1835 555 1871 paschali
573 1840 694 1871 peterent
711 1845 794 1864 unum
808 1847 887 1873 quem
902 1847 948 1866 vo-

165 1880 287 1912 luissent,
303 1882 428 1916 quamvis
451 1883 524 1910 mille
545 1883 699 1910 homicidiis
717 1884 851 1913 obnoxius
872 1886 948 1914 vide-

164 1931 247 1953 retur.
263 1925 308 1953 Sic
320 1926 535 1962 enim'quasdam
549 1927 649 1961 gratias
660 1933 789 1963 praestant
802 1934 894 1965 gentes
907 1931 947 1959 eis

162 1978 232 2005 quos
255 1971 403 2006 subjiciunt
418 1972 479 2003 sibi.
495 1972 581 2000 donec
595 1973 773 2001 confirmetur
795 1982 877 2009 super
898 1983 946 2004 cos

163 2015 254 2050 iugum
268 2017 401 2051 ipsorum.
418 2016 519 2055 Tamen
531 2018 702 2046 consuetudo
717 2019 774 2047 haec
788 2020 944 2049 absolvendi

163 2061 244 2088 vincti
268 2062 317 2088 fuit
339 2062 485 2096 aliquando
507 2066 535 2089 et
557 2063 627 2097 apud
648 2063 768 2092 Judteos.
790 2064 857 2092 Nam
881 2074 943 2094 cum

162 2105 228 2132 Saul
250 2106 416 2133 decrevisset
428 2111 457 2133 ut
470 2114 504 2134 ne
518 2107 580 2142 quis
595 2108 729 2143 acciperet
744 2109 846 2143 cibum,
860 2110 945 2138 Jona-

1004 1516 1122 1544 veritatis
1138 1516 1171 1548 “,
1186 1514 1337 1541 Barabbam
1358 1513 1468 1548 quidem
1487 1512 1686 1544 condemnare,
1701 1511 1786 1538 Iesum

1001 1569 1091 1591 autem
1109 1562 1142 1590 ab
1155 1561 1282 1588 omnibus
1296 1560 1412 1587 vinculis
1427 1559 1544 1586 liberum
1561 1558 1692 1592 accipere
1714 1558 1787 1584 nobis

1001 1615 1154 1636 mereamur
1176 1607 1203 1634 in
1219 1613 1308 1641 regem
1324 1610 1351 1632 et
1366 1604 1521 1631 Dominum.
1542 1602 1576 1630 Et
1592 1602 1719 1637 quandiu
1737 1603 1786 1629 haec

1001 1655 1125 1686 facimus,
1141 1661 1194 1681 non
1217 1655 1413 1680 convertuntur
1428 1649 1487 1677 dies
1510 1649 1572 1676 festi
1590 1649 1680 1676 nostri
1697 1649 1724 1675 in
1749 1648 1786 1675 lu-

999 1705 1084 1732 ctum,
1100 1706 1188 1734 neque
1202 1698 1308 1726 cantica
1329 1701 1423 1724 nostra
1442 1696 1469 1722 in
1487 1694 1728 1726 lamentationem,
1745 1694 1787 1721 Sed

998 1750 1078 1773 erunt
1090 1745 1117 1772 in
1134 1744 1212 1772 nobis
1226 1743 1413 1771 solemnitates
1428 1749 1509 1774 verae,
1522 1740 1718 1768 solemnitates
1734 1739 1786 1766 Dei.

1034 1791 1095 1819 42L
1120 1790 1240 1817 Habebat
1265 1795 1352 1815 autem
1373 1792 1433 1813 tunc
1451 1787 1568 1813 vinctum
1591 1785 1734 1819 insignem,
1749 1783 1788 1818 qui

997 1836 1135 1864 dicebatur
1152 1834 1300 1862 Barabbus.
1319 1832 1491 1867 Cangrrgatis
1510 1838 1573 1866 ergo
1597 1830 1649 1861 eis,
1667 1829 1739 1855 dixit
1755 1828 1787 1854 eis

997 1881 1102 1908 Pilatus
1134 1888 1143 1906 :
1174 1879 1258 1912 Quem
1286 1877 1365 1904 vultis
1397 1875 1535 1902 dimittam
1572 1874 1668 1905 vobis,
1698 1872 1786 1899 leua

997 1926 1159 1958 Barabbam,
1177 1932 1212 1951 an
1237 1923 1328 1950 Jesum
1350 1922 1394 1957 qui
1421 1922 1521 1948 dicitur
1547 1919 1695 1946 Christus?
1720 1918 1788 1945 Stic-

997 1973 1040 1999 bat
1061 1972 1130 1999 enim
1152 1970 1221 2005 quod
1246 1977 1292 2004 per
1317 1969 1444 1995 invidiam
1474 1959 1650 1994 tradiderunt
1672 1975 1734 1992 ειη
1755 1966 1786 1991 ’³.

996 2018 1023 2045 In
1048 2017 1140 2045 multis
1160 2015 1359 2050 exemplaribus
1383 2021 1436 2041 non
1458 2013 1615 2040 continetur
1640 2012 1718 2047 quod
1741 2012 1786 2038 Ba-

995 2062 1094 2090 rabbas
1115 2062 1197 2090 etiam
1218 2060 1299 2089 Iesus
1320 2060 1478 2090 dicebatur,
1500 2064 1528 2086 et
1556 2058 1674 2085 forsitan
1705 2062 1786 2086 recte.

995 2113 1024 2136 ut
1051 2115 1085 2135 ne
1115 2115 1213 2135 nomen
1238 2107 1302 2134 Jesu
1331 2104 1475 2133 conveniat
1503 2104 1585 2131 alicui
1613 2104 1784 2138 iniquorum.

162 2151 221 2178 thas
236 2156 323 2179 autem
340 2151 430 2178 favum
445 2152 532 2180 mellis
552 2157 688 2188 gustasset
699 2160 792 2182 contra
809 2156 881 2191 regis
896 2157 943 2184 dc-
957 2151 982 2179 D
996 2153 1023 2180 Ιῐι
1053 2157 1127 2180 lallla
1158 2152 1231 2180 enim
1259 2150 1433 2178 ιηυιιίιυάῖιιο
1462 2148 1673 2184 δετίΡιυτπυω
1703 2148 1784 2176 "cmi’

160 2199 275 2227 cretum,
299 2196 402 2223 invenit
422 2197 569 2224 obnoxium
593 2197 749 2230 Jonatham,
766 2203 793 2226 et
817 2201 942 2234 quamvis

161 2241 245 2268 lilium
272 2241 461 2274 constitutum,
487 2247 577 2269 tamen
601 2247 710 2276 propter
736 2243 846 2278 aliquod
861 2245 940 2280 jura-

159 2291 278 2313 mcntum
298 2294 376 2314 suum
393 2287 549 2314 decreverat
563 2288 714 2315 interficere
727 2296 787 2315 eum
801 2298 809 2315 °.
824 2290 870 2317 sed
886 2298 940 2318 non

159 2331 302 2364 interfecit,
315 2333 389 2359 omni
413 2332 514 2366 populo
530 2332 611 2359 Israel
629 2333 837 2368 interveniente,
852 2340 877 2362 et
894 2343 941 2370 pe-

158 2382 230 2403 tente
252 2384 313 2404 eum
336 2376 369 2404 ad
384 2377 465 2404 vitam
491 2378 522 2403 ι’.
549 2377 602 2404 Sed
625 2378 696 2412 quod
713 2377 815 2407 Pilatus
838 2380 942 2408 dimisit

158 2429 241 2448 unutn
259 2422 377 2450 vinctum
396 2422 508 2457 populo,
525 2423 567 2449 vel
591 2423 655 2450 Sattl
671 2425 819 2452 secundum
833 2427 940 2460 petitio-

159 2475 218 2494 nem
231 2467 320 2502 populi
333 2468 404 2503 quod
417 2467 518 2495 dimisit
532 2467 688 2503 Jnnalham,
702 2477 755 2498 non
771 2476 814 2499 est
828 2466 938 2507 mirum;

157 2513 208 2539 sub
224 2513 302 2548 culpa
328 2514 400 2540 enim
425 2519 483 2540 erat
505 2514 648 2541 amborum
675 2516 822 2550 petentium
844 2518 937 2552 vitam,

157 2559 284 2594 quoniam
309 2559 393 2586 Judaei
421 2567 527 2594 semper
551 2560 661 2588 obnoxii
685 2567 773 2589 erant.
792 2563 843 2590 Sed
870 2563 937 2592 illud

157 2612 309 2639 quaeramus
331 2605 352 2632 si
369 2605 421 2632 tale
444 2605 545 2639 aliquid
570 2606 616 2633 fiat
628 2612 655 2634 et
670 2607 696 2634 in
711 2607 814 2642 judicio
836 2609 894 2642 Dei,
912 2616 938 2638 et

157 2650 245 2678 emnis
268 2650 388 2678 Ecclesia
411 2655 502 2684 petere
525 2651 611 2685 possit
627 2651 744 2686 aliquem
762 2659 935 2690 peccatorum

194 2751 217 2786 ‘7’,
233 2750 315 2777 Marc.
329 2759 373 2782 xv,
389 2751 431 2786 4.7
456 2751 477 2766 “
496 2751 588 2778 Matth.
607 2761 697 2786 xxv",
714 2753 745 2780 15

155 2783 179 2797 ’³
196 2785 287 2811 Μςιιιιι.
303 2793 386 2817 xxvtt,
404 2785 435 2812 l6
449 2791 474 2812 cl
492 2794 567 2819 seqq.

813 2755 834 2771 ”
852 2754 860 2781 Ι
882 2755 945 2791 Reg.
963 2765 1017 2783 x'tv.

995 2206 1056 2226 nem
1076 2199 1178 2226 scimus
1199 2197 1292 2225 Iesum
1317 2201 1498 2232 peccatorem,
1518 2196 1590 2222 sicut
1615 2196 1644 2222 in
1662 2195 1728 2223 aliis
1742 2202 1786 2221 no-

995 2244 1114 2272 minibus
1134 2243 1287 2271 invenitnus
1307 2242 1454 2277 justorum,
1466 2245 1496 2268 ut
1518 2240 1644 2274 ejusdem
1668 2239 1785 2267 nominis

995 2290 1165 2317 inveniantur
1185 2296 1246 2316 esse
1263 2287 1343 2315 etiam
1363 2286 1461 2322 iniqui,
1484 2290 1591 2321 utputa,
1614 2284 1707 2313 Judas
1721 2292 1785 2319 apo-

994 2335 1080 2363 stolus
1095 2334 1211 2367 Zelotcs,
1224 2339 1250 2361 et
1262 2332 1346 2360 Judas
1360 2331 1527 2367 patriarcha,
1545 2332 1612 2358 item
1630 2336 1658 2358 et
1675 2330 1785 2357 Nachr

993 2382 1067 2408 bteus
1079 2380 1173 2413 Judas,
1189 2387 1283 2406 omnes
1296 2377 1446 2405 laudabiles
1459 2385 1466 2404 :
1484 2376 1531 2404 sed
1547 2375 1637 2403 Judas
1651 2376 1784 2411 proditor.

993 2425 1025 2453 Et
1049 2426 1076 2452 itt
1097 2425 1196 2453 Genesi
1222 2424 1395 2451 inveniuntur
1421 2422 1545 2456 ejusdem
1571 2422 1697 2449 nominis
1727 2427 1784 2448 δερ

991 2472 1038 2499 filii
1062 2471 1137 2502 Seth,
1158 2475 1185 2497 et
1199 2469 1246 2496 filii
1264 2469 1343 2500 Cain,
1360 2469 1430 2495 sicut
1448 2467 1554 2499 Enoch,
1567 2472 1594 2494 et
1606 2466 1742 2497 Lantech,
1760 2470 1784 2491 et

991 2516 1168 2544 ll‘lathusaletn
1191 2525 1197 2542 :
1216 2523 1270 2542 non
1286 2519 1375 2541 autem
1389 2514 1573 2541 conveniebat
1585 2521 1649 2540 esse
1666 2513 1722 2539 tale
1737 2512 1783 2537 ali-

989 2562 1053 2598 quid
1071 2566 1096 2588 ct
1111 2561 1138 2588 in
1154 2561 1263 2588 nomine
1276 2559 1351 2587 Jesn.
1368 2558 1400 2586 Et
1420 2566 1488 2594 puto
1498 2559 1574 2594 quod
1589 2559 1617 2585 in
1634 2558 1780 2586 bam-esibus

990 2610 1041 2636 tale
1062 2607 1163 2642 aliquid
1191 2606 1395 2641 super-additum
1420 2610 1474 2637 est,
1500 2611 1531 2632 ut
1547 2605 1669 2633 habeant
1692 2604 1778 2637 aliqua

989 2654 1174 2683 convenientia
1190 2653 1280 2680 dicere
1291 2653 1390 2680 fabulis
1402 2653 1474 2686 suis,
1487 2652 1522 2680 de
1538 2652 1722 2680 similitudine
1735 2656 1778 2676 no-

1306 2756 1326 2771 "
1348 2754 1400 2782 lsa.
1423 2762 1443 2787 I,
1473 2756 1517 2782 lt.
1572 2757 1593 2772 ι’
1615 2755 1702 2783 lCor.
1717 2753 1775 2785 v.8.

1075 2757 1097 2771 ²⁰
1118 2755 1214 2783 Baruc.
1234 2764 1251 2782 ι.
