1839 3053
81 141 144 169 1775

635 137 960 167 COMMENTARIORUM
979 136 1111 166 SERIES.

1623 140 1692 168 ιτγι

79 201 155 227 minis
169 198 232 227 Iesu
250 204 277 227 et
290 199 427 227 Barabhar.
446 199 576 227 Existimo
589 199 660 226 enim
680 200 707 226 in
724 199 793 232 istis,
807 206 853 226 ve-
868 201 890 230 Α
904 199 954 226 cis.
977 198 1010 226 Et
1035 199 1096 226 vide
1116 198 1180 234 quia
1203 198 1308 234 justum
1332 198 1477 234 appellavit
1506 198 1597 227 Iesum
1622 208 1692 228 uxor

77 256 134 275 rtnn
157 248 265 283 aliquod
282 248 441 284 mysterium
455 247 648 279 demonstrari,
667 250 695 273 ut
719 246 856 273 Bai-abbas

78 294 181 329 quidem
197 294 361 321 constitutus
377 294 412 321 sit
436 293 468 320 ad
489 293 661 323 seditionem,
685 297 712 318 et
728 292 807 324 bella,
830 297 856 319 et

77 340 217 368 homicidia
237 339 359 367 iacienda
374 339 518 366 anitnabus
535 339 693 370 hominum;
709 337 789 365 Jesus
808 345 857 364 att-

76 391 125 413 tem
141 387 219 420 quasi
236 387 320 413 Filius
341 385 398 417 Dei,
420 391 446 412 et
467 393 517 420 pax
538 385 712 416 constitutus,
737 388 765 411 et
789 383 856 410 Ver-

75 433 147 465 bum,
167 437 193 460 et
214 433 362 467 Sapientia,
386 432 419 458 ad
438 432 529 458 omnia
558 431 638 458 bona.
662 430 693 457 Hi
714 437 779 465 ergo
801 430 856 457 duo

74 487 132 507 cum
149 479 204 506 sint
220 479 304 506 vincti
331 479 357 505 in
373 478 455 505 rebus
480 477 608 504 humanis
632 481 658 504 et
683 476 854 512 corporibus.

74 524 189 559 populus
216 523 261 551 ille
291 523 342 550 sibi
369 522 514 557 postulavit
539 521 642 549 absolvi
668 521 819 548 Barabbam
847 530 854 547 :

74 576 182 606 propter
196 578 276 605 quem
292 577 345 596 non
365 573 455 597 cessat
476 576 542 603 gens
558 568 603 595 illa
627 567 730 595 habens
744 567 856 594 seditio-

73 625 130 650 nes,
143 622 169 644 et
183 616 340 647 homicidia,
352 620 379 642 et
393 615 545 646 latrocinia,
555 614 704 642 secundum
722 613 854 648 quosdam

75 662 160 697 gentis
175 669 232 689 suae
243 661 270 688 in
286 660 367 688 rebus
384 668 444 695 quae
456 659 524 686 foris
540 660 688 692 habentur;
705 659 854 687 secundum

72 715 166 735 omnes
182 711 272 734 autem
284 706 392 734 Judteos
406 706 452 740 qui
468 713 520 732 non
537 705 650 732 credunt
664 704 768 736 Jesum,
781 705 855 732 intus

72 754 97 780 in
109 753 210 780 anima.
226 752 278 779 Ubi
296 752 367 778 enim
387 758 441 778 non
458 755 498 778 cst
520 750 610 783 Jesus,
626 750 681 777 illic
695 750 853 784 seditiones,

70 804 95 826 et
111 799 183 829 lites,
201 803 228 825 et
252 797 343 833 prmlia
370 801 444 824 sunt.
468 795 518 823 Ubi
544 801 634 823 autem
655 800 697 824 est
716 795 808 828 Iesus,
824 801 855 824 ut

70 844 158 871 dicere
173 843 279 878 possint
294 853 301 870 τ
321 842 351 870 Si
371 848 459 869 autem
476 842 598 869 Christus
615 842 643 868 in
662 842 746 875 nobis,
759 850 853 876 corpus

69 888 172 923 quidem
196 892 330 913 mortuum
351 891 456 921 propter
471 889 616 920 peccatum,
633 885 743 918 spiritus
765 888 853 910 autem

68 934 120 960 vita
132 939 239 968 propter
247 933 383 967 justitiam
394 932 436 958 ’δι
450 931 486 958 ibi
499 935 561 958 sunt
574 931 665 957 omnia
677 930 759 957 simul
772 930 853 962 bona,

69 985 93 1006 et
105 978 320 1006 innumerabiles
331 977 433 1004 divitia:
447 977 583 1011 spiritales
599 976 626 1003 ili
642 976 767 1003 manibus
782 976 852 1010 ejus,

68 1029 94 1051 et
110 1033 172 1059 pax.
189 1023 249 1058 Ipse
269 1028 308 1050 est
322 1024 391 1050 enim
415 1030 468 1057 pas
487 1027 578 1049 nostra
596 1022 641 1056 qui
659 1021 719 1056 fecit
743 1025 854 1056 utraque

68 1079 148 1098 unum
164 1071 198 1097 ’⁵.
218 1070 249 1097 Ει
266 1070 288 1098 si
304 1070 366 1105 quis
379 1070 469 1096 videat
482 1069 647 1097 contrariam
664 1069 737 1095 illam
758 1076 855 1103 opera-

68 1117 181 1148 tionem,
203 1119 348 1150 cognoscet
374 1115 503 1150 quoniam
530 1115 587 1149 ipse
611 1119 652 1141 est
678 1114 705 1141 in
726 1114 853 1142 omnibus

66 1161 176 1188 vinctus
195 1159 310 1194 insignis
327 1159 475 1191 Barabbas,
492 1167 572 1194 quem
588 1159 639 1186 sibi
663 1158 729 1186 solvi
748 1159 855 1187 deside-

66 1210 143 1237 rant,
170 1212 225 1231 non
250 1204 339 1231 solum
363 1210 428 1231 tunc
453 1211 570 1239 peccans
594 1204 678 1231 lsracl
704 1204 853 1231 secundum

67 1257 188 1283 carnem,
206 1250 252 1277 sed
270 1255 298 1278 et
317 1257 412 1277 omnes
434 1249 480 1285 qui
495 1250 536 1277 eis
557 1249 660 1277 similes
681 1254 755 1281 sunt,
771 1249 812 1276 vel
827 1249 853 1276 in

66 1294 205 1331 dogmate,
219 1295 261 1322 Vel
277 1295 304 1322 in
330 1295 395 1322 vita.
414 1295 576 1330 Quicunque
599 1302 664 1330 ergo
690 1295 760 1322 mala
785 1295 852 1330 agit,

66 1341 175 1368 solutus
189 1345 230 1368 est
245 1341 272 1367 in
290 1348 406 1375 corpore
420 1341 479 1377 ejus
493 1340 643 1374 Barabbas,
659 1340 784 1369 Christus
805 1348 854 1368 au-

66 1388 120 1411 tem
145 1386 264 1412 vinctus.
283 1385 335 1418 Qui
352 1390 442 1412 autem
458 1385 529 1413 bona
544 1386 608 1420 agit,
626 1386 751 1414 Christus
766 1386 790 1414 ei
806 1394 853 1414 so-

66 1428 140 1456 lutus
153 1433 205 1460 est,
223 1429 361 1457 Barabhas
379 1434 469 1456 autem
482 1429 601 1457 vinctus.

102 1475 164 1502 122.
180 1474 291 1502 Sedente
303 1480 390 1502 autem
406 1484 435 1502 eo
446 1483 494 1510 pro
505 1475 643 1507 tribunali,
661 1476 732 1502 misit
746 1477 780 1503 ad
794 1484 853 1503 eum

64 1529 134 1548 uxor
146 1522 203 1556 ejus
216 1521 304 1549 dicens
321 1531 330 1548 :
346 1520 422 1548 Nihil
441 1521 475 1548 sit
492 1522 551 1553 tibi,
567 1525 593 1548 et
605 1521 679 1556 justo
694 1522 746 1549 illi.
766 1521 853 1549 Multa

64 1565 134 1590 enim
146 1572 226 1598 passa
244 1573 302 1591 sum
323 1565 401 1591 hodie
419 1573 464 1599 per
477 1565 562 1592 visunt
576 1570 682 1599 propter
693 1574 752 1592 eum
771 1566 805 1593 “.
821 1566 853 1594 Et

63 1608 144 1637 Jesus
160 1610 269 1645 quidem
288 1618 335 1644 per
350 1610 479 1637 invidiam
500 1610 617 1638 traditus
630 1615 700 1645 erat,
712 1616 739 1639 et
752 1612 788 1639 ita
805 1620 854 1647 per

65 1655 197 1682 invidiam
221 1655 405 1689 manifestam,
425 1660 454 1683 ut
473 1657 554 1684 etiam
580 1657 684 1685 Pilatus
708 1665 768 1685 eam
797 1665 852 1685 non

64 1700 212 1734 ignoraret.
232 1699 331 1727 Volunt
352 1705 441 1727 autem
458 1702 631 1736 evangelista:
645 1710 698 1729 non
715 1702 853 1737 prteterire

62 1752 120 1772 rem
145 1745 245 1773 divinae
270 1746 447 1780 providentiae
469 1747 576 1774 laudem
594 1747 640 1775 Dei
656 1748 851 1780 continentem,

62 1793 110 1826 qui
125 1793 214 1820 voluit
228 1800 276 1827 per
289 1793 376 1819 visum
391 1797 550 1820 convertere
569 1793 646 1821 Pilati
671 1801 795 1825 uxorem,
811 1797 851 1825 ut,

60 1842 198 1872 quantum
214 1838 247 1865 ad
271 1845 310 1870 se,
328 1841 431 1865 vetaret
450 1838 538 1865 virum
554 1846 634 1866 suum
655 1843 684 1866 ut
697 1846 731 1866 ne
753 1838 852 1866 audeat

61 1887 160 1910 contra
185 1883 278 1910 Jesum
302 1883 425 1918 proferre
439 1884 612 1911 sententiam.
629 1883 660 1911 Et
675 1885 763 1911 visum
790 1884 853 1919 qui-

63 1929 128 1956 dem
155 1937 209 1957 non
229 1930 354 1964 exposuit
379 1929 531 1962 Matthaaus,
551 1934 656 1957 tantum
679 1934 769 1957 autem
783 1931 852 1958 dixit

58 1974 126 2008 quia
139 1974 225 2001 multa
237 1982 316 2008 passa
327 1978 386 2002 erat
402 1982 450 2009 per
465 1975 553 2002 visum
576 1979 685 2009 propter
698 1974 802 2002 Jesum.
818 1974 852 2002 Et

58 2019 123 2047 ideo
147 2027 195 2054 per
218 2020 306 2047 visum
327 2027 406 2054 passa
429 2025 470 2047 cst
494 2027 527 2047 ne
552 2021 667 2055 amplius
689 2025 849 2055 pateretur:

59 2070 90 2092 ut
115 2065 225 2092 beatam
243 2065 329 2092 fuisse
343 2065 466 2093 dicamus
479 2065 558 2093 Pilati
582 2073 704 2098 uxorem,
723 2073 783 2100 qua:
797 2074 844 2101 per

58 2110 151 2138 visum
180 2118 259 2145 passa
280 2115 322 2138 est
347 2111 430 2138 multa
454 2116 564 2146 propter
579 2111 684 2143 Jesum.
703 2115 730 2138 et
748 2111 850 2146 recepit

57 2164 107 2191 per
122 2158 214 2183 visum
231 2157 303 2191 quod
320 2162 378 2184 erat
393 2165 517 2191 passura.
537 2157 576 2184 Ex
592 2165 648 2192 quo
663 2158 773 2185 audebit
787 2158 850 2193 quis

909 244 998 277 Pilati,
1014 251 1048 272 ne
1067 244 1137 271 forte
1155 245 1313 280 mysterium
1334 245 1370 272 sit
1386 245 1443 272 haec
1459 253 1528 272 uxor
1544 245 1623 272 Pilati
1642 245 1693 273 Ec-

908 290 998 317 clesia:
1009 298 1042 317 ex
1057 289 1193 324 gentibus,
1207 298 1268 325 quae
1284 291 1432 325 aliquando
1454 291 1566 326 quidem
1581 292 1694 326 regeba-

908 340 952 362 tur
965 343 980 362 a
995 335 1092 368 Pilato,
1109 343 1181 363 nunc
1196 340 1287 363 autem
1306 336 1363 369 jam
1380 344 1434 364 non
1453 341 1495 365 est
1515 337 1567 365 sub
1582 344 1617 364 eo
1630 345 1694 372 pro-

908 385 967 414 pter
981 380 1060 408 [idem
1074 388 1151 408 suam
1166 381 1193 408 in
1210 381 1330 409 Christo.

945 426 1005 453 125.
1024 426 1158 461 Principes
1171 431 1259 454 autem
1276 427 1443 454 sacerdotum
1460 431 1485 454 et
1497 427 1612 455 seniores
1632 436 1693 463 per—

907 476 1046 498 suaserunt
1062 472 1158 506 populo
1177 476 1206 498 ut
1222 477 1336 506 peterent
1350 473 1510 505 Barabbam,
1528 472 1620 500 Iesum
1635 481 1693 500 vero

907 519 1052 552 perderent.
1076 518 1242 554 Respondeas
1271 524 1359 546 autem
1383 528 1478 554 praeses
1503 520 1572 546 dixit
1597 520 1653 550 illis
1682 527 1693 547 :

907 565 988 596 Quem
1003 564 1081 591 vultis
1097 565 1128 591 de
1139 564 1238 591 duobus
1254 565 1386 592 dimittam
1403 565 1474 592 uobis
1485 566 1498 592 ?
1509 565 1543 592 At
1559 565 1600 591 illi
1615 565 1693 592 dixe-

907 614 988 636 runt:
1003 610 1152 636 Barabbam
1168 610 1200 637 ²⁸.
1217 609 1248 637 Ει
1269 614 1310 637 est
1324 609 1415 637 videre
1433 618 1519 645 usque
1536 618 1609 638 nunc
1624 618 1694 645 quo-

906 655 987 682 modo
1001 655 1117 690 populus
1133 655 1287 682 Iudaeorum
1305 663 1320 682 a
1338 655 1494 683 senioribus
1518 656 1576 684 suis
1596 660 1623 683 et
1644 655 1694 683 Ju-

906 701 990 728 daicae
1007 702 1120 728 culturae
1138 701 1295 729 doctoribus
1308 701 1439 728 suadetur
1455 705 1484 728 et
1497 702 1632 730 excitatur
1645 702 1694 729 ad-

907 754 1001 774 versus
1023 746 1115 774 Jesum
1144 751 1173 774 ut
1184 747 1307 781 .perdant
1324 755 1397 780 eum,
1414 752 1546 782 quantum
1559 747 1594 776 ad
1609 755 1650 780 se,
1666 752 1695 776 et

907 791 1024 818 habeant
1047 791 1195 819 Barabbam
1216 793 1345 820 solutum.
1366 792 1582 821 Creduntenim
1606 793 1694 821 turba:

906 836 1075 872 principibus
1086 841 1113 864 et
1129 838 1315 865 sacerdotibus
1327 838 1397 865 suis.
1410 838 1574 873 Plerumque
1584 843 1612 870 ct
1624 846 1694 873 pra:-

905 890 948 909 scs
960 883 1068 917 quidem
1084 883 1150 910 dicit
1164 883 1196 910 ad
1214 883 1342 918 populum
1360 893 1366 911 :
1383 884 1466 916 Quem
1483 884 1562 911 vultis
1577 892 1610 912 ea:
1623 885 1692 912 duo-

905 927 952 954 bus
979 928 1114 955 dimittam
1129 929 1204 956 .uobis
1229 929 1270 956 ὀἳ
1285 929 1383 957 Tui-ba;
1401 934 1503 962 autem,
1528 931 1607 965 quasi
1622 938 1694 958 verat

905 973 991 1000 turbae
1009 978 1035 1001 ct
1049 975 1150 1007 multae,
1165 982 1225 1009 qua:
1237 975 1384 1009 spatiosam
1399 975 1484 1011 919
1499 981 1526 1003 et
1539 976 1692 1011 perducen-

905 1021 958 1044 tem
974 1018 1007 1045 ad
1028 1019 1207 1052 perditionem
1223 1019 1363 1047 ambulant
1383 1021 1466 1052 viam,
1484 1021 1621 1056 petierunt
1641 1021 1693 1049 Ba-

905 1062 1016 1090 rabham
1042 1064 1120 1097 solvi,
1138 1064 1260 1092 volentes
1278 1072 1343 1092 eum
1363 1066 1416 1093 sibi
1441 1066 1542 1094 habere
1559 1067 1692 1096 solutum.

939 1109 1011 1136 124..
1021 1108 1092 1136 Dicit
1106 1110 1143 1136 eis
1159 1109 1286 1137 Pilatus:
1305 1110 1375 1142 Quid
1392 1120 1452 1147 ergo
1465 1112 1564 1147 faciam
1580 1113 1613 1141 de
1626 1113 1692 1142 Iesu

904 1156 949 1191 qui
968 1156 1069 1182 dicitur
1091 1156 1233 1184 Christus?
1249 1157 1346 1184 Dicunt
1365 1166 1453 1185 omnes
1469 1166 1478 1187 .'
1493 1158 1690 1194 Cruci/igatur,

904 1207 931 1229 et
945 1206 1042 1229 caetera
1061 1202 1094 1228 ³⁸³.
1118 1201 1216 1230 Volens
1234 1203 1275 1230 eis
1290 1203 1422 1238 pudorem
1441 1208 1521 1231 tantm
1538 1204 1692 1239 iniquitatis

904 1246 1028 1274 incutere
1053 1246 1175 1280 Pilatus,
1202 1247 1353 1277 diciteis;
1368 1248 1439 1281 Quid
1458 1257 1520 1284 ergo
1536 1249 1634 1283 faciant
1658 1251 1691 1278 de

903 1291 967 1319 Iesu
979 1293 1022 1328 qui
1039 1293 1138 1319 dicitur
1153 1293 1274 1321 Christus
1283 1286 1366 1322 Y'Non
1381 1295 1468 1322 solum
1485 1300 1586 1329 autem,
1603 1297 1650 1324 sed
1664 1301 1691 1324 et

905 1346 1062 1366 mensuram
1076 1340 1205 1374 colligere
1227 1340 1322 1368 volens
1346 1340 1494 1376 impietatis
1517 1348 1623 1368 eorum.
1652 1341 1690 1369 Illi

904 1388 1004 1416 autem,
1024 1391 1074 1411 nec
1098 1384 1150 1411 hoc
1171 1384 1362 1413 erubescentes
1383 1386 1456 1420 quod
1479 1385 1583 1414 Pilatus
1596 1386 1690 1414 Jesum

905 1429 1044 1457 Christum
1056 1437 1118 1457 esse
1134 1429 1325 1462 conﬁtebatur,
1349 1438 1399 1458 nec
1417 1431 1528 1458 modum
1542 1432 1690 1466 impietatis

905 1480 1054 1506 servantes,
1069 1475 1197 1503 dixerunt
1208 1484 1303 1504 omnes
1317 1486 1324 1505 :
1339 1476 1529 1512 Cruciﬁgatur.
1541 1476 1574 1505 Et
1591 1478 1615 1511 si
1628 1479 1690 1512 qui-

905 1521 965 1548 dem
993 1521 1144 1549 Barabbam
1170 1523 1302 1557 petissent
1327 1523 1484 1556 dimittere,
1500 1531 1569 1553 ,non
1593 1529 1689 1556 autem

905 1569 1017 1593 econtra
1041 1572 1068 1594 et
1093 1566 1233 1594 Christum
1257 1567 1442 1601 postulassent
1456 1567 1490 1594 ad
1504 1575 1624 1601 crucem,
1646 1574 1689 1596 ut-

905 1615 981 1646 puta,
1003 1611 1156 1639 Barabbam
1182 1611 1291 1647 quidem
1313 1613 1455 1648 petiissent
1469 1614 1693 1647 .absole.huttc_

905 1662 996 1685 autem
1013 1665 1065 1685 non
1076 1658 1220 1695 petiissent
1233 1658 1365 1693 cruciﬁgi,
1382 1659 1429 1686 sed
1446 1659 1477 1687 in
1493 1663 1632 1694 potestate,
1648 1661 1690 1687 di-

906 1703 1046 1730 misisscnt
1061 1699 1139 1730 Pilati
1156 1708 1186 1730 ut
1199 1703 1300 1731 faceret
1313 1704 1346 1731 dc
1358 1712 1391 1731 eo
1406 1705 1478 1738 quod
1494 1705 1689 1738 vcllct,,adhuc

906 1754 1012 1781 magnae
1027 1752 1098 1774 esset
1118 1747 1265 1782 impietatis
1278 1747 1361 1782 quod,
1380 1747 1475 1774 relicto
1486 1747 1563 1782 justo
1573 1767 1580 1780 ,
1599 1749 1689 1775 homi<

904 1793 992 1819 cidam
1008 1792 1162 1828 petiissent:
1181 1801 1253 1821 nunc
1269 1797 1359 1820 autem
1374 1793 1623 1828 multiplicaverunt
1637 1795 1688 1821 im-

904 1838 1013 1873 pietatis
1026 1846 1083 1866 sure
1096 1846 1264 1872 mensuram,
1281 1847 1334 1866 non
1351 1839 1438 1867 solum
1461 1839 1624 1867 homicidam
1639 1848 1688 1875 po-

904 1885 1037 1912 stulantes
1062 1885 1095 1911 ad
1125 1885 1224 1917 vitam,
1248 1885 1294 1912 sed
1317 1885 1400 1911 etiam
1423 1884 1527 1918 justum
1553 1885 1586 1912 ad
1612 1893 1686 1913 mor-

904 1934 957 1957 tem
981 1935 1007 1957 et
1038 1930 1070 1957 ad
1099 1935 1213 1957 mortem
1246 1930 1431 1964 turpissimam
1463 1930 1561 1957 crucis.
1591 1931 1688 1958 Adhuc

903 1980 993 2004 autem
1021 1983 1183 2011 permanens
1217 1976 1243 2002 in
1270 1983 1302 2002 eo
1325 1976 1384 2009 ipso
1411 1975 1484 2010 quod
1518 1975 1688 2004 confundere

903 2029 950 2049 eos
977 2022 1102 2053 volebat,
1130 2026 1160 2048 ut
1186 2021 1229 2048 vel
1255 2021 1362 2048 confusi
1391 2021 1424 2047 ad
1457 2021 1616 2048 electionem
1642 2022 1687 2056 ju-

903 2065 937 2092 sli
955 2065 1089 2097 venirent,
1114 2065 1165 2092 etsi
1188 2072 1240 2091 non
1259 2073 1291 2091 ex
1306 2065 1410 2098 judicio
1427 2065 1528 2097 cordis,
1543 2065 1607 2093 dicit
1621 2066 1662 2093 eis
1679 2075 1685 2093 :

903 2109 974 2143 Quid
987 2111 1054 2137 enim
1068 2110 1135 2137 male
1155 2111 1217 2144 fecit
1231 2111 1250 2125 "
1261 2111 1272 2137 Ἰ
1285 2110 1386 2137 Contra
1401 2111 1452 2137 hoc
1468 2111 1535 2137 nihil
1556 2112 1688 2139 habentes

901 2157 973 2191 quod
988 2157 1182 2192 responderent
1193 2178 1201 2190 ,
1218 2158 1335 2191 amplius
1354 2157 1550 2189 clamaverunt,
1565 2165 1618 2184 non
1639 2158 1687 2185 de-

56 2202 153 2230 dicere
167 2202 298 2236 quoniam
318 2203 415 2230 melius
438 2208 479 2230 est
501 2204 620 2238 recipere
638 2204 755 2239 aliquem
779 2205 850 2232 mala
867 2208 888 2235 ι)
902 2208 1043 2237 ponentes,
1061 2203 1108 2230 sed
1132 2209 1263 2238 augentes
1284 2203 1376 2235 iram,
1400 2203 1611 2235 animositatem,
1630 2203 1688 2230 bla-

56 2248 85 2275 in
108 2249 174 2275 visu
198 2255 279 2282 quam
298 2248 417 2282 recipere
438 2248 464 2275 in
484 2249 548 2275 vita.
564 2248 632 2281 Quis
643 2249 715 2276 enim
733 2257 785 2276 non
802 2249 850 2276 eli-

55 2300 104 2330 gat
121 2302 173 2329 per
188 2294 276 2321 visum
292 2294 362 2320 mala
385 2301 433 2320 sua
459 2294 578 2328 recipere
593 2295 620 2321 in
645 2295 700 2321 vita
722 2302 782 2328 sua,
797 2295 850 2322 nisi

55 2341 130 2368 forte
148 2340 214 2367 talia
226 2344 362 2367 mereatur
376 2343 405 2366 ut
425 2340 550 2374 expediat
564 2341 589 2367 ei
608 2340 714 2368 acriora
730 2341 849 2376 recipere

55 2387 84 2413 in
109 2386 171 2412 vita
194 2393 242 2412 sua
268 2386 358 2420 potius
371 2392 452 2419 quam
473 2385 594 2419 recipere
608 2385 708 2413 leviora
726 2386 752 2412 in
769 2385 849 2412 visu?

53 2432 228 2459 Consolatur
247 2433 319 2459 enim
333 2437 359 2459 et.
373 2432 519 2467 requiescit
529 2432 557 2458 in
577 2431 683 2458 sinibus
696 2431 812 2458 Abt-aha:
827 2431 848 2446 "’

52 2478 103 2513 qui
121 2477 228 2512 recepit
242 2478 311 2504 mala
325 2478 350 2504 in
365 2477 418 2504 vita
438 2485 498 2510 sua,
512 2481 539 2504 et
553 2484 607 2503 non
627 2477 685 2504 haec
700 2476 771 2503 mala
787 2484 850 2511 qua:

52 2526 165 2560 recepit
184 2525 211 2551 in
227 2524 287 2551 visu
301 2532 370 2557 suo;
387 2524 534 2551 secundum
548 2523 622 2558 quod
638 2527 666 2550 et
680 2523 848 2550 consolatio-

52 2579 119 2598 nem
139 2570 261 2597 habebit.
278 2569 374 2596 Utrum
388 2573 477 2596 autem
494 2574 521 2596 et
536 2569 644 2596 initium
667 2568 765 2595 habeat
779 2575 847 2595 con-

52 2616 198 2645 versionis
214 2616 246 2643 ad
262 2615 345 2643 Deum
358 2623 391 2643 ex
404 2623 436 2643 eo
448 2616 520 2650 quod
532 2616 616 2642 multa
629 2620 737 2649 propter
751 2614 844 2641 Jesum

51 2664 148 2690 iuerat
166 2669 245 2696 passa
264 2669 312 2696 per
325 2662 424 2694 visum,
442 2661 513 2689 Deus
530 2662 600 2689 scit:
615 2666 706 2688 tamen
722 2660 845 2688 contine-

49 2713 98 2734 tur
115 2707 204 2735 etiam
220 2707 272 2734 hoc
286 2707 313 2733 in
335 2707 483 2741 scripturis
500 2706 663 2741 quibusdam
685 2714 738 2734 non
756 2705 844 2740 publi-

85 2811 112 2827 ’⁸
133 2808 355 2848 ηοπιιγειιρβρκ
390 2807 588 2848 ’⁸.-Ερὶιίῖειηϋο
607 2807 649 2848 ’έ-

45 2851 75 2873 ct
90 2853 176 2880 seqq.
215 2845 238 2860 ⁸⁸
251 2843 370 2872 ibid.2l.
410 2844 431 2860 ³³
449 2843 515 2870 ibid.
530 2843 575 2870 2‘2.

620 2843 640 2858 ³¹
658 2842 724 2869 ibid.
743 2843 789 2869 '25.
828 2843 850 2858 "
867 2842 933 2869 ibid.

902 2248 1063 2283 sphemiam,
1078 2252 1105 2275 et
1116 2248 1263 2276 dixerunt:
1279 2248 1459 2283 Cruci/igutur
1469 2248 1501 2274 ³¹.
1516 2248 1619 2276 Pilatus
1635 2256 1687 2275 au-

903 2298 967 2326 tem,
985 2294 1078 2321 videns
1092 2295 1164 2328 quod
1179 2294 1245 2321 nihil
1261 2294 1403 2328 proliceret
1415 2315 1421 2325 .
1437 2294 1551 2321 Judaico
1565 2302 1630 2321 usus
1647 2299 1688 2321 est

902 2348 989 2373 more,
1010 2340 1102 2367 volens
1120 2347 1167 2367 eos
1183 2339 1217 2366 de
1230 2339 1332 2366 Christi
1355 2339 1509 2365 innocentia
1526 2347 1579 2365 non
1598 2339 1687 2365 solum

902 2386 1003 2419 verbis,
1027 2386 1074 2413 sed
1086 2385 1168 2413 etiam
1187 2385 1246 2420 ipso
1259 2385 1330 2412 iacto
1344 2385 1450 2420 placare
1464 2385 1486 2411 si
1501 2385 1646 2418 voluerint,
1663 2386 1686 2412 si

900 2436 990 2458 autem
1012 2431 1159 2462 noluerint,
1181 2431 1375 2462 condemnare,
1399 2430 1501 2458 faciens
1517 2438 1571 2457 non
1586 2439 1686 2458 secun-

900 2477 1096 2511 dumaliquam
1116 2477 1343 2504 consuetudinem
1364 2476 1560 2504 Romanorum.
1575 2476 1686 2512 Accepit

899 2523 971 2550 enim
990 2531 1088 2557 aquam
1108 2523 1134 2549 in
1150 2527 1298 2556 conspectu
1311 2522 1444 2554 omnium,
1462 2527 1489 2549 et
1510 2522 1603 2549 lavans
1626 2530 1686 2549 ma-

900 2577 952 2596 nus
968 2577 1032 2596 suas
1046 2569 1115 2595 dixit
1134 2577 1140 2594 :
1158 2567 1286 2595 Imtocens
1309 2577 1355 2602 ego
1373 2577 1430 2595 sum
1452 2578 1468 2596 α
1493 2569 1620 2603 sanguine
1636 2569 1684 2594 Itu—

895 2614 960 2648 jus;
976 2623 1018 2640 vos
1032 2614 1150 2641 videritis
1161 2614 1194 2641 ³⁵.
1215 2613 1246 2641 Ει
1272 2614 1329 2648 ipse
1354 2615 1463 2648 quidem
1488 2623 1518 2642 se
1543 2615 1617 2647 lavit,
1645 2614 1683 2640 illi

899 2665 988 2687 autem
1015 2667 1069 2687 non
1100 2660 1189 2687 εοιιιιη
1217 2668 1247 2687 se
1268 2660 1400 2686 mundare
1416 2661 1563 2688 noluerunt
1584 2668 1599 2688 a
1618 2668 1682 2688 Silli-

900 2706 980 2740 guinc
1002 2705 1115 2739 Christi,
1140 2706 1187 2733 sed
1203 2706 1285 2733 etiam
1303 2713 1385 2740 super
1400 2713 1429 2732 se
1445 2710 1625 2740 susceperunt
1640 2705 1683 2732 di-

699 2807 721 2826 ὀ
741 2806 835 2834 Matth.
852 2813 924 2833 xxvii
936 2826 944 2839 ,
963 2807 1007 2843 19.
1044 2807 1065 2822 ⁸⁷
1086 2806 1151 2834 Luc.
1171 2815 1226 2840 xvr,
1243 2808 1289 2841 ‘22,
1304 2809 1350 2837 25.
1390 2808 1412 2825 ³⁸
1430 2807 1524 2836 Matth.
1541 2815 1634 2843 xxv",
1648 2808 1683 2835 20

972 2842 994 2857 ³³
1011 2842 1064 2869 ibid
1093 2843 1139 2870 Ἣ.
