1839 3053
170 102 187 131 ’4
195 109 246 132 77':

752 105 916 134 ORICENIS
935 106 967 133 l.\"
989 106 1196 135 ΜΑΤΤΙΙᾹΣΕΜ

1731 111 1779 138 Ηῗῦ

168 170 275 192 centes:
287 163 399 198 Sanguis
407 165 638 199 ejussttpernos,et
648 165 908 199 suprrﬁtiosnostros
915 165 947 192 ³³.
965 171 984 199 Α
1001 166 1072 200 quod
1087 171 1113 192 et
1128 174 1177 193 nos
1190 173 1310 200 quaerere
1323 168 1469 194 voluerunt
1480 167 1589 194 exitum
1608 167 1646 194 rei
1659 167 1690 194 de
1704 176 1778 195 comm

149 209 281 245 .i’r‘opter
298 210 348 236 hoc
371 211 409 236 rei
429 210 491 236 facti
516 215 579 237 sunt
595 217 648 236 non
669 211 756 236 solum
775 210 801 236 in
818 212 952 245 sanguine

164 256 371 290 prophetarum,
385 256 430 282 scd
443 255 586 290 implentes
596 263 753 282 mensuram
768 262 874 289 patrum
883 264 949 282 suo-

134 296 140 300 ”
165 301 393 333 mmylacti‘srtut
411 301 447 328 rei
463 302 490 328 itt
507 302 639 336 sanguine
655 301 755 327 (Ihristi
768 321 775 333 ,
795 306 823 327 ut
838 302 950 328 audiant

165 345 251 373 Deum
272 347 331 374 .sihi
355 348 487 374 dicentem
503 348 523 363 "
541 357 547 374 :
567 347 632 374 Cum
662 347 832 374 extenderitis
855 355 948 374 manus

163 386 263 420 remos
273 393 310 418 ad
325 401 367 419 me
378 413 385 425 ,
401 398 517 419 avertam
531 394 620 420 oculos
638 402 708 420 meos
728 403 743 421 a
755 394 843 425 vobis;
855 402 948 420 manus

144 429 147 431 ’
163 430 336 464 enminet/riu
348 439 475 472 sanguine
490 438 574 472 plena!
584 444 655 466 sunt.
672 439 816 474 Propterea
833 441 946 474 sanguis

162 481 225 509 Jesu
245 489 299 508 non
313 483 400 509 solum
423 491 505 518 super
519 491 567 510 eos
584 484 671 512 factus
689 489 730 512 est
745 486 790 518 qui
808 490 873 512 tunc
891 486 948 512 fue-

162 531 235 558 runt,
254 535 347 554 ψει-ιλιι]
372 527 452 554 (‘lialll
479 535 561 562 super
581 536 677 555 omnes
691 529 879 564 generationes
899 529 948 556 δυ’

160 574 281 600 datorum
293 578 354 607 post
371 577 515 607 sequentes
524 581 611 608 usque
624 574 657 600 ad
671 575 944 602 consummationem.

160 618 411 655 Propter-eamque
431 626 504 646 nunc
520 619 618 646 domus
636 627 731 647 eorum
754 621 884 648 derelicta
905 626 946 648 est

159 666 199 692 ris
210 666 326 693 dosorta.
346 665 449 692 Pilatus
460 671 549 692 autem
562 666 663 694 oblitus
675 667 820 694 verborum
833 675 943 694 suorum

159 711 293 738 bonorqu
307 711 420 745 :quibus
445 716 566 746 cmperat
592 711 737 739 defendere
760 713 943 740 innocentiam

158 756 271 788 Christi,
287 755 426 783 declinans
443 757 475 783 ad
496 756 608 788 malum,
639 764 694 784 non
714 757 803 785 solum
834 758 944 785 tradidit

155 801 262 835 Jesum,
284 801 331 829 sed
353 802 435 829 etiam
453 802 565 837 ﬂagellis
584 810 684 830 caesum
702 803 812 831 tradidit
829 809 858 831 ut
879 812 942 831 eru-

156 848 297 883 eitigcrent
319 855 392 875 eum.

158 898 166 917 i
192 894 252 920 125.
270 893 342 920 Tum:
358 893 454 920 milites
470 893 591 928 prwsidis
611 898 779 928 susceperunt
800 893 891 921 Iesum
918 894 945 920 in

154 940 318 974 pratorinm,
338 944 361 965 et
383 944 601 974 congregavernnt
622 939 657 966 ad
673 947 732 966 eum
753 944 836 966 totam
851 939 944 965 cohor-

154 991 216 1019 tem,
231 991 255 1012 et
266 986 408 1012 induerunt
421 993 480 1012 eum
494 985 657 1020 chlamydem
669 985 828 1014 coccineum.
844 989 868 1011 et
885 993 944 1018 pur-

152 1038 246 1065 puram
266 1030 493 1057 circumdederunt
512 1031 547 1062 ei,
564 1035 588 1056 et
609 1038 732 1057 coronam
752 1031 783 1056 de
802 1030 884 1063 spinis
898 1037 941 1063 p0-

148 1082 259 1111 ἐπει-νηί
280 1084 358 1111 super
376 1080 454 1110 caput
473 1076 540 1109 eius,
563 1081 587 1103 et
606 1076 763 1103 arundinem
783 1076 811 1102 in
833 1076 942 1102 dextera

151 1124 218 1158 ejus.
236 1128 259 1150 et
276 1123 489 1158 adgeuiculantes
511 1131 550 1155 se,
567 1123 723 1149 deludebant
736 1130 794 1149 eum
810 1122 941 1149 dicentes:

152 1171 214 1201 Are,
229 1177 275 1196 rea;
287 1168 444 1196 J-udxorum
457 1169 489 1195 ".
507 1167 659 1195 Verisimile
671 1173 721 1201 est,
737 1173 766 1194 ut
781 1167 807 1194 in
826 1168 942 1202 printer-

150 1215 203 1243 diis
224 1221 288 1243 tunc
313 1215 418 1242 noviter
436 1215 518 1242 erecti
543 1214 728 1249 imperatoris,
749 1214 858 1245 utilitas,
876 1221 942 1240 non-

149 1262 214 1289 dum
241 1262 390 1296 disciplina
417 1261 541 1288 ordinem
568 1264 762 1288 conservantes
789 1260 940 1292 decentem,

149 1313 225 1335 extra
238 1307 463 1335 consuetudinem
479 1307 628 1341 disciplinae
643 1314 703 1340 qua:
714 1313 787 1332 nunc
800 1310 851 1337 est,
869 1305 941 1332 face-

148 1359 209 1382 rent
222 1355 247 1381 in
261 1355 440 1385 Salvaturem,
456 1353 565 1387 quando
580 1352 744 1387 accipientes
757 1360 818 1378 cum
833 1352 858 1378 itt
873 1359 941 1386 prm-

149 1402 247 1428 torium
263 1404 497 1436 cougiegaverunt
512 1403 595 1426 totam
611 1399 762 1431 cohortem,
776 1402 802 1425 et
819 1397 940 1425 fecerunt

147 1455 208 1482 quat
227 1447 323 1474 fecisse
345 1447 482 1479 dicuntur,
501 1445 591 1472 lusutn
612 1445 664 1472 sibi
683 1444 776 1472 Jesum
798 1444 938 1476 facientes,

147 1497 256 1527 propter
273 1492 344 1526 quod
363 1491 520 1518 nominatus
535 1490 623 1517 fuerat
639 1498 686 1517 rex
700 1489 867 1517 Iudaeorum.
883 1489 940 1524 Ego

146 1543 236 1564 autem
256 1541 321 1571 puto
345 1537 443 1563 milites
458 1536 564 1568 fecisse,
579 1536 756 1570 operantibus
773 1536 799 1561 in
825 1543 854 1562 se
870 1535 937 1562 invi-

147 1583 271 1611 sibilibus
293 1583 412 1618 regibus,
430 1587 457 1609 et
483 1582 649 1617 principibus
666 1582 758 1609 saculi
776 1581 868 1616 hujus,
889 1582 934 1615 qui

146 1630 284 1656 astiterunt
303 1633 328 1655 et
350 1632 524 1654 convenerunt
545 1627 571 1654 in
593 1635 673 1653 unum
696 1627 821 1653 adversus
844 1626 936 1653 Domi-

145 1683 208 1703 num
229 1680 253 1702 et
277 1674 400 1702 adversus
422 1674 556 1702 Christum
574 1673 630 1708 ejus
644 1673 675 1706 ³⁷,
697 1678 727 1700 ut
751 1673 873 1700 videatur
890 1672 933 1699 illa

143 1721 249 1748 delusio
261 1728 355 1747 eorum
369 1720 460 1755 potius
475 1720 559 1747 fuisse
569 1727 650 1754 quam
667 1719 824 1750 hominum;
839 1725 932 1745 eorum

144 1774 234 1795 autem
260 1768 306 1802 qui
331 1775 383 1794 non
406 1772 591 1802 cognoverunt
615 1766 640 1793 itt
665 1766 708 1792 illa
731 1765 934 1800 dispensatione

144 1814 303 1849 sapientiam
321 1813 367 1840 Dei
381 1822 388 1840 τ
405 1812 435 1840 Si
446 1813 515 1840 enim
530 1812 719 1846 cognovissent,
735 1818 867 1845 nunquam
880 1809 933 1836 Do-

143 1861 243 1887 minum
258 1860 403 1892 maiestatis
420 1859 614 1892 cruciﬁxissent
632 1857 664 1884 ⁸⁸.
683 1857 753 1892 Ergo
772 1857 871 1883 cohors
888 1856 931 1882 illa

144 1906 300 1942 mysterium
317 1911 374 1932 crat
387 1905 490 1931 militia:
505 1903 621 1938 alicujus
637 1903 770 1937 malignat.
787 1902 819 1929 Et
832 1909 931 1936 exspo-

142 1951 276 1979 liaveruut
290 1959 352 1978 cum
370 1950 528 1978 vestimenta
545 1950 605 1985 ejus
620 1957 681 1984 quae
692 1948 835 1976 desursum
853 1948 933 1975 habe-

142 1997 197 2028 bat,
216 1997 333 2024 tunicam
359 1996 561 2027 inconsutilcm,
590 1999 616 2022 et
638 1995 752 2027 stolam;
779 1994 835 2021 inec.
857 1994 928 2020 enim

143 2042 299 2069 vestimenta
317 2042 376 2075 ejus
399 2041 462 2068 talia
477 2039 604 2068 describit
624 2039 762 2066 Joannes:
785 2044 810 2066 et
835 2039 928 2065 indue-

141 2092 205 2114 runt
228 2095 289 2114 eum
309 2086 468 2113 dcludcntcs
487 2090 597 2120 propter
622 2093 721 2113 nomen
745 2085 805 2119 ejus
828 2084 926 2119 rcgale,

141 2132 294 2159 coccineam
306 2131 486 2166 chlamydem,
497 2138 548 2157 non
561 2131 740 2166 intelligentes
750 2130 822 2164 quod
835 2135 926 2164 agunt.

141 2178 187 2205 Illa
203 2183 292 2205 autetn
311 2177 436 2204 coccinea
458 2177 580 2212 chlamys
599 2177 755 2211 mysterium
771 2181 827 2202 erat
840 2175 927 2203 cocci-

140 2224 183 2251 nei
204 2223 274 2259 signi
290 2223 362 2258 quod
377 2222 507 2255 scriptum
525 2227 565 2249 est
582 2222 607 2248 in
629 2221 692 2249 Jcsu
714 2221 787 2248 Nave
803 2223 834 2253 ’9,
853 2221 924 2256 quod

138 2270 170 2296 atl
187 2270 302 2296 salutem
323 2276 401 2296 suatn
422 2267 517 2294 habuit
531 2267 576 2294 illa
597 2267 682 2300 Raab,
699 2272 726 2294 et
744 2267 769 2293 in
792 2266 888 2294 Genesi
904 2266 926 2282 “

137 2316 209 2351 quod
233 2315 333 2342 factum
350 2318 391 2342 cst
414 2314 440 2341 in
464 2322 519 2342 uno
541 2314 657 2341 filiorum
680 2312 799 2339 Thamar
815 2313 848 2338 ad
867 2319 924 2339 ma-

137 2368 201 2387 uum
217 2359 363 2392 nascentis,
381 2366 409 2386 ut
426 2367 537 2386 coccum
552 2359 706 2393 alligaretur
722 2357 748 2384 in
762 2357 839 2391 signo
855 2356 927 2383 futu-

137 2413 173 2433 ηιξ
185 2405 320 2440 passionis
333 2404 446 2432 Christi.
460 2404 530 2438 Ergo
543 2409 570 2431 et
584 2411 655 2430 nunc
668 2402 819 2437 suscipiens
836 2402 926 2428 Domi—

137 2460 188 2479 nus
204 2452 358 2480 coccineant
372 2449 552 2485 chlamydem,
570 2450 597 2476 iu
610 2457 638 2476 sc
653 2449 811 2482 sanguinem
831 2447 924 2474 mundi

134 2497 263 2532 suscepit,
285 2496 355 2523 etin
379 2496 472 2530 spinea
498 2495 543 2521 illa
567 2501 667 2521 corona
692 2493 812 2526 suscepit
833 2492 926 2526 spinas

135 2548 305 2578 peccatorum
319 2546 473 2569 nostrorum
492 2542 608 2568 intextas
621 2539 647 2566 itt
665 2539 751 2573 capite
768 2546 828 2564 suo.
844 2537 876 2564 Et
892 2537 925 2564 de

133 2589 275 2623 chlamyde
287 2589 417 2623 scriptum
433 2593 473 2615 est
487 2587 616 2622 qttoniant
633 2587 722 2613 denuo
740 2585 927 2619 spoliaverunt

132 2641 193 2661 eum
209 2634 380 2668 chlamydem
395 2634 568 2665 coccincam;
585 2632 619 2659 de
638 2638 738 2658 corona
761 2635 849 2656 autem
870 2629 923 2663 spi-

134 2686 182 2705 nca
211 2678 278 2706 nihil
303 2679 356 2706 tale
380 2679 553 2713 evangelistae
577 2678 754 2712 set-ipserunt,
778 2680 920 2710 propterea

167 2780 188 2795 ³⁵
204 2780 297 2808 Matth.
310 2790 395 2813 xxvtt,
408 2777 453 2809 ἠδ.

132 2822 161 2840 ιι.
200 2816 220 2830 ³⁰
233 2816 298 2841 Gen.
318 2825 436 2847 “tvm,
451 2817 496 2842 Ξῖ.

493 2783 514 2798 ³⁵
533 2781 584 2808 lsa.
604 2790 622 2811 ι.
639 2782 681 2807 15.

536 2817 556 2832 δι
572 2816 642 2843 Psal.
663 2824 734 2848 XLIV,
749 2816 775 2843 7.

720 2781 742 2796 ³⁸
758 2780 852 2807 Matth.
874 2787 958 2811 xxut,
970 2779 1005 2806 ‘27
1023 2784 1049 2806 et
1063 2787 1138 2814 seqq.

828 2816 849 2830 δ’
867 2814 875 2840 Ι
890 2816 952 2841 (ζον.
974 2823 1010 2848 ιν,
1025 2815 1070 2842 il.

1002 212 1094 246 spinea
1116 213 1198 239 semel
1222 212 1347 246 imposita
1369 219 1396 238 et
1421 221 1568 247 nunquam
1596 213 1779 249 detractaﬁgo

1002 256 1084 290 igitur
1097 256 1214 283 arbitror
1226 257 1354 290 quottiam
1372 258 1469 291 spinea
1489 257 1536 284 illa
1551 264 1658 284 corona
1673 265 1777 284 consum-

1002 306 1046 336 pta
1059 307 1100 329 est
1114 310 1128 328 a
1142 304 1230 336 capite
1241 302 1316 335 Jesu,
1331 307 1360 329 ut
1377 303 1434 337 jam
1451 311 1507 330 non
1525 304 1584 330 sint
1600 304 1689 338 spinas
1702 310 1779 331 nostra

1000 347 1128 381 antiquis,
1145 352 1288 382 postquam
1303 349 1387 375 semel
1403 356 1450 375 eas
1466 357 1480 375 a
1495 349 1579 377 nobis
1597 350 1710 376 abstulit
1718 348 1779 377 Jcsus

1000 400 1082 427 super
1097 394 1248 420 venerabile
1266 397 1348 428 caput
1369 402 1463 421 suum.
1489 394 1518 421 Si
1544 400 1643 421 autem
1662 400 1688 422 et
1707 396 1734 422 de
1746 403 1780 422 ca-

1000 438 1071 465 lamo
1091 446 1171 473 quem
1197 444 1345 473 posuerunt
1367 439 1393 466 in
1411 439 1523 466 dextera
1541 439 1616 475 cjus,
1640 440 1735 475 aliquid
1750 441 1779 467 di-

998 491 1059 511 cere
1074 484 1210 516 convenit,
1228 484 1382 519 hujusmodi
1405 485 1526 513 dicimus
1549 486 1703 514 rationem.
1717 486 1778 513 Cala-

999 537 1060 556 utus
1072 537 1136 564 ergo
1156 530 1199 556 ille
1214 531 1370 565 mysterium
1393 531 1442 557 fuit
1455 532 1558 566 sceptri
1572 532 1638 558 vani
1658 536 1686 559 et
1697 532 1778 566 fragilis

998 582 1080 608 super
1095 582 1175 609 quem
1192 575 1414 602 iucumbebamus
1431 584 1528 603 omnes
1550 577 1715 612 p'iusqualn
1736 587 1778 604 rre-

997 620 1125 647 dercmus
1143 626 1279 655 sceptrum
1300 622 1422 656 maligni.
1445 622 1669 650 Confidebamtts
1682 624 1745 651 enim
1759 625 1779 650 in

997 666 1070 699 virga
1085 666 1217 692 calamina
1231 666 1349 701 ,λι-Σεδριῇ
1363 667 1403 693 vel
1416 667 1576 702 Babylonis,
1593 669 1637 695 vel
1654 670 1781 703 cujuscun-

995 718 1048 745 que
1073 712 1146 746 regni
1163 711 1293 738 contrarii
1311 717 1406 739 contra
1431 721 1544 748 regnum
1571 713 1634 747 Dei,
1652 719 1681 741 et
1694 715 1780 749 accepit

995 757 1130 783 calamum
1147 757 1222 784 illum
1241 761 1268 784 et
1281 757 1383 792 virgam
1401 758 1505 793 fragilis
1525 760 1603 794 regni
1621 760 1658 787 de
1673 760 1782 787 manibus

996 803 1107 833 nostris,
1122 808 1150 838 ut
1167 804 1312 838 triumphet
1327 812 1400 837 eum,
1416 805 1500 840 920
1516 811 1541 832 ιιι
1566 811 1700 833 conterat
1717 807 1741 833 in
1757 807 1781 833 li-

961 846 980 873 B
995 856 1048 882 gno
1067 849 1174 880 crucis;
1187 854 1215 876 et
1234 857 1283 884 pro
1305 851 1410 878 calamo
1432 852 1479 878 illo
1502 851 1589 885 priori
1607 859 1697 886 super
1715 861 1781 887 quem

996 893 1072 927 prius
1096 895 1333 925 recumbebamus.
1355 896 1429 923 dedit
1453 897 1532 923 uoltis
1556 902 1702 931 sceptrum
1721 898 1781 932 regni

995 939 1125 971 ctelestis,
1140 945 1167 966 et
1185 941 1286 976 virgam
1309 941 1342 968 de
1361 950 1413 976 qua
1429 942 1562 976 scriptum
1584 947 1630 969 est
1654 943 1695 968 u:
1718 942 1780 977 Virga

995 985 1139 1018 castitatis,
1153 993 1225 1020 virga
1244 987 1315 1022 regni
1334 987 1387 1018 tui;
1406 987 1447 1014 vel
1464 988 1570 1022 virgam
1588 995 1656 1023 qua:
1669 988 1781 1022 corripiat

994 1038 1040 1058 eos
1061 1031 1107 1065 qui
1123 1038 1191 1065 opus
1206 1032 1305 1059 habent
1317 1033 1498 1067 correptione,
1513 1033 1546 1060 de
1561 1041 1620 1068 qua
1638 1034 1706 1061 dicit
1723 1035 1780 1069 Apo-

993 1072 1079 1103 stolus
1091 1075 1112 1091 “
1127 1084 1133 1101 :
1149 1077 1218 1108 Quid
1231 1077 1306 1104 vultis
1316 1077 1329 1104 .9
1341 1078 1368 1104 in
1383 1078 1456 1112 virga
1465 1079 1570 1104 veniam
1585 1080 1623 1104 ad
1639 1081 1705 1106 eos!
1720 1080 1782 1106 Dedit

994 1121 1071 1147 nobis
1091 1125 1117 1148 ct
1131 1121 1256 1148 baculum
1273 1127 1300 1149 ut
1317 1122 1487 1150 celebremus
1502 1122 1627 1155 Pascha,
1644 1126 1780 1153 secundant

992 1167 1063 1201 quod
1079 1167 1208 1201 scriptum
1225 1173 1264 1194 est
1281 1168 1322 1194 ⁸³;
1342 1168 1438 1194 Baculi
1456 1170 1535 1195 vestri
1558 1170 1588 1196 iu
1608 1171 1733 1198 mnibus
1748 1180 1780 1198 rc-

992 1211 1054 1238 stris
1067 1212 1137 1243 sint;
1155 1217 1183 1239 ut
1195 1212 1362 1239 celebremus
1379 1212 1483 1240 Pascha
1501 1214 1681 1248 deponentcs
1693 1216 1780 1251 virgam

992 1257 1089 1283 calami
1108 1265 1168 1284 eam
1187 1265 1268 1291 quam
1295 1258 1462 1286 habebamus
1481 1259 1651 1294 priusquam
1674 1262 1780 1288 ceka

992 1310 1082 1329 remus
1100 1302 1205 1329 Domitii
1229 1302 1342 1330 Pascha.
1361 1303 1521 1331 Pcrcutinnt
1541 1311 1639 1332 autem
1664 1314 1724 1334 cum
1741 1307 1780 1334 hoc

991 1347 1080 1382 fragili
1097 1353 1122 1375 et
1140 1356 1210 1375 vano
1227 1349 1330 1377 calamo
1349 1353 1431 1383 caput
1447 1348 1513 1377 Jesu
1538 1352 1712 1384 venerabile,
1723 1360 1779 1387 quo-

991 1394 1062 1420 niam
1077 1399 1103 1420 ct
1118 1401 1225 1428 semper
1240 1403 1352 1429 regnum
1375 1395 1440 1421 illud
1464 1396 1643 1423 contrarium
1660 1398 1780 1424 considat

990 1445 1016 1467 et
1029 1439 1152 1467 verberat
1165 1439 1248 1467 Deum
1263 1439 1382 1473 Patrem,
1395 1446 1475 1475 caput
1493 1441 1607 1468 Domini
1631 1442 1779 1471 Salvatoris.

966 1515 973 1522 ‘
990 1485 1023 1512 Et
1037 1486 1063 1513 in
1083 1486 1124 1514 bis
1146 1487 1274 1513 omnibus
1290 1487 1429 1522 unigenita
1444 1487 1533 1515 virtus
1550 1489 1646 1516 nocita
1670 1498 1723 1516 non
1738 1496 1779 1522 est,

990 1532 1060 1559 sicut
1083 1540 1131 1560 nec
1151 1539 1229 1566 passa
1246 1537 1287 1559 est
1303 1532 1415 1567 aliquid,
1439 1533 1509 1561 facta
1534 1542 1586 1569 pro
1613 1535 1695 1562 nobis
1711 1539 1780 1562 mat»

989 1577 1101 1609 dictum,
1119 1586 1180 1605 cutn
1196 1578 1354 1605 naturaliter
1373 1579 1527 1606 lieucdictio
1543 1585 1619 1607 esset
1636 1589 1643 1606 :
1664 1582 1710 1608 sed
1727 1590 1778 1607 cum

989 1621 1140 1649 benedictio
1160 1627 1241 1654 esset,
1259 1623 1439 1657 consumpsit,
1460 1628 1486 1651 et
1510 1625 1646 1657 absolvit,
1659 1631 1688 1653 et
1710 1627 1778 1653 dissi-

988 1667 1061 1701 paiit
1077 1675 1183 1696 omnem
1207 1669 1420 1696 maledictionetu
1438 1671 1605 1698 humanam.

1024 1714 1083 1741 126.
1105 1713 1235 1742 Exeuntes
1255 1720 1341 1742 autent
1365 1716 1519 1749 invenerunt
1547 1718 1688 1744 hominem
1710 1718 1779 1752 Cyrs-

986 1767 1083 1792 nwum,
1108 1762 1210 1787 nomine
1237 1760 1396 1788 Simonem:
1418 1761 1488 1788 hunc
1513 1764 1729 1797 angariavenmt
1757 1768 1779 1789 ut

987 1804 1087 1832 tolleret
1110 1814 1212 1833 crucem
1231 1810 1287 1841 ejus
1299 1807 1331 1834 “.
1356 1807 1432 1835 Sicut
1453 1808 1528 1835 ettint
1552 1811 1711 1838 secundum
1734 1816 1781 1838 ιῆξ

985 1852 1164 1886 evangelistas
1188 1857 1308 1880 tentatur
1324 1861 1338 1881 a
1363 1854 1474 1882 diabolo
1499 1854 1608 1884 Iesus:
1634 1857 1778 1884 secundum

984 1895 1116 1924 Joannem
1128 1903 1229 1931 autem,
1242 1899 1288 1933 qui
1303 1899 1433 1934 spiritalis
1448 1905 1557 1928 natura:
1570 1901 1635 1936 ejus
1651 1902 1718 1930 fecit
1730 1911 1779 1930 ser-

985 1950 1104 1974 monem,
1119 1951 1172 1970 non
1191 1948 1309 1972 tentatur
1323 1953 1330 1970 :
1347 1953 1397 1972 nec
1408 1946 1482 1973 enim
1497 1951 1622 1974 tentatur
1637 1949 1746 1979 veritas.
1758 1954 1779 1975 ct

984 1987 1049 2021 vita,
1062 1994 1088 2016 et
1110 1990 1283 2022 resurrectio,
1301 1995 1327 2018 et
1341 1991 1432 2018 lumen
1455 1999 1553 2019 verum
1567 2002 1574 2020 :
1595 1995 1645 2021 sed
1661 1996 1778 2022 tentatu-

982 2038 1027 2068 tur
1039 2035 1188 2062 secundum
1205 2035 1342 2063 hominem
1355 2044 1435 2071 quem
1449 2045 1615 2073 suscoperat
1626 2041 1778 2075 unigenitns

983 2077 1071 2112 Deus;
1088 2080 1127 2107 sic
1141 2081 1288 2108 secundum
1301 2080 1433 2109 Joannem
1447 2083 1561 2116 quidem
1577 2083 1722 2117 Saltator,
1739 2087 1777 2112 im-

982 2125 1147 2159 ponentibus
1163 2126 1203 2153 eis
1221 2127 1267 2161 qui
1281 2133 1462 2162 susceperunt
1476 2137 1555 2162 eum,
1572 2137 1692 2158 crucem
1708 2140 1777 2159 suam

947 2190 966 2217 Β
982 2174 1094 2203 portans
1107 2177 1233 2204 egressus
1249 2177 1291 2198 est
1311 2171 1336 2198 in
1358 2173 1449 2200 locum
1464 2175 1513 2208 qui
1529 2175 1637 2202 dicitur
1651 2176 1776 2204 Caturi:

981 2215 1066 2245 locus.
1087 2216 1235 2243 secundum
1254 2217 1372 2252 reliquos
1387 2223 1479 2246 autem
1495 2219 1548 2247 sibi
1564 2229 1630 2248 eam
1649 2231 1706 2250 non
1721 2231 1777 2257 pot-

979 2266 1026 2288 tat.
1043 2261 1180 2290 Exeuntes
1192 2263 1265 2290 enim
1286 2263 1332 2297 qui
1345 2264 1482 2293 ducebant
1493 2273 1557 2293 eum
1572 2267 1609 2294 ad
1619 2269 1776 2304 cruciﬁgen-

979 2307 1054 2338 dum,
1070 2308 1231 2335 invenerunt
1246 2309 1392 2343 quemdam
1415 2309 1593 2346 Cyrenasum,
1613 2314 1728 2340 nomine
1739 2312 1776 2340 Si-

979 2361 1099 2387 monent,
1116 2363 1196 2389 quem
1219 2356 1432 2391 angariaverunt
1457 2361 1488 2383 ut
1506 2357 1650 2391 acciperet
1673 2366 1774 2386 οωοειι

978 2400 1090 2428 Christi.
1110 2401 1168 2429 Non
1185 2406 1274 2429 autent
1294 2403 1382 2430 solum
1409 2401 1583 2430 Salvatorem
1601 2404 1774 2431 convenient

979 2447 1101 2481 accipere
1118 2455 1227 2475 erucem
1240 2455 1329 2479 suam,
1347 2448 1394 2475 sed
1408 2452 1436 2475 et
1453 2456 1504 2476 nos
1517 2450 1703 2477 conveniebat
1719 2457 1774 2484 por-

979 2499 1036 2520 tare
1050 2501 1121 2525 eam,
1142 2494 1288 2520 salutarent
1312 2494 1393 2521 nobis
1413 2494 1558 2529 angariant
1584 2495 1771 2530 adimpleutes.

979 2538 1033 2566 Nec
1050 2539 1146 2566 iterum
1169 2544 1259 2566 autem
1278 2539 1316 2567 sic
1334 2539 1517 2574 prodificaudi
1542 2540 1691 2568 fueramus
1716 2548 1772 2567 cnt-

979 2591 1037 2611 cem
1055 2583 1115 2618 ejus
1130 2584 1304 2619 accipientes,
1320 2590 1454 2618 quantum
1474 2584 1560 2613 modo
1582 2587 1770 2621 prodit‘tcatnur

978 2637 992 2656 a
1010 2637 1091 2657 cruce
1107 2630 1177 2664 cjus,
1191 2638 1252 2657 cuttt
1265 2635 1292 2657 ct
1311 2630 1370 2665 ipse
1390 2630 1442 2657 sibi
1458 2631 1582 2666 accipiat
1597 2640 1659 2660 eam
1673 2638 1699 2659 et
1716 2638 1768 2665 por-

978 2679 1023 2702 tet.
1053 2675 1164 2708 Quaeres
1190 2675 1224 2707 si.
1246 2676 1396 2703 secundum
1421 2681 1542 2709 textum,
1567 2684 1715 2713 utrumque
1734 2681 1766 2701 Ν

1179 2779 1199 2795 ³⁷
1214 2779 1285 2807 Psal.
1301 2787 1329 2810 ιι,
1347 2779 1374 2806 2.

1118 2815 1139 2830 ⁸³
1154 2814 1241 2842 Exod.
1261 2823 1309 2843 xu.
1327 2815 1372 2842 11.

1415 2780 1440 2796 ³⁸
1453 2780 1463 2807 1
1478 2781 1546 2808 Cor.
1565 2790 1596 2813 ιι,
1616 2783 1643 2809 8.
1684 2781 1759 2805 "MB-

1421 2814 1443 2831 “
1463 2815 1567 2844 Matth.
1587 2825 1673 2845 um.
1691 2817 1723 2842 Si
