1839 3053
37 138 114 166 ΙἸΠ

611 140 937 169 COMMENTARIORUM
956 142 1088 170 ΒΙιΙῐΙΕδ.

1604 146 1669 173 1778

37 199 158 232 factum,
172 204 199 227 et
216 208 268 227 non
283 200 425 228 dissonant
443 200 492 228 sibi
516 202 687 236 evangelista:
707 202 740 228 ah
764 202 832 228 invi-
848 205 869 233 Α
885 203 986 238 gratias
1005 211 1098 239 agens,
1118 204 1259 238 discipulis
1272 204 1355 236 dedit,
1371 210 1397 233 et
1414 206 1539 239 promisit
1554 214 1583 234 se
1604 207 1669 234 bibi-

37 253 116 279 cem,
131 250 158 272 et
174 246 239 280 quid
254 254 347 273 eontm
366 247 442 281 prius
459 251 500 274 est
516 246 613 274 facttnn
627 255 634 273 2
650 251 740 274 utrum
759 248 831 274 enim

37 292 90 325 qui
106 296 286 327 susceperunt
300 291 391 320 Jcsum
410 292 442 319 ad
470 293 681 327 cruciﬁgenzlum
698 297 725 320 et
745 293 832 328 impo-

37 341 140 365 nentes
156 338 180 365 ei
206 345 326 369 erucem,
346 342 375 364 ut
397 342 509 372 portans
524 345 582 364 eam
599 342 677 365 exeat
699 338 725 364 in
744 339 833 366 locum

37 382 186 414 Calvariae,
203 383 254 410 hoc
268 383 386 418 primum
404 382 526 410 fecerunt
542 388 687 418 antequam
709 384 834 419 angaria-

37 433 104 456 rent
125 428 264 457 Simonem
282 429 440 465 Cyren:eum
455 438 461 457 :
476 434 523 456 aut
544 430 646 465 egressi
664 430 772 464 quidem
790 438 836 456 au-

37 475 219 509 guriaverunt
231 475 381 509 Simonem,
397 475 462 503 facti
479 480 571 503 autem
586 476 619 503 ad
634 476 724 504 locum
736 476 762 503 in
781 484 836 511 quo

37 527 106 546 eum
126 520 235 548 fuerunt
255 522 427 554 suspensuri,
446 525 595 556 posuerunt
609 529 718 549 crucem
738 522 762 549 ei
785 519 836 556 ipsi

37 570 72 592 ut
87 566 146 600 ipse
162 574 221 594 eam
238 571 368 602 portaret.
387 567 419 594 Et
434 567 479 602 qui
499 573 587 602 potest
599 567 746 599 discutere,
763 575 835 602 quae-

37 616 86 638 rat
106 611 257 640 discutiens
271 612 297 639 in
313 617 440 647 utroque,
457 617 486 639 ut
503 613 620 640 inveniat
640 617 731 640 utrum
755 613 834 640 finem

37 657 184 691 portanda:
201 657 291 685 crucis
315 658 430 692 accepit,
455 662 502 685 aut
518 658 604 694 magis
624 658 769 694 Cyrenaeus
793 657 844 685 Si?

37 711 119 734 ιιιοιι,
137 711 190 730 ηοιι
215 703 328 731 fortuitu
348 704 517 739 angat-intus,
541 705 587 732 sed
610 705 760 732 secundum
783 704 834 731 ali-

37 757 126 783 quam
143 749 176 776 de
194 756 227 776 eo
245 750 444 783 prmscicntiam
468 749 524 781 Dei,
545 751 694 777 secundum
717 750 834 784 disposi-

37 795 146 822 tionem
166 795 213 823 Dei
230 795 328 824 ductus
346 796 378 823 ad
403 796 455 824 hoc
473 800 501 823 ut
522 796 676 831 evangelica
695 796 834 830 Scriptura
851 811 853 814 ι

886 253 977 275 turum
992 257 1091 276 novum
1109 249 1197 284 ipsum
1217 251 1242 276 in
1256 259 1339 286 regno
1353 250 1412 278 Det.

922 293 982 321 1‘28.
1005 292 1148 328 Postquam
1171 299 1258 321 autem
1281 296 1471 330 cruci/iurant
1488 304 1558 328 enm,
1577 298 1668 324 diris-’-

887 343 947 364 runt
968 337 1017 365 sibi
1041 339 1194 365 vestimenta
1213 339 1280 373 ejus,
1297 345 1394 367 sortem
1413 341 1565 368 mittentes:
1586 346 1610 368 et
1629 351 1670 368 εει

887 382 974 409 dentes
988 383 1124 410 servabant
1136 384 1241 418 eunt“.
1261 385 1293 411 Et
1307 390 1369 412 sunt
1385 393 1470 420 usque
1490 388 1617 420 nuncqui
1631 387 1672 421 ip-

888 435 948 455 sum
964 428 1072 463 quidem
1088 436 1140 455 non
1155 428 1296 461 habentes,
1306 430 1465 457 vestimenta
1480 436 1580 463 autem,
1592 432 1617 458 id
1631 436 1672 459 cst

889 473 969 499 verba
988 472 1014 499 in
1030 472 1178 508 Scripturis
1191 474 1278 508 posita
1293 475 1401 507 habent,
1416 483 1466 503 nec
1483 476 1544 510 ipsa
1559 477 1592 503 ad
1613 478 1670 511 ple-

889 527 964 551 num,
978 519 1024 547 sed
1036 527 1068 546 ex
1083 524 1167 554 parte,
1181 519 1359 547 nihilominus
1374 520 1425 548 hoc.
1440 521 1528 555 ipsum
1542 523 1669 556 propheta

888 564 992 592 dicente
1009 565 1164 600 mysterium
1181 565 1253 599 quod
1266 572 1337 592 nunc
1350 572 1388 592 cst
1408 565 1558 600 impletum.
1576 566 1670 595 Utrum

886 614 976 637 autem
988 611 1156 638 cortscissum
1168 615 1209 638 est
1221 610 1329 645 aliquod
1340 612 1560 640 vestimentorum
1573 614 1632 648 ejus
1644 614 1670 641 in

885 656 930 683 illa
944 657 1024 691 921
1033 657 1188 691 partitione,
1198 665 1231 684 an
1244 657 1343 684 mansit
1351 658 1565 693 unumquodque
1574 667 1670 687 eorum

886 702 1021 737 integrum
1044 702 1113 730 sicut
1130 702 1190 736 fuit,
1207 706 1234 730 et
1253 703 1344 737 qualia
1364 702 1409 729 illa
1433 703 1594 731 vestimenta
1611 704 1670 732 fue-

886 753 966 780 runt,
992 757 1045 775 non
1067 749 1182 783 legimus
1205 749 1276 784 apud
1301 753 1355 777 tres
1379 750 1578 785 cvangelistas:
1599 751 1670 785 apud

885 794 1018 822 Joannem
1038 800 1128 822 autem
1146 795 1292 824 didicimus
1314 797 1387 831 quod
1403 798 1502 825 milites
1526 802 1669 832 postquam

37 841 143 876 dignus
158 842 337 874 inveniretur,
358 847 384 869 et
401 842 553 870 ministerio
572 842 661 870 crucis
677 842 790 875 Christi,
807 842 834 870 in
850 845 871 872 Β
886 841 1079 868 eruciiixcrunt
1091 841 1240 874 Christum,
1253 847 1415 877 acceperunt
1427 843 1586 871 vestimenta
1598 844 1669 878 ejus,

37 895 98 921 qua
115 887 234 915 mundus
253 888 422 923 cruciﬁgitur
439 889 554 922 sanctis,
571 893 596 916 et
612 888 698 916 sancti
721 888 833 916 mundo.

37 932 160 965 Quidam
188 937 278 960 autem
306 939 333 960 et
359 934 499 961 moraliter
525 942 661 969 exponere
691 934 836 960 voluerunt

37 979 118 1006 hunc
138 978 226 1013 ipsum
249 978 388 1006 Simonem
409 979 579 1015 Cyrenaeum,
604 987 637 1007 ex
652 987 684 1007 eo
705 980 777 1014 quod
802 980 836 1007 de

37 1023 186 1058 Pentapoli
202 1029 273 1052 esset
283 1024 401 1059 Cyrenes
416 1025 565 1052 secundum
582 1024 694 1060 Libyam
711 1025 744 1055 ".
764 1024 835 1051 aeci-

37 1068 150 1103 pientes
165 1070 337 1097 occasionem
355 1070 389 1097 de
409 1070 536 1098 sensibus
549 1070 670 1105 quinque
690 1075 719 1097 ut
732 1070 833 1106 dicant,

37 1114 124 1148 quasi
147 1115 269 1150 quinque
294 1123 392 1143 sensus
421 1120 596 1151 portaverunt
622 1115 835 1152 dispensationis

37 1159 118 1187 Illius
129 1167 249 1188 crucem.
262 1160 357 1189 Simon
368 1166 458 1189 autem
475 1162 667 1196 interpretatur
677 1160 833 1188 obedientia.

37 1206 94 1232 Cui
115 1211 204 1233 autem
225 1207 312 1242 magis
333 1207 510 1235 conveniebat
534 1212 565 1234 ut
587 1215 695 1235 crucem
726 1207 834 1235 Christi

37 1257 163 1286 portaret
180 1252 233 1280 nisi
252 1253 430 1280 obedientize?
451 1259 508 1287 aut,
533 1254 603 1281 sicut
623 1254 759 1281 secundus
780 1252 835 1281 Liae

37 1297 117 1325 ﬁlius
131 1302 254 1330 vocatur,
269 1298 409 1326 Simeoni?
422 1298 569 1334 Dupliciter
581 1299 653 1326 enim
674 1299 744 1333 apud
762 1297 834 1326 Grat-

37 1352 91 1371 cos
107 1344 264 1371 nominatur
287 1349 314 1372 et
333 1345 499 1379 patriarcha,
514 1350 540 1372 et
561 1345 669 1376 Petrus,
684 1345 833 1372 secundum

37 1389 237 1424 proprietatem
261 1389 386 1419 chraici
413 1391 558 1424 sermonis,
584 1396 612 1418 ut
640 1391 784 1418 conveniat
809 1391 834 1418 ei

37 1435 90 1470 qui
116 1435 152 1462 ita
177 1441 299 1469 vocatur,
321 1440 351 1464 ut
368 1441 395 1464 et
416 1437 510 1464 Simon
532 1437 639 1464 dicatur
661 1441 688 1464 et
710 1437 832 1469 Simeon,

37 1481 174 1516 quoniam
191 1482 287 1509 iisdem
304 1482 400 1510 litteris
420 1483 543 1510 scribunt
565 1482 669 1510 Hebr-.ei
686 1487 714 1509 et
729 1482 834 1509 Simeo-

38 1527 88 1554 nis
105 1534 202 1554 nomen
220 1532 247 1554 ct
263 1527 392 1555 Simonis.
408 1527 496 1556 Locus
513 1533 602 1555 autem
620 1528 751 1555 Calvarize
766 1528 834 1556 dici-

38 1578 88 1600 ιιιι·
105 1581 158 1600 non
182 1573 400 1608 qualemcunque
424 1573 654 1608 dispensationem
677 1573 786 1606 habere,
805 1578 835 1600 ut

39 1618 101 1645 iliic
123 1618 170 1652 qui
191 1626 240 1653 pro
262 1618 417 1646 hominibus
432 1618 580 1645 moriturus
597 1617 695 1649 fuerat,
714 1624 835 1644 morere-

39 1669 100 1690 tur.
117 1663 196 1691 Venit
216 1664 288 1691 enim
305 1664 339 1691 ad
358 1672 400 1691 me
422 1663 531 1690 traditio
547 1663 670 1697 qumdam
691 1662 752 1689 talis
764 1662 832 1698 (89),

39 1709 117 1743 quod
134 1717 233 1743 corpus
247 1709 312 1736 Ada:
330 1708 410 1742 primi
433 1707 551 1735 hominis
577 1707 613 1734 ibi
632 1707 767 1741 sepultqu
791 1711 834 1734 est

39 1755 91 1782 ubi
105 1754 252 1781 crucifixus
266 1758 308 1782 est
319 1754 456 1788 Christus,
469 1757 498 1780 ut
510 1753 580 1780 sicut
593 1753 621 1779 in
638 1752 722 1779 Adam
739 1760 834 1780 omnes

40 1801 208 1833 moriuntur,
231 1801 271 1828 sic
295 1801 321 1827 in
344 1800 454 1827 Christo
480 1807 574 1826 omnes
598 1798 767 1826 viviticentur
790 1798 832 1825 “z

40 1852 73 1874 ut
94 1847 120 1874 in
136 1847 195 1874 loco
214 1847 259 1874 illo
276 1846 322 1880 qui
338 1846 438 1873 dicitur
450 1845 581 1872 Calvarize
594 1844 680 1877 locus,
695 1843 720 1871 id
736 1848 778 1871 est.
795 1843 833 1870 lo-

40 1901 90 1919 cus
113 1893 218 1927 capitis,
242 1896 324 1926 caput
346 1891 457 1918 hutnani
479 1890 586 1925 generis
607 1889 832 1916 resurrectionem

40 1938 163 1965 inveniat
184 1946 247 1965 cum
267 1938 367 1973 populo
389 1937 515 1964 universo
538 1944 584 1971 per
605 1935 833 1963 resurrectionem

41 1983 151 2011 Domini
166 1983 324 2015 Salvatoris,
340 1982 387 2018 qui
405 1983 440 2010 ibi
455 1989 552 2017 passus
564 1986 614 2014 est,
631 1985 657 2008 et
673 1980 831 2008 resurrexit.

41 2029 239 2057 inconveniens
250 2029 322 2056 enim
337 2033 397 2056 erat
410 2033 439 2055 ut
454 2035 515 2055 cum
532 2027 610 2054 multi
621 2034 653 2054 ex
672 2034 704 2054 eo
719 2025 773 2053 nati
790 2034 833 2053 re-

42 2074 203 2102 missionem
230 2074 385 2108 acciperent
408 2076 594 2109 peccatorum,
621 2075 649 2099 et
671 2071 831 2098 beneﬁcium

42 2120 252 2147 resurrectionis
268 2123 510 2154 consequerentur,
529 2126 582 2145 non
608 2118 694 2152 magis
710 2117 766 2152 ipse
781 2117 832 2145 Pa-

886 890 913 913 et
927 885 1051 913 fecerunt
1063 891 1179 921 quatuor
1188 892 1288 922 partes,
1305 888 1452 923 unicuique
1463 887 1540 916 militi
1554 894 1670 924 partem.

886 931 1017 959 Tunicam
1037 937 1138 966 autem,
1154 934 1283 968 quoniam
1306 940 1363 962 erat
1384 943 1437 962 non
1454 936 1609 969 consutilis,
1623 937 1671 965 sed

885 985 900 1003 a
917 985 1026 1004 sursqu
1041 977 1142 1006 textilis
1159 986 1206 1013 per
1226 983 1323 1012 totum,
1340 979 1467 1008 dixerunt
1482 981 1515 1008 ad
1534 981 1669 1009 invicem:

887 1022 948 1049 Non
961 1023 1161 1050 conscindamus
1177 1032 1246 1056 eam,
1261 1025 1305 1052 sed
1321 1026 1467 1052 sortiantur
1478 1027 1510 1054 de
1524 1035 1555 1054 ea
1567 1027 1599 1053 ".
1612 1026 1670 1055 Non

885 1075 950 1102 ergo
972 1076 1067 1097 omnes
1089 1076 1251 1104 acceperunt
1264 1079 1341 1103 eam,
1361 1071 1408 1098 sed
1426 1072 1471 1106 qui
1490 1072 1603 1100 sortitus
1617 1077 1669 1100 est.

885 1113 1034 1148 Disputans
1057 1119 1146 1141 autem
1171 1115 1271 1150 aliquis
1289 1116 1323 1143 de
1341 1116 1492 1143 diﬂ‘ereutia
1514 1124 1607 1144 eorum
1624 1118 1670 1152 qui

885 1160 1047 1188 vestimenta
1064 1160 1170 1187 Domini
1191 1160 1299 1194 habent,
1320 1162 1439 1189 inveniet
1453 1162 1512 1189 sine
1527 1162 1610 1190 dubio
1623 1163 1670 1198 qui

885 1205 912 1231 in
925 1205 1098 1240 dogmatibus
1109 1206 1177 1239 suis,
1192 1206 1242 1233 etsi
1257 1213 1309 1233 non
1325 1206 1426 1234 habent
1437 1207 1535 1242 ipsum,
1549 1207 1670 1235 tunicam

885 1254 974 1277 tamen
1002 1251 1145 1278 desursum
1170 1251 1289 1278 textilem
1311 1259 1359 1286 per
1374 1256 1460 1278 totum
1484 1252 1607 1280 habent:
1625 1253 1670 1279 alii

884 1300 973 1322 autem
997 1303 1046 1322 nec
1070 1295 1172 1330 ipsam,
1195 1296 1241 1324 sed
1265 1296 1384 1330 aliquam
1407 1297 1568 1330 particulam
1585 1298 1670 1325 vesti-

885 1340 967 1368 menti
993 1341 1062 1376 ejus.
1091 1340 1124 1367 Et
1148 1341 1200 1368 hoc
1229 1341 1371 1369 considera
1399 1342 1490 1376 quod,
1518 1343 1668 1370 secundum

884 1385 1038 1413 Matthaaum
1055 1387 1077 1402 ⁵⁰
1090 1387 1210 1422 quidem,
1226 1386 1305 1414 Jcsus
1329 1387 1466 1421 accipiens
1483 1393 1588 1415 acetum
1605 1396 1668 1420 eunt

885 1430 946 1459 felle
962 1432 1122 1466 permistum
1146 1433 1275 1467 gustavit,
1291 1437 1318 1459 et
1334 1433 1422 1460 noluit
1445 1433 1551 1466 bibere;
1569 1441 1668 1461 secun-

884 1477 949 1504 dum
965 1477 1085 1505 Marcum
1103 1483 1193 1505 autem
1210 1479 1244 1512 ⁵¹,
1259 1486 1320 1506 cum
1340 1479 1450 1507 daretur
1462 1480 1486 1507 ei
1500 1479 1668 1514 myrrhatum

847 1511 868 1539 θ
885 1524 990 1556 vinum,
1006 1531 1061 1550 non
1073 1524 1186 1558 accepit.

922 1569 982 1596 129.
1001 1569 1034 1595 Et
1056 1569 1171 1596 sedentes
1187 1571 1325 1597 servabant
1341 1579 1399 1597 eunt
1422 1571 1459 1597 ibi
1469 1571 1502 1598 ".
1521 1570 1552 1597 Et
1567 1571 1669 1598 milites

885 1616 993 1650 quidem
1016 1615 1162 1642 servabant
1183 1623 1293 1650 corpus,
1315 1615 1444 1643 submissi
1467 1624 1482 1642 a
1501 1615 1669 1650 principibus

885 1660 1075 1693 sacerdotum,
1102 1660 1180 1694 quasi
1208 1659 1353 1688 furandum
1376 1668 1392 1687 a
1410 1659 1551 1695 discipulis
1569 1660 1629 1694 ejus
1646 1660 1668 1686 si

885 1714 938 1733 non
966 1711 1137 1740 servaretur;
1170 1706 1338 1740 dispensatio
1370 1710 1460 1733 autem
1496 1705 1668 1733 resuscitavit

884 1759 957 1782 cum.
979 1757 1003 1778 et
1031 1757 1112 1779 testes
1138 1751 1344 1779 resurrectionis
1369 1751 1428 1786 ejus
1453 1759 1513 1780 esse
1537 1752 1600 1780 fecit
1616 1756 1668 1779 no'n

884 1797 953 1825 duos
975 1802 1090 1830 tantum,
1112 1802 1159 1824 aut
1182 1802 1254 1829 tres,
1282 1796 1330 1824 sed
1352 1796 1437 1823 multo
1462 1798 1562 1831 plures.
1589 1797 1669 1825 Visus

883 1846 925 1869 est
939 1841 1011 1869 enim
1028 1841 1135 1876 Cephaa,
1147 1845 1240 1876 postea
1255 1840 1307 1868 illis
1323 1840 1458 1871 undecim,
1474 1841 1569 1868 deinde
1587 1850 1669 1876 appa-

884 1888 938 1915 ruit
953 1887 1069 1922 amplius
1084 1895 1165 1921 quam
1185 1887 1340 1922 quingentis
1361 1885 1502 1919 fratribus,
1516 1888 1669 1916 novissime

883 1939 972 1962 autem
989 1934 1111 1961 onmium
1135 1933 1220 1960 Paulo
1236 1933 1269 1960 ⁵³.
1284 1932 1317 1959 ΕΙ.
1331 1940 1385 1960 non
1401 1936 1461 1960 erat
1475 1933 1612 1961 modicum
1630 1935 1667 1962 si—

883 1988 966 2016 gnum
990 1980 1198 2008 resurrectionis
1214 1979 1273 2014 ejus
1294 1979 1369 2014 quod
1389 1987 1404 2006 a
1422 1979 1504 2007 tantis
1523 1983 1566 2007 est
1581 1981 1666 2013 visus,

883 2027 926 2054 his
950 2027 996 2062 qui
1022 2031 1200 2061 susceperunt
1216 2026 1364 2061 periculum
1387 2031 1416 2053 ut
1436 2026 1581 2060 praedicent
1602 2035 1664 2053 eum

882 2074 1014 2101 viventem
1033 2073 1059 2100 in
1074 2073 1180 2108 populis
1196 2073 1242 2107 qui
1258 2072 1391 2107 petierant
1411 2080 1473 2100 eum
1495 2072 1527 2099 ad
1543 2080 1662 2100 erucem.

882 2119 916 2147 Et
937 2128 1009 2147 nunc
1030 2120 1092 2146 novi
1119 2119 1254 2154 principes
1279 2119 1463 2152 sacerdotum,
1481 2119 1603 2146 videlicet
1620 2119 1666 2146 ntii

42 2169 85 2190 ter
107 2163 228 2190 omnium
250 2163 391 2190 hominum
415 2162 570 2198 hujusmodi
596 2162 710 2197 gratiam
736 2170 831 2190 conse-
847 2176 869 2203 Β
884 2164 1037 2199 principum
1065 2164 1184 2196 illorum,
1209 2164 1322 2190 verhum
1347 2164 1470 2191 veritatis
1493 2165 1611 2199 positum
1639 2165 1665 2191 in

43 2213 154 2244 queretu
159 2216 181 2235 r.

78 2254 140 2281 127.
154 2254 188 2281 Et
203 2254 329 2282 dederunt
341 2255 365 2282 ei
376 2258 479 2282 acetum
491 2255 576 2282 bibere
591 2255 651 2289 felle
662 2255 780 2282 mistum.
795 2254 829 2281 Et

43 2308 103 2327 cum
120 2304 260 2335 gustasset,
278 2300 362 2327 noluit
377 2299 462 2326 bibere
474 2299 507 2326 ".
524 2299 678 2326 Suliiciebat
693 2299 764 2326 enim
780 2307 829 2326 non

43 2346 85 2374 bis
106 2351 135 2373 ut
158 2349 263 2373 tantum
286 2349 409 2381 gustaret
429 2353 478 2380 pro
501 2345 590 2377 nobis,
615 2345 686 2373 sicut
713 2349 826 2371 mortem

44 2391 124 2419 tridui
139 2392 268 2426 temporis
289 2399 342 2418 non
362 2392 522 2426 longiorem,
538 2391 577 2419 sic
596 2395 624 2418 et
640 2396 745 2418 acetum
767 2390 828 2418 fille

44 2439 211 2473 permistum.
230 2439 309 2466 Aliud
331 2442 420 2466 autem
446 2438 537 2464 vinum
558 2444 611 2464 non
635 2437 744 2464 mistum
764 2445 825 2464 cum

45 2484 104 2512 felle
118 2492 167 2512 nec
179 2492 240 2511 cum
263 2484 355 2519 aliquo
369 2483 518 2514 contrario,
538 2482 641 2518 accepit
658 2487 683 2510 et
705 2482 783 2513 bibit,
800 2487 826 2510 et

78 2574 101 2590 δ’
117 2574 159 2602 Cf.
177 2575 235 2602 Act.
255 2583 285 2606 ιι,
300 2574 344 2602 10.
382 2573 420 2601 ⁸⁸1
435 2574 497 2602 Cor.
517 2583 561 2605 XV.
577 2574 621 2600 Ἡ.

45 2617 129 2641 um,
146 2608 192 2636 54.
241 2610 263 2626 ¹¹
282 2609 364 2637 Marc.
383 2617 435 2642 xv,
457 2609 502 2637 25.
540 2610 562 2625 ⁸²
579 2609 674 2636 Matth.
694 2617 784 2641 nm,
799 2609 842 2636 56.

78 2702 136 2737 (89)
161 2702 234 2730 Venit
256 2704 290 2730 ad
308 2712 348 2731 me
363 2704 472 2731 traditio
490 2704 611 2738 qua-dam
628 2704 690 2730 talis
702 2724 709 2734 ,
728 2709 780 2731 etc.
799 2704 826 2730 ln

46 2738 138 2774 Calen.
165 2746 218 2765 ms.
235 2738 327 2774 Graeca
348 2740 427 2765 verba
454 2740 510 2765 lucc
533 2743 641 2774 exstant
662 2747 668 2764 :
691 2739 758 2774 Περὶ
780 2739 827 2765 τοῦ

47 2773 162 2809 Κρανίου
180 2773 262 2799 τόπου
278 2772 358 2809 ἦλθεν
371 2773 556 2809 εῑςνήμᾶςνὸτι
578 2773 696 2808 Ἑϐραῖοι
714 2772 827 2808 πάραδι·

47 2808 151 2838 Βόαςιν,
174 2809 214 2834 ὅτι
236 2808 266 2834 τὸ
287 2809 365 2843 σῶμα
384 2808 430 2835 τοι-3
456 2808 539 2842 ’Λδᾶμ
562 2808 620 2833 ἐκεῖ
638 2808 768 2834 τέθαπται
786 2809 828 2835 ἵνα

47 2843 105 2869 ἐπεὶ
117 2843 145 2869 ὲν
161 2843 202 2878 τῷ
220 2843 302 2870 utam
314 2842 411 2876 τέάντες
430 2843 640 2873 ὰπιθνίπκθυσι.
657 2844 736 2869 πάλιν
749 2845 778 2870 ἐν
790 2842 828 2877 τῷ

660 2575 680 2589 ⁵⁷
689 2574 782 2601 Matth.
798 2583 881 2604 xxv".
895 2576 940 2602 5L

885 2209 1034 2245 Scripturis
1059 2209 1222 2244 crueiligunt
1249 2209 1324 2237 falsis
1347 2211 1565 2244 expositionibus
1590 2211 1666 2243 suis,

882 2261 909 2283 et
933 2256 1063 2283 occidunt
1089 2255 1252 2288 mendaciis;
1281 2255 1392 2283 verbum
1417 2260 1506 2283 autem
1532 2256 1665 2287 veritatis,

881 2302 943 2337 quia
962 2302 1032 2336 apud
1056 2301 1116 2328 illos
1138 2301 1247 2335 quidem
1269 2302 1412 2333 occiditur,
1438 2302 1504 2329 vivit
1521 2307 1610 2330 autem
1638 2302 1664 2329 in

881 2355 929 2374 sua
945 2352 1052 2376 natura,
1069 2353 1176 2380 semper
1201 2345 1312 2378 invenit,
1334 2351 1361 2373 et
1383 2346 1458 2380 eligit
1484 2346 1537 2373 sibi
1555 2354 1618 2374 vasa
1637 2347 1663 2374 in

881 2392 980 2427 quibus
995 2395 1127 2426 resurgat,
1143 2396 1170 2418 et
1184 2391 1272 2423 \‘irat,
1286 2395 1313 2418 et
1329 2391 1417 2418 adhuc
1434 2391 1582 2418 confundat
1598 2400 1664 2420 suos

881 2433 1085 2469 interfectores,
1115 2435 1208 2462 multis
1236 2434 1399 2466 testimoniis
1427 2435 1516 2462 virere
1547 2437 1662 2464 demon-

879 2485 1005 2508 stratum.

978 2576 1000 2591 ⁸⁸
1014 2569 1079 2602 ibid.
1097 2575 1141 2606 33,
1156 2575 1200 2602 56.
1240 2574 1262 2590 δ’
1275 2573 1354 2602 Joan.
1370 2581 1427 2606 xtx,
1443 2573 1488 2601 24.
1527 2573 1550 2589 '°
1567 2572 1660 2601 Matth.

880 2610 903 2625 "
919 2610 927 2636 l
941 2609 1003 2637 Cor.
1024 2619 1072 2643 xv,
1088 2610 1146 2637 5-7.

1240 2574 1262 2590 δ’
1275 2573 1354 2602 Joan.
1370 2581 1427 2606 xtx,
1443 2573 1488 2601 Ἡ.

880 2706 989 2741 Χριστῷ
1005 2706 1104 2738 πάντες
1122 2705 1318 2741 {manorum-35:.
1337 2705 1372 2732 De
1388 2704 1523 2741 σπίναι-ἔων
1534 2705 1590 2741 loco
1603 2711 1660 2736 pcr-

880 2739 947 2768 t‘enit
961 2739 994 2767 (ιιι
1012 2750 1057 2768 nos
1074 2742 1183 2768 trav/ilio
1201 2739 1383 2771 llebra'orum,
1399 2747 1492 2772 corpus
1508 2739 1593 2765 Adam
1607 2747 1662 2765 esse

880 2776 915 2803 ibi
931 2777 1061 2810 sepultum
1075 2797 1081 2808 ,
1101 2782 1128 2803 ιιι
1149 2777 1218 2803 sicut
1240 2777 1267 2803 in
1292 2776 1374 2802 Adam
1397 2782 1483 2801 omnes
1502 2775 1660 2806 moriuntur,

880 2820 970 2838 rursus
987 2811 1012 2838 in
1028 2811 1133 2838 Christo
1147 2820 1234 2839 ontnes
1251 2811 1420 2846 vivi/iccnlur.
