1879 3046
225 143 281 172 155

766 148 927 176 ORIGENIS
947 148 982 175 IN

1057 148 1176 178 I'IICUI
1186 149 1326 178 ‘CAN'I'IC.
1500 150 1503 153 ’
1795 155 1839 184 156

224 206 283 232 mi
296 205 366 232 vobis
381 205 414 232 ".
432 204 486 232 Ista
497 206 649 233 estdomus
666 207 732 239 viui,
748 208 901 242 domusque
918 209 1011 236 convi-
1024 212 1047 239 Α
1064 209 1227 237 sulm-tenter
1253 210 1434 238 ostendimus.
1465 210 1518 239 Sed
1540 212 1584 239 hic
1606 219 1704 246 amor,
1727 213 1768 240 vel
1788 215 1837 242 haec

225 250 272 282 vii,
290 251 317 280 in
335 258 390 285 quo
400 251 527 278 convivio
539 259 635 279 omnes
653 253 701 286 qui
717 253 826 280 veniunt
847 254 883 281 ab
902 255 1009 282 oriente

225 299 254 322 et
263 295 403 322 occidente
418 295 578 322 recumbent
588 304 650 323 cum
666 297 812 330 Abraham,
829 297 903 326 Isaac
916 303 944 326 et
962 298 1008 326 Ja-

225 340 278 367 eob
292 340 319 367 in
335 348 418 375 regno
431 341 478 368 Dei
494 342 527 368 ⁸⁷.
543 341 582 368 Ad
604 349 684 376 quam
699 342 810 370 domum
832 347 860 370 et
880 344 914 371 ad
933 344 1007 379 quaid

224 385 378 414 convivium
392 386 528 420 propheta:
540 386 688 420 perducunt
700 388 816 421 animas,
833 395 895 423 qtae
916 393 1007 417 tamen

224 437 272 457 eos
287 430 401 457 audiunt
417 436 444 458 et
459 432 620 466 intelligunt.
639 431 692 458 Sed
707 436 734 459 et
747 433 834 460 sancti
848 434 937 469 angeli
951 442 1008 462 etn-

224 475 360 510 Iestcsque
371 476 485 503 virtutes
495 484 555 511 quae
568 477 595 503 in
609 477 760 506 ministerio
769 478 926 512 mittuntur.
943 488 1007 515 pro-

223 525 285 554 pter
298 528 347 548 eos
362 521 408 555 qui
426 520 607 548 hereditatem
623 522 735 556 capiunt
749 522 856 551 salutis.
873 523 946 552 Istud
964 531 1008 553 est

223 566 317 593 viuum
331 566 374 593 cui
390 566 547 593 scribuntur
559 566 605 593 isti
620 568 715 601 psalmi
735 569 782 603 qui
800 576 850 603 pro
864 570 1006 598 torculari-

221 611 273 638 bus
286 611 465 639 attitulantur.
478 611 608 647 Istudlest
622 613 714 640 vinum
724 621 757 640 ex
773 614 818 641 illa
841 616 895 642 vite
910 616 1005 643 vinde-

221 658 334 684 miatum
349 665 409 692 qua
425 658 491 685 dicit
505 667 512 685 :
527 658 582 694 Ego
593 667 652 685 sunt
665 660 724 686 ritis
734 668 794 687 rem
811 661 846 694 ²⁸;
861 663 932 697 quod
957 671 1005 690 ex-

219 704 319 737 pressit
344 703 423 731 Pater
448 705 568 732 caelestis
590 705 718 739 agricola.
744 706 818 734 Istud
844 712 888 735 est
911 708 1004 736 vinum

218 750 289 784 quod
305 751 454 778 attulerunt
467 751 506 778 illi
523 751 658 785 palmites,
672 752 720 787 qui
741 753 768 779 in
793 752 858 782 Jesu
881 762 1005 789 perman-

219 799 314 822 serunt
328 803 382 822 non
397 796 486 823 solum
504 797 532 823 in
547 798 638 829 tern's,
652 797 699 825 sed
714 798 796 826 etiam
810 799 836 826 in
850 800 937 828 caelis.
959 801 1004 829 Sic

217 840 291 866 enim
303 840 386 867 audio
399 841 464 868 illud
481 842 552 876 quod
565 842 682 876 dicitur,
700 845 764 878 quia
786 845 875 873 omnis
899 847 1003 881 palmes

219 885 265 918 qui
280 893 334 911 non
347 891 437 913 manet
449 887 476 913 in
492 895 545 920 tne,
559 895 612 915 non
627 893 714 922 potest
725 889 820 917 aﬂ‘erre
834 890 952 919 fructum
968 894 1001 922 ".

219 929 305 957 Nemo
317 931 390 958 enini
413 933 538 966 producit
552 933 669 961 fructum
684 934 740 962 viui
761 935 860 970 hujus,
882 938 933 965 nisi
955 939 1001 973 qui

219 980 360 1009 permanet
374 977 400 1004 in
416 978 509 1011 verbo,
524 983 551 1006 et
564 979 706 1014 sapientia,
719 985 747 1008 et
769 982 891 1016 veritate,
911 988 937 1011 et
957 984 1003 1019 ju-

219 1021 304 1056 stitia,
318 1028 345 1050 et
359 1030 427 1057 pace
440 1025 622 1060 omnibusque
634 1026 790 1055 virtutibus.
807 1028 879 1057 Istud
901 1035 942 1057 est
961 1031 1003 1058 vi.

219 1075 296 1099 num,
307 1076 362 1103 quo
372 1069 453 1097 etiam
464 1071 590 1098 inebriari
603 1071 688 1106 justis
696 1077 724 1100 et
733 1075 836 1102 sanctis
847 1076 1002 1112 quibusque

218 1115 337 1149 optabile
344 1115 461 1144 ducitur.
471 1116 533 1145 Haec
543 1122 609 1152 puto
622 1123 648 1145 et
659 1119 686 1146 in
694 1120 790 1154 spiritu
796 1121 852 1155 jam
864 1127 930 1150 tunc
945 1123 1002 1150 Noe

217 1165 350 1188 contuens
357 1161 506 1190 inebriatus
513 1171 574 1191 esse
581 1163 680 1191 dicitur
687 1165 720 1197 ";
727 1171 753 1193 et
760 1165 841 1194 David
850 1169 1002 1198 admiratus

216 1206 269 1242 73
279 1207 358 1242 hujus
370 1208 488 1235 convivii
502 1210 625 1241 calicem,
640 1210 723 1238 dicit:
738 1211 771 1238 Et
787 1214 909 1247 poculum
925 1221 1001 1243 tuum

215 1253 347 1280 inebrians
358 1261 437 1288 quam
447 1255 606 1289 praclarum
616 1261 655 1283 est
674 1257 708 1284 ".
728 1258 769 1285 Ad
783 1259 854 1286 hanc
872 1268 937 1295 ergo
951 1261 1000 1288 do-

215 1305 289 1325 mum
304 1299 359 1325 vini
374 1299 504 1332 Ecclesia,
519 1301 561 1328 vel
575 1301 667 1328 anima
684 1310 853 1338 unaquaeque
865 1305 1001 1335 desiderat

213 1351 276 1377 quae
291 1344 410 1377 perfecta
426 1350 490 1372 sunt
506 1347 619 1380 intrare,
636 1353 663 1376 et
674 1349 846 1385 dogmatibus
861 1353 1000 1386 sapientia:

215 1390 404 1425 mysteriisque
419 1392 549 1425 scientize,
566 1395 706 1429 epularum
728 1396 804 1424 velut
816 1398 958 1431 suavitate,
972 1405 1000 1428 et

215 1435 269 1460 vini
285 1434 375 1462 latitia
391 1436 503 1470 pcrl'rui.
533 1437 679 1467 Sciendum
700 1448 766 1468 sane
782 1446 824 1469 est
851 1443 914 1477 quia
928 1443 1000 1472 sicut

214 1485 253 1507 est
273 1481 344 1507 istud
362 1482 454 1509 vinum
470 1484 542 1518 quod
557 1485 591 1512 de
606 1485 777 1521 dogmatibus
791 1488 913 1516 veritatis
925 1497 999 1524 pres.

213 1533 274 1552 sunt
289 1527 483 1555 comntiscetur
494 1529 520 1556 in
535 1535 639 1558 cratere
655 1532 794 1566 sapientiae
809 1542 816 1560 :
831 1533 868 1560 ita
881 1539 923 1561 est
936 1543 998 1562 con-
1012 1545 1033 1574 α

212 1571 325 1599 trarium
336 1573 441 1606 vinum,
457 1583 520 1602 cum
535 1576 626 1612 inique
645 1577 815 1606 inchriantur
830 1585 995 1614 peccatores,

210 1621 238 1644 et
249 1617 275 1644 hi
289 1619 335 1652 qui
352 1619 429 1648 falsa:
451 1621 571 1650 scientiae
591 1623 717 1658 dogmata
739 1625 890 1659 perniciosa
909 1628 998 1655 susci~

213 1663 301 1696 piunt.
324 1663 361 1691 De
377 1666 477 1700 quibus
494 1667 622 1695 SalomOn
642 1669 668 1696 in
685 1669 838 1698 Proverbiis
854 1672 920 1700 dicit
935 1682 941 1700 :
961 1673 998 1701 lli

204 1713 300 1734 autent
328 1710 407 1736 edunt
436 1712 505 1739 cibo:
528 1713 685 1748 impietatis,
711 1716 770 1742 vino
792 1722 880 1744 autem
906 1719 996 1754 iniquo

211 1753 377 1781 inebriantur
387 1756 420 1783 “.
446 1756 483 1784 De
506 1759 557 1786 hoc
569 1759 664 1786 eodem
680 1761 744 1788 vino
760 1762 854 1797 iniquo
869 1764 951 1791 etiam
968 1765 994 1792 in

211 1798 422 1828 Deutcronomio
435 1802 550 1837 legimus
568 1804 604 1831 ita
619 1806 750 1840 scriptum
770 1816 776 1833 :
794 1807 836 1834 Ex
847 1809 929 1836 vineit
945 1809 996 1836 So-

210 1843 348 1872 domorum
359 1847 419 1873 ritit
436 1856 537 1881 eorum,
548 1854 573 1876 et
588 1850 687 1884 palntes
695 1859 784 1878 eorum
797 1861 830 1879 ea:
839 1853 994 1887 Gomorrlta,

209 1896 260 1916 ara
282 1898 372 1918 eorum
390 1900 440 1919 uva
457 1893 546 1927 fellis,
569 1896 594 1922 et
619 1896 709 1923 botrut
734 1899 923 1927 amaritudinis
940 1901 995 1933 eis;

209 1934 285 1968 furor
307 1937 453 1966 draconum
472 1941 560 1968 uinum
573 1950 673 1975 eorum,
688 1948 712 1970 et
729 1944 804 1978 [uror
818 1954 908 1972 eorum
923 1948 995 1982 aspi-

208 1982 272 2008 dttns
287 1983 444 2012 insanabilis
461 1985 493 2013 ³³.
510 1986 577 2014 Illud
590 1992 680 2015 autem
698 1989 789 2017 vinum
802 1991 874 2025 quod
890 1992 924 2019 de
940 1993 995 2020 vite

207 2035 270 2055 vera
294 2031 436 2063 procedit,
460 2039 560 2059 novum
586 2041 694 2069 semper
712 2039 764 2062 cst.
791 2035 904 2071 Semper
921 2037 994 2064 enim

206 2081 255 2108 per
276 2075 413 2108 proiectus
433 2077 597 2106 discentium
621 2080 744 2107 scientiae
757 2085 784 2108 et
798 2082 938 2116 sapientia:
952 2083 994 2109 di-

206 2119 278 2146 vinae
289 2120 437 2148 innovatur
449 2124 561 2157 agnitio.
575 2123 607 2150 Et
619 2124 679 2153 ideo
692 2125 798 2153 dicebat
814 2126 894 2154 Iesus
909 2128 993 2155 disci-

206 2163 279 2198 pulis
293 2165 360 2196 suis,
377 2166 440 2200 quia
456 2175 550 2193 novum
565 2168 653 2195 bibam
672 2169 739 2196 illud
754 2170 885 2198 uobiscum
905 2173 934 2199 in
953 2181 995 2199 re-

205 2217 257 2243 gno
271 2209 363 2237 Patris
381 2213 431 2238 nisi
445 2213 478 2239 ³⁸.
503 2212 651 2242 lnnovatur
670 2217 744 2242 enim
762 2225 868 2252 semper
891 2219 992 2252 agnitio

206 2259 372 2283 secretorum
390 2264 607 2294 arcanorumque
625 2260 753 2288 revelatio
768 2269 816 2296 per
829 2263 989 2297 sapientiam

206 2299 263 2333 Dei,
281 2309 334 2329 non
350 2303 438 2330 solutn
454 2304 620 2340 hominibus,
639 2307 686 2334 sed
705 2312 733 2334 et
752 2309 856 2343 angelis
869 2310 987 2338 celesti-

205 2346 311 2381 husque
324 2349 481 2377 virtutibus.

241 2411 318 2440 Vers.
343 2414 369 2440 4.
396 2413 524 2442 Ordinate
548 2417 575 2443 in
599 2426 638 2445 me
664 2420 831 2447 cltaritatem.
862 2420 988 2456 Ejusdem

203 2463 312 2503 sponsa:
332 2458 365 2485 ad
388 2459 497 2486 eosdem
521 2461 602 2489 verba
617 2468 694 2495 sunt.
714 2465 766 2492 nisi
784 2466 856 2500 quod
877 2473 991 2501 possunt

203 2502 319 2543 fortasse
332 2504 413 2530 etiam
430 2505 544 2538 apostoli
556 2505 656 2534 Christi
679 2508 749 2535 inter
765 2517 813 2537 cos
836 2510 938 2542 haberi,
953 2511 986 2537 ad

201 2556 270 2586 quos
285 2549 335 2584 ista
354 2555 549 2578 memorantur.
564 2551 642 2584 Quod
659 2561 723 2589 ergo
736 2555 774 2581 ait
791 2564 798 2581 :
821 2555 948 2582 Ordinate
960 2557 988 2582 in

201 2601 242 2619 me
254 2594 420 2627 charitatem,
442 2595 516 2623 hunc
539 2596 618 2623 habet
644 2606 765 2627 sensum.
781 2599 882 2628 Omnes
899 2601 986 2628 homi-

203 2646 251 2666 nes
263 2645 356 2668 amant
376 2641 436 2669 sine
457 2643 542 2670 dubio
557 2645 670 2680 aliquid,
683 2650 710 2672 et
724 2646 814 2674 nullus
832 2651 873 2674 est
886 2648 931 2681 qui
953 2647 986 2674 ad

203 2683 229 2710 id
251 2687 337 2713 aetatis
354 2689 457 2717 venerit
473 2693 502 2716 ut
516 2698 609 2718 amare
623 2691 680 2726 jam
695 2692 790 2726 possit,
814 2697 841 2720 et
863 2701 917 2720 non
935 2693 986 2720 ali-

203 2729 267 2761 quid
281 2736 353 2758 amet
366 2742 374 2773 ξ
388 2734 458 2767 sicut
480 2736 561 2767 etiam
576 2736 603 2764 in
620 2737 776 2772 prtefatione
797 2738 879 2773 hujus
896 2738 987 2773 operis

239 2817 262 2855 1‘
274 2815 352 2846 Prov.
370 2828 407 2849 ta.
422 2822 448 2848 5.
499 2825 520 2839 "
535 2824 627 2852 Matth.
641 2834 699 2855 vttt.
717 2826 759 2852 II.

818 2827 841 2843 18
857 2827 893 2843 In.

241 2826 262 2832 "
274 2826 352 2846 I'rov.
370 2828 407 2849 ta.
422 2826 448 2848 5.
499 2826 520 2839 "
535 2826 627 2852 Matth.
641 2834 699 2855 rut,
717 2826 759 2852 II.
818 2827 841 2843 ⁸⁸
853 2826 931 2859 Jnan.
946 2835 988 2858 xv.

205 2851 226 2867 "
238 2850 316 2880 I‘r0v.
334 2861 377 2888 tv,
393 2855 438 2891 Π.
477 2858 498 2873 ³³
514 2858 588 2894 Deut.
607 2869 691 2893 χχχιι,
712 2861 756 2892 39.,
772 2862 816 2889 55.
855 2862 875 2877 ³⁵
891 2860 982 2888 Matth.

1089 2826 1110 2841 "
1129 2826 1195 2852 Ibid.
1214 2826 1240 2851 II.
1293 2826 1314 2840 '°
1327 2826 1393 2852 Gen.
1416 2831 1448 2850 tx.

1057 2860 1132 2891 t,29.
1170 2860 1192 2876 "
1205 2859 1299 2886 Matth.
1322 2865 1383 2889 xix,
1406 2858 1448 2886 I9.

1059 255 1180 282 charitas
1197 255 1224 282 in
1246 257 1386 284 nonnullis
1408 257 1519 292 quidem
1540 266 1593 286 suo
1615 258 1713 286 ordine
1731 264 1760 287 et
1780 267 1836 289 con-

1060 301 1197 327 venienter
1209 305 1299 335 aptata
1322 302 1462 336 procedit,
1479 303 1507 330 in
1524 303 1649 338 plurimis
1665 312 1731 332 vero
1752 311 1835 333 contra

1060 345 1193 372 ordinem.
1219 344 1325 373 Dicitur
1349 352 1439 375 autem
1467 352 1563 375 contra
1584 350 1710 377 ordinem
1733 358 1794 378 esse
1813 351 1835 378 in

1057 388 1150 422 aliquo
1162 389 1294 425 charitas,
1309 398 1371 417 eum
1385 395 1434 418 aut
1450 391 1475 419 id
1489 391 1578 427 diligit
1591 393 1665 428 quod
1682 402 1739 422 non
1755 395 1836 427 debet,

1058 440 1106 460 aut
1124 434 1197 468 quod
1220 434 1300 462 debet
1318 436 1418 471 diligit,
1439 436 1486 464 sed
1503 438 1564 472 plus
1586 438 1661 472 justo
1674 439 1774 474 diligit,
1797 445 1838 467 aut

1057 478 1148 505 minus
1158 479 1244 513 justo.
1267 481 1297 507 In
1320 481 1373 508 isto
1392 489 1457 516 ergo
1476 481 1630 510 inordinata
1651 491 1714 512 esse
1725 485 1838 512 charitas

1056 523 1171 556 dicitur;
1194 524 1220 550 in
1247 524 1299 552 illis
1326 533 1390 552 vero
1415 534 1486 561 quos
1504 527 1582 554 valde
1603 536 1706 562 paucos
1726 529 1837 556 arbitror

1055 576 1126 601 esse,
1141 569 1188 604 qui
1205 569 1310 597 scilicet
1329 578 1376 605 per
1392 571 1462 598 viam
1486 572 1547 599 vita:
1570 572 1710 607 incedunt,
1737 579 1765 601 et
1789 582 1836 601 nou

1055 613 1201 646 declinant,
1218 623 1304 649 neque
1317 616 1350 642 ad
1364 615 1513 648 dexteram,
1535 625 1623 652 neque
1635 619 1668 645 ad
1690 619 1836 650 sinistram,

1055 659 1082 686 in
1109 660 1175 694 ipsis
1196 660 1263 688 solis
1287 661 1410 689 ordinata
1432 668 1475 690 est
1501 663 1637 696 charitas,
1667 669 1695 691 et
1719 665 1836 692 ordinent

1055 712 1136 732 suum
1162 709 1244 732 tenet.
1276 705 1323 733 Est
1347 711 1440 734 autem
1473 708 1541 735 ordo
1572 708 1633 742 ejus
1657 715 1685 736 et
1715 718 1836 738 mensura

1054 749 1221 784 hujusmodi,
1237 750 1310 776 verbi
1325 752 1410 785 gratia
1424 761 1431 779 :
1451 752 1535 780 Deum
1550 753 1661 788 diligere
1673 755 1768 783 nullus
1785 763 1837 782 mo-

1054 793 1116 827 dus,
1130 793 1202 820 nuUa
1217 801 1343 822 mensura
1361 800 1419 828 est,
1436 796 1489 824 nisi
1511 798 1568 824 haec
1582 798 1651 831 sola,
1663 804 1694 826 ut
1708 799 1734 826 ei
1756 804 1836 826 totum

1054 838 1183 865 exhibeas
1197 842 1328 873 quantum
1342 839 1436 868 habes.
1450 839 1478 867 In
1492 840 1602 868 Christo
1615 842 1687 868 enim
1701 841 1768 869 .lesn
1783 842 1837 870 dili-

1019 875 1040 902 Β
1053 884 1157 918 gelidus
1171 888 1213 910 est
1230 882 1300 911 Deus
1316 892 1349 911 ex
1361 889 1417 912 toto
1432 885 1524 919 corde,
1539 890 1566 913 et
1579 894 1612 913 ex
1627 891 1682 914 tota
1697 887 1800 920 anima,
1814 893 1837 914 ct

1052 936 1084 956 ex
1111 929 1175 957 totis
1195 930 1308 958 viribus.
1334 931 1362 958 In
1384 930 1436 958 hoc
1460 938 1524 966 ergo
1547 931 1620 958 nulla
1644 939 1774 959 mensura
1789 937 1835 960 cst.

1054 973 1172 1008 Diligere
1187 981 1251 1001 vero
1266 975 1433 1009 proximum,
1448 979 1490 1001 est
1503 982 1631 1002 mensura
1652 975 1756 1009 aliqua.
1778 974 1835 1001 Pro-

1051 1018 1170 1049 ximum.
1191 1018 1295 1053 inquit,
1322 1024 1396 1045 tuum
1418 1018 1499 1053 dilige
1522 1019 1589 1045 sicut
1609 1021 1723 1054 teipsunt
1746 1020 1780 1046 ³³.
1810 1019 1834 1046 Si

1051 1070 1116 1098 ergo
1139 1068 1186 1090 aut
1211 1063 1238 1090 in
1259 1062 1306 1091 Dei
1325 1063 1469 1091 dilectione
1495 1063 1585 1091 minus
1609 1065 1714 1099 aliquid
1743 1065 1835 1092 feceris

1051 1116 1132 1144 quam
1150 1113 1237 1144 potes,
1254 1113 1282 1136 et
1299 1117 1381 1144 quam
1397 1109 1424 1136 in
1438 1109 1542 1137 viribus
1557 1110 1613 1137 tuis
1625 1114 1686 1143 est;
1707 1115 1756 1137 aut
1772 1111 1834 1137 inter

1052 1159 1077 1182 te
1099 1158 1126 1181 et
1149 1155 1303 1189 proximum
1320 1159 1396 1182 tuum
1414 1163 1468 1182 non
1491 1155 1642 1183 servaveris
1658 1156 1813 1190 aequitatem
1826 1175 1833 1187 ,

1051 1200 1098 1227 sed
1123 1200 1225 1234 aliquid
1253 1199 1412 1227 differentiae
1440 1199 1588 1233 habueris;
1613 1207 1667 1227 non
1694 1205 1737 1228 est
1761 1201 1786 1227 in
1812 1205 1832 1227 tu

1051 1245 1172 1273 Charitas
1192 1245 1328 1278 ordinata,
1353 1253 1403 1272 nec
1425 1245 1546 1273 ordinem
1562 1253 1642 1273 suum
1658 1251 1765 1273 tenens.
1785 1246 1831 1272 γε·

1051 1297 1111 1316 rum
1126 1290 1255 1324 quoniam
1271 1289 1351 1316 nobis
1366 1296 1457 1317 sermo
1470 1289 1504 1316 de
1518 1288 1613 1316 ordine
1626 1289 1770 1317 charitatis
1785 1294 1831 1321 est,

1050 1334 1206 1368 diligentius
1222 1341 1269 1368 per
1282 1333 1388 1369 singula
1403 1333 1586 1368 requiramus,
1604 1334 1645 1361 rel
1663 1342 1736 1368 quos
1750 1335 1830 1368 diligi,

1050 1380 1092 1406 vel
1106 1383 1238 1414 quantum
1257 1379 1332 1414 diligi
1347 1383 1479 1414 oporteat.
1495 1378 1562 1406 Nam
1583 1380 1617 1411 si,
1636 1384 1666 1406 ut
1685 1380 1753 1406 dicit
1766 1381 1830 1414 Apo-

1050 1425 1137 1453 stolus
1153 1425 1194 1458 ³⁸,
1210 1425 1332 1453 membra
1353 1425 1512 1452 alterutrum
1535 1433 1630 1453 sumus
1643 1446 1650 1458 ,
1673 1431 1739 1460 puto
1764 1426 1829 1461 quod

1050 1471 1123 1499 hunc
1141 1471 1266 1500 allectum
1281 1479 1344 1507 erga
1359 1471 1499 1506 proximos
1513 1471 1614 1499 habere
1632 1472 1789 1504 debeamus,
1805 1476 1830 1498 ut

1049 1525 1098 1545 eos
1114 1525 1170 1544 non
1183 1517 1263 1552 quasi
1285 1517 1372 1544 aliena
1390 1524 1514 1551 corpora,
1541 1517 1588 1544 sed
1605 1517 1687 1544 veluti
1712 1518 1829 1544 membra

1051 1567 1144 1590 nostra
1159 1562 1314 1598 diligamus.
1339 1561 1492 1589 Secuttdum
1513 1561 1564 1589 hoc
1577 1569 1641 1597 ergo
1656 1562 1728 1596 quod
1752 1569 1829 1588 tncm-

1048 1608 1097 1636 bra
1121 1614 1215 1636 nostra
1237 1608 1352 1635 invicem
1375 1615 1480 1639 sumus,
1498 1608 1627 1642 aequalem
1655 1615 1717 1642 erga
1740 1614 1829 1634 omnes

1047 1655 1148 1682 habere
1162 1654 1352 1686 dilectionem,
1372 1653 1541 1688 similemque
1557 1653 1708 1680 conveniet.
1729 1652 1828 1680 Secun-

1045 1700 1110 1726 dum
1128 1699 1179 1726 hoc
1203 1706 1267 1725 vero
1291 1698 1364 1732 quod
1382 1702 1445 1725 sunt
1464 1697 1491 1724 in
1511 1704 1624 1732 corpore
1641 1697 1731 1730 aliqua
1750 1702 1829 1722 mem-

1046 1744 1094 1771 bra
1117 1743 1321 1770 honorabiliora
1337 1747 1363 1770 et
1379 1742 1546 1773 honestiora,
1569 1742 1620 1768 alia
1638 1749 1703 1768 vero
1721 1741 1830 1767 inhone-

1047 1787 1132 1814 stiora
1146 1791 1172 1814 et
1187 1786 1316 1813 inferiora
1332 1786 1365 1818 ³⁷,
1382 1790 1446 1820 puto
1461 1786 1534 1820 quod
1552 1793 1660 1812 rursum
1681 1793 1729 1820 pro
1747 1793 1827 1812 ment—

1046 1832 1158 1859 brorum
1176 1832 1281 1859 meritis
1296 1836 1322 1858 et
1336 1831 1447 1863 honore,
1465 1831 1545 1858 etiam
1565 1830 1719 1857 dilectionis
1739 1830 1828 1857 librari

1045 1877 1142 1904 debeat
1167 1876 1274 1903 modus.
1294 1875 1323 1902 Si
1339 1876 1401 1910 quis
1424 1883 1488 1910 ergo
1514 1874 1709 1902 rationaliliter
1735 1879 1828 1901 cuncta

1044 1929 1125 1956 agere
1140 1921 1287 1948 secundum
1303 1920 1416 1947 verbum
1436 1919 1482 1946 Dei
1498 1927 1530 1946 ac
1545 1928 1609 1946 suos
1620 1920 1702 1947 etiam
1721 1919 1829 1945 :tﬂ'cctus

1045 1972 1196 2001 temperare
1220 1966 1357 2001 proponit,
1383 1969 1448 1999 puto
1471 1965 1543 1999 quod
1564 1972 1628 1999 erga
1651 1964 1709 1991 hac
1724 1963 1828 1998 singula

1044 2011 1166 2039 ordinem
1183 2011 1323 2038 charitatis
1334 2015 1360 2037 et
1372 2010 1441 2037 scire
1454 2010 1551 2037 debeat
1562 2014 1589 2036 et
1603 2014 1703 2036 tenere.
1720 2008 1828 2040 Verum,

1045 2062 1074 2084 nt
1090 2058 1212 2091 apertius
1224 2057 1269 2083 tiat
1288 2056 1360 2091 quod
1374 2056 1502 2089 dicimus,
1521 2056 1602 2090 paulo
1617 2055 1829 2083 evidentioribus

1045 2107 1154 2129 utamur
1163 2102 1285 2136 judiciis.

1079 2146 1107 2173 Si
1125 2147 1197 2182 quis,
1212 2145 1285 2173 verbi
1301 2145 1398 2180 gratia,
1416 2145 1519 2172 laboret
1537 2145 1562 2171 in
1577 2145 1660 2172 verbo
1677 2144 1734 2176 Dci,
1750 2149 1829 2179 atque

1008 2208 1031 2238 Β
1047 2192 1151 2219 animas
1173 2197 1280 2218 nostras
1299 2191 1414 2218 instruat
1430 2195 1457 2218 ct
1479 2190 1622 2222 illuminet,
1643 2190 1716 2238 viam
1735 2190 1828 2238 salutis

1045 2238 1151 2270 doceat,
1166 2237 1328 2271 vivendique
1343 2237 1465 2263 ordinem
1480 2236 1577 2268 tradat,
1591 2243 1644 2262 non
1659 2235 1708 2261 tibi
1725 2235 1828 2262 videtur

1044 2287 1072 2310 et
1098 2282 1142 2309 hic
1159 2282 1301 2316 proximus
1317 2289 1377 2308 esse
1398 2280 1518 2315 quidem,
1538 2281 1584 2308 sed
1606 2280 1692 2306 multo
1712 2280 1828 2315 amplius

1040 2328 1094 2354 alio
1112 2328 1237 2362 proximo
1260 2326 1432 2360 diligendus,
1454 2325 1500 2360 qui
1518 2326 1615 2353 horum
1633 2325 1700 2351 nihil
1724 2324 1828 2359 θέετὶιῖ

1040 2372 1108 2399 Nam
1123 2372 1175 2399 etsi
1191 2372 1236 2398 ille
1257 2372 1365 2406 quidem
1387 2370 1539 2406 diligendus
1554 2375 1611 2401 est,
1638 2378 1687 2404 pro
1707 2378 1741 2397 eo
1756 2369 1827 2405 quod

1039 2418 1162 2445 membra
1183 2417 1264 2444 unius
1280 2416 1403 2451 corporis
1425 2423 1532 2448 sumus,
1547 2416 1684 2450 uniusque
1703 2415 1827 2442 substan-

1040 2463 1084 2491 lite
1101 2473 1108 2490 :
1126 2463 1173 2490 scd
1189 2463 1234 2490 hic
1251 2463 1337 2489 multo
1353 2462 1480 2496 atnplius,
1505 2462 1551 2496 qui
1574 2469 1636 2488 cum
1649 2461 1696 2495 jus
1713 2461 1826 2495 proximi

1045 2510 1187 2536 nobiscum
1205 2509 1314 2541 habeat,
1334 2507 1407 2543 quod
1422 2511 1449 2534 et
1465 2507 1556 2534 caeteri
1576 2507 1702 2533 homines
1717 2506 1824 2536 habent.

1040 2555 1086 2582 dat
1097 2561 1185 2583 tamen
1201 2555 1272 2582 hanc
1281 2555 1413 2589 majorem
1427 2553 1566 2581 charitatis
1580 2560 1644 2587 erga
1658 2560 1688 2579 se
1704 2559 1824 2582 causam,

1040 2601 1112 2636 quod
1129 2601 1199 2627 viain
1216 2600 1263 2627 Dei
1288 2599 1422 2631 ostendit,
1445 2603 1472 2626 ct
1493 2598 1591 2626 animze
1607 2597 1724 2626 salutent
1743 2597 1825 2624 divini

1041 2647 1114 2674 vcrhi
1139 2646 1383 2673 illuminationibus
1400 2644 1513 2672 confert.
1536 2644 1614 2677 Quod
1632 2644 1655 2671 si
1669 2644 1771 2678 aliquis
1787 2651 1826 2670 mc

1040 2696 1175 2720 errantem
1192 2692 1259 2718 etin
1283 2690 1431 2726 praecipitio
1454 2690 1574 2725 positum
1601 2690 1745 2716 muliebris
1764 2697 1824 2724 pec—

1039 2738 1093 2766 cati
1108 2738 1140 2765 ad
1157 2740 1244 2765 lucem
1257 2740 1364 2764 revocet
1379 2736 1496 2770 pietatis,
1506 2740 1533 2763 et
1549 2736 1581 2763 dc
1597 2736 1657 2770 ipso
1670 2735 1729 2771 jam
1746 2736 1823 2762 inter~

1572 2824 1592 2840 ³¹
1610 2823 1685 2852 Psal.
1704 2825 1818 2854 tumuli.

1727 2860 1748 2874 IV
1790 2862 1821 2886 III.

1293 2825 1314 2840 '°
1327 2824 1393 2852 Gen.
1416 2831 1452 2850 ιι.
1467 2824 1513 2855 2|,
1572 2824 1592 2840 ³¹
1610 2824 1674 2852 l’sal

1293 2879 1299 2886 .
1322 2865 1383 2887 xix.
1406 2858 1448 2886 I9.
1497 2859 1518 2875 “
1534 2858 1620 2886 ICor.
1636 2867 1675 2887 xu

1089 2826 1110 2841 "
1129 2825 1195 2852 Ibid.
1214 2825 1240 2851 τί.
