1839 3053
44 130 124 157 1781

615 123 944 155 COMMENTARIORUM
963 122 1096 151 SERIES.

1610 118 1680 146 1782

43 194 111 216 tem
123 197 183 217 eum
194 193 221 217 et
235 188 380 216 ascendere
392 188 424 216 ad
438 188 576 224 proprium
588 188 694 215 Patrem
704 192 731 214 et
742 187 837 218 Deum,
853 189 874 215 Α
889 184 944 211 ctio
956 183 1023 211 solis
1035 191 1096 217 qua:
1109 181 1258 209 secundum
1278 179 1504 208 consuetudinem
1523 181 1675 211 temporum

43 239 80 261 ιιι
98 235 248 263 ascendens
261 235 288 262 in
305 234 389 261 altum
406 235 523 269 captivet
538 234 732 268 captivitatem,
746 237 773 259 et
791 239 838 258 ac-

42 281 138 315 cipiat
153 281 223 308 dona
240 281 266 307 in
284 280 409 308 homines
424 281 458 313 "“,
474 285 500 307 et
515 284 574 315 post
595 280 653 306 hree
668 279 794 307 ostendat
810 285 840 306 se

43 325 194 353 fortiorem
207 330 292 352 morte
307 325 400 353 dicens
410 325 443 352 ad
455 333 514 352 eam
529 334 535 351 :
550 325 601 352 Ubi
614 330 663 358 est,
679 333 758 357 mors,
775 333 839 351 acu-

45 369 113 410 lens
134 375 194 397 tuus
209 371 252 397 "‘i
271 370 403 397 Similiter
418 375 508 397 autem
523 391 530 403 ,
550 371 656 397 caeteris
676 375 840 405 praetereunt-

47 415 132 443 tibus
155 421 182 443 et
201 415 454 450 blasphemantibus
478 423 540 442 eum
553 435 560 448 ,
583 415 719 450 principes
733 422 840 449 quoque

45 460 230 488 sacerdotum
242 465 268 488 et
279 459 382 488 Scriba!
396 464 598 495 praetereuntes,
611 465 638 488 et
652 460 703 495 ipsi
714 459 841 487 dicebant

44 505 86 532 ad
107 513 169 534 eum
194 506 257 534 victi
282 506 428 534 virtutibus
451 510 513 534 ante
535 507 619 541 gestis
636 507 670 534 ab
695 513 728 533 eo
743 517 749 533 ;
764 506 840 533 Alios

43 553 140 580 salvos
163 553 235 587 fecit,
261 553 376 587 seipsum
398 553 500 580 salvum
524 554 611 588 facere
635 561 685 580 non
709 556 792 587 potest
804 553 838 579 ".

44 597 186 625 Videlicet
210 606 263 625 non
287 598 427 626 credentes
442 600 572 633 quoniam
588 598 634 633 qui
651 599 718 625 alios
734 598 840 626 salvarc

46 644 153 678 potuit,
169 643 254 671 multo
269 644 386 679 amplius
398 648 505 678 poterat
528 648 556 671 et
576 644 694 678 scipsum
717 643 839 676 salvare;

43 694 75 716 ct
96 689 288 724 promittebant
311 698 340 717 se
361 690 515 717 credituros
537 690 564 716 in
582 697 643 717 eum
662 690 741 724 quasi
755 690 781 716 in
795 697 840 716 re-

44 743 112 769 gem
134 735 215 762 israel
226 755 233 767 ,
248 735 271 762 si
289 736 455 763 descendens
469 743 484 762 a
501 743 582 763 cruce
595 735 730 762 videretur
741 735 775 762 ab
788 735 838 762 eis.

45 780 112 815 Ipse
134 785 224 807 autem
251 788 305 807 non
328 781 442 807 curabat
466 781 608 815 indignum
631 780 732 814 aliquid
759 786 841 814 agere

43 831 163 860 propter
178 826 324 853 derisionis
349 826 488 860 iniuriam,
512 831 539 852 ct
562 826 650 853 facere
672 825 744 861 quod
763 825 838 853 dice-

44 872 133 899 batur
145 871 178 898 ab
192 872 232 898 eis
246 875 321 898 extra
336 871 469 898 rationem
486 875 513 898 et
526 870 660 897 ordinem.

84 915 151 942 155.
165 914 284 950 Idipsum
297 920 385 942 autem
399 920 424 941 et
436 915 551 942 latrones
565 915 609 949 qui
626 915 747 949 cruciﬁxi
760 919 836 942 erant

39 968 110 987 cum
126 969 166 992 co,
181 960 392 995 improperabant
407 961 431 988 ei
441 960 475 987 ⁷⁸.
489 960 521 987 Ει
539 960 609 993 apud
623 960 754 987 Joannem
766 961 837 988 sicut

42 1005 192 1040 potuimus
216 1005 393 1039 exposuimus
420 1005 453 1032 de
478 1005 587 1033 duobus
611 1005 764 1033 latronibus
788 1007 836 1041 qui

40 1050 164 1078 fuerunt
178 1051 300 1078 crucifixi
320 1058 382 1078 eum
398 1050 518 1084 Christo,
536 1051 583 1085 qui
605 1051 753 1079 secundum
768 1051 836 1079 Mat-

40 1097 151 1123 thzcum
176 1096 285 1131 quidem
317 1101 345 1123 et
372 1096 496 1124 Marcum
526 1098 779 1131 improperaverunt
809 1097 834 1124 ei

41 1141 134 1169 ambo
152 1142 178 1168 in
197 1149 288 1168 cruce.
305 1140 460 1169 Secundum
476 1141 576 1169 Lucam
595 1146 684 1169 autem
701 1142 834 1169 dicentem

41 1187 179 1222 quoniam
195 1195 265 1215 unus
286 1188 319 1214 de
342 1187 524 1222 pendentibus
541 1188 694 1215 latronibus
710 1188 835 1222 blasphe-

20 1247 26 1252 -
42 1235 142 1262 mabat
155 1235 248 1261 dicens
265 1242 272 1258 τ
291 1233 320 1260 Si
336 1239 364 1260 tu
385 1242 412 1260 es
431 1232 562 1266 Christus,
586 1234 660 1260 salva
682 1234 794 1268 teipsum
809 1239 834 1261 et

44 1287 108 1306 ιιοι.
123 1279 287 1313 Respondeas
302 1283 388 1305 autem
405 1281 473 1304 alter
487 1278 638 1313 increpabat
651 1287 709 1306 eum
721 1279 808 1305 dicens
824 1286 833 1305 :

45 1324 111 1352 Non
131 1326 206 1351 times
223 1327 251 1351 tu
267 1324 348 1350 Deum
363 1324 434 1358 quod
450 1324 476 1350 in
498 1324 588 1350 eadem
603 1325 773 1351 damnatione
787 1325 835 1352 es?

46 1370 83 1397 Et
94 1378 142 1397 nos
157 1370 259 1404 quidem
270 1369 354 1403 juste,
368 1376 429 1395 nam
441 1369 571 1403 condigna
583 1369 660 1403 factis
676 1369 815 1403 recipimus
824 1377 833 1395 :

43 1417 96 1443 iste
112 1420 199 1442 autem
225 1415 292 1441 nihil
317 1413 381 1440 mali
401 1414 473 1448 fecit.
492 1413 525 1440 Et
539 1414 642 1440 dicebat
664 1414 698 1440 ad
717 1413 832 1440 lerunt:

46 1461 180 1487 Memento
204 1461 253 1487 mei
275 1466 334 1486 cum
354 1459 453 1486 veneris
469 1460 496 1486 in
518 1467 625 1494 regnum
646 1464 720 1486 tuum
730 1459 762 1485 ⁷⁸.
782 1459 833 1486 Re-

43 1505 186 1540 spondeas
201 1508 290 1532 autem
316 1504 396 1531 Jesus
417 1504 485 1531 dixit
504 1504 537 1531 ad
560 1511 632 1535 eum,
646 1504 692 1538 qui
710 1504 832 1538 iuerepa-
845 1520 866 1548 ο

44 1554 124 1577 verat
145 1550 376 1584 blaspliemantem
390 1558 396 1575 :
420 1551 500 1576 Amen
517 1550 576 1576 dico
593 1549 660 1576 tibi:
678 1549 764 1576 Hodie
779 1557 831 1576 me-

43 1603 104 1621 tum
120 1595 171 1620 eris
190 1594 217 1620 in
232 1594 356 1628 paradiso
370 1595 403 1621 ⁷⁵.
415 1593 586 1621 Conveniens
606 1601 670 1628 ergo
686 1598 738 1626 est,
758 1599 787 1621 ut
805 1594 831 1620 in

44 1639 144 1672 primis
165 1639 274 1674 quidem
297 1640 377 1666 ambo
400 1640 520 1667 latrones
542 1639 726 1674 intelligantur
740 1639 832 1666 Domi-

43 1693 114 1712 num
130 1685 332 1720 blaspltemasse
345 1692 352 1710 :
367 1689 428 1718 post
453 1685 505 1712 hoc
529 1689 620 1712 autem
636 1693 719 1712 unum
740 1693 774 1712 ex
792 1685 833 1713 eis

42 1737 210 1758 conversum
240 1738 315 1763 esse,
344 1736 371 1758 et
395 1730 544 1758 credidisse
569 1735 729 1758 tractantem
761 1731 832 1765 apud

43 1776 167 1810 seipsqu
193 1776 236 1803 his
257 1776 398 1804 miraculis
413 1785 474 1807 una:
490 1776 617 1804 audiebat
639 1776 708 1804 facta
725 1777 759 1803 ab
774 1784 807 1804 eo
823 1786 830 1804 :

42 1821 162 1849 forsitan
187 1826 278 1849 autem
301 1827 328 1849 et
352 1822 447 1849 videns
470 1822 677 1849 conversionem
699 1822 786 1854 aeris,
806 1826 833 1850 et

43 1867 174 1895 tenebras
187 1867 244 1894 ﬁeri
259 1866 392 1898 insuetas,
406 1872 434 1894 et
449 1875 501 1894 non
516 1867 587 1895 sicut
604 1867 661 1894 ﬁeri
678 1867 833 1902 frequenter

42 1912 182 1940 solebant.
204 1912 259 1939 Aut
280 1920 314 1940 ne
337 1912 416 1945 forte,
434 1913 505 1940 sicut
525 1917 553 1939 et
571 1912 626 1940 illic
641 1913 774 1945 diximus,
786 1913 831 1940 alii

41 1961 111 1984 sunt
125 1957 151 1984 hi
165 1956 220 1984 duo
235 1957 364 1989 latrones,
378 1957 424 1992 qui
440 1957 521 1984 ambo
534 1957 765 1992 blasphemarunt.
780 1958 832 1985 Sed

41 2002 92 2029 ille
118 2001 186 2028 latro
208 2002 255 2036 qui
280 2001 400 2029 Salvatus
415 2006 466 2034 est,
491 2006 579 2036 potest
593 2009 655 2029 esse
674 2003 831 2037 mysterium

40 2053 142 2073 eorum
157 2046 203 2080 qui
227 2050 287 2080 post
311 2046 412 2072 multas
434 2046 592 2080 iniquitates
612 2046 789 2077 crediderunt
805 2047 831 2073 in

39 2090 197 2122 Christum,
217 2095 243 2117 et
264 2090 391 2116 dixerunt
415 2089 523 2116 Christo
540 2098 546 2115 :
569 2089 673 2116 Confixi
695 2097 792 2116 sumus
806 2095 832 2116 et

40 2135 208 2170 conﬁgurati
236 2135 262 2162 in
289 2140 375 2162 morte
398 2133 500 2162 Christi
527 2143 534 2162 :
558 2139 585 2161 et
611 2142 718 2169 semper
738 2134 833 2162 dicunt

891 231 928 257 ita
942 229 1111 256 currentium
1134 227 1191 254 ﬁeri
1216 227 1299 257 solet,
1318 234 1372 252 non
1395 226 1421 252 in
1444 225 1498 251 alio
1514 229 1633 258 tempore
1649 224 1677 251 lit

890 276 942 303 nisi
955 275 981 302 in
995 278 1131 302 conventu
1154 273 1220 301 solis
1237 277 1267 299 et
1283 272 1364 304 hanc,
1379 270 1490 306 quando
1500 270 1564 296 luna
1581 270 1677 296 subtus

890 328 1003 349 currens
1025 320 1091 347 solis
1116 318 1227 352 impedit
1244 317 1335 344 radios
1359 324 1507 344 occurrens
1528 315 1570 347 ei,
1586 319 1612 342 ct
1628 322 1676 341 oc-

890 374 971 394 cursu
986 373 1036 393 suo
1060 365 1150 391 llllttcn
1168 363 1227 397 ejus
1248 362 1383 389 obtundit.
1404 361 1431 388 ln
1448 366 1568 396 tempore
1587 365 1675 387 autent

890 419 945 446 quo
959 418 1058 446 passus
1076 414 1118 437 est
1139 409 1274 441 Christus,
1293 407 1471 435 manifestum
1491 413 1530 436 est
1543 407 1675 448 quoniam

890 462 1040 485 conventus
1057 464 1110 483 non
1130 459 1189 482 erat
1206 455 1278 482 lume
1296 454 1329 480 ad
1354 454 1448 486 solem,
1460 455 1590 488 quoniam
1610 448 1676 480 tein-

890 510 941 537 pus
961 507 1018 530 erat
1041 501 1188 536 paschale,
1211 500 1284 535 quod
1304 500 1512 527 consuetudinis
1536 504 1577 527 est
1597 507 1676 534 agerc

890 547 999 582 quando
1015 547 1079 574 luna
1095 546 1161 573 solis
1175 545 1369 580 plenitudinem
1386 545 1467 572 habet
1479 545 1548 572 et-iu
1567 549 1621 572 tota
1635 549 1677 572 est

891 597 979 619 nocte.
1003 591 1145 624 Quomodo
1168 597 1232 625 ergo
1262 594 1367 624 poterat
1387 589 1445 616 ﬁeri
1470 589 1585 616 defectio
1609 589 1675 616 solis

890 644 953 664 cum
972 636 1036 663 luna
1049 640 1121 663 esset
1135 635 1212 670 plena
1224 638 1251 662 et
1262 634 1457 670 plenitudinem
1472 634 1537 661 solis
1550 633 1675 660 haberet!

890 681 1007 714 Quidam
1023 686 1113 707 autem
1139 680 1325 711 credentium,
1348 679 1468 707 volentes
1489 678 1674 706 defensionem

890 727 1009 761 aliquam
1022 726 1194 753 introducere
1212 732 1306 752 contra
1326 726 1395 757 haec,
1410 724 1554 758 angustiati
1570 733 1674 752 sermo-

891 772 971 799 nibus
994 771 1178 806 proﬁtcntium
1202 770 1276 804 talia,
1299 770 1336 796 ita
1355 770 1483 797 dixerunt
1501 779 1507 796 :
1522 769 1550 797 Si
1569 769 1674 796 nullum

891 817 972 852 923
987 816 1137 851 prodigium
1156 823 1254 842 novum
1272 814 1374 842 factum
1392 815 1489 841 fuisset
1509 815 1536 841 in
1554 819 1675 849 tempore

888 864 1023 899 passionis
1037 863 1152 894 Christi,
1170 862 1217 889 sed
1229 861 1321 888 omnia
1333 861 1483 888 secundum
1495 861 1656 888 consuetudi
1666 875 1673 878 —

887 918 960 941 nem,
992 909 1148 936 crederetur
1178 907 1327 935 secundum
1358 906 1582 933 consuetudinem
1605 905 1674 933 facta

887 955 972 982 fuisse
986 955 1032 981 illa
1050 953 1165 980 defectio
1179 954 1255 980 solis.
1271 951 1348 979 Nunc
1364 957 1455 978 autent
1479 959 1540 978 cum
1565 956 1672 978 constet

886 1005 982 1028 caetera
998 1000 1119 1035 prodigia
1136 1007 1198 1034 qua:
1214 1003 1278 1026 tunc
1303 999 1374 1027 facta
1394 1002 1475 1030 sunt,
1500 1006 1553 1024 non
1578 1005 1675 1024 secun-

886 1046 950 1073 dum
966 1045 1189 1073 consuetudinem
1208 1044 1278 1071 facta
1293 1043 1389 1076 luisse,
1407 1044 1453 1071 sed
1472 1051 1541 1070 nova
1550 1044 1674 1070 etadmi<

886 1092 985 1119 randa:
1005 1099 1068 1118 nam
1078 1095 1102 1118 et
1117 1089 1200 1117 velunt
1212 1089 1301 1123 templi
1313 1090 1424 1116 scissum
1437 1093 1475 1115 est
1492 1089 1597 1115 induas
1612 1098 1675 1120 par-

886 1143 923 1164 tes
936 1146 952 1164 a
963 1145 1068 1164 sursum
1084 1144 1165 1171 usque
1179 1136 1312 1167 deorsum,
1327 1140 1351 1162 et
1370 1140 1439 1162 terra
1456 1136 1624 1166 contremuit,
1649 1139 1674 1160 et

885 1186 965 1216 petra:
989 1182 1102 1215 dirupta:
1119 1185 1192 1213 sunt,
1218 1185 1242 1207 et
1258 1185 1426 1206 monumenta
1446 1186 1536 1213 aperta
1553 1185 1626 1212 sunt,
1648 1185 1672 1206 et

886 1226 970 1253 multa
989 1234 1099 1261 corpora
1125 1226 1311 1252 dormientium
1337 1229 1490 1251 sanctarum
1520 1232 1672 1251 resurrexc-

885 1277 947 1298 rimt
963 1272 1001 1305 7';
1027 1270 1202 1298 manifestum
1227 1276 1268 1298 est
1293 1271 1421 1305 quoniam
1440 1273 1467 1296 ct
1495 1270 1539 1296 illa
1558 1269 1674 1296 defectio

885 1318 950 1345 solis
963 1321 1159 1351 consequenter
1171 1316 1320 1344 secundum
1338 1321 1434 1343 caetera
1448 1316 1582 1351 prodigia,
1602 1324 1672 1342 nova

884 1369 978 1392 contra
994 1362 1218 1390 consuetudinem
1236 1361 1306 1389 facta
1320 1366 1370 1389 cst.
1388 1361 1452 1388 ltem
1470 1360 1601 1387 adversus
1615 1360 1675 1387 hme‘

883 1408 1038 1443 ﬁliisazculi
1061 1407 1152 1441 hujus,
1167 1407 1213 1441 qui
1234 1407 1417 1441 prudentiores
1437 1411 1497 1432 sunt
1518 1406 1580 1440 ﬁliis
1604 1406 1673 1432 lucis

883 1454 911 1480 in
921 1462 969 1480 sua
984 1453 1150 1488 generatione
1163 1453 1197 1484 ⁷³,
1213 1453 1275 1478 talia
1294 1452 1388 1478 dicunt
1404 1461 1411 1478 :
1427 1451 1499 1479 Pone
1514 1452 1576 1486 quia
1595 1456 1671 1478 cura

884 1500 1107 1528 consuetudinem
1124 1498 1196 1526 facta
1211 1504 1252 1525 cst
1273 1498 1317 1524 illa
1335 1497 1450 1524 defectio
1467 1497 1532 1524 solis
1558 1498 1583 1523 in
1605 1503 1671 1524 tem-

882 1553 948 1581 pore
965 1553 1018 1572 non
1032 1544 1145 1578 antiquo
1162 1543 1212 1570 sub
1237 1542 1388 1577 principatu
1412 1541 1614 1574 Romanorum,
1634 1541 1671 1567 ita

883 1596 911 1619 ut
927 1592 1044 1618 tenebrae
1058 1590 1153 1617 flerent
1170 1597 1251 1623 super
1266 1596 1374 1615 onmem
1400 1593 1499 1615 terram
1522 1596 1608 1622 usque
1638 1588 1671 1613 ad

883 1638 977 1664 horam
989 1643 1099 1667 nonam,
1115 1634 1253 1669 quomodo
1271 1634 1321 1660 hoc
1348 1633 1449 1660 factum
1471 1638 1525 1661 tam
1548 1633 1672 1660 mirabile

882 1688 962 1708 nemo
983 1680 1157 1711 Grazcorum,
1180 1686 1260 1705 nemo
1283 1677 1463 1705 barbarorum
1484 1677 1584 1704 factum
1605 1685 1671 1704 con—

882 1726 991 1760 scripsit
1006 1725 1032 1752 in
1053 1729 1173 1760 tempore
1188 1724 1244 1757 illo,
1256 1723 1374 1750 maxime
1390 1723 1436 1758 qui
1457 1723 1586 1750 chronica
1606 1732 1672 1750 con-

882 1771 1068 1806 scripserunt,
1087 1774 1114 1796 ct
1131 1773 1293 1796 notaverunt
1319 1768 1406 1795 sicubi
1428 1769 1480 1795 tale
1500 1769 1603 1803 aliquid
1622 1777 1671 1795 no—

882 1823 944 1843 vum
957 1815 1057 1842 factum
1069 1819 1110 1841 est
1123 1813 1280 1848 aliquando,
1299 1812 1344 1840 sed
1359 1813 1408 1840 soli
1427 1813 1478 1840 hoc
1501 1814 1671 1847 scripserunt

882 1860 963 1888 vestri
986 1858 1175 1886 auctores?Et
1203 1857 1324 1892 Phlegon
1354 1857 1463 1891 quidem
1487 1858 1513 1884 in
1531 1858 1670 1885 Chronicis

882 1908 940 1937 suis
953 1906 1061 1941 scripsit
1080 1905 1106 1932 in
1125 1904 1277 1940 principatu
1291 1903 1392 1931 Tiberii
1421 1903 1537 1932 Caesaris
1556 1904 1669 1937 factum,

883 1955 929 1984 sed
946 1961 1000 1981 non
1017 1951 1179 1986 significavit
1197 1950 1223 1976 in
1240 1950 1304 1976 luna
1315 1950 1394 1984 plena
1408 1950 1459 1977 hoc
1473 1950 1584 1977 factum.
1605 1950 1671 1978 Vide

882 2007 947 2034 ergo
965 1998 1017 2025 nisi
1034 1997 1114 2024 fortis
1136 2000 1178 2023 est
1191 1995 1309 2030 objectio
1328 1995 1394 2027 haec,
1411 2000 1437 2022 et
1454 2000 1549 2030 potens
1563 2004 1671 2023 movere

882 2052 990 2073 onmem
1006 2044 1142 2071 hominem
1163 2043 1313 2078 sapientem
1339 2043 1386 2076 qui
1409 2050 1458 2069 nec
1483 2043 1537 2070 illis
1556 2042 1670 2070 dicenti-

882 2091 944 2123 bus,
958 2097 1008 2117 nec
1019 2090 1078 2116 istis
1091 2089 1273 2116 scribentibus
1289 2088 1436 2119 consentit,
1446 2088 1492 2115 sed
1505 2087 1596 2115 omnia
1608 2096 1670 2114 cum

883 2137 989 2163 ratione
1005 2135 1145 2170 ctjudicio
1164 2134 1249 2161 audit.
1269 2133 1302 2161 Et
1317 2141 1370 2160 non
1384 2133 1542 2168 estquidem
1560 2133 1669 2165 durum,

40 2179 116 2206 Filio
132 2179 178 2206 Dei
196 2188 202 2205 :
219 2179 322 2206 Memor
340 2185 399 2206 esto
421 2179 509 2206 nostri
524 2187 587 2206 cum
611 2179 717 2207 veneris
740 2179 767 2206 in
790 2187 833 2207 re-
848 2183 870 2211 D
885 2181 957 2216 quod
974 2180 1163 2215 unusquisque
1180 2179 1301 2206 ﬁdelium
1318 2179 1364 2214 qui
1379 2179 1466 2206 credit
1481 2178 1602 2214 quidem,
1617 2187 1669 2206 non

39 2232 129 2260 gnum
146 2229 232 2258 tuum,
245 2230 272 2252 et
285 2224 344 2251 ideo
361 2225 387 2251 in
401 2225 528 2259 paradiso
540 2229 676 2252 suntcum
691 2224 760 2259 ipso.

81 2271 144 2298 154.
158 2272 177 2298 Α
192 2275 267 2298 sexta
285 2275 371 2297 autem
383 2270 448 2296 hora
464 2270 574 2297 tenebrw
589 2271 667 2305 facta:
682 2275 742 2296 sunt
754 2278 831 2304 super

41 2317 194 2344 universam
222 2321 318 2344 terram
342 2325 423 2352 usque
446 2317 480 2344 ad
504 2317 596 2343 horam
617 2324 714 2343 nonam
732 2316 765 2342 7“.
788 2316 829 2343 Ad

41 2363 120 2389 hunc
146 2366 247 2389 textum
277 2362 387 2397 quidam
419 2362 622 2389 calumniantur
646 2362 828 2394 evangelicum

40 2409 198 2440 veritatem,
212 2409 332 2435 dicentes
344 2409 481 2442 quomodo
497 2407 645 2436 secundum
662 2412 764 2434 textum
781 2415 828 2441 po-

38 2457 98 2481 test
109 2460 169 2480 csse
181 2460 274 2479 verum
288 2452 360 2487 quod
375 2452 474 2480 dicitur
490 2452 554 2487 quia
579 2451 657 2478 factzs
678 2456 742 2479 sunt
755 2456 828 2478 tene-

39 2501 101 2526 brae
114 2506 196 2533 super
216 2505 323 2526 omnem
346 2503 446 2525 terram
469 2507 484 2526 ιι
506 2503 582 2526 sexta
603 2498 669 2525 hora
694 2505 780 2531 usque
794 2497 828 2524 ad

39 2551 162 2576 nonam,
186 2544 259 2578 quod
274 2544 374 2572 factum
396 2545 470 2572 nulla
494 2545 577 2572 refert
597 2543 727 2571 historia?
741 2542 774 2570 Et
787 2543 829 2569 di-

38 2593 110 2617 cunt
125 2590 198 2623 quia,
216 2589 286 2617 sicut
298 2590 367 2617 solet
386 2589 443 2616 ﬁeri
469 2590 495 2616 in
517 2589 584 2617 solis
605 2588 766 2620 defectione,
789 2587 828 2615 sic

41 2634 115 2661 facta
130 2639 171 2661 est
190 2639 254 2661 tunc
271 2634 388 2661 defectio
403 2634 478 2662 solis.
495 2633 613 2661 Deiectio
627 2639 716 2660 autem
733 2634 798 2660 solis
812 2641 827 2660 a

40 2679 146 2707 sacculo
157 2687 263 2714 semper
276 2679 328 2706 fuit
342 2679 368 2706 in
382 2687 433 2707 suo
451 2683 570 2713 tempore
583 2678 663 2706 facta.
682 2678 735 2705 Sed
750 2677 825 2705 defe-

359 2783 378 2798 “
397 2782 405 2808 1
421 2783 482 2810 Cor.
504 2790 547 2812 xv,

78 2781 103 2798 "
118 2782 215 2815 Ephes.
233 2790 276 2814 ιν,
294 2783 320 2808 8.
359 2783 378 2798 “
397 2782 405 2808 1
421 2783 482 2810 Cor.
504 2790 547 2812 xv,
652 2782 674 2797 ⁷²

81 2837 88 2844 .
129 2818 151 2834 ⁷⁸
164 2817 257 2844 Matth.
273 2826 345 2844 xxvii
357 2838 363 2844 .
379 2818 422 2844 45.
462 2818 482 2832 ⁷⁷
498 2817 564 2844 ibid.
579 2817 623 2844 Eii.
649 2816 683 2843 52

558 2836 564 2844 .
579 2827 623 2850 at,
649 2827 692 2843 uz.

48 2818 88 2845 63.
129 2818 151 2834 ⁷⁸
164 2817 257 2845 Matth.
273 2826 345 2844 xxvii
357 2838 363 2850 ,
379 2818 422 2845 45.

652 2782 674 2797 ⁷²
689 2781 783 2808 Matth.
800 2788 884 2813 xxvii,
897 2782 940 2808 tl“).
978 2782 1001 2799 ⁷³
1017 2783 1080 2810 ibid.
1097 2783 1140 2810 aii.
1175 2783 1196 2799 7‘
1212 2782 1276 2810 Luc.
1294 2789 1371 2816 unt,

652 2816 692 2843 52.
732 2816 753 2831 ⁷⁸
767 2815 833 2843 Luc.
850 2824 904 2844 xw.
919 2817 944 2844 8.

796 2788 884 2843 1uxvlt,
978 2782 1001 2799 ⁷³
1017 2783 1080 2810 ibid.
1097 2783 1140 2810 aii.
1175 2783 1196 2799 7‘
1212 2782 1276 2810 Luc.
1294 2780 1412 2816 mn,59
1427 2785 1454 2808 ct
1467 2789 1522 2816 seq.

796 2825 833 2843 lc.
850 2824 904 2844 xvi.
939 2836 944 2842 .

827 2836 833 2843 .
850 2836 904 2850 ..νη
919 2836 944 2844 ν.

886 2231 975 2253 tamen
989 2233 1051 2252 cum
1071 2225 1175 2252 ratione
1188 2229 1214 2252 ct
1227 2233 1288 2251 cum
1304 2224 1408 2259 judicio
1424 2224 1519 2257 credit,
1535 2229 1563 2251 ιιι
1583 2225 1617 2251 ita
1635 2226 1670 2251 sit

883 2275 1012 2298 constans
1025 2270 1051 2296 in
1067 2270 1129 2303 ﬁde,
1145 2275 1174 2297 ut
1189 2270 1240 2297 etsi
1253 2270 1326 2297 mille
1336 2270 1453 2297 crimina
1462 2269 1593 2303 obiiciant
1605 2279 1670 2296 con-

883 2321 924 2344 tra
956 2315 1138 2351 evangelicum
1168 2315 1247 2343 fidem
1276 2316 1397 2343 volentes
1424 2315 1564 2342 destruere
1590 2316 1669 2342 fidem

883 2367 1014 2394 nostrant,
1033 2367 1062 2389 ut
1073 2362 1100 2388 in
1115 2362 1187 2388 rutila
1203 2367 1278 2396 parte
1290 2370 1385 2389 eorum
1395 2366 1599 2388 commoveatur
1612 2369 1669 2388 εει·-

883 2407 1020 2438 monibus,
1038 2407 1084 2441 qui
1103 2406 1236 2441 ﬁngentes
1249 2414 1278 2434 se
1290 2407 1399 2433 credere
1421 2405 1569 2439 Scripturis
1586 2414 1669 2432 cvan-

881 2451 985 2487 gelicis,
1004 2459 1051 2486 per
1067 2451 1239 2478 occasionem
1259 2451 1339 2478 unius
1355 2453 1401 2477 aut
1413 2450 1524 2477 alterius
1540 2451 1668 2485 qmestio-

881 2497 935 2529 uis,
949 2501 996 2523 aut
1010 2496 1125 2524 difﬁcilis
1136 2500 1183 2524 aut
1194 2496 1261 2524 forte
1275 2496 1481 2527 indissolubilis,
1493 2496 1668 2524 adversantes

881 2542 1029 2576 Scripturis
1043 2542 1172 2569 festinant
1190 2541 1268 2569 [idem
1283 2541 1384 2568 Christi
1410 2546 1437 2568 et
1460 2540 1666 2575 Evangeliorum

879 2588 939 2623 ejus
952 2589 1045 2615 tollere
1053 2588 1087 2616 de
1098 2588 1187 2615 anima
1201 2594 1305 2620 nostra,
1318 2587 1520 2616 introducentes
1534 2587 1666 2622 quasdam

880 2633 1019 2660 mirabiles
1038 2641 1091 2665 res,
1108 2638 1134 2660 et
1151 2632 1285 2659 mirabilia
1299 2632 1345 2660 Dei
1362 2632 1463 2660 virtute
1476 2636 1665 2660 consummata

880 2679 913 2706 ad
925 2680 1069 2707 saaculares
1084 2679 1217 2714 quasdam
1229 2678 1440 2706 consuetudines
1457 2678 1605 2706 transferre
1619 2686 1665 2704 vo-

1561 2783 1582 2797 ⁷¹
1598 2781 1664 2809 ibid.
