1839 3053
194 117 206 144 Ι
212 116 263 143 '18'5

778 111 943 140 ORIGENIS
962 110 994 137 IN
1012 109 1220 138 MATTHAEUM
1728 109 1770 136 ΓΜ

192 173 288 201 lentes.
310 172 434 201 Judicavi
451 174 532 209 igitur
547 174 660 205 bonum,
675 177 704 200 ut
725 173 863 207 accipiens
880 172 982 198 bonum
997 173 1020 201 Α
1034 170 1106 198 enim
1123 170 1240 198 tenebraz
1255 170 1333 198 factae
1344 174 1408 198 sunt
1421 177 1503 204 super
1521 175 1629 196 omnem
1643 172 1725 194 terram
1739 170 1772 194 sua

193 220 365 255 propositum
378 221 536 255 eorutn'qui
552 220 578 246 iu
593 220 645 247 ﬁde
661 224 818 248 constantes
835 226 896 246 esse
907 218 981 245 desi-

192 267 300 299 derant,
313 267 464 294 solutiones
479 267 700 294 criminationum
716 273 822 298 eorum,
845 265 871 291 iu
892 272 982 299 quau-

192 315 250 338 tttm
267 311 334 338 mihi
352 311 455 339 ex'Deo
472 315 512 339 est
525 311 623 344 virtus,
647 311 785 338 inveniam
800 319 848 346 pro
866 318 981 345 evange-

194 356 246 384 lica
263 356 400 384 veritate:
425 361 453 384 ut
480 357 571 384 ﬁdeles
597 364 651 384 non
667 357 755 384 solum
774 356 826 384 ﬁde
852 356 982 390 simplici,

193 403 240 430 sed
258 403 338 430 etiam
363 403 468 430 ratione
480 402 539 430 ﬁdei
556 403 715 430 muniantur
734 403 761 429 in
787 403 847 429 ﬁde.
862 401 983 430 Dicimus

193 456 259 484 ergo
277 449 348 484 quod
363 448 505 477 Matthazus
522 454 547 476 et
564 448 672 476 Marcus
690 457 742 476 non
759 449 887 476 dixerunt
906 448 982 476 defe-

192 494 312 521 ctionem
328 494 394 522 solis
407 500 472 522 tunc
493 494 590 522 factam
605 494 701 527 fuisse,
717 494 764 521 sed
779 501 867 529 neque
882 493 981 526 Lucas,

193 540 345 566 secundum
361 539 501 575 ‘plcraque
520 540 686 575 exemplaria
701 539 829 566 habentia
856 539 896 566 sic
914 546 921 564 :
948 538 981 565 Et

192 591 248 612 erat
265 586 331 613 liora
358 586 412 620 fere
429 591 514 619 sexta,
534 590 559 613 et
586 586 697 613 tenebrat
719 586 799 620 facta
821 590 882 611 sunt
905 593 984 620 super

147 646 150 649 λ
193 640 295 659 omnem
311 637 408 660 terram
426 641 505 667 usque
522 632 557 659 ad
572 633 663 659 horam
686 640 794 663 nonam,
811 636 836 658 et
857 631 983 658 obscura-

193 682 234 704 tur
245 683 282 704 est
295 677 335 704 sal
345 678 377 704 τ’.
393 677 421 704 In
434 677 597 712 quibusdam
610 681 699 704 autem
712 676 912 711 exemplaribus
928 684 981 702 non

193 723 309 750 habetur
326 733 332 750 :
351 723 475 750 Tenebrae
490 724 569 758 facta:
580 728 653 755 sunt,
669 728 693 750 et
706 723 861 750 obscuratus
877 728 914 750 est
926 724 982 755 sol;

193 769 240 796 sed
258 769 294 796 ita
310 778 315 796 :
334 769 458 796 Teuebra:
481 769 561 804 [actm
580 774 641 796 sunt
657 777 736 803 super
759 777 860 796 onmem
883 774 982 795 terram

192 813 247 840 sole
261 813 408 848 deﬁciente.
430 813 463 840 Et
480 814 593 841 forsitan
613 822 697 841 attsus
722 819 763 842 est
782 814 880 848 aliquis
903 814 981 849 quasi

193 859 366 888 manifestius
379 861 480 896 aliquid
493 861 583 888 dicere
600 861 703 893 volens,
718 868 787 895 pro:
806 846 840 887 Et
857 846 982 888 obseura-
1000 846 1020 876 Β

194 910 236 932 tus
260 910 299 933 est
318 907 375 938 sol,
402 914 528 941 ponere:
549 907 690 942 Deficienle
715 907 790 939 sole;
822 907 983 935 existimans

193 952 336 985 quodnon
354 952 433 980 aliter
456 954 605 987 potuissent
634 954 691 980 ﬁcri
716 953 833 980 tenebra:
859 953 910 980 nisi
928 953 984 980 sole

193 997 345 1024 deﬁciente.
375 997 445 1025 Puto
474 1003 564 1026 autem
593 999 679 1034 magis
707 998 780 1033 quod
810 998 983 1026 insidiatores

195 1041 324 1070 Ecclesia:
337 1043 438 1071 Citriin
456 1048 630 1071 mutaverunt
643 1044 696 1072 hoc
711 1045 835 1077 verbum,
852 1043 981 1078 quoniatn

194 1090 314 1117 tenebrae
328 1088 406 1117 facta:
419 1095 483 1118 sunt
496 1091 553 1117 sole
569 1090 711 1118 deﬁciente
721 1111 728 1123 ,
747 1095 777 1117 ιιι
798 1090 983 1118 verisimiliter

194 1135 338 1170 Evangelia
368 1136 444 1171 argui
464 1136 570 1170 possint
598 1137 748 1164 secundum
775 1136 981 1164 adinventiones

193 1184 342 1211 volentium
362 1191 476 1218 arguere
499 1192 541 1211 ea.
563 1184 690 1211 Arbitror
705 1191 784 1218 ergo,
801 1183 872 1211 sicut
884 1187 981 1210 cratera

193 1229 271 1264 signa
281 1237 342 1264 qua:
353 1229 424 1256 facta
433 1233 497 1256 sunt
509 1230 535 1256 in
549 1230 677 1264 passione
686 1229 782 1264 ipsius,
792 1229 818 1255 in
831 1228 980 1256 Jerusalem

193 1275 382 1302 tantummodo
395 1274 465 1302 facta
479 1279 553 1306 sunt.
568 1275 608 1302 sic
623 1278 649 1302 et
663 1274 780 1302 tenebrae
793 1274 982 1302 tantummodo

193 1328 275 1355 super
291 1328 399 1348 omnem
417 1325 517 1347 terram
532 1319 652 1347 Judaeam
668 1324 732 1348 sunt
750 1319 828 1348 facta!
840 1328 926 1355 usque
948 1319 981 1346 ad

194 1367 288 1394 horam
303 1374 415 1394 nonam.
431 1366 497 1399 Quae
508 1371 598 1394 autem
616 1366 689 1398 dico,
712 1367 738 1394 in
750 1366 902 1394 Jerttsalem
923 1371 982 1393 tan-

193 1412 334 1440 tummodo
348 1413 405 1440 hzec
420 1411 490 1440 facta
504 1416 569 1439 sunt
583 1421 589 1438 ε
605 1411 679 1447 qttod
693 1412 783 1439 velum
798 1411 892 1446 templi
913 1411 981 1439 scis-

193 1466 256 1485 sum
270 1462 321 1491 est,
336 1458 408 1493 quod
425 1464 495 1486 terra
515 1458 691 1489 contremuit,
714 1458 786 1493 quod
809 1461 892 1492 petrae
907 1457 982 1484 diru—

1035 223 1089 242 nou
1101 215 1253 247 nominato,
1267 215 1326 242 sine
1337 215 1419 242 dubio
1434 220 1607 248 consequens
1618 217 1655 239 est
1669 213 1774 247 intelligrre

1034 261 1167 296 quasdam
1178 261 1416 290 tenebrosissimas
1427 260 1525 292 nubes,
1538 264 1566 287 et
1577 258 1643 285 forte
1655 265 1700 284 non
1711 266 1773 288 unam,

1034 307 1080 334 sed
1094 307 1193 334 multas
1204 311 1231 334 et
1245 306 1361 341 majores
1371 305 1547 334 concurrisse
1559 312 1638 339 super
1657 308 1735 330 terram
1746 302 1775 329 lu-

1033 353 1118 380 dteam
1131 357 1158 380 et.
1169 352 1331 386 Jerusalem,
1352 352 1386 379 ad
1408 350 1607 386 cooperiendos
1630 350 1708 376 radios
1724 350 1774 378 solis,

1033 404 1060 426 et
1073 399 1133 427 ideo
1148 399 1288 434 profundae
1310 398 1387 426 facta:
1400 403 1465 426 sunt
1482 398 1604 425 tenebrae
1619 403 1634 423 a
1656 401 1716 423 sexta
1733 395 1773 421 ιιηια

1034 453 1120 480 usque
1136 445 1170 473 ad
1192 452 1303 472 nonam.
1321 444 1465 478 Quomodo
1485 448 1578 471 autem
1597 442 1670 470 facta:
1692 447 1739 468 aunt
1758 443 1774 468 in

1034 490 1080 518 tali
1098 491 1157 518 loco
1170 491 1300 523 diximus,
1325 498 1358 517 ne
1376 489 1444 517 forte
1473 494 1500 516 et
1533 489 1649 515 tenebrae
1672 487 1775 522 palmulas

1034 537 1060 565 in
1075 536 1220 572 Egyptum
1246 537 1297 564 hoc
1319 537 1399 564 modo
1423 535 1502 563 factae
1526 534 1637 562 fuerunt
1652 535 1722 563 tribus
1739 535 1775 559 die-

1033 581 1084 608 bus
1098 581 1197 613 “,nott
1210 588 1243 608 ex
1269 580 1334 608 solis
1353 579 1522 609 defectione,
1544 577 1603 605 sive
1622 581 1700 604 autem
1717 584 1739 604 et
1756 584 1775 603 ω

1033 626 1104 661 quod
1120 626 1206 653 nubes
1221 626 1370 653 tenebrosa!
1380 628 1583 652 concurrerunt
1594 622 1672 658 924
1683 622 1775 653 inuitum,

1033 673 1091 700 sive
1108 672 1180 706 quod
1204 679 1251 699 aer
1268 671 1324 699 illic
1347 675 1413 698 tunc
1435 670 1552 706 spissior
1580 669 1663 696 factus
1677 673 1712 696 est
1723 676 1776 702 super

1035 718 1176 754 [Egyptios
1190 723 1306 746 tantum.
1321 716 1455 744 Omnibus
1468 716 1542 744 enim
1559 715 1621 742 ﬁliis
1641 715 1719 745 Israel.
1731 714 1776 741 sicut

1035 769 1150 793 testatur
1165 764 1315 799 Scriptura,
1331 763 1419 791 fuerat
1433 763 1538 794 lumen,
1555 761 1583 788 itt
1598 761 1690 796 quibus
1703 760 1776 787 fuerant

1035 810 1207 839 commorati.
1229 809 1298 837 Nam
1313 814 1339 837 et
1351 808 1520 844 impossibile
1546 813 1589 835 est
1607 807 1632 833 itt
1657 806 1712 833 solis
1730 806 1776 832 dere

1035 857 1134 889 ctione,
1147 864 1208 891 qua:
1223 855 1253 883 lit
1268 863 1300 883 ex
1319 855 1500 883 concursione
1513 854 1587 881 lunre
1601 853 1633 879 ad
1648 852 1719 879 solem
1730 872 1736 883 ,
1747 852 1777 877 tri-

1034 903 1086 930 bus
1099 903 1195 930 diebus
1212 902 1350 930 continuis
1368 901 1425 928 ﬁeri
1443 900 1594 928 tenebras:
1615 904 1640 926 et
1664 898 1777 925 crederetur

1034 949 1125 983 aliqua
1141 949 1194 976 alia
1206 948 1377 976 tenebrarum
1393 953 1476 974 causa
1494 945 1582 973 fuisse
1600 945 1626 972 in
1647 943 1775 980 Egypto,si

1033 995 1076 1021 vel
1090 994 1246 1021 nominatus
1258 992 1354 1020 fuisset
1366 992 1418 1023 sol,
1437 991 1495 1019 sive
1517 990 1598 1025 quasi
1617 990 1750 1016 obscuratus
1759 988 1776 1014 in

1035 1045 1156 1075 tempore
1168 1040 1234 1068 illo:
1253 1047 1327 1067 nunc
1344 1044 1435 1066 autem
1451 1038 1590 1072 scriptura
1610 1035 1686 1062 Exodi
1700 1035 1716 1050 "
1732 1034 1775 1061 nihil

1034 1087 1107 1114 aliud
1118 1086 1185 1114 dicit.
1199 1086 1251 1113 nisi
1273 1085 1338 1120 quia
1361 1084 1468 1120 Moyses
1483 1082 1609 1111 extendit
1622 1089 1717 1109 manum
1727 1087 1776 1108 sunt

1034 1133 1061 1159 in
1074 1132 1186 1162 coelum,
1200 1137 1227 1159 et
1242 1130 1321 1158 facta
1332 1134 1397 1157 suttt
1408 1129 1528 1156 tenebrae
1538 1148 1545 1161 ,
1564 1132 1592 1155 et
1610 1127 1735 1162 caligaria
1745 1132 1777 1151 r2-

1035 1184 1102 1211 tera,
1114 1185 1196 1213 super
1213 1181 1296 1205 totam
1313 1181 1412 1203 terram
1430 1174 1541 1209 Egypti
1557 1173 1644 1201 tribus
1658 1172 1746 1199 diebus.
1761 1175 1776 1196 et

1035 1231 1115 1252 nemo
1135 1224 1201 1251 vidit
1219 1223 1330 1250 fratrem
1344 1228 1435 1252 suum.
1461 1227 1552 1254 neque
1581 1217 1692 1246 surrexit
1712 1215 1777 1250 aliquis

1033 1271 1067 1298 de
1082 1271 1151 1298 lecto
1162 1277 1212 1297 suo
1227 1268 1316 1296 tribus
1331 1267 1438 1294 diebtts.
1460 1265 1541 1298 Quod
1556 1268 1646 1291 autem
1663 1262 1714 1289 dico
1725 1269 1777 1295 inter

1037 1323 1145 1344 omnem
1160 1319 1258 1342 terram
1269 1313 1389 1340 Judaéam
1402 1311 1444 1338 vel
1460 1309 1626 1341 Jerusalem,
1637 1312 1665 1334 ut
1675 1314 1718 1334 non
1726 1312 1777 1332 omne

1033 1360 1197 1388 elementum
1221 1363 1300 1385 terra:
1323 1356 1517 1390 intelligamus,
1536 1353 1602 1381 illud
1622 1358 1662 1381 est
1674 1358 1777 1387 argumen—

1034 1411 1090 1433 tum
1115 1404 1187 1440 quod
1213 1404 1343 1438 scriptum
1366 1406 1407 1429 est
1423 1401 1449 1428 in
1464 1400 1546 1427 tertio
1563 1399 1633 1426 libro
1656 1397 1777 1431 Regnorum.

1035 1452 1081 1480 ubi
1108 1451 1210 1478 Abdias
1232 1449 1404 1484 dispensator
1434 1446 1524 1474 Acha:
1548 1445 1618 1473 dixit
1644 1444 1716 1471 Elite:
1733 1440 1778 1473 illi

194 1510 246 1540 ptze
265 1510 338 1536 sunt,
354 1505 426 1540 qttod
445 1509 623 1532 monumenta
641 1487 734 1539 aperta
748 1487 821 1531 sunt:
836 1502 892 1530 Nec
909 1502 982 1530 enim
997 1514 1018 1542 ο
1034 1498 1148 1533 peccavi,
1168 1496 1231 1531 quia
1244 1495 1343 1542 dedisti
1356 1501 1458 1542 seruam
1471 1497 1547 1519 tuan;
1564 1492 1592 1518 in
1608 1498 1693 1542 manus
1709 1487 1778 1542 Arist,

194 1556 270 1578 extra
287 1549 408 1577 Judream
426 1556 509 1585 petrae
522 1550 638 1584 dirupta:
653 1554 727 1581 sunt,
746 1553 793 1576 aut
806 1552 982 1575 monumenta

195 1601 288 1631 aperta
305 1601 369 1623 sunt
382 1597 446 1628 alia,
461 1597 513 1624 nisi
528 1603 558 1623 ea
575 1600 679 1623 tantum
706 1602 766 1629 quae
781 1595 808 1621 in
833 1593 982 1621 Jerusalem

195 1646 274 1669 erant
286 1646 333 1668 aut
346 1641 414 1668 forte
427 1641 452 1668 in
466 1648 536 1668 terra
548 1640 650 1668 Judzea.
664 1639 719 1668 Nec
729 1640 781 1667 alia
794 1644 864 1667 terra
874 1640 985 1667 tremuit

196 1691 262 1714 tuttc
277 1686 328 1713 nisi
345 1691 416 1714 terra
431 1686 581 1714 Jerusalem
599 1695 605 1712 :
624 1693 673 1712 nec
697 1685 770 1713 enim
797 1684 914 1712 refertur
935 1684 984 1711 ali-

195 1732 257 1759 cubi
274 1732 346 1767 quod
358 1740 438 1760 omne
448 1731 612 1759 elementum
627 1735 705 1759 terra:
718 1730 858 1758 tremuerit
873 1730 899 1757 in
916 1734 984 1757 tem-

196 1786 262 1812 pore
279 1778 335 1808 illo.
349 1783 374 1805 ul
388 1778 530 1810 sentirent,
543 1777 616 1804 verbi
631 1777 731 1813 gratia,
742 1781 769 1804 et
782 1776 829 1812 qui
839 1776 866 1803 in
880 1775 986 1803 [Ethio—

197 1824 238 1859 pia
255 1828 344 1855 erant,
360 1829 388 1852 et
412 1824 439 1850 in
455 1823 541 1856 India,
557 1828 585 1850 et
601 1823 627 1850 in
649 1822 776 1858 Scythia;
799 1822 871 1857 quod
897 1822 919 1849 si
942 1822 983 1849 fa-

196 1877 269 1898 ctum
288 1870 395 1904 fuisset,
408 1871 467 1898 sine
477 1870 560 1898 dubio
574 1870 742 1897 inveniretur
757 1868 784 1896 in
797 1868 920 1896 historiis
935 1867 985 1895 ali-

197 1915 298 1949 quibus
328 1923 423 1943 eorutn
444 1915 491 1949 qui
508 1914 534 1941 in
548 1914 686 1942 chronicis
715 1913 885 1948 scripserunt
915 1920 985 1939 nova

198 1959 289 1994 aliqua
310 1959 390 1987 facta.
409 1959 485 1986 Sicut
501 1967 566 1995 ergo
593 1959 665 1994 quod
680 1959 780 1986 dicitur
798 1967 805 1985 :
825 1958 906 1985 Terra
923 1965 986 1984 con-

198 2005 315 2036 tremuit,
332 2005 447 2031 refertur
460 2005 493 2032 ad
508 2009 608 2032 terram
624 2003 785 2036 Jerusalem,
800 2007 846 2030 aut
862 2003 884 2030 si
905 2003 986 2031 latius

199 2050 313 2078 voluerit
327 2051 389 2085 quis
413 2050 567 2083 extendere,
583 2051 616 2077 ad
636 2054 736 2077 terram
752 2049 873 2078 Judaeam
886 2070 893 2082 ,
910 2049 949 2077 sic
962 2054 985 2076 et

199 2096 309 2123 tenebrae
332 2096 412 2129 fach
429 2100 490 2122 sunt
511 2095 542 2122 ab
562 2095 627 2121 liora
645 2100 719 2122 sexta
739 2103 820 2130 usque
840 2096 874 2122 ad
890 2103 986 2121 nouam

199 2150 277 2176 super
293 2150 394 2168 omnem
406 2146 514 2173 terram,
538 2141 657 2176 intcllige
672 2140 744 2175 quod
770 2147 852 2175 super
876 2147 986 2167 onmem

1035 1548 1064 1569 ut
1075 1543 1216 1575 morti/inet
1231 1540 1291 1567 me?
1312 1539 1381 1566 Vivit
1410 1538 1479 1565 Deus
1499 1543 1580 1570 tuus,
1603 1536 1627 1563 si
1647 1539 1681 1562 est
1694 1536 1778 1569 gemat

1036 1597 1144 1625 regnum
1154 1588 1198 1615 ubi
1212 1595 1263 1614 non
1284 1587 1355 1613 misit
1376 1585 1499 1612 dominus
1520 1592 1595 1610 meus
1613 1589 1714 1618 quam:
1723 1585 1747 1611 te,
1762 1582 1778 1604 ίι

1035 1636 1092 1663 dizi
1107 1643 1116 1661 :
1136 1633 1196 1661 Non
1208 1638 1257 1666 est,
1267 1637 1291 1659 et
1305 1631 1447 1658 combussit
1465 1637 1578 1664 regnum
1590 1634 1614 1656 et
1627 1629 1725 1663 regiones
1735 1625 1778 1658 tju,

1034 1681 1159 1717 quaniam
1171 1688 1222 1706 non
1236 1678 1350 1705 inveniat
1367 1682 1391 1704 te
1404 1677 1438 1702 ⁸’.
1466 1675 1534 1708 Quis
1545 1675 1621 1702 enim
1635 1679 1683 1701 tam
1695 1671 1778 1717 lapideus:

1035 1713 1071 1755 sit
1085 1727 1176 1762 legens
1203 1726 1275 1757 ista,
1294 1728 1323 1751 ut
1346 1722 1483 1750 existimet
1510 1720 1643 1755 quoniam
1665 1725 1704 1745 rex
1724 1713 1778 1743 lsnrl

1035 1773 1128 1801 Achab
1151 1772 1177 1799 in
1191 1777 1299 1798 onmem
1313 1772 1418 1804 gentem
1430 1765 1526 1793 mundi
1537 1771 1565 1792 et
1576 1765 1604 1792 in
1616 1771 1690 1791 omne
1700 1766 1777 1795 regnum

1036 1818 1110 1847 orbis
1121 1823 1201 1845 terrae
1214 1816 1288 1843 misit
1302 1821 1427 1849 quaerens
1443 1812 1543 1844 Eliam,
1561 1817 1590 1838 et
1602 1807 1732 1838 combussit
1741 1804 1777 1831 ubi-

1036 1871 1144 1899 cunque
1159 1863 1261 1891 dictum
1281 1865 1340 1888 est:
1359 1858 1417 1886 Non
1432 1862 1474 1885 est
1492 1857 1587 1884 Elias?
1602 1855 1652 1883 Sed
1664 1854 1713 1882 sine
1720 1851 1779 1900 Aduhi'o

1036 1898 1240 1946 exaggeratorie
1255 1908 1326 1936 dicta
1340 1909 1404 1933 sunt
1419 1904 1474 1935 illa,
1485 1902 1656 1931 ostendentia
1667 1898 1725 1935 quod
1737 1898 1779 1946 salii

1036 1940 1238 1990 euni‘quaesivit
1257 1953 1283 1979 in
1309 1950 1435 1988 gentibus
1457 1956 1519 1984 quae
1542 1947 1654 1975 fuerunt
1672 1940 1778 1990 circa“-

1036 1989 1135 2033 daeam,
1155 1999 1303 2027 secundum
1318 1996 1389 2032 qttod
1415 1995 1504 2031 potuit
1524 1993 1671 2029 requirere.
1691 1989 1778 2016 Diximus

1037 2049 1127 2072 autem
1141 2043 1222 2070 etiam
1239 2043 1265 2069 iu
1283 2041 1343 2068 aliis
1358 2040 1435 2072 locis,
1454 2038 1527 2073 quod
1546 2045 1611 2065 cum
1622 2037 1678 2064 dum
1687 2038 1778 2062 creatur!

1038 2091 1175 2127 generales
1187 2090 1213 2116 in
1229 2093 1304 2116 sexta
1319 2087 1363 2114 die
1377 2086 1454 2113 factae
1471 2085 1591 2112 fuissent
1602 2104 1609 2113 .
1624 2077 1777 2127 prirnum-qui-

1037 2124 1100 2163 dem
1121 2134 1260 2165 animalia,
1276 2132 1372 2160 deinde
1392 2131 1475 2158 homo
1501 2129 1651 2157 secundum
1674 2124 1777 2159 imagineli

200 2166 298 2215 terram
311 2187 432 2214 Judaeum
448 2192 512 2214 sunt
530 2166 687 2219 factaejtutl
697 2191 770 2214 certe
786 2166 866 2220 super
880 2185 988 2213 Jerusa-
1003 2185 1025 2212 D
1040 2181 1088 2208 Del
1101 2179 1200 2212 faClU-‘i,
1217 2184 1386 2212 consequens
1400 2179 1443 2203 εει
1460 2179 1489 2201 ιιι
1504 2178 1532 2201 ει
1550 2173 1665 2220 ἀῖθδλίηε
1674 2166 1777 2220 δεῖωδέθ

200 2235 252 2262 leni
267 2239 383 2261 tantum.
402 2234 447 2260 Sic
464 2241 528 2268 ergo
543 2233 590 2268 qui
613 2233 747 2268 intelligit,
766 2233 826 2260 sine
843 2233 921 2268 culpa
944 2233 986 2259 in-

199 2281 306 2315 telligit,
333 2285 362 2307 ut
378 2288 444 2312 nou,
464 2279 676 2314 magnitudinem
699 2279 822 2306 miraculi
844 2279 988 2306 ostendere

199 2327 305 2358 volens,
320 2326 421 2353 incidat
436 2326 462 2353 in
486 2326 570 2352 risum
594 2325 758 2360 sapientium
776 2325 868 2353 Steculi
895 2325 986 2359 hujus,

199 2378 227 2400 et
240 2372 325 2407 magis
338 2371 524 2399 inﬁdelitatem
541 2371 567 2397 in
578 2370 733 2397 hominibus
745 2370 914 2405 sapientibus
927 2377 988 2404 ope-

200 2423 275 2446 retur
288 2425 370 2454 quatn
385 2417 475 2445 ﬁdem.
497 2416 566 2444 Dicit
581 2422 670 2443 autent
688 2416 786 2451 aliquis
801 2419 895 2443 contra
913 2415 986 2442 ltzec:

201 2465 230 2492 Si
243 2473 296 2492 non
311 2472 343 2491 ex
358 2463 512 2491 defectione
524 2463 590 2491 solis
606 2463 683 2490 facta:
700 2468 764 2491 sunt
785 2462 903 2490 tenebrae
924 2466 988 2488 tunc

201 2517 283 2544 super
296 2516 405 2536 omnem
425 2514 524 2536 terram
539 2508 661 2535 Judtcam
674 2513 700 2535 et
719 2507 880 2539 Jerusalem,
896 2507 941 2534 sed
955 2515 986 2533 ex

202 2555 286 2581 altera
301 2561 395 2586 causa,
409 2553 522 2581 ostende
538 2561 660 2580 causam.
681 2553 730 2580 Cui
749 2553 811 2579 talia
838 2552 987 2586 respoude~

202 2605 263 2624 mus
279 2605 286 2622 :
301 2596 423 2625 Primum
446 2598 554 2632 quidem
566 2618 573 2629 ,
595 2598 666 2631 quod
687 2597 799 2624 omnino
816 2596 988 2632 evangelista:

202 2651 252 2670 nec
267 2643 477 2670 nominaverunt
500 2643 583 2670 solem
604 2643 629 2669 in
652 2642 703 2669 ista
716 2642 790 2675 loco,
818 2643 863 2669 sed
883 2646 987 2669 tantum

202 2689 266 2723 quia
282 2687 402 2715 tenebrae
413 2687 489 2715 factae
503 2693 566 2714 sunt
584 2695 665 2722 super
687 2695 795 2714 omnem
817 2691 929 2714 terram.
959 2686 988 2713 Si

1039 2226 1114 2254 visus
1130 2225 1213 2251 fuisse
1231 2222 1395 2257 intelligatur
1409 2221 1437 2248 in
1460 2220 1530 2246 duas
1547 2218 1651 2254 species
1664 2219 1776 2244 creature:

1041 2276 1071 2299 ut
1082 2276 1144 2299 ante
1157 2275 1261 2298 sextam
1272 2268 1381 2304 quidem
1397 2266 1526 2293 animalia
1542 2265 1714 2299 intelligantur
1724 2259 1777 2286 fuisst

1037 2322 1151 2348 creata;
1178 2316 1204 2342 in
1231 2320 1306 2343 sexta
1333 2317 1423 2340 autem
1446 2311 1513 2338 hora
1534 2310 1637 2337 dixisse
1656 2306 1776 2334 Dominum:

1042 2363 1186 2390 Faciamus
1200 2361 1329 2388 hominem
1345 2358 1379 2386 ad
1390 2359 1533 2393 imaginem
1551 2362 1667 2384 nostram
1683 2354 1717 2385 ⁸³,
1729 2348 1778 2377 Clit?-

1042 2407 1113 2435 cisse
1125 2414 1186 2434 eum
1201 2410 1274 2432 tttnc.
1292 2403 1404 2438 Propter
1418 2402 1491 2432 quod
1511 2400 1684 2429 conveniebat
1700 2406 1737 2432 pro
1751 2402 1778 2421 ει·

1040 2454 1095 2481 lute
1121 2452 1243 2488 ejusdem
1272 2450 1392 2478 hominis
1420 2449 1596 2482 morientem,
1622 2449 1648 2475 in
1673 2447 1719 2481 ipsa
1736 2442 1776 2468 Ιιοη

1039 2504 1115 2528 sexta
1132 2498 1272 2533 suspendi,
1287 2505 1319 2524 ac
1331 2504 1346 2523 a
1365 2499 1442 2523 sexta
1461 2496 1529 2523 hora
1547 2500 1656 2530 propter
1677 2493 1717 2518 hoc
1729 2494 1776 2533 1th

1039 2547 1103 2574 bras
1118 2531 1202 2572 fuisse
1217 2543 1303 2570 factas
1322 2549 1403 2576 super
1424 2548 1534 2569 omnem
1558 2545 1656 2568 terram
1675 2541 1742 2570 usque
1757 2531 1775 2557 3d

1041 2599 1152 2620 nonam.
1171 2590 1204 2617 Et
1215 2590 1288 2617 sicut
1300 2588 1393 2624 Moyse
1404 2595 1502 2615 manus
1518 2587 1674 2615 extendente
1684 2584 1706 2610 in
1713 2580 1773 2608 (dum

1043 2638 1120 2664 facta:
1136 2637 1200 2663 sunt
1214 2635 1331 2662 tenebne
1347 2641 1429 2668 super
1451 2632 1595 2668 [Egyptios
1615 2637 1697 2658 servos
1710 2626 1743 2652 Μ
1754 2629 1776 2649 κ’

1044 2689 1138 2712 nentes
1157 2683 1183 2710 in
1200 2681 1369 2713 sertitutcm,
1386 2680 1476 2715 imago
1491 2676 1773 2707 futurarumteneluarw

253 2822 275 2838 "
291 2821 356 2849 Luc.
372 2830 450 2856 xxttt,
468 2823 512 2855 44,
530 2822 573 2849 45.
613 2822 636 2838 ’⁸
650 2821 735 2849 Exod.
752 2829 778 2855 x,
793 2821 839 2854 22,
851 2820 896 2848 23.
935 2820 955 2836 ⁸¹
974 2819 979 2846 i

1009 2819 1038 2846 id.
1055 2817 1149 2845 “21—25.
1188 2817 1210 2832 "
1227 2815 1259 2844 ΙΙΙ
1274 2815 1338 2851 Reg.
1356 2823 1433 2849 xvttt,
1449 2814 1475 2847 9,
1494 2814 1535 2842 10.
1574 2813 1596 2830 ⁸³
1609 2812 1669 2840 Gen.
1683 2816 1699 2840 ι,
1712 2806 1735 2833 ‘35
