1839 3053
12 125 98 154 178⁵)

589 132 916 162 COMMENTAMORUM
937 136 1068 164 SEllI‘ES.

1578 143 1649 174 {78.

8 188 86 214 qum-
113 184 350 218 cumpreltensurm
371 187 477 215 fuerant
499 188 640 224 [Egyptios
659 199 665 216 :
687 189 813 218 similiter
827 193 851 222 Α
865 193 934 219 servi
951 193 1070 227 suscepit
1086 194 1156 226 ",et
1175 194 1297 223 videntes
1310 195 1337 223 in
1355 195 1398 224 his
1410 197 1576 227 voluntatem
1588 203 1649 237 ejus

6 232 42 252 et
57 227 169 257 Christe
186 230 212 256 in
227 236 302 259 sexta
319 232 384 260 hora
402 242 499 262 manus
514 237 674 263 extendente
691 238 716 264 in
731 246 812 266 cruce

5 272 48 298 ad
68 274 170 301 emtum
186 284 267 311 super
281 279 409 312 populum
427 280 473 315 qui
487 281 652 309 clamaverat
666 292 672 309 :
694 282 767 310 Tolle
778 285 810 311 de

5 321 89 344 terra
107 319 192 352 hunc,
211 327 237 349 et
253 331 259 349 :
289 322 436 359 Craciﬁgc,
456 327 580 362 cruciﬁge
598 336 658 354 cum
672 328 695 344 “
708 350 714 362 ,
733 329 810 356 factm

5 367 79 389 sum
98 365 226 399 tenebrae,
243 371 270 393 ct
293 369 327 395 ab
347 370 420 397 omni
436 371 537 399 lumine
555 377 619 400 sunt
642 373 758 408 privati,
782 380 808 403 et

5 407 108 444 imago
124 409 174 438 fuit
188 413 359 441 tenebrarum
375 416 418 443 illa
435 416 587 445 futurarum
606 427 666 454 qua:
681 428 806 456 compre-

5 458 142 481 aensurze
156 454 264 484 fuerant
276 463 381 492 gentem
401 460 539 493 Judmam.
558 464 636 498 quasi
663 465 722 492 ausi
740 454 804 494 sunt

10 499 110 526 ulniui
122 508 186 529 vero
202 510 299 531 manus
314 513 377 533 suas
395 507 504 534 inferre.
523 508 600 537 Unde
612 518 644 538 ex
661 515 725 539 tlinc
744 520 805 539 om-

5 543 50 571 Iis
71 544 118 572 illa
140 554 206 581 gens
229 549 348 577 tenebris
360 555 400 578 est
421 554 531 587 repleta,
551 555 622 582 sicut
642 556 707 583 dicit
731 557 800 585 Pro-

5 588 89 616 )heta
102 590 126 606 ⁸⁵
143 600 150 618 :
173 591 352 621 Obscurentur
363 596 432 623 oculi
445 605 535 625 eorum
547 607 577 626 ne
599 601 714 628 videant.
734 602 801 630 ltem'

5 633 58 661 iub
77 634 172 671 Moyse
186 636 262 665 factae
277 646 340 667 sunt
354 642 472 670 tenebra:
491 649 516 671 et
533 645 620 680 caligo
637 655 719 681 super
741 655 798 675 om-

5 686 67 706 Iem
92 685 192 709 terram
210 683 318 720 Aigypti
343 687 429 716 tribus
442 690 559 718 diebus:
582 696 610 719 et
625 700 704 721 nemo
731 696 797 723 vidit

5 730 118 753 ratrem
134 735 226 762 suum,
248 738 337 766 neque
350 735 467 762 surrexit
487 735 520 763 de
535 737 606 764 lecto
627 746 677 766 suo
696 741 794 775 aliquis

5 769 95 798 ribus
112 772 218 801 diebus.
234 774 367 805 Omnibus
378 783 467 806 autem
484 781 546 809 liliis
569 782 650 811 lsrael
672 790 730 812 erat
750 786 793 814 lu-

5 822 63 842 nen
81 816 109 842 in
129 819 256 857 omnibus
276 821 341 850 locis
365 823 390 850 in
416 825 516 859 quibus
540 830 789 859 commorabantur.

863 238 908 272 qui
921 238 954 264 ad
973 239 1028 265 haec
1041 239 1104 266 talia
1121 247 1183 266 eum
1204 241 1296 273 misit,
1316 241 1492 277 intelligimus
1506 247 1647 281 quoniam,

861 289 992 318 quantum
1009 286 1041 312 ad
1056 286 1100 312 illa
1113 286 1139 312 in
1156 287 1256 321 quibus
1269 287 1358 316 fuerat
1370 289 1454 316 forma
1465 290 1510 318 Del
1525 292 1646 321 invisibio

859 330 903 362 lis,
917 335 944 357 et
956 331 1045 365 imago
1063 332 1213 359 scentulum
1233 332 1353 366 Patrem,
1372 335 1518 363 derelictus
1536 344 1551 363 a
1567 336 1646 365 Patre

857 379 899 401 est
929 377 1038 409 quando
1069 377 1190 411 suscepit
1225 377 1296 404 servi
1330 378 1470 411 formam,
1505 385 1533 408 et
1567 381 1645 409 dere-

855 420 935 448 lictus
963 429 1012 456 pro
1039 422 1197 449 hominibus
1214 442 1221 454 ,
1253 427 1283 450 ut
1309 423 1373 450 talia
1402 428 1429 451 et
1451 428 1526 452 tanta
1555 427 1644 454 susci-

854 471 946 500 peret,
978 471 1006 494 et
1036 475 1123 502 usque
1155 469 1187 494 ad
1220 473 1334 495 mortem
1364 471 1481 503 veniret,
1513 477 1539 499 et
1569 480 1644 511 mor-

854 516 906 540 tem
944 513 1055 545 erucis,
1096 521 1157 548 qua:
1196 513 1267 540 inter
1311 514 1436 543 homines
1483 517 1641 551 turpissima

851 564 911 584 esse
935 558 1050 586 videtur.
1081 558 1237 586 Extremum
1270 560 1343 586 enim
1369 561 1554 590 derelictionis
1579 564 1640 598 ejus

849 601 930 637 925
946 602 1046 629 factum
1062 608 1103 630 est
1118 605 1226 638 quando
1246 605 1441 632 crucillxeruut
1458 613 1532 638 eum,
1549 612 1575 634 et
1591 615 1639 642 po—

849 652 962 674 suerunt
983 655 1067 682 super
1090 653 1172 683 caput
1190 649 1260 683 ejus,
1284 650 1362 685 quasi
1384 651 1540 679 deridentes
1563 660 1637 686 eum,

847 692 951 721 litteras
974 694 1120 722 dicentes:
1140 695 1190 722 llic
1205 701 1243 722 est
1256 696 1334 723 Iesu:
1358 705 1403 724 rea:
1424 697 1581 724 ludworum
1602 699 1635 726 ⁸⁵.

846 739 1003 767 Extremum
1026 745 1114 768 autem
1141 742 1326 770 derelictionis
1348 743 1407 777 ejus
1433 748 1492 770 erat
1515 749 1544 770 et
1571 744 1636 772 illud

843 786 915 820 quod
931 786 1000 813 inter
1013 787 1132 814 latrones
1150 792 1192 815 est
1214 788 1374 821 cruciﬁxus,
1392 795 1419 815 et
1438 790 1510 824 quod
1527 794 1636 823 prater-

841 836 937 858 euntes
964 831 1188 866 blasphemabant
1211 841 1273 860 eum
1303 839 1443 862 moventes
1466 843 1548 869 super
1570 843 1634 863 eum

5 859 58 887 iub
72 861 184 890 Christo
196 869 285 892 autem
305 869 423 896 tenebrae
448 869 526 899 facta:
545 878 608 900 sunt
633 882 716 910 super
731 885 790 904 om-
806 865 828 892 Β
842 877 940 911 capita.
965 882 992 905 et
1015 859 1085 912 quod
1110 879 1247 913 principes
1269 887 1331 907 cum
1357 880 1460 908 Scribis
1485 882 1633 909 dicebant:

9 910 62 931 em
89 909 189 934 terram
213 909 333 939 Iudaeam
363 915 450 943 tribus
471 916 564 952 horis,
592 919 682 948 lumen
699 928 789 951 autem

5 949 47 976 ait
73 957 160 985 Super
183 961 292 982 omnem
307 958 438 993 reliquam
463 965 579 996 terram,
602 966 673 999 quod
690 968 790 1002 uinique

5 994 138 1023 luminat
159 1005 267 1027 omnem
289 1001 439 1031 Ecclesiam
457 1006 502 1033 Dei
526 1008 552 1035 in
571 994 687 1038 Christo.
711 994 787 1041 Et'si

6 1047 87 1075 sque
97 1042 132 1069 ad
149 1051 248 1072 nouam
267 1046 361 1075 horam
376 1051 494 1080 tenebrat
510 1054 619 1082 fuerunt
635 1065 716 1092 super
729 1068 788 1087 om-

5 1091 56 1126 nin
75 1091 177 1115 terram
190 1089 323 1123 Judaeam.
336 1095 510 1125 n‘tanifestum
530 1105 571 1127 est
588 1089 718 1135 quoniam
737 1105 786 1132 ite-

5 1142 52 1162 ιω
73 1132 165 1164 lumen
186 1136 245 1173 ejus
261 1137 376 1175 refulsit,
393 1144 456 1177 quia
481 1153 542 1173 eum
562 1148 706 1175 multitudo
721 1158 785 1185 geu-

7 1188 59 1208 um
77 1181 240 1218 intraverit,
267 1191 332 1214 tunc
347 1190 436 1216 omnis
454 1189 536 1218 Israel
559 1193 651 1221 salvus
675 1195 784 1224 futurus

5 1232 41 1254 st.
61 1227 141 1260 Quod
163 1235 252 1258 autem
271 1233 359 1261 tribus
376 1234 452 1263 horis
479 1236 557 1265 factae
581 1245 645 1267 sunt
667 1243 784 1270 tenrbra:

5 1281 75 1307 iper
89 1279 189 1302 terram
206 1276 338 1312 Judwatu,
354 1281 419 1308 illud
437 1284 556 1312 ostendit
572 1287 701 1320 quoniam
720 1298 782 1323 pro-

5 1323 49 1345 ter
62 1326 177 1354 peccata
200 1330 249 1350 sua
265 1324 362 1358 privati
377 1333 441 1355 sunt
453 1337 467 1355 a
482 1329 584 1358 lumine
610 1331 657 1359 Dei
682 1333 780 1369 Pati-is,

5 1372 8 1390 ι
23 1372 41 1392 a
60 1365 207 1400 splendore
222 1368 336 1404 Christi,
348 1377 375 1400 et
390 1373 424 1401 ab
439 1374 638 1407 illuminatione
663 1365 780 1415 Spiritus

5 1411 87 1438 uncti.

19 1456 86 1484 155.
111 1457 189 1486 Circa
207 1469 303 1489 nonam
329 1469 417 1493 autem
434 1467 527 1495 horam
550 1470 675 1499 clamavit
700 1473 778 1502 Iesus

5 1511 44 1528 we
68 1511 167 1539 magna
180 1525 187 1537 ,
208 1507 318 1536 dicens:
342 1509 398 1544 Eli,
426 1512 484 1546 Eli,
502 1515 574 1542 (ama
594 1518 777 1554 sabacthani;

5 1555 30 1573 ηε
52 1554 92 1575 τοι
108 1556 117 1575 :
133 1549 202 1578 Deus
219 1560 302 1585 meus,
319 1553 390 1582 Deus
401 1565 483 1592 meus,
500 1565 526 1586 ut
541 1562 605 1595 quid
628 1572 667 1590 me
680 1566 777 1593 dereli-

5 1594 64 1620 u'sti
76 1595 90 1621 Ρ
105 1594 160 1627 Qui
178 1602 266 1624 autent
281 1600 337 1627 illic
346 1606 445 1630 stantes
460 1594 553 1639 erant,
581 1613 605 1634 rt
628 1611 774 1645 audientes,

5 1641 118 1673 ‘cehant.
135 1644 199 1678 quia
209 1645 299 1673 Ellam
314 1655 386 1676 vacat
399 1650 448 1677 iste
459 1651 492 1678 ⁸⁸.
511 1652 595 1689 Digne
609 1655 664 1684 Deo
685 1660 775 1694 requi-

5 1687 98 1714 ‘ndum
112 1694 223 1725 estquae
244 1692 295 1720 fuit
305 1693 350 1722 illa
362 1703 459 1731 magna
472 1705 525 1726 vox
545 1687 645 1729 Christi
656 1724 663 1737 ,
683 1687 772 1734 utr-um

5 1738 79 1766 agna
97 1734 181 1762 rebus
199 1739 543 1779 Inagnilicantibusmagua
560 1750 704 1783 mysteria,
726 1758 774 1779 aut

5 1784 80 1811 agna
99 1780 224 1808 sensibili
244 1787 271 1810 et
297 1787 433 1820 corporali
451 1796 556 1824 magna:
577 1780 652 1822 vocis
666 1796 771 1824 auditu.

5 1827 48 1849 tto
61 1828 154 1850 autent
173 1827 244 1860 quod
261 1830 351 1858 omnis
363 1838 414 1859 vox
426 1832 524 1861 Christi
541 1835 599 1863 Filii
614 1837 659 1866 Dei
674 1848 771 1876 magna

5 1872 26 1900 t,
43 1869 98 1895 etsi
116 1869 199 1898 fuerit
211 1873 280 1901 lenis
292 1883 300 1908 ;
314 1880 340 1902 et
357 1881 471 1906 testatur
488 1880 522 1908 de
539 1882 591 1910 hoc
615 1884 674 1919 ipso
697 1869 772 1914 scri-

5 1921 67 1946 ura,
97 1914 125 1941 in
143 1916 211 1945 locis
225 1919 344 1947 maxime
358 1921 411 1950 illis
427 1924 453 1951 in
475 1926 575 1960 quibus
596 1914 652 1957 νιῖιι
667 1932 771 1967 erigere

5 1959 144 1993 .ditorem,
163 1967 190 1989 ut
218 1967 433 2001 transgrediatur
454 1959 520 1999 illud
538 1975 611 2008 quod
634 1959 770 2006 multiuin-

5 2006 99 2041 lligcre
130 2015 245 2043 possunt
268 2011 296 2038 in
328 2013 415 2047 locis,
434 2021 461 2044 et
484 2025 538 2045 non
557 2026 647 2049 manet
671 2023 697 2050 in
723 2033 767 2060 eo,

5 2053 104 2081 iamvis
126 2056 277 2084 secundum
300 2059 452 2095 simplicem
477 2063 644 2095 intellectum
668 2053 768 2099 habeal

14 2106 49 2126 eo
61 2099 184 2135 aliquam
199 2104 350 2140 veritatem,
367 2113 396 2135 ut
408 2109 559 2147 intelligere
570 2115 657 2148 possit
674 2117 766 2153 aliqua

5 2150 52 2178 gne
78 2151 193 2182 propter
216 2157 342 2185 magnam
361 2152 467 2182 Domini
493 2165 598 2186 vocem.
629 2150 764 2194 Quoniam

841 922 915 949 Alios
928 923 1012 950 salvos
1022 924 1094 958 fecit,
1105 925 1217 959 seipsum
1231 932 1282 952 non
1290 931 1374 960 potest
1386 927 1486 953 salvum
1496 928 1582 962 facere
1597 928 1632 954 ⁸⁵.

840 969 936 997 Adhuc
965 975 1054 997 autem
1082 975 1109 997 et
1135 971 1212 1004 illud,
1239 973 1311 1006 quod
1331 973 1413 999 etiam
1438 974 1557 1001 latrones
1579 974 1632 1001 im-

840 1017 1020 1052 properabaut
1032 1018 1056 1045 ei
1074 1018 1100 1044 in
1119 1026 1210 1046 cruce.
1232 1019 1303 1054 Ergo
1321 1020 1465 1048 manifeste
1482 1021 1633 1057 intelligere

839 1064 940 1097 poteris
959 1064 1023 1098 quid
1041 1064 1076 1091 sit
1098 1065 1169 1099 quod
1191 1065 1266 1092 dicit.
1296 1065 1385 1097 Quare
1404 1075 1443 1093 me
1465 1067 1630 1102 dereliquisti

838 1109 880 1136 ⁹¹⁸⁴Ρ
895 1109 998 1137 faciens
1016 1111 1246 1144 comparationem
1270 1111 1364 1146 gloriae
1380 1112 1453 1140 illius
1474 1119 1556 1147 quam
1579 1113 1629 1141 ha-

837 1155 895 1182 buit
910 1156 980 1190 apud
1003 1155 1123 1188 Patrem,
1143 1156 1175 1183 ad
1197 1156 1387 1185 confusionem
1403 1166 1485 1193 quam
1506 1164 1630 1186 conteru-

837 1209 903 1229 nens
919 1203 1049 1229 sustinuit
1070 1210 1189 1230 crucem.
1206 1202 1289 1230 Sedes
1305 1205 1377 1231 enim
1397 1205 1469 1232 illius
1485 1211 1543 1232 erat
1559 1206 1628 1232 sicut

834 1246 874 1273 sol
893 1247 918 1273 in
937 1253 1074 1282 conspectu
1094 1248 1152 1280 Dei,
1167 1253 1191 1275 et
1206 1249 1274 1275 sicut
1290 1250 1354 1275 [una
1370 1251 1485 1284 perfecta
1503 1252 1530 1278 in
1551 1256 1627 1278 mter-

833 1300 906 1324 num,
923 1297 946 1319 et
962 1297 1020 1320 erat
1033 1294 1106 1320 testis
1119 1293 1177 1326 eius
1196 1293 1282 1328 ﬁdelis
1298 1295 1324 1320 in
1340 1295 1404 1322 caelo
1419 1296 1452 1329 ",
1469 1301 1561 1331 postea
1578 1305 1627 1325 au-

834 1343 886 1366 tem
902 1344 928 1366 et
943 1347 991 1374 pro
1006 1341 1106 1375 quibus
1122 1340 1206 1367 dicit:
1222 1341 1310 1373 Quare
1322 1334 1362 1369 r'ne
1376 1342 1562 1378 dercliqut'sti.’
1579 1351 1627 1372 su-

832 1386 984 1418 peraddidit
998 1386 1108 1414 dicens:
1128 1386 1167 1414 Tu
1184 1392 1272 1414 autem
1291 1388 1423 1422 repulisti.
1437 1393 1462 1415 et
1476 1397 1524 1424 pro
1542 1389 1626 1417 nihilo

830 1431 974 1464 deduxisti,
991 1437 1015 1459 ct
1028 1432 1158 1459 distulisti
1172 1432 1308 1460 Christum
1322 1438 1406 1466 tuum,
1417 1435 1533 1462 evertisti
1544 1440 1625 1463 testa-

830 1483 945 1504 mentum
967 1479 1035 1505 servi
1053 1479 1104 1510 lui,
1126 1480 1277 1514 profanasti
1303 1480 1330 1506 in
1362 1484 1432 1506 terra
1451 1482 1622 1509 sanctitatem

829 1523 896 1557 ejus,
911 1527 937 1550 et
953 1529 1050 1551 eaatera
1067 1525 1099 1551 ".
1118 1524 1151 1552 Et
1168 1525 1288 1560 quandiu
1305 1525 1414 1560 quidem
1433 1525 1484 1552 fuit
1498 1526 1563 1553 solis
1577 1526 1622 1552 lu-

830 1577 892 1597 men
914 1570 995 1597 etiam
1019 1575 1093 1597 tanta
1113 1574 1140 1598 et
1162 1571 1225 1598 talia
1247 1571 1398 1603 sustinens,
1416 1579 1470 1598 non
1492 1571 1620 1599 dicebat:

830 1616 919 1647 Quare
936 1623 975 1641 me
992 1615 1179 1650 dereliquisti?
1194 1615 1343 1650 Postquam
1358 1620 1448 1643 autem
1461 1616 1527 1644 vidit
1540 1624 1622 1649 super

828 1669 937 1689 omnem
954 1665 1053 1688 terram
1068 1660 1189 1688 Judazam
1207 1669 1293 1696 usque
1308 1662 1341 1689 ad
1357 1662 1451 1689 horam
1470 1670 1569 1690 nonam
1585 1667 1622 1690 te-

828 1707 926 1734 nebras
943 1706 1038 1740 factas,
1056 1707 1123 1734 dixit
1140 1715 1237 1742 magna
1254 1715 1321 1735 voce
1333 1715 1403 1735 sua:
1421 1708 1511 1740 Quare
1522 1717 1562 1735 me
1574 1709 1621 1736 dc-

827 1753 957 1788 reliquisti
969 1754 981 1779 ."
992 1753 1059 1780 lllud
1077 1753 1220 1781 ostendere
1233 1753 1328 1781 volens
1345 1762 1392 1787 per
1406 1754 1472 1786 haec,
1487 1755 1617 1789 quoniam

826 1801 920 1828 volens
934 1799 1102 1834 dereliquisti
1120 1806 1171 1831 me,
1186 1798 1276 1832 Pater,
1293 1804 1320 1826 et
1335 1799 1434 1827 talibus
1448 1800 1617 1828 exinanitum

825 1845 1029 1873 calamitatibus
1042 1843 1189 1876 tradidisti,
1202 1848 1232 1870 ut
1247 1843 1363 1878 populus
1380 1844 1425 1877 qui
1444 1845 1532 1872 fuerat
1546 1846 1616 1879 apud

826 1896 852 1918 tc
877 1890 1040 1922 honoratus,
1066 1889 1178 1924 recipiat
1193 1896 1254 1924 qua:
1272 1889 1298 1916 in
1323 1896 1366 1916 me
1387 1897 1471 1916 ausus
1491 1894 1543 1923 est,
1565 1890 1617 1917 im-

823 1937 901 1972 pleus
916 1943 1073 1964 mensuram
1087 1941 1194 1970 patrum
1209 1942 1336 1968 suorum,
1350 1939 1376 1962 et
1390 1943 1451 1970 qua:
1462 1943 1543 1970 super
1554 1944 1616 1971 pro—

823 1982 921 2017 phetas
937 1981 1011 2014 fecit,
1027 1984 1056 2008 ut
1076 1981 1199 2015 privetur
1214 1988 1229 2007 a
1251 1979 1355 2007 lumine
1376 1985 1429 2008 tuze
1446 1982 1614 2015 prospectio-

822 2028 877 2060 uis,
894 2033 922 2055 et
935 2027 1068 2055 efﬁciatur
1086 2028 1114 2054 iu
1134 2028 1255 2056 tenebris
1276 2028 1355 2062 quasi
1375 2032 1401 2054 te
1420 2027 1475 2055 Deo
1488 2029 1544 2063 jam
1566 2035 1614 2055 ne-

821 2081 960 2109 quaquam
982 2073 1023 2102 eis
1043 2078 1186 2109 prasente.
1203 2072 1256 2101 Sed
1271 2078 1299 2101 et
1321 2081 1370 2109 pro
1387 2074 1475 2101 salute
1490 2073 1611 2109 gentium

820 2120 988 2154 dereliquisti
1005 2128 1058 2154 me,
1079 2124 1109 2146 ut
1130 2119 1270 2147 derelictio
1289 2119 1371 2147 Israel
1392 2120 1467 2147 fieret
1490 2120 1610 2155 gentium

820 2166 895 2194 salus
909 2167 942 2193 ".
965 2166 1037 2199 Quid
1060 2170 1151 2193 autem
1172 2170 1227 2193 tam
1242 2166 1345 2193 bonum
1366 2165 1488 2194 fecerunt
1506 2167 1552 2202 qui
1576 2175 1610 2195 ex

5 2197 34 2224 go
53 2190 99 2218 his
120 2193 211 2221 verbis
235 2198 356 2225 ostendit
369 2200 471 2236 aliquid
494 2210 555 2232 esse
575 2190 731 2238 absrmnditu

884 2190 894 2194 ,
935 2190 942 2193 .
969 2190 1037 2199 ,ιν-
1060 2190 1151 2193 -.ν.-...
1173 2190 1227 2193 ._-..
1243 2190 1345 2193 ..-.._..-
1366 2190 1488 2194 .--ν-η-
1507 2190 1552 2202 ς.-.
1577 2190 1610 2195 ν..

884 2212 946 2240 ibus
963 2211 1148 2244 crediderunt,
1165 2216 1194 2239 ut
1210 2211 1330 2246 pretioso
1347 2212 1479 2247 sanguine
1491 2221 1553 2241 meo
1568 2221 1610 2241 su-

5 2243 102 2271 tgnum
119 2238 191 2272 quod
206 2240 304 2269 clamat
320 2244 353 2271 ad
373 2244 456 2274 Deum
472 2248 565 2279 dicens
584 2260 590 2278 :
614 2255 702 2286 Quare
725 2266 764 2286 me
818 2238 864 2294 per
882 2262 983 2285 terram
1007 2258 1094 2286 eﬂ‘uso
1109 2266 1159 2292 pro
1180 2258 1232 2291 eis,
1255 2265 1374 2285 emerem
1397 2266 1444 2286 eos
1458 2267 1473 2286 a
1490 2259 1609 2294 maligno

5 2281 159 2294 n‘ltu...'A-!ﬂ
172 2285 196 2294 SI
324 2289 330 2294 .
392 2291 398 2294 ι

616 2281 635 2286 η
667 2281 670 2282 ν
690 2281 699 2283 ε
725 2281 763 2286 ...τ
837 2281 859 2286 ν.
1009 2281 1093 2286 ___--
1109 2281 1157 2292 τ.-
1182 2281 1232 2291 w,
1257 2281 1374 2285 -..._._..-
1398 2281 1443 2286 με
1458 2281 1473 2286 _
1490 2281 1607 2294 .......,,..,,

5 2281 159 2317 reliquis”?
171 2285 232 2313 ideo
254 2289 446 2323 "CQUiFCIIdum
470 2300 512 2322 est
525 2297 590 2331 quid
607 2305 648 2327 est
659 2303 732 2336 quod
748 2312 763 2332 a
815 2281 862 2339 qui
876 2309 1000 2332 tenuerat
1011 2312 1059 2331 eos
1070 2305 1082 2331 ?
1095 2309 1121 2331 et
1134 2312 1219 2340 quare
1233 2304 1330 2332 faciem
1345 2309 1418 2331 tuam
1434 2305 1568 2337 arertisti,
1581 2310 1607 2333 et

7 2335 20 2340 ,ι
43 2329 183 2340 unum,
234 2333 285 2340 .,..
313 2335 319 2340 .
415 2338 436 2340 η

5 2335 22 2353 ο
34 2329 186 2358 derelictus
200 2337 242 2359 est
256 2333 391 2364 Christus.
413 2338 468 2367 Nec
488 2329 560 2370 enim
583 2343 624 2373 fas
644 2329 686 2375 est
702 2356 762 2377 cre-
815 2329 904 2377 Factus
916 2356 977 2376 sum
993 2329 1182 2381 conturbatits.
1200 2353 1229 2375 ut
1245 2349 1333 2376 dicam
1349 2358 1356 2376 :
1380 2348 1475 2375 Tristia
1491 2354 1530 2377 est
1548 2351 1607 2377 ani-

5 2379 30 2399 re
42 2381 109 2400 eum
125 2376 235 2405 mentiri
254 2378 388 2408 dicentem
401 2390 408 2408 :
422 2383 511 2416 Quare
524 2395 564 2414 me
578 2376 764 2427 dereliquisti?
815 2403 858 2421 ma
875 2402 932 2421 mea
951 2402 1031 2429 usque
1047 2393 1082 2420 ad
1098 2399 1207 2421 mortem
1218 2394 1259 2421 "?
1270 2393 1324 2421 Αυι
1339 2394 1403 2429 qu“
1427 2395 1480 2421 me
1492 2395 1606 2429 (“imum

666 2419 673 2427 ,
1342 2419 1403 2429 τη
1428 2419 1478 2421 .W
1494 2419 1605 2429 -.πη-η

10 2419 125 2453 qumam
141 2422 235 2451 calore
261 2426 402 2462 ΓθΙίΒίοηῖε
418 2437 467 2464 Pro
490 2431 554 2461 365“
565 2454 572 2466 τ
588 2441 615 2463 et
627 2439 690 2473 quia
706 2449 760 2469 non
814 2441 912 2468 facturi
929 2446 994 2469 sunt
1009 2440 1135 2468 homines
1151 2448 1200 2476 pro
1216 2440 1317 2475 quibus
1328 2440 1416 2475 patior
1430 2441 1491 2472 ista,
1508 2445 1538 2467 ut
1555 2449 1605 2475 pro

10 2470 83 2483 ιαιιη.
105 2474 241 2483 ΩνηΛιὶΛ-ιη
271 2472 315 2483 *με
328 2473 334 2483 Ι
362 2474 392 2483 γ’.
421 2475 450 2483 IV.
480 2477 485 2483 ι
582 2481 588 2483 .

5 2470 85 2493 ⁵⁸³³³
105 2474 242 2501 “Ponere
269 2472 334 2506 quid
358 2474 395 2502 sit
420 2475 560 2507 Christum
573 2470 727 2521 derelinqui
744 2495 759 2515 a
813 2487 853 2516 eis
867 2495 918 2523 ego
935 2487 1022 2522 patiar
1039 2486 1115 2514 haec?
1129 2470 1199 2514 sicut
1211 2491 1238 2514 et
1254 2486 1389 2521 Propheta
1409 2485 1465 2521 jam
1485 2491 1548 2513 ante
1571 2486 1605 2514 dc

5 2511 248 2537 D.arbitrantm-m
264 2517 355 2537 Λίιιιιηι
371 2530 377 2535 -
392 2520 492 2537 ναι-ι...
508 2526 586 2537 -..ξιξ
666 2536 670 2537 ,
751 2534 758 2537 .
882 2536 887 2537 ,
1026 2534 1042 2537 _.
1065 2534 1070 2537 .
1186 2533 1192 2537 .
1230 2533 1237 2537 .
1381 2531 1387 2537 .
1518 2532 1534 2537 ..

5 2511 250 2543 ⁰”²Γδὶι¹’³¹¹ί¹¹¹’θί
264 2517 358 2546 diem“
371 2530 378 2548 ε
392 2520 492 2550 verum
507 2526 616 2560 Quidam
632 2536 673 2558 est
686 2511 758 2567 quod
814 2537 866 2563 hoc
881 2511 949 2570 ipsor
961 2534 1095 2570 praedixit,
1114 2533 1193 2569 quasi
1214 2533 1337 2560 clamans
1355 2531 1389 2558 ad
1411 2536 1447 2564 te,
1461 2536 1489 2559 et
1508 2532 1603 2559 dicens

5 2563 67 2583 :tnm
86 2565 137 2583 nat,
154 2566 304 2583 Inmannnn
321 2566 500 2583 h.....:n.........
523 2573 571 2583 μγ.
703 2578 724 2583 ι.
891 2582 899 2583 ,
1145 2579 1162 2583 -
1255 2579 1261 2583 .
1322 2578 1328 2583 .
1352 2578 1368 2583 ..
1428 2577 1439 2583 ..
1547 2581 1551 2583 _
1577 2578 1582 2583 .

5 2563 67 2588 :tum
86 2565 140 2596 est,
154 2566 244 2592 tamen
256 2573 304 2600 per
321 2566 501 2598 humilitatem
520 2573 622 2602 dictum
636 2563 759 2609 esthos
813 2583 835 2598 "
849 2590 857 2608 :
881 2563 947 2614 Q-ua:
962 2563 1094 2612 Iutilitas;
1104 2563 1131 2607 ο.
1145 2579 1235 2611 Pater,
1255 2578 1412 2606 hominibus
1427 2577 1497 2604 facta
1512 2581 1554 2604 est
1574 2578 1601 2604 in

5 2610 53 2635 iam
70 2607 194 2638 ﬁdem“
205 2619 268 2639 eum
283 2614 328 2648 qui
343 2615 369 2642 ίη
385 2615 470 2645 forma
488 2619 534 2647 Dei
552 2621 640 2650 fuerat
652 2627 756 2655 consti-
812 2628 940 2662 sanguine
956 2635 1023 2660 ntco,
1038 2629 1102 2653 dum
1112 2625 1239 2653 descendo
1252 2625 1278 2651 in
1291 2624 1506 2658 corruptionem?
1523 2621 1600 2649 Nau-

6 2658 47 2676 us.
66 2654 102 2676 ah
121 2654 279 2676 hniucmmli
294 2660 481 2676 ιηαη..ςι...ι;..,.
494 2664 550 2676 .1“,
563 2675 587 2676 κν
604 2668 609 2676 .
650 2674 655 2676 _
847 2674 852 2676 _
866 2673 871 2676 .
942 2673 953 2676 Α
985 2672 990 2676 .
1002 2673 1007 2676 .
1080 2672 1096 2676 ..
1109 2673 1114 2676 .
1169 2672 1174 2676 .
1194 2672 1200 2676 .
1424 2671 1429 2676 ,
1452 2670 1457 2676 .
1468 2671 1474 2676 .
1550 2670 1565 2676 -ν

6 2658 48 2685 us,
66 2654 102 2681 ab
121 2654 279 2690 hujusmodi
294 2660 481 2695 magnitudine
493 2664 712 2703 descendentem,
728 2678 755 2700 et
808 2654 875 2710 quid
885 2654 1052 2707 conﬁtebitur
1066 2672 1114 2698 tibi
1128 2672 1225 2707 pulvis,
1247 2676 1293 2698 aut
1316 2670 1486 2698 ammntiabit
1503 2670 1598 2721 uerita-

6 2699 141 2721 nelinenm
166 2702 368 2721 nvi-nanimumn
398 2715 446 2721 ..Α-
472 2709 523 2721 ι.--
548 2720 558 2721 η
610 2714 615 2721 .
641 2715 651 2721 .-
987 2718 1005 2721 ..
1056 2719 1061 2721 .
1293 2718 1317 2721 ..

5 2699 141 2734 netipsum
166 2702 368 2733 exinanieutem
397 2715 446 2742 per
471 2709 523 2738 hoc
543 2714 615 2747 quod
638 2715 754 2746 formam
808 2699 858 2746 iam
876 2721 971 2747 tuam?
986 2718 1111 2747 Forsitan
1125 2724 1214 2747 autem
1233 2722 1260 2747 et
1275 2718 1368 2745 videns
1385 2721 1494 2753 peccata
1509 2716 1598 2744 homi-

5 2777 105 2835 ΐηιιξξ-
130 2783 273 2835 “utilis,
365 2786 671 2835 90":lisfil.'kX\’lll.3L.
721 2798 744 2814 "
762 2800 857 2828 Matth.
873 2809 959 2833 xxvn,
973 2800 1008 2828 46
1022 2805 1048 2828 et
1062 2808 1138 2835 seqq.
1178 2800 1199 2815 ³⁷
1214 2798 1314 2835 Philip.
1332 2807 1364 2831 ll,
1379 2799 1404 2835 7,
1458 2799 1484 2835 θ’
1498 2798 1593 2835 Matth.

5 2820 46 2843 vn,
63 2815 108 2842 57.
163 2817 186 2832 δ’
200 2817 265 2845 ibid.
282 2820 326 2846 42.
365 2822 388 2837 θο
408 2815 681 2858 ίι›ᾱα.”4ῧ””’έί’[ἓέιί.
700 2815 1149 2868 mg‘;:‘.'.',"3§.“ii’iiiui‘sii'i'o.
1189 2815 1364 2868 "aliialii:
1377 2815 1418 2862 ii.
1457 2834 1479 2850 οι
1496 2815 1593 2867 mihi;

5 2856 22 2875 η
33 2870 41 2882 ,
55 2850 100 2877 58,
140 2851 164 2867 ⁰¹
178 2851 250 2880 Psal.
268 2862 349 2886 uix.
367 2856 409 2883 10.
