1839 3053
5 124 49 163 δε)

544 142 871 172 COMMENTAIHORUM
892 144 1025 172 SERIES.

1538 150 1606 178 1790

5 204 23 222 ιι
56 204 282 233 pneparaverunt
306 200 378 229 sicut
401 207 428 231 et
452 203 590 238 Christus,
609 210 638 233 ut
665 206 770 240 possint
785 208 805 236 Α
821 206 919 241 aliquis
930 206 976 241 qui
998 214 1052 234 non
1069 206 1235 242 negligenter
1258 206 1382 242 intelligit.
1400 207 1561 242 Scripturas,
1580 214 1606 237 et

5 251 110 272 euntes
127 247 161 274 de
176 250 276 277 mundo
297 251 458 280 liducialitcr
473 253 499 280 in
514 261 612 282 manus
628 254 673 281 Dei
695 263 770 282 com-

5 291 109 318 :udare
125 293 167 320 vel
186 294 292 322 tradere
312 297 438 331 spiritum
456 306 546 326 suum.
565 298 593 326 Si
608 307 673 335 ergo
690 301 770 327 intel-

5 335 95 363 :imus
118 338 184 372 quid
204 345 246 367 est
267 349 391 376 magnam
414 351 506 371 vocem
531 345 660 378 clamare,
683 350 708 372 et
730 346 771 374 sic

5 381 100 410 littere
111 384 249 419 spiritum,
265 387 291 414 id
302 393 343 415 est
354 389 380 415 in
392 397 490 418 manus
501 390 547 418 Dei
562 392 767 419 commendare:

23 428 102 455 enim
122 431 299 464 exposuimus
317 440 398 468 supra
425 434 592 469 prolerentes
616 437 768 472 expositio~

5 480 32 498 ut
51 474 230 509 evangelista:
244 476 344 505 Lucae:
361 479 383 505 si
399 479 582 510 intelleximus
596 483 660 516 quid
677 489 718 510 est
731 484 769 510 in-

5 525 76 545 nare
87 524 182 554 caput.
196 525 223 548 et
238 523 342 551 tradere
355 524 491 559 spiritum,
508 527 668 556 festinemus
685 529 766 556 vitam

5 567 96 589 stram
112 571 233 596 servare.
250 570 279 593 ιιι
292 567 318 593 in
330 568 403 595 exitu
421 574 515 598 nostro
530 571 668 606 possimus
679 577 705 600 et
718 580 767 600 nos

5 615 102 641 lgna-ii
120 616 214 636 vocem
230 610 358 646 clamare,
375 619 402 641 et
425 615 465 642 sic
486 614 609 644 emittere
624 617 765 651 spiritum;

5 658 10 678 ι
31 652 171 682 inclinare
186 659 279 689 caput,
293 661 319 684 et
334 658 440 686 tradere
452 661 587 695 spiritum,
603 662 673 689 sicut
686 661 766 690 Jesus

5 698 9 724 i
28 698 177 727 inclinavit
189 706 280 735 caput,
294 707 322 729 et
336 704 414 737 quasi
430 712 512 740 supra
529 705 618 735 Patris
632 708 764 742 gremium

5 742 30 769 id
51 750 206 778 repausans
223 746 299 779 exiit,
319 748 366 782 qui
382 753 487 783 poterat
502 751 566 778 illud
585 752 612 778 in
635 753 695 779 sinu
714 761 764 780 suo

5 794 71 820 ere,
84 792 114 814 et
126 789 293 822 confortare.
310 790 388 824 Quod
402 792 425 820 si
448 794 488 822 vis
503 796 598 823 audire
612 796 677 831 quid
701 804 764 831 pro-

5 832 147 860 tChristo
163 842 288 870 magnam
312 845 404 864 vocem
425 839 568 874 clamasse,
585 845 610 868 et
633 843 672 869 sic
696 842 764 870 etui-

821 251 919 286 aspicit
930 252 983 278 duo
992 259 1051 279 esse
1061 252 1129 283 vela,
1140 260 1221 279 unum
1235 253 1344 287 quidem
1359 253 1473 280 interius
1482 254 1552 288 quod
1565 263 1607 281 ve-

822 297 945 331 lat927
957 297 1056 324 Sancta
1067 302 1233 331 sanctorum,
1248 299 1362 325 alterum
1377 303 1466 325 autem
1476 299 1604 332 exterius,

820 343 878 370 sive
906 343 1088 375 tabernaculi,
1113 343 1169 371 sive
1194 343 1303 378 templi,
1329 351 1390 378 quze
1414 344 1507 377 ﬁgura:
1528 350 1606 372 erant

820 387 985 414 tabernaculi
999 387 1096 419 sancti,
1113 387 1184 422 quod
1201 388 1362 422 prmparavit
1376 389 1410 415 ab
1426 389 1504 416 initio
1514 388 1604 418 Pater.

819 432 940 465 Quorum
959 433 1078 460 velorum
1095 434 1186 467 templi
1204 441 1286 460 unum
1304 434 1420 461 scissum
1439 439 1479 460 est
1494 435 1519 460 in
1535 435 1605 463 duas

818 483 909 512 partes
923 486 938 505 a
953 486 1060 506 summo
1078 486 1165 513 usque
1180 479 1318 511 deorsum,
1336 479 1446 513 quando
1459 487 1525 506 voce
1544 488 1602 506 ma-

818 530 869 557 gna
883 522 1005 550 clamans
1019 522 1098 550 Jesus
1111 524 1202 550 emisit
1216 524 1341 558 spiritum
1358 534 1363 551 :
1376 524 1428 551 hoc
1445 525 1601 557 ostendens,

818 568 888 594 sicut
909 572 988 602 puto,
1013 569 1186 604 mysterium,
1205 570 1332 604 quoniam
1359 571 1385 597 in
1402 572 1531 605 passione
1549 572 1603 599 Do—

818 613 884 640 mini
900 613 1048 641 Salvatoris
1064 614 1152 642 velum
1172 615 1245 650 quod
1267 621 1326 643 erat
1349 624 1364 643 a
1386 615 1461 650 foris,
1481 618 1602 645 conscis-

816 666 877 686 sum
900 663 942 686 est
967 667 983 686 a
1001 667 1108 688 summo
1134 669 1220 695 usque
1242 661 1389 693 deorsum,
1416 666 1445 689 ut
1467 662 1501 689 ab
1522 663 1601 690 initio

816 704 910 731 mundi
932 712 1018 739 usque
1036 705 1069 732 ad
1091 705 1231 738 deorsum,
1251 706 1277 733 id
1299 711 1341 734 est
1360 714 1446 742 usque
1464 708 1497 734 ad
1518 707 1599 735 linem

814 748 884 783 ejus,
910 750 1051 777 conscisse
1085 750 1219 778 velamine
1258 751 1386 786 mysteria
1415 752 1598 786 publicentur,

814 802 875 828 qua:
890 802 976 829 usque
995 795 1027 822 ad
1045 795 1146 823 Christi
1162 796 1307 823 adventum
1328 798 1526 825 rationabiliter
1541 799 1600 826 fue-

814 845 875 867 rant
891 841 1005 867 occulta.
1032 841 1064 869 Ει
1087 842 1138 869 nisi
1161 850 1192 869 ex
1207 848 1283 877 parte
1296 851 1534 878 cognosceremus.
1551 845 1597 872 sed

5 885 36 904 sc
59 879 205 913 spiritum,
221 881 246 907 id
267 887 308 909 est
326 883 353 909 in
374 892 472 913 manus
493 885 599 913 Domini
622 895 761 915 common-
780 873 865 921 Bjant
880 895 952 913 nunc
967 887 1205 915 manifestarcntur
1219 889 1322 922 omnia,
1339 890 1428 917 adhuc
1441 891 1467 917 in
1483 898 1598 925 corpore

5 931 47 950 sse
68 924 211 958 spiritum,
227 931 254 954 et
271 928 311 955 sic
327 929 465 963 emisisse;
487 937 533 958 aut
555 932 700 960 inclinasse
715 942 756 961 ea-

5 988 9 994 .
28 976 117 1003 super
137 971 270 1012 gremium
292 972 391 1004 Patris.
407 979 434 1002 et
455 976 600 1005 tradidisse
620 978 758 1012 spiritum,

6 1014 26 1041 li
43 1015 121 1048 quod
133 1016 198 1044 dicit
218 1017 352 1051 Propheta
370 1021 389 1035 “
404 1028 410 1046 :
428 1020 540 1055 Propter
554 1023 602 1049 Izoc
615 1024 686 1050 enim
707 1033 758 1052 non

5 1058 109 1093 ‘eliquit
132 1061 248 1087 animam
265 1062 326 1096 ejus
346 1064 373 1090 in
389 1065 502 1098 inferno,
525 1075 570 1093 nec
597 1069 666 1094 dedit
695 1078 756 1096 cum

5 1112 50 1130 ere
71 1106 281 1139 corruptionem.
299 1107 326 1135 Si
343 1117 409 1144 ergo
424 1115 449 1137 et
471 1119 521 1139 nos
544 1112 578 1139 ita
600 1121 650 1141 nos
667 1123 758 1148 gesse-

5 1157 62 1180 IIIS,
85 1154 117 1176 ut
139 1151 277 1184 possimus
300 1155 491 1182 commendare
513 1156 625 1190 spiritus
647 1163 756 1191 nostros

5 1203 112 1222 manus
134 1194 190 1228 Dei,
207 1201 253 1224 aut
276 1198 407 1226 inclinare
421 1205 502 1234 caput
521 1209 603 1236 super
622 1205 754 1237 gremium

11 1261 19 1272 ,
35 1246 64 1268 et
81 1241 124 1268 sic
146 1242 252 1270 tradere
271 1244 407 1279 spiritum,
425 1247 484 1273 sine
501 1248 583 1284 dubio
601 1257 688 1284 neque
705 1259 755 1279 no-

5 1294 33 1312 xs
46 1289 159 1315 animas
175 1289 343 1325 derelinquet
358 1291 385 1318 in
402 1291 520 1325 inferno,
538 1301 588 1321 nec
612 1295 687 1322 dabit
704 1305 754 1324 nos

5 1334 188 1367 corruptione
203 1335 229 1361 in
249 1342 407 1370 perpetuum
425 1346 536 1366 manere
556 1349 562 1367 :
585 1341 631 1368 sed
655 1342 700 1376 qui
720 1343 753 1370 il-

6 1386 16 1405 ι
40 1383 107 1413 post
120 1380 192 1412 diem
208 1382 315 1409 tertium
332 1385 469 1411 revocavit
487 1385 521 1412 ab
538 1385 643 1420 inferis,
661 1392 688 1414 et
704 1396 753 1416 nos

5 1424 102 1452 ocabit
116 1425 144 1453 in
158 1430 279 1461 tempore
295 1433 449 1463 opportuno
462 1440 470 1458 :
485 1436 511 1458 et
528 1433 574 1467 qui
589 1433 626 1460 illi
643 1434 753 1462 donavit

5 1477 58 1496 non
73 1470 166 1498 videat
177 1479 241 1500 caro
256 1472 316 1507 ejus
332 1476 546 1510 corruptionem,
567 1479 645 1508 nobis
665 1481 751 1508 dona-

24 1523 81 1543 non
97 1517 206 1552 quidem
224 1523 253 1546 ut
268 1527 321 1546 non
334 1521 423 1549 videat
439 1530 503 1550 caro
523 1530 616 1553 nostra
638 1534 750 1563 corrup-
763 1541 785 1571 ρ

5 1569 73 1594 rem,
90 1562 138 1589 sed
154 1567 183 1589 ut
203 1564 332 1592 liberetur
347 1573 362 1593 a
381 1569 553 1603 corruptione
569 1575 688 1606 tempore
701 1562 752 1608 op-

7 1612 97 1634 tuno:
116 1609 245 1642 quoniam
260 1610 304 1637 ille
320 1611 428 1646 quidem
448 1619 588 1648 peccatum
605 1625 658 1645 non
678 1619 750 1654 fecit,

5 1659 46 1685 [ue
61 1652 144 1680 dolus
165 1653 291 1682 inventus
313 1661 354 1683 est
375 1657 402 1683 in
427 1666 474 1686 ore
496 1660 573 1694 ejus:
596 1670 647 1690 nos
659 1652 750 1694 autem

5 1696 20 1722 Li
36 1696 154 1730 erimus,
172 1698 195 1725 si
208 1699 249 1725 vel
266 1700 414 1735 aliquando
429 1710 444 1729 a
465 1706 583 1738 peccatis
606 1711 751 1737 recesseri-

5 1750 27 1767 s.
53 1740 159 1768 Deinde
182 1748 271 1770 autem
292 1746 420 1779 quoniam
444 1747 541 1776 iterum
567 1759 632 1779 voce
653 1761 750 1789 magna

5 1794 84 1814 etans
95 1792 123 1815 et
133 1788 244 1816 dicens-
261 1789 352 1824 Pater,
365 1792 393 1818 in
412 1801 506 1821 manus
519 1799 578 1823 tuas
598 1788 748 1827 catnmendo

5 1833 82 1858 itum
100 1841 196 1866 meum,
222 1835 312 1862 emisit
327 1837 463 1871 spiritum,
485 1839 544 1867 ideo
566 1848 599 1869 eo
622 1843 747 1877 spiritum

9 1882 101 1904 ttente
117 1878 193 1913 signa
213 1880 283 1907 facta
302 1886 367 1908 sunt
388 1891 470 1918 super
489 1892 562 1918 eum,
583 1891 610 1913 et
625 1889 747 1923 prodigia

6 1922 130 1950 ilicantia
151 1924 308 1958 dignitatern
328 1927 388 1961 ejus
405 1928 458 1955 hoc
472 1929 569 1957 modo:
586 1930 618 1956 Et
630 1940 688 1958 ecce
703 1922 746 1960 ue-

5 1991 6 1994 η
22 1970 117 2005 templi
131 1971 241 1998 scissum
255 1978 293 1999 est
304 1974 331 1999 in
342 1974 409 2001 duas
423 1979 511 2008 partes
524 1984 540 2002 α
551 1985 652 2004 summa
667 1987 747 2014 usque

5 2025 80 2043 rsum
96 2017 129 2043 ".
154 2017 279 2050 Quandiu
295 2019 404 2053 quidem
419 2019 499 2048 Jesus
520 2030 573 2049 non
589 2030 745 2059 suscrperat

20 2061 182 2089 hominibus
204 2067 330 2097 mortem,
355 2065 412 2099 ipse
435 2069 600 2101 exspectatio
624 2071 744 2103 gentium

5 2106 134 2137 stitutus,
149 2106 238 2133 velum
255 2108 346 2142 templi
365 2109 494 2138 interiora
512 2113 603 2147 templi
617 2115 742 2143 velabat:

5 2151 99 2178 rtebat
122 2151 194 2178 enim
211 2159 243 2178 ea
265 2153 360 2186 velari,
375 2154 462 2183 donec
483 2157 527 2184 ille
550 2159 596 2192 qui
615 2160 690 2188 solus
712 2169 742 2188 ea

5 2201 59 2223 :rat
80 2197 210 2230 revelare,
227 2198 370 2226 manifesta
383 2200 484 2228 faceret
497 2210 528 2229 ea
544 2203 634 2232 videre
649 2206 741 2233 volen-

5 2249 36 2272 s,
54 2245 86 2267 ut
108 2248 156 2275 per
174 2247 288 2270 mortem
308 2243 408 2272 Christi
424 2245 487 2273 Jesu
505 2248 670 2277 destruentis
684 2259 743 2279 cre-

5 2287 75 2313 tium
91 2292 217 2319 mortem,
232 2289 277 2323 qui
297 2289 400 2318 liberati
422 2291 522 2319 fuerint
540 2301 555 2320 a
572 2299 668 2328 morte,
680 2303 743 2330 pos-

25 2332 154 2366 aspicere
176 2341 237 2367 qua:
258 2339 321 2361 sunt
346 2334 415 2362 intra
442 2337 541 2365 velum.
562 2338 628 2370 Quzr.
651 2345 741 2368 autem

5 2377 52 2404 'int
73 2377 120 2404 illa
134 2385 187 2406 non
207 2383 249 2406 est
263 2381 394 2415 temporis
411 2381 492 2416 hujus
508 2390 654 2418 exponere,
676 2394 742 2420 quo—

5 2431 21 2450 n
47 2424 164 2450 multam
191 2429 218 2452 et
242 2424 376 2453 diﬂicilem
400 2427 650 2463 interpretationem
677 2435 741 2458 sunt

5 2470 90 2496 entia.
109 2468 295 2504 Opportunius
311 2477 400 2500 autem
418 2475 542 2503 convenit
557 2484 587 2503 ca
604 2485 740 2512 exponere

5 2515 72 2542 ertio
85 2514 156 2541 libro
171 2515 336 2550 Regnorum,
351 2518 413 2545 etin
429 2521 549 2548 secundo
562 2521 630 2550 libro
641 2522 741 2550 Parali-

5 2568 98 2593 Ienon,
108 2560 135 2586 in
145 2562 245 2595 quibus
257 2563 387 2597 scriptum
400 2568 441 2591 est
451 2565 484 2592 de
497 2567 606 2601 templo,
614 2568 684 2595 etde
696 2569 738 2597 his

5 2607 110 2640 sposita
122 2611 186 2634 sunt
199 2607 270 2634 intra
286 2609 374 2636 velum
386 2618 392 2635 :
409 2610 452 2638 hic
463 2616 553 2639 autem
568 2613 618 2641 hoc
632 2618 737 2642 tanturn

5 2658 80 2686 ptum
93 2657 146 2684 est.
166 2654 231 2688 quia
249 2654 338 2682 velum
356 2657 448 2691 templi
462 2659 633 2686 conscissum
650 2666 692 2687 est
708 2661 736 2688 in

5 2707 15 2725 ς
25 2703 129 2734 partes,
138 2706 152 2726 a
165 2706 273 2727 sursum
284 2708 370 2736 usque
382 2702 520 2732 deorsum.
529 2704 635 2738 Quaeret
646 2711 736 2734 autem

759 2205 780 2233 D

5 2800 20 2815 l'
37 2800 110 2827 Psal.
123 2809 167 2833 xv,
183 2802 222 2829 l0.

282 2803 302 2818 ¹¹
319 2803 411 2834 Matth.
430 2815 514 2839 xxvu,
533 2808 576 2836 5|.

8 2836 58 2862 sal.
75 2844 153 2869 thu,
170 2838 197 2868 ‘J,
214 2837 255 2864 10.

633 2809 652 2826 ’⁸
667 2809 748 2839 llebr.
765 2819 822 2846 vut,
838 2813 874 2846 ὃς
897 2812 980 2842 Exod.
995 2822 1064 2847 xxv,
1088 2814 1131 2840 40.

811 932 967 959 constitutis
995 933 1100 960 dilectis
1122 933 1224 960 Christi
1251 933 1413 968 discipulis,
1450 941 1598 971 utrumque

810 979 898 1004 velum
927 977 1016 1004 fuerat
1042 979 1285 1012 conscindendum,
1304 979 1329 1006 id
1350 982 1478 1015 estquod
1497 990 1511 1008 a
1529 982 1597 1011 foris

809 1028 849 1050 est
865 1028 891 1050 et
904 1023 1030 1051 iuterlus.
1046 1023 1122 1051 Nunc
1142 1030 1231 1051 autem
1248 1025 1378 1060 quoniam
1401 1027 1434 1053 ad
1452 1028 1595 1055 scientiam

809 1075 899 1096 rerum
927 1076 1057 1097 novarum
1084 1070 1270 1104 producimur.
1295 1071 1355 1098 ideo
1380 1072 1454 1106 quod
1485 1081 1500 1100 a
1527 1073 1594 1102 foris

807 1113 914 1148 quidem
938 1114 1026 1141 fuerat
1049 1115 1148 1147 velum,
1167 1115 1274 1142 interim
1298 1117 1486 1144 conscinditur
1502 1126 1517 1145 a
1532 1127 1594 1146 sur-

806 1166 867 1186 sum
887 1167 975 1194 usque
994 1160 1134 1192 deorsum,
1152 1165 1183 1186 ut
1196 1160 1306 1194 quando
1322 1161 1424 1188 venerit
1439 1163 1510 1197 quod
1531 1171 1593 1198 per-

809 1204 911 1232 fectum
936 1210 988 1238 est,
1004 1209 1031 1232 et
1045 1206 1161 1233 revelata
1186 1205 1286 1232 fuerint
1308 1213 1403 1234 ca-tera
1425 1215 1486 1242 quae
1504 1213 1592 1236 resta—

807 1250 882 1283 bant,
905 1255 971 1279 tunc
996 1251 1135 1278 auferatur
1163 1253 1244 1279 etiam
1270 1253 1418 1280 secundum
1443 1254 1544 1286 velum,
1563 1258 1593 1282 ut

805 1297 946 1323 videatuus
975 1298 1056 1324 etiam
1070 1305 1132 1332 qua:
1152 1297 1222 1324 intra
1252 1298 1402 1326 secundum
1419 1302 1507 1326 velum
1526 1305 1590 1328 sunt

804 1342 950 1374 occultata,
976 1350 1067 1369 veram
1095 1351 1185 1370 arcam
1212 1344 1377 1377 testamenti,
1399 1349 1426 1372 et
1441 1345 1511 1372 sicut
1530 1346 1588 1380 ipsa

803 1393 833 1414 se
846 1386 927 1413 habet
941 1391 1052 1418 natura,
1067 1386 1208 1414 videamus
1219 1388 1370 1421 cherubim,
1383 1393 1410 1415 et
1428 1390 1587 1424 propitiato-

805 1433 875 1460 rium
907 1440 1019 1464 verum,
1045 1437 1072 1459 et
1095 1433 1287 1467 repositionem
1312 1442 1419 1461 manna:
1448 1435 1474 1461 in
1503 1442 1588 1462 aureo

802 1485 881 1509 vase,
901 1482 930 1505 et
949 1477 1040 1504 omnia
1060 1477 1203 1505 manifesta
1224 1484 1306 1514 atque
1324 1480 1426 1514 majora
1449 1480 1512 1512 illis,
1527 1489 1587 1514 qua:

802 1531 849 1556 per
866 1523 951 1558 legem
973 1523 1073 1559 Moysis
1089 1524 1197 1551 fuerant
1218 1524 1419 1558 demonstrata,
1443 1526 1469 1552 in
1488 1527 1587 1560 quibus.

802 1569 871 1596 dixit
889 1568 960 1597 Deus
981 1570 1016 1596 ad
1034 1577 1096 1596 eum
1112 1578 1118 1595 :
1139 1569 1238 1597 Facias
1261 1572 1350 1597 omnia
1372 1572 1513 1598 secundum
1529 1573 1586 1606 for-

802 1623 872 1641 mant
900 1622 1009 1647 eorum,
1028 1623 1087 1650 qua:
1104 1621 1209 1643 ostensa
1228 1621 1288 1643 sunt
1310 1618 1337 1643 in
1359 1622 1444 1643 monte
1457 1617 1489 1643 “.
1514 1617 1587 1645 Nihil

801 1667 865 1695 ergo
887 1664 929 1687 est
952 1661 1063 1693 mirum,
1086 1661 1159 1695 quod
1184 1661 1271 1688 velum
1299 1662 1389 1696 templi
1416 1664 1585 1690 conscissum

800 1710 854 1739 est,
870 1703 943 1740 quod
954 1705 1083 1732 interiora
1100 1705 1206 1733 velabat
1220 1707 1358 1741 mysteria,
1377 1713 1406 1734 ut
1420 1709 1527 1735 videant
1542 1709 1585 1736 di-

800 1751 895 1786 scipuli
920 1750 1041 1783 Christi,
1065 1751 1230 1786 accipientes
1262 1753 1356 1780 oculos
1380 1754 1527 1788 spiritales,
1553 1762 1584 1781 ea

799 1804 860 1832 qua:
879 1796 944 1823 nulli
963 1801 1026 1823 ante
1039 1795 1132 1823 Jesum
1147 1797 1253 1825 fuerant
1273 1798 1470 1825 demonstrata.
1499 1798 1584 1826 Nemo

799 1842 871 1870 enim
888 1842 939 1869 nisi
961 1842 1037 1870 solus
1050 1843 1176 1877 princeps
1198 1844 1379 1877 sacerdotum,
1396 1852 1457 1878 qua:
1476 1844 1583 1871 fuerant

798 1893 862 1915 ante
885 1888 975 1915 velum
1002 1889 1152 1916 secundum
1176 1889 1255 1917 videt.
1284 1890 1336 1917 Sed
1350 1890 1442 1917 Aaron
1461 1890 1581 1924 quidem,

796 1938 823 1962 et
838 1935 884 1968 qui
898 1942 930 1961 ex
947 1942 980 1961 eo
994 1939 1081 1968 erant,
1099 1943 1185 1969 neque
1204 1936 1345 1968 virtutem,
1362 1944 1449 1971 neque
1463 1937 1575 1972 dignita-

797 1984 849 2007 tem
865 1979 1001 2007 habebant
1016 1982 1138 2008 revelare
1152 1988 1212 2015 quze
1234 1981 1284 2016 ipsi
1300 1982 1426 2009 videbant
1444 1982 1523 2009 alicui
1541 1983 1580 2009 al.

795 2026 845 2053 teri
864 2034 871 2052 :
891 2026 965 2053 solus
982 2030 1071 2053 autem
1087 2028 1133 2061 qui
1155 2035 1216 2053 cum
1236 2027 1414 2062 jurejurando
1437 2027 1523 2055 factus
1539 2032 1580 2055 est

796 2071 921 2105 princeps
944 2071 1116 2099 sacerdotum
1139 2072 1166 2098 in
1186 2077 1317 2099 anei-num
1340 2073 1487 2100 set-mulum
1507 2073 1579 2100 ordi-

795 2122 856 2142 nem
871 2114 1059 2149 Melchisedec,
1073 2116 1161 2150 potuit
1177 2124 1224 2151 per
1237 2117 1466 2151 dispensationem
1484 2118 1579 2145 mortis

795 2167 851 2187 sua:
873 2160 1051 2187 conscindere
1077 2161 1165 2187 velum
1195 2162 1286 2196 templi
1311 2162 1336 2189 in
1362 2163 1430 2190 duas
1458 2169 1547 2198 partes
1563 2171 1579 2189 a

796 2214 906 2234 sursum
924 2214 1010 2241 usque
1034 2207 1172 2241 deorsum,
1189 2213 1218 2234 ut
1231 2209 1373 2236 videantur
1389 2217 1449 2244 qua}
1471 2209 1580 2237 fuerant

792 2253 865 2279 intus
881 2252 969 2279 oculis
985 2252 1031 2286 qui
1048 2253 1109 2279 talia
1128 2258 1244 2287 possunt
1259 2254 1361 2281 videre.

828 2297 888 2324 159.
919 2296 953 2323 Et
978 2301 1047 2324 terra
1070 2303 1140 2325 mota
1165 2305 1214 2330 est,
1238 2304 1262 2326 ct
1287 2304 1368 2333 petrae
1393 2301 1482 2326 scissae
1505 2305 1577 2332 sunt,

790 2348 815 2369 et
830 2348 998 2370 monumenta
1014 2349 1106 2378 aperta
1120 2349 1192 2377 sunt,
1208 2349 1233 2372 et
1246 2345 1330 2371 multa
1345 2354 1456 2379 corpora
1471 2352 1578 2373 sancto—

792 2397 849 2414 rum
864 2389 1052 2416 darmieutium
1072 2396 1282 2422 resurrexerunt,
1296 2395 1320 2417 et
1335 2396 1456 2418 exeuntes
1474 2392 1505 2418 de
1519 2401 1576 2418 mo-

791 2435 923 2461 numentis
945 2439 1003 2468 post
1027 2436 1242 2462 resurrectionem
1267 2436 1350 2470 ipsius
1370 2436 1526 2463 introierunt
1550 2438 1576 2464 in

790 2484 909 2505 sanctam
923 2480 1065 2512 civitatem,
1078 2485 1102 2507 et
1116 2481 1295 2515 apparuerunt
1308 2481 1397 2507 multis
1411 2482 1442 2508 λδ.
1457 2481 1490 2508 Ει
1505 2487 1576 2510 terra

791 2529 863 2551 mota
885 2529 941 2557 est,
964 2525 990 2551 id
1007 2529 1050 2552 est
1066 2527 1155 2553 omnis
1171 2534 1236 2554 caro
1258 2535 1327 2554 novo
1342 2528 1433 2560 verbo,
1451 2532 1478 2554 et
1498 2527 1575 2554 novis

790 2568 872 2596 rebus
900 2569 1051 2596 secundum
1086 2579 1185 2598 novum
1221 2577 1431 2604 testamentum,
1454 2577 1482 2599 et
1505 2579 1575 2599 navo

790 2615 907 2647 cantico,
920 2621 946 2642 rt
960 2616 1037 2644 novis
1052 2617 1188 2650 omnibus,
1201 2623 1282 2653 atque
1295 2618 1451 2646 cwlestibus
1465 2618 1575 2644 venien-

791 2661 863 2689 tibus
884 2669 965 2696 super
988 2669 1098 2696 terram,
1116 2664 1186 2691 sicut
1205 2670 1233 2691 et
1246 2664 1379 2699 Propheta
1398 2665 1431 2692 de
1447 2666 1498 2692 hoc
1514 2665 1575 2698 ipso

791 2707 818 2734 in
836 2709 928 2743 aliquo
946 2709 1012 2737 dicit
1031 2709 1092 2737 loco
1105 2710 1125 2725 “‘
1140 2717 1147 2735 ε
1161 2709 1317 2737 Canturhati
1333 2715 1394 2738 sunt
1414 2717 1513 2742 omnes,
1528 2710 1574 2744 qui

1191 2814 1210 2830 ι’
1227 2813 1321 2842 Matth.
1340 2822 1413 2842 xxvn
1424 2834 1431 2847 ,
1447 2815 1478 2842 5|
1495 2822 1572 2852 seqq.
