1839 3053
260 125 324 152 I791

854 112 1017 141 ()BIGENIS
1038 111 1069 138 IN
1090 109 1297 138 ΜΑΤΊΊΙΛΞωί
1773 107 1812 135 ΜΞ

258 179 377 206 ridebo-it
400 186 453 207 eos.
479 175 504 202 id
528 179 570 202 cst
591 173 739 208 discipulus
764 169 876 200 Christi,
904 173 929 195 et
955 167 1041 194 timuit
1059 168 1077 194 Α
1092 165 1175 200 928
1197 164 1292 199 Magna
1315 170 1379 198 ergo
1401 167 1462 189 sunt
1487 161 1555 188 facta
1577 168 1606 187 ex
1629 167 1660 186 co
1681 161 1739 195 quod
1753 170 1812 195 mag:

258 226 342 253 omnis
361 225 447 250 homo.
466 222 529 249 Item
549 228 595 256 per
610 220 723 246 alterutri
740 217 899 253 prophetam
912 214 1042 242 Dominus

259 272 326 298 dicit
339 270 361 286 ¹⁶
375 278 382 297 :
396 269 486 296 All/mc
502 266 590 298 semel,
607 271 630 292 et
646 274 691 299 ego
711 264 816 290 movebo
833 262 935 293 malum,
951 265 974 287 et
991 266 1042 286 ler-

258 325 327 349 ram.
347 321 372 343 et
386 323 469 342 mare.
484 319 506 340 rt
519 313 635 339 aridum.
659 311 782 337 Dicentes
799 314 888 336 autem
907 314 991 342 pauca
1010 306 1043 333 de

260 365 335 389 motu
363 365 451 391 terrae,
475 366 528 385 non
557 356 688 383 inutiliter
712 355 834 382 dicamus
859 357 885 379 et
906 352 939 378 de
961 350 1042 385 petris

259 406 355 434 scissis
376 405 402 430 in
420 403 546 438 passione
564 401 670 428 Domini
686 397 847 431 Salvatoris,
867 404 926 431 quae
941 400 1042 431 myste-

260 452 330 478 rium
346 449 466 481 luerunt,
483 448 553 476 sicut
571 447 698 475 arbitror,
720 446 911 480 prophetatum
927 451 934 468 :
957 442 1044 468 mani-

261 494 364 520 festata;
387 497 452 519 sunt
475 491 547 518 enim
575 491 600 517 in
616 490 716 516 Christi
741 490 857 516 adventu
878 489 919 515 lex
941 491 967 513 et
982 493 1044 521 pro—
1067 519 1070 525 Ι

260 539 366 573 pheta-.z
388 541 498 572 propter
513 536 585 571 quod
608 535 641 562 ad
658 535 801 562 Dominum
825 532 1044 561 eonvertentibus

259 592 321 612 cum
344 583 440 618 legitur
455 582 571 617 Moyses,
587 581 709 608 velamen
727 580 800 616 quod
820 579 937 614 positum
958 577 1045 604 fuerat

260 638 342 665 super
356 637 404 657 cor
415 636 522 660 eorum,
538 627 654 660 tollitur,
668 632 694 653 et
706 626 777 661 quod
795 625 820 652 in
835 625 951 652 lectione
968 623 1046 650 Vete-

262 675 300 702 ris
316 673 480 702 Testamenti
509 673 625 708 positum
652 676 712 699 erat
734 671 866 703 velamen,
891 671 917 696 in
937 669 1046 696 Christo

261 720 397 747 aboletur.
414 719 520 753 Aper-tae
539 722 603 745 sunt
623 724 689 752 ergo
712 724 785 743 nunc
804 720 896 750 petrze,
910 719 937 741 et
954 713 1046 740 scissa:

262 770 336 794 sunt.
356 770 385 792 ut
408 764 434 790 in
456 763 598 798 profundis
614 769 707 790 eorum
729 761 817 796 posita
834 759 965 794 spiritalia
989 766 1047 795 my-

264 809 346 836 steria
363 808 513 835 videamus.
533 806 681 833 Probamus
697 810 786 832 autem
805 805 906 832 scissas
925 807 989 830 tunc
1001 809 1048 836 pe-

263 859 329 886 tras,
346 861 406 880 esse
421 852 565 886 prophetas
579 860 585 877 :
604 850 720 886 primum
737 849 846 884 quidem
874 856 905 875 ex
925 855 958 874 co
974 845 1046 881 quod
1063 837 1083 866 Β

264 899 389 926 Christus
413 898 513 925 dicitur
538 901 614 931 petra
644 895 793 930 spiritalis.
819 898 846 921 et
869 893 982 920 rationis
1007 895 1048 918 est

263 952 359 971 omnes
373 944 523 971 imitatores
536 941 638 969 Christi
652 941 705 968 diei
722 940 846 968 similiter
860 943 960 974 petras,
978 938 1048 964 sicut

264 993 292 1015 et
315 989 361 1014 lux
387 988 479 1014 mundi
505 987 634 1013 dicuntur
649 993 681 1012 ex
699 992 732 1012 eo
751 984 822 1018 quod
843 983 900 1018 ipse
919 982 1049 1009 Dominus

265 1041 360 1061 eorum
387 1033 433 1060 lux
461 1037 502 1060 est
526 1031 620 1058 mundi
636 1031 751 1058 :deinde
772 1029 854 1056 etiam
876 1037 909 1055 ex
926 1036 959 1056 eo
975 1027 1048 1062 quod

266 1080 324 1113 ipse
339 1079 436 1106 Petrus
463 1086 477 1104 a
494 1077 609 1104 Domino
635 1082 711 1110 petra
736 1079 778 1102 est
800 1074 961 1109 appellatus,
986 1080 1049 1100 cum

266 1124 367 1151 dicitur
380 1123 404 1150 ei
420 1124 461 1150 ":
482 1122 521 1149 Tu
547 1131 573 1149 es
589 1121 694 1154 Petrus,
717 1125 740 1147 et
764 1128 841 1154 super
861 1119 928 1145 Italic
949 1123 1050 1153 petram

265 1170 403 1204 aediﬁcabo
421 1168 568 1195 Ecclesium
585 1175 680 1200 meam,
694 1171 719 1193 et
733 1170 817 1201 portw
834 1165 978 1199 inferorum
999 1172 1050 1191 non

265 1214 443 1250 ρι’ωταιειηιηι
459 1213 616 1240 eiJlaxime
630 1217 719 1239 autem
734 1212 786 1239 hoc
800 1211 1001 1238 demonstratur
1017 1217 1051 1237 ex

267 1269 299 1287 co
315 1259 387 1295 quod
400 1266 496 1286 omnes
510 1258 611 1293 quibus
625 1266 678 1285 non
693 1256 840 1292 praevalent
855 1260 939 1291 portm
954 1254 1051 1282 infero-

268 1313 340 1337 rum,
355 1304 403 1339 qui
425 1311 495 1338 opus
512 1302 631 1330 nominis
647 1306 730 1337 petrae
745 1301 846 1328 habent
868 1300 894 1327 in
909 1307 949 1332 se,
966 1299 991 1326 id
1011 1303 1053 1326 est

266 1350 380 1385 apostoli
404 1354 430 1377 et
449 1348 602 1385 prophetm,
620 1353 702 1383 petra:
727 1352 791 1375 sunt
812 1353 838 1374 et
864 1346 927 1381 ipsi,
943 1350 968 1372 et
989 1349 1053 1372 sunt

267 1397 445 1424 hindamenta
463 1402 557 1422 eorum
581 1394 628 1429 qui
652 1401 734 1428 super
752 1401 800 1420 cos
815 1392 992 1424 aedificantur,
1008 1397 1052 1417 se-

267 1441 387 1469 cundum
405 1440 476 1475 quod
494 1440 532 1467 ait
543 1439 689 1475 Apostolus
702 1438 724 1454 “
736 1447 742 1465 :
753 1437 963 1473 Superwdiﬁcati
977 1443 1054 1470 super

269 1487 471 1521 fundamentum
504 1485 684 1520 apostolorum
716 1488 741 1511 et
771 1483 966 1518 prophetarum,
997 1482 1053 1516 ipso

269 1540 371 1559 summo
387 1531 511 1565 angulari
525 1530 612 1564 lapide
625 1529 689 1556 Iesu
703 1528 808 1556 Christo
824 1528 936 1554 Domino
951 1533 1052 1555 nostra.

271 1576 528 1610 Supermililicanlur
541 1579 633 1601 autem
650 1573 782 1608 apostolis
798 1578 825 1599 et
839 1572 979 1607 prophetis
997 1580 1054 1599 ma-

270 1622 342 1648 xime
356 1621 402 1654 qui
419 1624 482 1647 sunt
496 1620 528 1646 de
540 1620 660 1646 Ecclesia
680 1618 864 1650 immaculata,
878 1622 905 1645 et
917 1618 1054 1652 apostolos

271 1666 372 1693 Christi
399 1666 550 1696 imitantur,
570 1669 596 1692 et
610 1665 756 1700 prophetas
779 1671 833 1690 non
849 1668 991 1698 spernunt,
1009 1664 1055 1691 sed

270 1715 426 1738 scrutantur
453 1711 534 1738 etiam
558 1717 652 1738 corum
677 1710 841 1744 Scripturas.
871 1708 949 1736 Nunc
971 1713 998 1736 et
1022 1709 1055 1736 de

271 1756 454 1783 monumentis
480 1756 581 1791 apertis
608 1755 742 1782 dicamus.
776 1754 850 1781 Venit
873 1759 963 1781 autem
988 1755 1054 1780 liora

272 1802 421 1829 secundum
441 1801 513 1836 quod
529 1801 690 1836 promiserat
705 1800 841 1831 Christus,
855 1804 883 1826 ut
898 1799 943 1834 qui
959 1799 985 1824 in
1001 1807 1056 1825 mo-

271 1848 402 1874 numentis
425 1852 502 1880 sunt,
527 1846 637 1873 audiant
661 1854 748 1873 vocem
774 1844 851 1872 Filii.
880 1850 902 1870 et
925 1844 1056 1871 rivaut".

271 1891 414 1926 Propterea
438 1891 611 1919 audientibus
632 1891 672 1918 eis
691 1898 784 1918 vocem
806 1889 867 1916 Filii
885 1889 942 1921 Dei,
962 1897 1058 1916 tuonu-

272 1941 361 1963 menla
387 1940 451 1963 sunt
477 1941 587 1971 aperta,
613 1943 673 1970 quae
695 1935 788 1962 clausa
814 1934 922 1969 quidem
948 1933 1058 1961 fuerunt

272 1981 393 2016 quandiu
411 1982 513 2009 mortui
534 1985 610 2009 erant
631 1981 659 2008 in
681 1980 741 2008 eis:
757 1984 849 2015 aperta
872 1983 936 2007 sunt
956 1983 1056 2012 autem,

272 2032 302 2054 ut
321 2027 368 2063 qui
390 2031 596 2056 resurrexerant
621 2027 795 2063 egrediantur
811 2035 844 2054 ex
861 2025 1057 2059 monumentis,

274 2080 326 2099 non
354 2077 417 2100 ante
437 2074 661 2100 resurrectionem
679 2072 852 2107 Primogeniti
880 2079 914 2099 ex
931 2072 1057 2103 mortuis,

273 2115 320 2142 sed
339 2121 399 2149 post
412 2117 640 2144 resurrectionem
664 2117 760 2152 ipsius,
777 2121 803 2144 et
818 2121 988 2151 resurgentes
1009 2116 1058 2144 de-

274 2158 429 2193 relinquant
444 2160 551 2194 quidem
565 2165 752 2193 monumenta,
766 2160 951 2195 ingrediantur
966 2164 1055 2187 autent

274 2205 302 2231 in
316 2204 450 2232 civitatem
463 2210 596 2237 sanetam,
610 2211 637 2233 et
651 2210 799 2240 appareant
813 2211 840 2233 et
851 2205 1059 2233 manilestentur

276 2251 367 2278 multis
381 2251 534 2278 volentibus
550 2254 577 2278 et
591 2251 748 2286 potentibus
776 2256 900 2279 sanctam
917 2252 1053 2279 civitatem

279 2297 323 2324 Dei
336 2297 445 2330 videre,
462 2301 489 2325 et
503 2305 564 2332 qua:
586 2297 614 2325 in
630 2306 661 2325 ea
677 2298 838 2326 resuscitata
859 2303 922 2326 sunt
943 2306 1058 2333 corpora

277 2346 447 2371 sanctorum.
480 2342 654 2370 Monumcnta
685 2342 759 2369 enim
791 2342 918 2370 dicuntur
944 2350 1059 2377 corpora

280 2386 462 2421 peccatricum
489 2387 663 2419 animarum.
687 2386 714 2413 id
736 2391 779 2414 est
800 2391 970 2413 mortuarum
994 2385 1060 2413 Deo.

276 2430 344 2457 Cum
361 2435 450 2457 autem
465 2438 512 2465 per
524 2431 637 2466 gratiam
655 2430 701 2458 Dei
717 2430 815 2457 anima:
831 2430 987 2464 hujusmodi
1004 2429 1062 2456 fue-

278 2476 332 2503 rint
353 2476 492 2504 suscitata
510 2476 543 2503 ad
564 2476 643 2503 [idem
664 2466 778 2510 edrpora
803 2482 896 2502 earum
920 2482 981 2509 qua:
1006 2474 1063 2502 fue-

279 2525 341 2554 rant
352 2522 428 2557 prius
444 2528 621 2550 monumenta
642 2527 811 2549 mortuarum
833 2522 998 2552 animarum,
1012 2521 1064 2548 elli-

281 2567 392 2595 ciuntur
408 2576 523 2603 corpora
539 2573 711 2598 sanctarum,
731 2571 759 2594 et
787 2567 915 2594 videntur
936 2575 951 2593 a
967 2566 1064 2601 scipsis

278 2613 353 2640 exire
377 2621 438 2640 cum
461 2614 592 2641 desierint
614 2620 675 2640 esse
699 2617 873 2639 monumenta
894 2616 1063 2639 mortuarum

280 2658 451 2692 animarum,
479 2662 506 2686 et
525 2663 658 2693 coeperint
676 2665 791 2692 corpora
812 2665 872 2685 esse
890 2662 1059 2685 sanctarum.

1093 220 1159 239 voce
1172 209 1301 238 clamavit
1311 208 1401 239 Jesus,
1416 212 1443 235 et
1458 206 1549 234 emisit
1566 206 1694 240 spiritum,
1711 211 1732 233 et
1746 215 1812 240 sense

1093 258 1150 285 lucc
1163 257 1257 284 eadem
1273 262 1367 290 magna
1385 253 1505 288 quotidie
1521 254 1596 279 tium.
1611 251 1698 279 Velum
1708 253 1766 278 enim
1778 257 1812 278 ιδ.

1093 303 1128 338 pli
1147 302 1179 329 ad
1195 302 1336 328 rcvclanda
1356 308 1416 336 qua:
1437 299 1511 325 intus
1528 297 1666 329 habentur,
1681 298 1771 331 quando
1786 306 1812 324 ea

1094 347 1228 375 scinditur
1250 347 1352 374 sanctis
1371 354 1386 372 a
1403 351 1514 372 sursum
1544 350 1629 377 usque
1650 343 1767 373 deorsum,
1780 349 1812 369 eti

1093 392 1229 427 principio
1245 398 1331 426 usque
1348 390 1380 417 ad
1397 388 1498 416 linem?
1518 387 1626 422 quando
1639 390 1663 413 et
1677 390 1737 412 terra
1752 386 1812 417 eis-“,1

1093 439 1182 466 salute
1204 441 1268 465 sunt
1291 437 1375 471 dignil
1402 443 1456 462 non
1484 430 1617 464 movetur,
1641 437 1665 459 et
1685 431 1768 460 tremit.
1785 439 1812 465 is:

1093 489 1156 511 ante
1178 482 1278 511 Christi
1307 487 1420 508 mortem
1450 478 1599 507 immobilis
1621 477 1690 504 erat!
1710 477 1812 511 quaedam

1093 535 1185 564 petrae,
1199 527 1347 556 secundum
1366 525 1438 561 quod
1457 524 1630 553 tradidimus,
1647 530 1695 549 non
1709 522 1812 548 ﬁndens"

1095 574 1141 602 Sic
1167 581 1273 608 semper
1296 576 1323 599 ct
1347 573 1525 598 monumenta
1552 567 1711 603 aperiuntur,
1733 570 1754 592 et
1768 568 1812 591 mula

1095 627 1210 654 corpora
1228 623 1384 646 sanctorum
1399 615 1509 651 quidem
1534 612 1715 641 dormientium
1737 615 1812 644 surng

1094 671 1121 694 et
1133 665 1305 697 egrediuntur
1318 664 1350 691 de
1363 659 1560 691 monumentis,
1575 664 1634 693 post
1648 657 1812 684 resurrectione

1096 716 1185 738 tamen
1205 709 1264 744 ejus
1288 708 1314 735 in
1336 708 1376 735 eis
1397 706 1443 741 qui
1466 709 1592 732 mortuus
1611 707 1652 730 est
1669 709 1712 736 pro
1733 701 1796 728 nobis
1806 706 1812 725 i1

1096 759 1246 790 sequuntur
1271 761 1332 780 eum
1357 753 1403 787 qui
1430 753 1649 778 I‘CSUI‘I'CXCTIII“,
1669 747 1730 775 etin
1746 751 1812 772 sane!

1097 801 1158 827 vita:
1172 798 1311 826 ambulant
1326 804 1387 824 cum
1401 803 1444 823 eo.
1459 795 1506 822 Sic
1519 799 1546 821 et
1559 793 1605 828 qui
1619 793 1687 827 (ligni
1699 796 1752 818 sunt
1762 791 1812 817 habet

1098 844 1331 873 conversationem
1356 842 1382 868 in
1406 840 1495 871 C(elis,
1509 839 1650 866 dicentes:
1671 836 1757 863 Nostra
1771 840 1812 860 nillil

1097 896 1134 918 est
1150 889 1310 917 conversatio
1330 889 1356 914 in
1372 887 1443 914 rwlis
1456 886 1492 919 ’°,
1508 884 1691 919 ingrediuntur
1706 883 1729 908 in
1745 886 1812 908 natm

1098 938 1232 964 civitatem
1259 943 1305 970 per
1333 933 1440 969 singula
1469 937 1608 965 tempora,
1629 934 1655 956 et
1678 929 1755 954 lumen
1765 930 1812 951 eum

1099 983 1170 1009 lucet
1185 988 1276 1008 coram
1290 979 1457 1010 hominibus,
1474 982 1501 1004 ct
1514 975 1608 1003 multis
1622 977 1741 1008 apparent
1749 971 1812 996 viden?

1099 1028 1150 1055 bus
1166 1032 1193 1053 et
1205 1025 1417 1060 intelligentibus
1437 1030 1518 1058 opera
1538 1022 1608 1048 bona
1629 1020 1746 1054 ipsorum,
1758 1023 1812 1050 etp

1100 1079 1192 1109 pterea
1217 1071 1431 1108 glorificantibus
1447 1070 1556 1098 Patrem
1580 1070 1695 1104 ipsorum
1715 1066 1751 1101 qui
1768 1065 1812 1091 esti

1100 1119 1185 1146 curiis.
1211 1118 1263 1145 Sed
1289 1122 1316 1145 et
1337 1118 1427 1144 dicere
1447 1116 1578 1143 debemus
1599 1114 1632 1141 de
1647 1113 1711 1142 istis.
1726 1116 1747 1139 et
1760 1117 1812 1143 sapa

1101 1164 1230 1199 quoniam
1247 1163 1337 1190 omnis
1352 1162 1461 1196 quidem
1485 1161 1576 1187 littera
1591 1157 1720 1191 Evangelii
1733 1163 1787 1190 quas:
1798 1156 1812 1175 (πη

1102 1214 1158 1236 tera
1183 1208 1301 1235 viviﬁrat
1326 1206 1513 1242 evangelicos,
1543 1211 1574 1233 ut
1599 1204 1635 1231 ita
1666 1211 1709 1230 eos
1731 1201 1812 1236 spiritui

1104 1253 1215 1281 Scribas
1229 1261 1235 1279 :
1254 1252 1367 1287 spiritus
1383 1256 1485 1282 autem.
1500 1251 1547 1285 qui
1563 1247 1753 1284 supergreditur
1762 1246 1812 1272 litant

1103 1307 1163 1327 rum
1179 1303 1316 1330 naturam,
1331 1297 1510 1324 divinioribus
1525 1296 1644 1323 motibus
1659 1293 1735 1328 magis
1746 1291 1812 1318 eosil’a

1103 1346 1188 1374 minat
1206 1345 1306 1380 quibus
1320 1344 1494 1378 Evangelium
1514 1350 1568 1369 non
1582 1345 1623 1368 est
1639 1340 1758 1367 relatum:
1771 1335 1812 1363 esti

1103 1391 1175 1420 enim
1198 1395 1281 1425 agunt
1296 1394 1325 1416 ut
1341 1389 1451 1416 videant
1471 1395 1533 1423 quze
1551 1388 1579 1413 in
1599 1386 1688 1413 anima
1706 1391 1745 1411 sua
1761 1388 1812 1416 pur

1104 1435 1300 1464 surrectionem
1323 1434 1424 1462 Christi
1450 1433 1519 1459 fiunt
1544 1431 1682 1467 mysteria.
1706 1426 1812 1455 Prodit-art

1104 1481 1176 1508 enim
1193 1480 1308 1514 quadam
1326 1477 1533 1513 proditicatione
1551 1480 1578 1503 et
1600 1475 1646 1510 qui
1664 1473 1739 1502 credit
1751 1471 1812 1514 Seis“:

1104 1527 1154 1559 ris,
1171 1525 1270 1561 majori
1289 1528 1377 1552 autem
1399 1523 1519 1557 repletur
1537 1521 1651 1550 scientia
1667 1519 1710 1554 qui
1721 1510 1812 1547 virtuti?"

1104 1571 1292 1600 eonsciuditur
1305 1570 1394 1597 velum
1406 1569 1556 1604 Scriptura
1567 1575 1582 1594 a
1596 1573 1700 1594 sursum
1711 1562 1812 1597 usque-‘1’“

1104 1626 1176 1649 sum,
1196 1621 1223 1644 et
1242 1616 1316 1643 videt
1337 1622 1399 1650 qua:
1419 1618 1484 1641 sunt
1509 1613 1578 1640 intra
1605 1612 1702 1646 ipsum.
1723 1608 1812 1635 [beatusti

1105 1665 1195 1688 autem
1221 1663 1248 1686 et
1272 1658 1316 1686 cui
1341 1663 1412 1685 terra
1435 1662 1462 1684 et
1486 1656 1579 1683 omnia
1605 1660 1706 1682 terrena
1724 1656 1809 1679 moventis:

1106 1709 1246 1740 propterea
1264 1703 1335 1731 enim
1353 1706 1380 1729 et
1398 1709 1413 1729 a
1428 1702 1539 1729 Christo
1556 1705 1622 1728 sunt
1644 1703 1725 1729 mota;
1745 1704 1779 1722 nec
1793 1701 1812 1719 IN

1106 1752 1240 1778 vebuntur
1261 1750 1343 1785 pedes
1364 1749 1433 1783 eius,
1457 1755 1508 1775 nec
1525 1747 1597 1774 dicet
1619 1754 1626 1771 :
1653 1745 1701 1771 Mei
1719 1749 1780 1769 auus
1790 1746 1812 1764 rit

1107 1797 1172 1824 moti
1194 1801 1255 1823 sunt
1270 1795 1346 1830 pedes
1361 1795 1394 1821 ¹¹.
1423 1793 1533 1826 Quanto
1553 1797 1644 1819 autem
1668 1789 1754 1817 beatior
1766 1790 1812 1812 raw

1106 1843 1180 1870 videt
1205 1841 1291 1869 oculis
1313 1840 1410 1868 anima:
1434 1839 1536 1866 scissas
1558 1842 1660 1873 petras,
1683 1842 1750 1870 quam
1765 1832 1812 1861 illii‘

1107 1894 1172 1916 tunc
1188 1887 1365 1923 corporaliter
1380 1886 1437 1914 ﬁeri
1456 1886 1506 1912 ista
1522 1883 1668 1911 viderunt?
1681 1881 1706 1908 Si
1720 1875 1812 1909 autemi-i

1107 1935 1202 1963 videns
1228 1939 1256 1961 et
1280 1937 1454 1960 monumenta
1479 1936 1590 1965 apem,
1616 1934 1644 1956 et
1668 1934 1760 1962 corpora
1777 1924 1812 1949 ωδ

1107 1980 1300 2008 dormientium
1330 1982 1486 2006 sanctorum
1530 1974 1667 2010 surgentia
1691 1978 1713 2001 ct
1730 1972 1755 1999 de
1770 1977 1812 1995 at?”

1107 2026 1207 2053 mentis
1230 2023 1406 2060 egredientia.
1431 2027 1492 2057 post
1518 2020 1735 2048 resurrectionem
1751 2020 1812 2047 ιονξέτῖ

1108 2069 1221 2102 Christi,
1243 2059 1355 2096 omnino
1367 2067 1474 2094 alienus
1490 2066 1606 2093 ellicitur
1627 2074 1643 2092 a
1659 2059 1812 2091 motiunculis»1

1108 2115 1275 2143 domesticus
1290 2113 1405 2141 edicitur
1418 2111 1537 2138 civitatis
1551 2111 1598 2138 Dei
1621 2111 1744 2143 ingressus
1758 2106 1774 2131 in
1783 2108 1812 2127 t't'“

1076 2175 1099 2204 υ
1112 2165 1214 2195 quanto
1230 2159 1315 2194 magis
1330 2156 1534 2193 prodilicabitur
1559 2155 1675 2190 amplius
1689 2154 1718 2180 iis
1728 2151 1760 2186 qui

1113 2207 1205 2234 raliter
1228 2205 1350 2241 prodigia
1374 2205 1424 2231 ista
1448 2202 1593 2229 viderunt?
1619 2201 1690 2227 Satis
1710 2203 1772 2225 autem
1787 2195 1812 2225 il“

1111 2253 1213 2281 distare
1229 2252 1302 2279 hunc
1319 2252 1366 2286 qui
1383 2249 1537 2285 ingreditur
1561 2248 1588 2275 in
1609 2247 1732 2275 civitatein
1745 2245 1812 2269 52W“

1108 2303 1136 2326 et
1149 2302 1261 2332 apparet
1277 2296 1370 2324 multis
1383 2296 1446 2331 quia
1461 2299 1504 2322 est
1525 2295 1552 2322 in
1567 2295 1610 2324 ea;
1625 2292 1661 2319 ab
1677 2291 1716 2318 illo
1727 2288 1759 2322 qui
1769 2292 1812 2310 «νῖν

1110 2344 1174 2371 dum
1200 2342 1340 2370 historiam
1360 2341 1447 2368 credit
1466 2345 1494 2368 et
1510 2347 1565 2367 non
1586 2337 1702 2367 ascendit
1719 2343 1731 2362 a
1742 2332 1773 2360 ﬁde

1112 2389 1174 2424 piici
1195 2388 1226 2415 ad
1242 2387 1338 2415 altiora
1356 2386 1497 2422 mysteria.

1150 2433 1210 2460 MO.
1232 2433 1356 2460 Centurio
1373 2437 1471 2464 autem,
1490 2436 1515 2458 et
1528 2431 1574 2466 qui
1591 2438 1650 2457 cum
1667 2437 1693 2456 ea
1706 2429 1761 2454 eral!
1773 2428 1812 2446 CXL“

1112 2479 1210 2504 dientes
1223 2476 1325 2508 Iesum,
1346 2477 1400 2503 uiso
1421 2480 1500 2502 terrm
1519 2480 1609 2507 motu,
1627 2480 1651 2502 et
1662 2474 1697 2499 liis
1708 2477 1751 2505 «ιιι
1759 2466 1812 2500 P9”

1114 2524 1256 2550 timuerunt
1285 2522 1369 2553 valde,
1394 2522 1510 2548 dicentes
1532 2528 1542 2548 :
1571 2520 1635 2547 Vere
1657 2518 1729 2545 Filius
1745 2512 1774 2539 [λεί
1789 2508 1812 2532 Γ⁹¹

1113 2569 1162 2595 iste
1174 2569 1208 2594 ¹¹.
1224 2567 1331 2594 Marcus
1347 2567 1370 2582 ’³
1385 2571 1476 2594 autem
1498 2566 1539 2593 sic
1561 2565 1673 2593 scribit:
1689 2562 1759 2589 Vide”
1770 2559 1812 2580 τηεν

1114 2615 1154 2641 rio
1180 2613 1224 2646 qui
1257 2613 1363 2640 astabat
1386 2612 1422 2639 ibi
1447 2612 1573 2647 quoniam
1600 2611 1708 2637 clamans
1728 2603 1810 2635 ηψπ*

1113 2658 1204 2685 dixit:
1229 2656 1290 2685 Vere
1313 2657 1355 2684 hic
1372 2657 1449 2684 Immo
1469 2653 1560 2683 Filius
1582 2660 1639 2682 erat
1658 2654 1709 2681 Dei.
1723 2650 1778 2677 Ιιιιαε
1790 2651 1804 2665 ³“

318 2774 338 2788 "'
355 2773 419 2807 Agg.
437 2781 467 2804 tt.
481 2773 506 2799 7.
556 2773 576 2788 ¹⁷
591 2772 686 2798 Matth.
716 2779 771 2803 xvt,
789 2771 830 2797 18.
871 2771 892 2786 ¹⁵
908 2770 1006 2804 Ephes.

1105 2793 1110 2799 .
1152 2772 1172 2789 ἐ’
1185 2771 1262 2799 Joan.
1277 2779 1303 2804 v,
1317 2771 1351 2798 28
1365 2775 1391 2798 et
1404 2770 1450 2797 25.
1498 2770 1520 2785 "
1536 2768 1634 2803 Philip.
1649 2773 1684 2796 in.
1696 2761 1730 2790 ‘30-
1756 2757 1766 2772 "
1776 2752 1806 2779 Γέ·

282 2814 353 2834 tun
367 2827 373 2839 .
387 2809 413 2836 '2.
452 2809 474 2824 "
491 2807 585 2836 Matth.
603 2815 692 2840 xxvtt,
712 2807 756 2834 5-5.
794 2808 816 2822 “
828 2807 909 2834 Marc.
922 2808 1020 2840 XV,39.
