1839 3053
12 136 44 163 1'5
546 133 870 162 COMMENTARIOIKUM
892 134 1022 161 SERlES.

1538 137 1607 164 1794

12 201 26 218 ιι
46 192 72 208 ’⁸
89 202 96 219 :
123 191 219 219 Viden;
237 193 353 219 centurio
365 200 423 226 quw
437 192 509 226 [uela
526 197 598 223 sunt,
613 191 770 226 glariﬁmvit
788 193 809 220 Α
824 190 876 218 tius
894 191 1014 225 pendens
1030 190 1056 217 in
1079 198 1160 218 cruce
1177 191 1294 226 amplius
1310 191 1478 220 cruciaretur
1489 214 1496 223 .
1519 203 1606 231 neque

12 246 75 269 um,
94 239 212 265 dicetis:
232 237 295 264 Vere
313 238 355 264 hic
377 238 452 264 homo
470 237 559 271 justus
580 242 647 264 erat.
668 236 771 263 Securi-

11 292 39 310 m
68 283 197 311 Marcum
220 283 341 318 quidem,
367 284 501 315 centurio,
527 290 579 309 non
604 283 667 317 quia
683 282 770 308 velum

11 329 72 363 npli
91 329 184 356 fuerat
200 329 316 356 scissum
339 336 355 355 a
378 336 489 355 sursum
519 335 605 362 usque
631 328 770 357 deorsum,

11 382 25 400 ε
48 374 122 408 quia
148 374 202 401 alia
230 373 300 401 facta
327 378 391 401 sunt
412 373 500 408 signa,
525 373 674 400 secundum
699 372 770 407 quod

11 417 64 444 fert
93 418 250 451 Matthieus,
279 418 305 445 id
331 422 374 446 est
396 419 460 452 quia
489 422 560 444 mota
584 421 626 444 est
649 422 732 449 terra,
746 422 773 443 et

13 462 39 488 ia
67 467 158 496 petrae
177 467 242 490 sunt
266 462 370 494 scissae,
399 466 446 489 aut
471 466 562 496 aperta
588 466 650 489 sunt
675 469 773 488 monu-

11 512 82 538 ruta,
100 513 143 535 est
157 508 306 535 admirans.
335 507 451 542 Dignum
467 512 587 543 estergo
603 507 694 534 videre
707 507 772 542 quid

11 558 73 579 stea
104 553 206 580 factum
228 558 270 580 est
293 561 374 588 super
399 553 464 580 illud
480 553 551 588 quod
575 553 707 587 scriptum
731 557 773 579 est

11 600 47 626 uil
69 599 208 632 Marcum,
224 604 253 626 ut
271 599 416 626 miraretur
432 598 556 626 centurio
570 598 682 625 dicens:
709 597 772 625 Vere

11 655 16 660 '
33 645 130 672 Filius
150 651 208 672 erat
222 645 280 672 Dei.
304 644 337 672 Et
353 645 413 672 vide
429 646 451 672 si
467 644 557 672 dicere
571 645 774 678 possumusse-

12 692 104 719 ndum
125 699 209 719 unum
227 691 335 726 quidem
365 690 488 723 modum,
506 690 636 725 quoniam
658 691 772 717 miratus

10 742 15 763 ι
34 738 62 763 in
82 737 127 764 his
143 744 204 772 qum
225 737 294 764 dicta
320 736 427 764 fuerant
450 736 485 762 ab
507 743 539 762 eo
556 736 588 762 ad
603 735 687 762 Deum
710 743 771 762 cum

10 790 103 809 imore
127 787 154 809 et
173 781 360 816 magnitudine
379 788 520 812 sensuum,
535 780 685 808 secundum
701 780 772 815 quod

10 828 109 861 pit-bat
134 826 295 862 intelligere.
323 826 467 860 suspicans
490 825 641 852 admiratus
666 830 717 858 est,
746 830 772 852 et

10 873 66 899 tit:
94 872 162 899 Vere
185 872 227 899 llic
248 872 325 898 homo
347 875 404 898 erat
422 869 511 897 Filius
532 871 588 897 Dei.
617 870 771 898 Secundum

10 925 98 943 crum
131 922 222 944 autem
250 917 372 949 modum,
396 916 524 951 quoniam
552 914 621 942 forte
645 921 774 950 praestare

10 963 75 990 deus
91 962 198 989 Pilatus
213 962 314 997 populo
329 962 458 989 universo
473 961 520 996 qui
538 961 664 988 dixerat:
679 960 773 988 Cruci-

10 1017 43 1040 ye,
63 1009 194 1044 cruciﬁge
205 1017 264 1035 eum
277 1009 311 1041 ",
326 1008 459 1035 cttimens
473 1008 562 1043 populi
577 1008 660 1035 totius
672 1008 773 1035 tumul-

10 1062 49 1086 ιιι,
68 1062 126 1081 non
145 1054 238 1088 jussit,
257 1053 407 1081 secundum
429 1053 654 1081 consuetudinem
670 1053 772 1080 Roma-

9 1107 79 1126 irum
104 1100 138 1126 de
161 1099 204 1126 his
223 1099 269 1134 qui
293 1099 500 1134 cruciﬁguntur,
517 1099 621 1133 percuti
648 1098 699 1126 sub
716 1099 773 1125 alas

9 1145 111 1179 irporis
135 1144 199 1172 Jesu
214 1154 219 1171 :
236 1145 308 1180 quod
338 1144 440 1172 faciunt
464 1144 611 1179 aliquando
635 1143 681 1178 qui
708 1151 773 1171 con-

9 1194 115 1216 ‘mllnlll
134 1198 182 1216 eos
198 1190 243 1224 qui
261 1190 287 1216 in
310 1189 458 1223 majoribus
481 1188 628 1216 sceleribus
648 1192 712 1216 sunt
730 1188 770 1214 iii-

9 1235 66 1262 :nti.
84 1235 222 1268 Quoniam
244 1243 310 1270 ergo
323 1235 454 1270 majorem
471 1235 604 1262 sustinent
621 1235 773 1262 cruciatum

9 1281 27 1307 ii
56 1289 114 1308 non
139 1281 326 1315 percutiuntur
349 1284 410 1315 post
434 1279 580 1312 lixionem,
606 1279 654 1308 sed
681 1280 773 1307 vivunt

9 1334 44 1352 im
73 1326 195 1360 plurimo
220 1326 354 1359 cruciatu,
381 1326 528 1361 aliquando
553 1331 643 1354 autem
667 1331 693 1354 et
717 1330 774 1354 tota

10 1375 73 1403 κιο,
88 1375 118 1398 ει
133 1371 223 1398 adhuc
235 1375 297 1405 post
310 1378 369 1398 eam
391 1375 445 1398 tota
462 1371 515 1398 die.
533 1370 613 1399 Jesus
632 1379 696 1406 ergo
711 1378 772 1398 cum

9 1424 35 1442 in
53 1416 154 1443 fuisset
169 1423 325 1451 percussus,
339 1420 366 1444 et
379 1421 535 1451 speraretur
548 1416 593 1444 diu
609 1416 730 1451 pendens
746 1416 772 1443 in

9 1469 66 1488 'uce
95 1461 200 1496 majora
224 1461 279 1496 pati
310 1465 455 1493 tormenta,
484 1462 572 1488 oravit
598 1460 717 1493 Patrem.
747 1465 774 1489 et

823 236 992 267 interfectus.
1009 238 1097 270 neque
1111 236 1274 270 depositus?
1288 237 1390 264 Tamen
1409 243 1497 265 centu.
1507 240 1545 272 io,
1562 249 1605 268 sc-

822 282 940 308 cundum
955 281 1124 313 Matthzeum.
1138 288 1191 308 non
1204 286 1308 308 tantum
1321 283 1390 310 dixit
1403 283 1436 310 de
1446 283 1528 312 Jesu:
1546 285 1608 313 Vere

823 327 911 354 Filius
932 327 980 354 Dei
994 331 1052 354 erat
1069 327 1130 360 iste,
1146 327 1192 355 sed
1207 331 1234 354 ct
1249 328 1338 354 timuit
1351 336 1426 360 eum.
1440 334 1518 357 teri-ie
1534 337 1609 358 motu

822 380 885 400 eum
899 373 926 400 in
940 373 1064 400 timorem
1082 373 1215 401 mittente.
1235 373 1360 400 Forsitan
1377 379 1468 402 autem
1489 381 1514 402 ct
1528 384 1610 411 expe-

822 419 939 446 rimento
956 418 1058 446 sciebat
1073 426 1156 453 super
1174 422 1253 446 terrae
1273 423 1362 446 motus
1378 420 1424 454 qui
1441 420 1467 446 in
1485 422 1611 455 gentibus

823 464 900 497 ﬁunt,
917 471 980 491 eum
1006 468 1084 491 terrae
1101 469 1204 492 motum
1229 464 1330 498 fuisse,
1354 469 1381 492 et
1398 466 1424 492 in
1443 467 1494 494 hoc
1507 468 1612 502 stupuit

823 510 927 538 videns.
940 509 974 536 Et
986 509 1100 536 observa
1113 509 1242 544 quoniam
1258 510 1329 545 apud
1344 510 1475 545 Marcum,
1488 512 1533 539 ubi
1548 520 1612 539 ecu-

823 556 895 582 turio
911 555 1015 582 nullum
1032 555 1193 582 miraculum
1211 556 1312 583 vidisse
1328 556 1455 590 refertur,
1473 557 1610 585 hominem

822 600 987 628 dicitJesum
999 599 1097 627 Filium
1113 599 1157 628 Dei
1167 610 1173 628 :
1185 601 1231 636 qui
1244 606 1334 628 autem
1347 602 1534 629 conscissione
1547 603 1609 635 veli,

822 647 864 674 vel
877 654 892 673 a
908 652 987 673 terra).
999 651 1073 673 motu
1087 647 1202 681 stupuit,
1213 647 1351 673 hominem
1370 647 1443 674 illum
1459 647 1543 675 fuisse
1555 655 1610 675 non

822 691 905 724 dicit,
934 691 980 718 sed
1005 691 1102 718 Filium
1131 691 1186 719 Dei.
1208 691 1350 718 Consentit
1373 696 1463 720 autem
1485 693 1564 720 nobis
1577 694 1610 720 ad

824 740 969 763 tractatum
987 744 1068 771 quem
1086 736 1199 763 fecimus
1217 737 1250 764 de
1266 736 1404 771 Scriptura
1421 737 1515 769 Marci.
1529 738 1610 765 etiam

822 789 913 809 sermo
934 781 1144 816 conscriptiouis
1173 781 1268 812 Lucaz.
1291 782 1421 816 queuiam
1445 787 1471 810 et
1495 783 1552 817 ipse
1569 784 1610 811 sic

824 828 918 855 scribit
930 828 972 854 '7:
995 827 1059 854 Vere
1077 827 1119 854 hic
1135 828 1211 853 homo
1229 827 1319 861 justus
1339 833 1415 859 erat;
1440 829 1510 863 apud
1531 837 1611 864 quem

791 856 810 882 Β
826 873 893 900 nihil
907 873 979 900 aliud
992 873 1106 904 dicitur,
1122 872 1174 899 nisi
1187 872 1219 899 de
1229 856 1304 899 ἰριο.
1325 856 1430 904 Vident,
1444 856 1612 909 ιὶιιιυίιξφιω

823 919 895 953 facta
908 924 979 951 sum,
997 918 1116 945 centurio
1131 917 1289 952 glariﬁcavit
1308 918 1401 948 Deum.
1416 918 1524 945 dicem:
1548 918 1612 945 Vere

819 965 908 999 justus
922 970 978 992 erat
995 964 1036 991 hic
1058 965 1144 990 homo.
1164 963 1299 996 Quoniam
1316 969 1406 991 autem
1431 965 1485 991 ta‘le
1509 963 1612 999 aliquid

824 1011 925 1038 factum
948 1014 990 1037 est
1009 1010 1035 1036 in
1051 1015 1172 1044 tempore
1189 1009 1427 1036 eoudcmnationis
1444 1009 1564 1042 Christi,
1587 1014 1614 1036 et

827 1063 880 1083 non
895 1055 980 1090 jussit
994 1054 1099 1082 Pilatus
1113 1054 1337 1082 consuetudinem
1351 1062 1459 1082 servare
1472 1058 1501 1082 ut
1515 1062 1614 1090 pereu-

825 1101 908 1127 tiatur
923 1108 1022 1134 corpus
1037 1099 1149 1130 Christi.
1166 1098 1322 1126 manifestat
1334 1099 1415 1126 etiam
1429 1097 1548 1126 Joannes
1562 1099 1613 1125 huc.

824 1145 905 1172 modo
932 1145 1072 1176 scribens.
1098 1146 1227 1180 quoniam
1256 1149 1411 1180 rogaverunt
1440 1144 1558 1171 Pilatum
1584 1149 1613 1171 ut

824 1190 1011 1225 frangerentur
1025 1198 1103 1217 crura
1117 1199 1207 1217 eorum
1223 1195 1246 1217 et
1263 1189 1419 1216 tollerentur
1431 1189 1463 1215 ’⁸.
1480 1187 1549 1222 Quid
1565 1197 1610 1216 au-

825 1239 878 1262 tem
895 1236 1079 1263 necessarium
1097 1235 1185 1262 fuerat
1198 1243 1295 1271 rogare
1310 1240 1336 1262 et
1354 1242 1447 1270 preces
1470 1234 1566 1262 oﬂ‘erre
1580 1235 1613 1261 de

823 1281 876 1309 hoc
889 1303 896 1314 ,
913 1282 935 1309 si
951 1282 1100 1308 secundum
1117 1280 1341 1308 consuetudinem
1368 1279 1468 1307 factum
1490 1279 1587 1307 fuisset
1602 1280 1613 1306 τ

824 1327 925 1355 Miserti
939 1332 1003 1355 sunt
1013 1334 1078 1362 ergo
1087 1326 1172 1353 Judaei
1182 1332 1242 1361 post
1254 1326 1390 1354 crudelem
1401 1326 1592 1353 condemnatio
1601 1340 1610 1346 -

825 1382 885 1401 nem
895 1382 1000 1406 eorum,
1014 1374 1061 1408 qui
1076 1377 1208 1408 quantum
1221 1373 1254 1400 ad
1268 1373 1497 1401 existimationem
1513 1381 1610 1401 eorum

824 1420 950 1447 vivebant
975 1419 1003 1446 in
1025 1419 1147 1446 cruciatu
1170 1419 1293 1446 terribili.
1319 1418 1351 1446 Et
1377 1419 1476 1454 prioris
1500 1419 1610 1454 quidem

825 1474 906 1494 crura
922 1465 1070 1500 fregerunt,
1090 1465 1216 1492 similiter
1232 1469 1259 1492 et
1276 1465 1386 1492 secundi
1401 1474 1408 1492 :
1424 1464 1503 1492 Jesus
1520 1470 1611 1492 autem

8 1506 132 1533 iauditus
156 1510 207 1539 est,
233 1511 260 1533 et
283 1506 374 1534 statim
397 1510 427 1534 ut
451 1506 578 1534 clamavit
605 1507 638 1534 ad
653 1507 732 1534 Patre

901 1519 970 1546 opus
989 1510 1084 1538 habuit
1107 1510 1350 1538 intercessionibus
1374 1518 1469 1538 eorum
1491 1515 1538 1538 aut
1552 1518 1606 1545 prc-

8 1553 112 1583 :(‘eptus
135 1554 177 1576 est
201 1558 208 1576 :
235 1553 282 1576 aut
304 1549 376 1577 sicut
399 1550 446 1586 qui
469 1555 629 1586 potestatem
656 1551 772 1580 habebat

8 1597 105 1624 aliendi
125 1597 244 1624 animam
261 1605 350 1631 suam,
375 1597 466 1633 posuit
487 1606 547 1625 eam
563 1598 673 1633 quando
688 1598 773 1626 voluit

8 1652 57 1677 sse;
76 1645 150 1680 quod
171 1646 325 1680 prodigium
346 1646 449 1680 stupuit
469 1646 593 1672 centurio
612 1646 726 1677 factum,
746 1650 773 1673 et

8 1689 50 1715 ixit
69 1698 76 1716 :
101 1689 163 1716 Vere
184 1690 226 1716 hic
244 1690 321 1716 homo
336 1689 424 1717 Filius
449 1695 506 1717 erat
532 1690 588 1717 Dei.
609 1690 770 1718 Miraculuni

8 1735 54 1762 iiin
79 1740 141 1763 erat
161 1736 291 1770 quoniam
313 1742 375 1771 post
398 1740 452 1763 tres
476 1736 557 1763 horas
581 1740 704 1771 receptus
720 1741 772 1767 est,

8 1780 27 1806 ii
48 1781 120 1808 forte
136 1781 248 1808 biduum
266 1782 387 1809 victurus
403 1786 462 1809 erat
482 1781 509 1808 in
526 1789 606 1809 cruce
622 1782 771 1809 secundum

8 1827 211 1855 )nsuetudinem
236 1835 331 1855 eorum
351 1828 398 1863 qui
423 1828 626 1862 suspenduntur
652 1827 771 1862 quidem,

8 1878 36 1898 an
59 1877 153 1900 autem
177 1873 366 1908 percutiuntur
383 1881 390 1899 :
410 1876 439 1899 ut
453 1872 588 1899 videretur
611 1871 772 1899 beneﬁcium

8 1918 29 1944 ei
51 1917 141 1945 fuisse
164 1919 236 1953 quod
258 1918 417 1953 exspiravit,
441 1922 467 1945 et
489 1918 614 1944 meritum
640 1917 773 1944 orationis

10 1970 40 1989 us
54 1963 144 1998 magis
160 1971 243 1998 quam
259 1963 386 1990 violentia
403 1962 504 1990 crucis.
519 1962 586 1989 lllud
602 1962 682 1989 etiam
700 1963 772 1997 quod

8 2018 10 2033 |
37 2008 221 2043 sequentibus
245 2009 357 2044 exponit
382 2008 501 2040 Marcus,
528 2015 590 2035 cum
604 2007 702 2042 Joseph
729 2007 772 2034 in-

11 2059 83 2081 asset
104 2053 137 2081 ad
158 2053 288 2087 Pilatum,
312 2059 339 2082 et
361 2054 483 2089 petiisset
506 2061 606 2088 c0rpus
620 2052 695 2086 Jesu,
721 2053 773 2081 hoc

8 2106 70 2126 rsum
97 2099 243 2134 signiﬁcat.
268 2099 313 2127 Sic
335 2100 407 2127 enim
428 2099 504 2132 dicit,
525 2100 653 2134 quoniam
671 2097 773 2126 Pilatus

8 2143 101 2171 iiratus
118 2148 160 2171 est
173 2144 196 2172 si
214 2144 270 2179 jam
285 2148 409 2171 mortuus
421 2147 504 2175 esset,
521 2148 547 2170 et
562 2150 663 2170 vocans
678 2147 773 2170 centu-

824 1557 901 1585 eibus
917 1564 986 1591 quas
1000 1555 1158 1583 obtulerunt
1170 1555 1256 1582 Pilato
1270 1564 1278 1582 :
1293 1561 1402 1590 propter
1417 1555 1489 1590 quod
1503 1556 1610 1583 venien-

825 1607 864 1630 tes
880 1603 913 1629 ad
933 1601 1045 1634 Jesum,
1061 1601 1190 1636 quoniam
1207 1602 1263 1635 jam
1286 1605 1410 1627 mortuus
1432 1605 1509 1633 crat,
1533 1608 1613 1628 crura

826 1648 886 1683 ejus
907 1655 960 1674 non
977 1647 1125 1682 fregerunt.
1145 1645 1200 1673 Aut
1215 1645 1283 1674 forte
1300 1653 1352 1673 non
1371 1651 1481 1680 propter
1505 1645 1614 1673 miseri-

823 1694 943 1720 cordiam
959 1693 1011 1720 hoc
1028 1691 1151 1720 fecerunt
1164 1690 1265 1724 Judaei,
1285 1691 1330 1718 sed
1347 1690 1531 1725 principaliter
1546 1698 1612 1725 pro-

823 1742 883 1774 pter
907 1738 1074 1770 Sabbatum,
1102 1741 1131 1764 ut
1157 1744 1208 1764 non
1233 1741 1361 1763 maneant
1384 1744 1498 1771 corpora
1526 1744 1608 1771 super

824 1790 932 1811 crucem
956 1783 981 1810 in
1006 1782 1134 1810 Sabbato.
1159 1781 1223 1808 Erat
1244 1781 1316 1808 enim
1343 1789 1459 1815 magnus
1483 1781 1541 1808 dies
1565 1781 1610 1808 ille

825 1828 948 1856 Sahbaii.
966 1827 1028 1855 llaec
1040 1827 1218 1854 tractavimus
1235 1829 1376 1860 propterea
1389 1825 1461 1860 quod
1479 1825 1610 1860 scriptum

823 1877 875 1906 est,
890 1873 962 1907 quod
979 1871 1108 1904 centurio,
1124 1877 1149 1897 et
1160 1871 1205 1905 qui
1224 1878 1282 1897 cum
1300 1878 1329 1896 eo
1349 1869 1486 1896 servabam
1502 1868 1593 1896 Iesum
1605 1890 1612 1901 ,

823 1922 850 1945 ct
862 1923 968 1949 caetera,
985 1917 1100 1943 ridentes
1116 1922 1193 1943 terrae
1207 1921 1306 1941 malum
1317 1935 1324 1946 ,
1346 1920 1370 1941 et
1389 1923 1548 1949 quwcunque
1566 1915 1613 1949 ﬁe-

824 1963 884 1989 bant
895 1982 902 1994 ,
929 1963 1081 1988 timuerunt.
1096 1960 1248 1988 Verisimile
1262 1964 1303 1987 est
1316 1959 1388 1994 quod
1403 1959 1530 1986 viderunt
1543 1967 1612 1994 quo.

824 2009 906 2035 modo
919 2008 1007 2035 velum
1023 2007 1118 2042 templi
1126 2010 1185 2033 erat
1194 2005 1364 2033 conscissum
1376 2011 1462 2039 usque
1470 2003 1610 2035 deorsum,

823 2060 850 2081 et
867 2058 965 2080 eis-tera
982 2053 1139 2088 mysterium
1156 2050 1326 2079 ostendentia
1343 2057 1438 2077 eorum
1453 2057 1514 2084 qua:
1530 2057 1612 2084 supra

825 2098 1001 2128 tradidimus,
1016 2102 1043 2123 et
1056 2097 1205 2123 timuerunt
1218 2094 1313 2122 valde:
1327 2094 1378 2121 hoc
1391 2094 1462 2121 enim
1478 2094 1613 2129 signiﬁcat

824 2142 897 2177 quod
908 2141 1016 2174 dicitur,
1029 2140 1113 2167 valde.
1124 2139 1190 2166 Vide
1204 2143 1294 2166 autem
1308 2146 1341 2166 ne
1350 2138 1420 2165 forte
1441 2143 1468 2166 et
1482 2138 1610 2166 moralem

10 2196 91 2217 ouem
110 2189 290 2224 interrogavit
305 2197 368 2217 eum
390 2190 412 2217 si
426 2190 482 2224 jam
501 2193 623 2215 mortuus
639 2193 727 2222 esset;
746 2193 773 2216 et
789 2182 810 2209 Ι)
825 2186 1022 2221 expositionem
1045 2184 1157 2219 suscipit
1181 2191 1272 2210 sermo
1288 2183 1340 2210 hoc
1358 2183 1460 2210 modo:
1483 2183 1611 2217 quoniam

8 2242 46 2260 um
66 2235 192 2263 audisset
214 2243 230 2262 a
253 2235 430 2266 centurione,
454 2234 566 2262 donavit
591 2241 690 2268 corpus
713 2234 772 2268 ejus

12 2281 96 2315 iseph.
126 2281 154 2308 Si
181 2281 254 2308 enim
279 2281 447 2309 consuetudo
469 2279 621 2314 qimapud
638 2279 773 2307 Romanos

8 2331 72 2353 lerat
103 2326 138 2353 de
167 2326 303 2354 crncifixis
327 2331 407 2361 atque
436 2325 589 2360 percussis,
618 2325 644 2352 in
665 2325 773 2352 Christo

8 2377 91 2399 irvata
110 2371 221 2405 fuisset,
236 2371 373 2407 quomodo
393 2372 507 2399 miratus
521 2371 618 2398 fuisset
631 2370 732 2398 Pilatus
748 2370 771 2397 si

8 2424 39 2442 im
62 2422 188 2444 mortuus
208 2417 272 2445 est?
301 2416 368 2444 Vide
392 2424 456 2452 ergo
473 2416 525 2444 nisi
541 2423 641 2443 novum
659 2415 772 2442 demon-

8 2465 54 2488 Lrat
81 2461 245 2489 miraculum
267 2462 338 2497 quod
355 2461 410 2496 jam
427 2466 552 2488 mortuus
574 2465 643 2492 erat,
658 2465 686 2487 ct
698 2459 770 2495 quod

8 2508 93 2534 ocavit
105 2507 293 2534 centurionem
310 2505 425 2539 Pilatus,
444 2510 471 2533 ct
488 2505 666 2539 interrogavit
682 2505 704 2532 si
715 2504 770 2539 jam

9 2559 114 2580 iortuus
128 2557 180 2580 cst.
206 2552 270 2579 Vide
294 2556 384 2578 autem
412 2551 463 2578 nisi
491 2550 648 2585 hujusmodi
669 2550 773 2577 crucia-

11 2605 44 2624 iiii
60 2599 146 2627 fuisse
157 2598 257 2626 Christi
270 2598 351 2625 etiam
364 2597 504 2623 Matthaius
521 2596 650 2629 ostendit,
662 2596 771 2622 dicens:

8 2644 69 2680 l29
93 2644 220 2672 Centurio
246 2649 270 2671 et
297 2644 341 2679 qui
369 2651 428 2670 cum
453 2651 482 2669 eo
508 2647 604 2674 erant,
634 2641 772 2668 servabant

10 2699 78 2717 enim
92 2691 125 2718 ".
142 2690 232 2724 Quare
251 2695 340 2718 autem
359 2697 420 2717 cum
434 2688 588 2720 servabant,
603 2687 653 2714 nisi
670 2692 698 2714 ut
710 2688 771 2714 diu-

8 2819 87 2848 ‘lair.
98 2828 175 2854 xviii,
188 2820 257 2847 ηπ
275 2821 328 2847 ibid
344 2820 388 2846 ‘2l.
429 2820 452 2835 "
467 2819 560 2846 Matth.
579 2825 663 2849 xxvii,
681 2817 725 2844 5-l.

765 2818 786 2832 ¹⁷
802 2824 880 2849 xxiii,
897 2816 941 2842 47.

825 2236 889 2258 sunt
910 2230 1020 2265 quidam
1041 2229 1087 2264 qui
1103 2228 1256 2263 suscipiunt
1272 2227 1410 2255 Christum
1434 2231 1462 2255 et
1483 2232 1610 2255 servant:

826 2277 905 2312 quasi
923 2275 1032 2311 quando
1052 2274 1168 2302 viderint
1187 2273 1338 2302 secundum
1360 2273 1432 2307 quod
1451 2273 1612 2300 tradidimus

827 2323 916 2351 velum
933 2322 1037 2355 scindi,
1055 2325 1081 2348 et
1097 2325 1187 2355 petras
1210 2320 1281 2348 sicut
1299 2319 1476 2354 exposuimus
1493 2318 1566 2350 findi,
1586 2324 1612 2346 et

829 2373 1006 2396 monumenta
1031 2367 1180 2394 secundum
1199 2365 1274 2401 quod
1291 2364 1467 2399 exposuimus
1491 2364 1609 2398 aperiri,

823 2420 851 2443 et
866 2421 981 2449 corpora
998 2416 1168 2440 mortuorum
1183 2416 1340 2439 sanctorum
1356 2409 1482 2437 exeuntia
1504 2409 1537 2436 de
1551 2416 1611 2436 mu-

824 2460 962 2488 numentis
973 2479 980 2492 ,
995 2463 1023 2486 et
1037 2457 1202 2486 introeuntia
1218 2457 1245 2484 in
1270 2457 1405 2483 civitatem
1424 2458 1544 2482 sanctam
1555 2474 1563 2486 ,
1584 2454 1609 2480 id

823 2510 864 2534 est
879 2505 1040 2537 Ecclesiam,
1054 2504 1227 2531 adducuntur
1241 2503 1268 2529 in
1283 2503 1407 2529 timorem
1424 2500 1482 2532 Dei,
1495 2505 1521 2527 ct
1535 2500 1611 2527 testi-

824 2551 946 2578 monium
958 2549 1101 2585 perhibent
1114 2548 1243 2584 quoniam
1261 2547 1345 2574 Filius
1361 2547 1407 2574 Dei
1423 2551 1464 2574 est
1481 2546 1527 2582 qui
1544 2546 1610 2572 talia

824 2604 922 2633 passus
938 2601 988 2624 est.
1009 2595 1042 2623 Et
1059 2604 1113 2622 non
1127 2595 1178 2622 erit
1195 2594 1293 2621 mirum
1318 2593 1341 2620 si
1359 2592 1502 2621 confessus
1524 2593 1612 2620 fuerat

826 2642 925 2676 aliquis
942 2640 1041 2668 Filium
1061 2639 1105 2667 Dei
1118 2660 1125 2673 ,
1139 2638 1258 2666 Verbum
1268 2658 1275 2670 ,
1291 2643 1317 2665 et
1336 2637 1509 2672 sapientiam,
1524 2643 1551 2665 et
1565 2646 1611 2663 ve-

826 2687 947 2719 ritatem,
962 2690 989 2714 et
1003 2685 1096 2713 omnia
1111 2691 1279 2720 quaecunque
1291 2683 1391 2710 dicitur
1405 2682 1491 2710 Filius
1506 2682 1564 2710 Dei.
1580 2683 1612 2711 l-Zt

980 2815 1003 2831 ’⁸
1016 2814 1094 2841 .loan.
1105 2822 1162 2845 xix.
1177 2815 1221 2842 bl.
