1839 3053
230 139 243 166 ί
249 139 300 167 795

820 135 984 165 ORIGENIS
1003 135 1036 163 IN
1058 135 1264 163 MATTIM‘ZUM
1805 132 1832 158 171

229 195 375 223 laudabilis
391 199 434 223 est
448 194 494 230 qui
513 202 568 222 non
591 194 772 221 conturbatur
790 195 817 221 in
836 195 879 222 bis
895 203 956 229 quzr.
978 195 1021 221 vi-
1038 198 1057 225 Α
1074 194 1122 221 ﬁlii
1136 193 1259 220 ionitrui.
1277 193 1362 222 Erant
1378 192 1454 219 enim
1472 191 1523 218 lilii
1543 190 1613 225 ejus
1628 188 1750 215 Joannes
1764 194 1784 214 ιτ
1794 188 1832 215 iam

228 241 329 268 dentur
351 241 500 276 contigisse
521 241 546 267 ei
572 247 648 266 more
672 240 810 272 hutnatto,
824 245 851 267 et
876 240 1022 268 contitclur

229 288 292 323 quia
309 286 394 314 Filius
409 291 468 313 erat
482 287 538 313 Dei.

266 333 327 360 141.
346 331 429 358 Erant
446 337 534 358 autem
558 331 595 358 ibi
613 330 736 358 muliere:
752 340 767 358 a
790 331 865 367 longe
885 332 1019 364 videntes,

228 386 287 412 quin
303 383 400 405 secuta?
418 378 524 412 [uerunt
536 377 629 404 Iesum
650 386 667 404 α
688 377 821 410 Galilwa,
836 378 1020 405 ministrantes

228 425 252 451 ei
264 431 273 455 ,°
285 424 354 450 inter
363 431 428 458 quas
438 428 495 449 erat
508 422 596 450 Maria
609 422 777 458 Magdalette,
791 428 815 450 et
826 423 914 450 Maria
926 424 1020 451 Jacobi

228 474 253 495 et
270 468 366 502 Ioseph
383 473 483 499 mater,
503 474 527 495 et
551 474 636 496 muter
655 469 771 502 ﬁliorqu
795 467 957 497 Zebeda'i“.
983 469 1021 497 De

229 515 290 542 istis
306 514 466 542 mulieribus
479 515 658 550 prophetasse
675 515 797 543 referunt
813 516 910 543 lsaiant
928 517 1021 543 dicen-

229 565 282 587 tem
300 561 338 587 "’:
369 560 492 588 Mulieres
516 562 644 589 venientes
662 563 697 589 ad
716 562 895 597 spectaculum
918 563 1020 589 venite:

228 614 277 632 non
308 606 377 632 enim
405 611 443 632 est
471 607 583 641 populus
610 607 707 634 habens
737 608 906 642 sapientiam.
935 607 1021 635 Vocat

226 652 299 678 enim
319 652 446 679 ntulit-res
469 660 530 686 qua:
548 652 655 680 fuerant
677 653 711 680 de
728 653 824 688 longe,
842 658 868 680 et
891 653 924 680 de
942 653 1020 688 longe

226 698 354 724 videbant
369 697 474 730 Jcsutn,
493 703 572 725 vocat
591 706 639 725 cas
658 699 690 725 ad
712 700 824 726 verbum
835 720 842 732 ,
857 703 886 726 ut
903 699 1021 726 deri-lin—

226 747 309 777 quam
328 742 437 776 quidem
456 743 586 777 populum
604 744 772 770 insensatutn
794 747 822 770 et
840 743 1018 776 derelictum,

226 792 251 814 et
270 789 401 816 accedant
422 789 454 815 ad
473 796 572 816 novum
591 793 794 816 testamentum.
817 789 913 816 Beatas
928 793 1018 816 autem

227 834 346 860 arbitror
360 841 421 862 esse
445 834 575 861 mulieres
592 842 652 868 qua:
669 835 837 862 :edilicantur
854 834 887 861 ad
903 835 1019 862 beatitu-

226 878 318 905 dinettt
337 887 350 905 a
365 879 521 914 spectaculo
535 879 627 910 Verbi,
641 883 668 906 ct
681 886 695 906 a
710 884 797 906 tnorte
808 881 932 915 corporis
942 880 1017 907 Jcsu.
1037 875 1055 902 Β

227 924 313 952 Omne
326 925 399 952 enitn
414 925 486 960 quod
502 931 545 952 est
560 926 586 952 itt
604 925 736 958 Christo,
755 925 777 952 si
796 933 858 953 vere
874 926 1016 958 videatur,

227 971 336 998 beatum
352 970 417 998 facit
430 971 579 998 videntem.
593 971 737 1006 Aspieiunt
751 979 816 1006 ergo
831 971 1019 998 mortiﬁcatio-

227 1024 288 1043 nettt
312 1017 436 1051 corporis
452 1015 516 1044 Jcsu
541 1021 569 1043 et
592 1017 702 1043 modum
729 1024 784 1051 quo
802 1024 864 1044 cum
891 1016 1018 1051 precibus

227 1062 353 1097 spiritum
381 1070 461 1089 suum
486 1062 689 1089 commendavit
712 1062 795 1090 Patri.
826 1062 873 1089 lim
899 1064 1017 1097 primum

226 1113 326 1136 secuta;
351 1112 415 1135 sunt
431 1115 447 1134 a
471 1107 581 1135 Galilaea
593 1129 600 1140 ,
617 1113 643 1135 et
660 1112 689 1134 ut
706 1109 810 1135 audens
826 1109 914 1135 dicam
939 1112 1019 1134 utens

225 1154 388 1182 auctoritate
399 1153 547 1188 Scriptura:
557 1153 673 1181 dicentis
685 1154 706 1169 "
721 1163 728 1181 :
743 1162 758 1181 a
770 1154 879 1181 Galilaaa
897 1154 1018 1189 gentium

225 1204 325 1226 secutre
340 1203 418 1230 sunt,
438 1207 491 1226 ttott
510 1206 524 1225 a
541 1203 614 1226 recta
627 1219 634 1230 ,
654 1206 741 1234 neque
757 1207 770 1226 a
791 1199 886 1232 llrnta,
902 1199 948 1226 sed
963 1198 1019 1225 cir-

225 1245 330 1272 cuitum
354 1245 500 1280 quemdam
525 1245 660 1272 habente:
683 1246 735 1272 ltoc
760 1246 832 1272 enim
860 1245 1019 1280 intelligitur

225 1290 346 1323 Galiltea,
361 1291 386 1317 id
400 1295 441 1318 est
454 1291 582 1318 volutatio
595 1291 637 1318 vel
647 1292 757 1326 vertigo,
768 1299 849 1326 qttam
864 1291 1019 1326 relinquen-

226 1342 267 1364 tes
283 1343 383 1364 secuta:
407 1341 472 1364 sunt
486 1336 578 1364 Jesum
592 1358 599 1369 ,
612 1345 666 1364 non
689 1338 802 1368 otiosae.
820 1338 866 1365 sed
889 1337 1020 1364 iacientes

226 1391 287 1418 qua:
305 1383 505 1410 mandabantur
521 1383 555 1410 ab
573 1391 621 1416 eo,
636 1388 663 1411 et
676 1384 847 1411 delectabattt
862 1391 925 1410 eum
941 1391 948 1411 :
965 1381 1019 1409 mi-

227 1428 376 1456 nistrantes
401 1428 475 1454 enim
501 1428 685 1462 sequebantur
709 1436 781 1456 eum.
806 1427 902 1455 Omnis
929 1432 1018 1454 autem

227 1475 318 1502 anima
335 1475 498 1501 divisionem
513 1475 632 1509 aliquam
648 1475 796 1509 gratiarum
812 1478 841 1501 et
855 1475 944 1509 ipsum
965 1473 1019 1500 Do-

1073 240 1124 267 bus
1139 249 1145 266 :
1163 240 1223 266 ideo
1236 238 1356 265 Joannes
1369 238 1478 265 audivit
1491 242 1609 270 septem
1626 235 1771 261 tonitruum
1783 235 1832 260 tata

1072 293 1133 321 quae
1159 285 1237 320 quasi
1261 285 1446 311 eminentiora
1471 282 1552 309 omtti
1584 281 1744 315 scriptura.
1766 285 1790 305 ut
1808 288 1832 306 ut

1072 331 1204 359 scriberet
1217 330 1316 365 accipit
1331 329 1506 356 mandatum.
1524 328 1577 355 Sin
1594 331 1690 354 autent
1701 331 1795 360 oportet
1804 328 1832 359 «pl

1072 376 1144 407 nari,
1153 380 1180 403 et
1191 375 1282 402 dicere
1292 375 1376 402 etiam
1386 381 1485 401 nomen
1496 373 1603 400 matris
1616 371 1736 398 ﬁliorum
1745 370 1832 398 leuatae

1071 421 1134 448 dico
1148 419 1276 454 quoniam
1296 420 1354 447 hate
1368 420 1426 454 ipsa
1443 419 1536 446 fuerat
1556 417 1678 445 Salome
1695 417 1796 451 paciﬁca
1814 426 1832 450 ιιι

1072 467 1179 502 pellata.
1204 465 1338 500 Opinatus
1365 473 1427 492 sttttt
1453 469 1548 492 autem
1584 465 1659 495 hoe,
1687 463 1776 490 videns
1796 471 1832 497 ag:

1071 513 1225 540 Matth-.eum
1242 517 1270 540 et
1290 512 1412 540 Marcum
1434 517 1489 539 tres
1506 511 1672 546 praecipuas
1687 510 1802 536 mulieres
1812 518 1832 535 ω

1071 560 1200 592 minatus,
1213 559 1246 586 de
1258 559 1358 594 quibus
1371 566 1493 594 praesens
1507 564 1607 584 sermo
1621 556 1750 583 habetur.
1762 555 1788 581 Et
1798 556 1832 582 tiu

1071 605 1179 640 quidem
1202 612 1262 631 esse
1283 612 1404 639 prmsetts
1424 603 1598 637 evangelista
1614 602 1745 636 exponit,
1761 601 1832 627 ﬂanti

1071 651 1270 686 lilagdalenam,
1286 655 1313 678 et
1323 649 1436 677 Mariam
1447 648 1543 676 Jacobi
1562 657 1569 674 :
1586 648 1700 675 tertiam
1717 651 1796 674 autem
1810 647 1832 673 ἐὴ

1071 704 1185 724 matrem
1213 696 1332 723 ﬁliorum
1361 695 1496 722 Zebedaj.
1523 694 1606 729 Apud
1635 693 1759 720 Marcum
1780 699 1832 719 auus

1071 743 1148 771 tertia
1163 743 1207 770 illa
1223 742 1332 769 Salome
1343 741 1513 776 appellatur:
1528 745 1556 767 et
1568 740 1726 766 secundum
1742 738 1832 765 Marcum

1070 798 1131 825 qua:
1145 794 1245 817 secuta:
1259 789 1368 816 fuerant
1387 787 1480 814 Jesum
1497 795 1512 814 a
1529 786 1648 814 Galilata
1659 806 1667 818 ,
1687 794 1751 813 cu
1763 786 1832 812 Christ

1070 835 1254 862 ascenderunt
1269 834 1296 860 in
1306 833 1472 860 Jerusalem.
1488 831 1542 860 Iste
1557 838 1601 859 est
1611 832 1688 858 enim
1706 831 1832 858 ﬁniseenn

1070 881 1117 915 qui
1134 880 1329 914 derelinquunt
1345 878 1483 905 Galilaeam
1507 878 1633 912 gentium
1645 898 1654 908 ,
1672 883 1700 903 et
1722 883 1832 910 sequam

1069 926 1162 954 Jesum
1176 947 1183 958 ,
1199 931 1227 954 ut
1245 933 1298 953 non
1317 925 1405 952 solum
1420 924 1575 951 ascendant
1591 924 1618 950 itt
1637 923 1798 951 Jerusalem.
1811 930 1832 948 9'1

1070 974 1151 1000 etiam
1169 977 1230 1000 cum
1247 971 1311 998 Jesu
1325 970 1475 998 ascendant
1488 969 1517 996 in
1533 977 1607 997 eam.
1624 969 1684 996 Hoc
1699 969 1768 995 enim
1782 968 1832 1001 seu

1070 1019 1133 1046 ﬁcat
1147 1018 1219 1053 quod
1231 1017 1312 1044 simul
1323 1016 1483 1044 ascendisse
1498 1016 1664 1043 referuntur
1679 1022 1742 1042 cum
1750 1014 1832 1040 libri-tt

1108 1063 1169 1090 142.
1189 1063 1255 1090 Cum
1266 1071 1324 1090 sero
1336 1067 1424 1088 autem
1438 1063 1543 1096 factum
1558 1062 1667 1096 fuisset,
1680 1060 1749 1086 venit
1761 1060 1832 1093 quid:

1073 1109 1151 1136 homo
1163 1109 1233 1136 dives
1245 1109 1277 1135 alt
1295 1108 1459 1140 Arimatltia,
1473 1109 1583 1134 nomine
1595 1106 1709 1140 Ioseph,
1722 1106 1763 1139 qui
1774 1109 1793 1129 et
1806 1105 1832 1132 it

1069 1154 1215 1189 discipulus
1241 1159 1297 1181 erat
1318 1153 1393 1180 Iesu.
1416 1153 1468 1180 llic
1489 1153 1604 1179 accessit
1626 1152 1662 1178 ad
1688 1151 1811 1179 Pilatus,
1825 1156 1832 1173 «π

1069 1201 1145 1234 petiit
1158 1208 1250 1234 corpus
1258 1199 1333 1226 Iesu.
1346 1199 1419 1226 Tunc
1431 1198 1637 1232 Pilatusjuuil
1649 1197 1725 1224 reddi
1735 1195 1832 1228 ani-put"

1070 1247 1121 1280 Qui
1136 1246 1201 1282 petit
1216 1252 1316 1280 corpus
1331 1245 1437 1272 Domini
1450 1253 1466 1271 a
1482 1244 1583 1276 Pilato,
1599 1251 1657 1270 non
1673 1242 1832 1277 qualisruuw

1070 1292 1170 1327 aliquis
1184 1296 1252 1323 erat.
1268 1291 1315 1318 sed
1334 1290 1520 1318 laudabilibus
1536 1288 1644 1317 divitiis
1659 1289 1754 1315 dives:
1765 1291 1832 1319 €4th

1070 1338 1184 1366 decurio
1212 1338 1395 1370 constitutus,
1423 1336 1588 1372 mysterium
1621 1334 1745 1362 nominis
1765 1333 1832 1359 CW

1071 1385 1197 1420 portabat
1210 1384 1235 1411 in
1250 1383 1365 1411 veritate
1376 1404 1383 1416 ,
1397 1383 1471 1418 quod
1487 1387 1530 1410 est
1545 1383 1643 1409 decem
1653 1402 1662 1413 ,
1677 1381 1740 1408 ideo
1754 1380 1832 1406 lihﬁﬂd

1071 1439 1120 1466 pro
1134 1430 1265 1457 beneﬁcio
1276 1436 1376 1465 magno
1388 1428 1538 1463 postulavit
1552 1434 1658 1460 corpus
1667 1426 1732 1453 Jesu
1744 1434 1758 1452 ι
1767 1425 1832 1452 Pthii.

1070 1483 1097 1504 et
1118 1486 1171 1504 ttott
1195 1477 1318 1511 permisit
1340 1484 1402 1503 ettm
1423 1476 1543 1510 pendere
1565 1475 1592 1501 in
1619 1474 1706 1508 ligno.
1726 1472 1832 1506 Propera

226 1522 332 1548 ntittum
348 1521 534 1556 participans,
551 1521 688 1548 ministrat
700 1520 765 1547 Jesu
780 1520 962 1547 ministerium
980 1519 999 1547 si

1073 1523 1198 1550 laudatur
1218 1523 1252 1549 ab
1267 1522 1442 1557 evangelistis
1459 1521 1525 1555 quia
1541 1520 1638 1554 justus
1654 1524 1682 1546 et
1704 1518 1746 1545 vir
1765 1518 1832 1545 bOtIE't

226 1568 291 1594 utile
319 1567 478 1594 ministeriis
502 1567 673 1602 angelorum,
701 1567 734 1594 dc
760 1567 860 1601 quibus
886 1567 1019 1600 scriptum

227 1617 269 1639 est
283 1612 317 1646 η,
334 1613 465 1646 quoniam
483 1613 642 1639 accedentes
659 1611 747 1646 angeli
771 1612 963 1638 ministrabant
983 1611 1018 1639 ei.

228 1658 320 1685 Multa:
334 1665 399 1693 ergo
416 1662 493 1684 erant
509 1662 699 1692 exspectantes
714 1662 778 1685 tunc
791 1656 885 1685 Jesum
899 1666 906 1684 :
926 1658 1020 1692 pt-a‘ci-

226 1711 288 1739 pltat
300 1707 393 1730 autem
411 1702 557 1729 nominata:
574 1707 653 1734 sunt,
669 1706 696 1729 et
717 1702 796 1738 quasi
811 1704 942 1729 attentius
959 1711 1020 1737 spe-

227 1752 344 1782 ctantes,
353 1752 380 1775 ct
389 1748 506 1783 amplius
516 1747 712 1780 ministrantes,
721 1753 748 1775 et
758 1748 853 1775 melius
864 1754 1018 1783 sequentes,

227 1794 313 1821 Maria
339 1793 520 1829 Magdalcna,
550 1794 636 1828 magis
656 1793 872 1829 interpretationi
901 1795 1020 1822 nominis

228 1841 321 1875 patriae
336 1848 392 1868 suae
408 1840 584 1872 conveniens,
604 1847 666 1876 qute
680 1839 838 1874 Magdalena
856 1840 1018 1875 appellatur.

228 1885 426 1921 Interpretatur
440 1890 530 1912 autem
549 1886 732 1920 magniﬁcalio
748 1886 824 1912 locus
839 1886 892 1913 ille.
915 1886 947 1913 Et
961 1892 1020 1913 erat

229 1932 287 1959 haec
316 1931 401 1958 Maria
428 1926 586 1966 Magdalena
611 1931 644 1958 de
669 1931 886 1966 tnagnilicatioue
912 1937 1020 1966 propter

229 1978 298 2005 nihil
317 1978 390 2005 aliud
409 1970 462 2004 nisi
478 1977 541 2013 quia
564 1983 656 2004 secuta
675 1977 764 2004 fuerat
777 1976 879 2010 Jcsum,
896 1983 922 2006 et
937 1978 1019 2005 mini-

228 2028 363 2052 straverat
390 2024 435 2055 ei,
453 2029 480 2066 et
507 2028 676 2064 spectaverat
701 2024 860 2058 mysterium
886 2023 1020 2058 passionis

229 2069 325 2104 ipsius.
344 2068 408 2095 Erat
423 2074 514 2095 autem
529 2069 598 2095 inter
611 2065 761 2102 pratcipuas
776 2073 802 2095 et
817 2068 909 2100 Maria.
925 2067 1019 2095 Jacobi

229 2120 257 2142 et
267 2114 371 2149 J0st-pb
397 2119 501 2145 mater,
522 2118 586 2146 aut,
607 2113 679 2140 sicut
702 2113 809 2140 Marcus
827 2114 908 2145 dicit,
926 2112 1019 2140 Jacobi

229 2160 344 2187 minoris
358 2164 384 2186 et
399 2159 498 2193 Joscplt
514 2163 609 2190 mater,
623 2157 774 2185 secundum
791 2166 888 2185 nomen
905 2158 1020 2192 patriar-

1071 1575 1099 1596 ct
1115 1569 1267 1603 discipulus
1280 1568 1368 1595 fuerat
1381 1568 1457 1598 Jcsn,
1473 1575 1500 1594 et
1514 1567 1622 1593 fructus
1634 1565 1832 1599 discipulatuss:

1072 1615 1189 1642 reddidit
1206 1614 1276 1642 forte
1288 1635 1296 1645 ,
1315 1614 1385 1641 sicut
1403 1615 1429 1640 in
1447 1614 1560 1644 ntttllis,
1587 1612 1629 1640 sic
1649 1617 1677 1638 et
1704 1613 1731 1638 in
1753 1615 1832 1643 carpsi

1070 1660 1184 1693 Christi,
1198 1661 1262 1695 quia
1275 1665 1437 1694 exspectans
1453 1665 1512 1687 erat
1526 1666 1645 1694 regnum
1664 1657 1722 1691 Dei,
1736 1657 1832 1685 sicut

1070 1711 1165 1733 cuerat
1179 1705 1268 1733 Jesus.

1107 1750 1169 1777 145.
1187 1750 1222 1777 Et
1234 1755 1339 1784 accepto
1351 1758 1460 1784 corpore
1474 1749 1574 1784 Ioseph
1588 1750 1701 1776 inuoluit
1716 1750 1743 1775 in
1758 1748 1832 1774 unde:

1072 1796 1182 1827 munda.
1196 1802 1220 1822 et
1233 1797 1319 1831 posuit
1330 1796 1417 1830 ipsum
1433 1796 1460 1822 in
1471 1801 1642 1822 monumento
1653 1803 1702 1822 sua
1713 1803 1783 1823 itura.
1793 1802 1832 1820 om

1072 1840 1172 1867 excidit
1198 1841 1223 1867 in
1247 1845 1340 1875 petra,
1360 1845 1384 1866 et
1407 1840 1524 1866 advolcit
1548 1841 1668 1874 lapidem
1693 1847 1804 1874 magum
1818 1846 1832 1862 ω

1072 1887 1170 1914 ostium
1184 1886 1354 1918 monumenti,
1368 1892 1392 1912 el
1403 1886 1470 1912 abiit
1483 1886 1516 1912 ³⁵.
1533 1886 1562 1912 ln
1580 1886 1699 1914 sittdorte,
1713 1886 1800 1912 munda
1812 1883 1832 1908 ἱξι

1071 1932 1172 1964 volvit,
1193 1937 1219 1959 et
1246 1931 1272 1958 in
1298 1936 1476 1958 monumento
1499 1932 1591 1966 posuit
1618 1938 1691 1957 novo
1719 1930 1761 1956 ubi
1783 1933 1832 1954 om

1071 1982 1198 2005 mortuus
1211 1981 1270 2004 erat
1279 1997 1287 2009 ν
1309 1985 1422 2004 servans
1436 1985 1538 2012 COl‘pllS
1550 1976 1615 2004 JCSIJ
1631 1977 1664 2003 ad
1688 1974 1832 2002 resurrectu-

1071 2032 1132 2051 netn
1160 2024 1336 2059 praecipuam.
1368 2023 1438 2050 Puto
1467 2028 1558 2050 autem
1587 2023 1676 2057 magis
1706 2022 1832 2049 mumith

1071 2067 1152 2094 sindo
1170 2067 1216 2094 illa
1241 2067 1357 2094 habebat
1381 2075 1413 2095 ex
1439 2075 1496 2102 quo
1520 2068 1672 2094 involutum
1700 2071 1743 2094 est
1766 2070 1832 2097 ωῖεέ

1071 2112 1173 2140 Christi
1197 2121 1280 2148 quant
1304 2114 1399 2148 prius:
1426 2121 1528 2149 corpus
1544 2114 1618 2140 enim
1642 2112 1708 2139 Jcsu
1732 2112 1799 2138 etiam
1817 2118 1829 2132 η

1072 2163 1160 2187 morte
1185 2160 1379 2192 constitutum,
1400 2161 1479 2195 quasi
1505 2167 1604 2194 corpus
1627 2159 1694 2186 Jcsu
1720 2157 1829 2185 muniat.

230 2206 287 2232 cita:
299 2204 384 2231 Iacob
394 2204 607 2238 supplantatoris
619 2203 711 2231 fratris
723 2203 776 2235 sui,
788 2208 814 2230 et
824 2203 924 2238 Joseplt
938 2211 1020 2238 super
1037 2206 1058 2234 D
1072 2205 1163 2233 omnia
1187 2214 1356 2241 quaecunque
1380 2206 1510 2240 tangebat
1520 2225 1527 2236 .
1552 2210 1579 2232 et
1604 2205 1693 2238 magis
1722 2204 1828 2230 inuam}.

229 2259 310 2286 quem
333 2255 425 2277 natutn
443 2250 560 2285 geniti-ix
576 2249 643 2276 dicit
658 2249 697 2276 ":
714 2249 832 2284 Adjiciat
846 2249 911 2276 mihi
930 2249 1020 2276 Domi-

231 2305 280 2323 nus
291 2295 378 2330 [ilium
392 2295 516 2322 alterum.
531 2294 563 2321 Et
575 2295 631 2321 ltatc
643 2294 724 2329 igitur
735 2302 851 2328 sequens
862 2293 1019 2326 Dominum,

231 2348 258 2370 et
269 2344 441 2375 ministraus,
458 2347 484 2369 et
498 2345 625 2376 spectans
639 2342 868 2376 dispensationem
885 2341 1020 2376 passionis

232 2389 336 2424 ipsius,
351 2388 481 2424 quoniam
499 2387 587 2415 tidelis
601 2387 718 2422 alicujus
736 2387 825 2414 fuerat
844 2392 944 2420 mater,
965 2395 1020 2414 tton

233 2435 322 2471 magni
336 2436 452 2469 alicujus
462 2455 469 2466 ν
485 2435 574 2470 qualis
588 2435 676 2462 fuerat
692 2434 844 2469 patriarcha
859 2433 954 2465 Iacob,
972 2433 1020 2460 Sed

232 2481 358 2513 minoris,
373 2480 456 2515 930
471 2485 498 2507 et
511 2479 610 2514 Joseplt
626 2479 748 2506 alterius.
766 2478 829 2505 Erat
844 2483 934 2505 autem
952 2479 1021 2505 inter

233 2527 361 2552 muiieres
375 2531 401 2552 et
416 2530 503 2552 tttater
520 2525 637 2552 ﬁliorum
654 2523 786 2555 Zebedmi,
802 2523 915 2551 forsitan
930 2524 1020 2558 aliqua

232 2572 386 2598 consistens
411 2571 437 2598 itt
463 2570 593 2606 mysterio
616 2570 734 2596 tonitrus
757 2574 866 2604 propter
891 2570 970 2597 tidem
995 2575 1023 2598 et

233 2617 315 2644 vitam
331 2621 453 2643 sanctam
465 2636 472 2648 ,
489 2621 516 2643 et
541 2616 605 2651 quia
631 2614 777 2642 Dominum
795 2615 957 2649 sequebatur
969 2636 977 2647 ,
995 2620 1018 2642 et

234 2663 417 2694 ministrabat,
429 2667 457 2689 et
471 2661 618 2696 spectatrix
635 2661 723 2688 literal
737 2661 857 2688 omnium
872 2669 932 2695 quae
945 2666 1019 2696 gesta

234 2709 342 2736 fuerant
358 2709 430 2736 circa
455 2715 517 2735 eum
529 2729 536 2741 ,
552 2708 616 2743 quia
635 2707 681 2734 lilii
700 2707 823 2735 Zebedtei
841 2707 930 2734 vocati
956 2713 1020 2736 sunt

289 2808 311 2822 "
327 2807 422 2834 Matth.
440 2815 530 2839 χχι-ιι.
555 2807 600 2839 55,
627 2807 671 2833 56.
710 2806 807 2834 "lsai.
837 2815 920 2840 xxvii,
939 2810 980 2836 11.

238 2843 261 2859 ’⁸
274 2841 367 2868 Matilt.
391 2850 463 2868 xxv”
474 2862 482 2874 ,
496 2842 529 2868 57
540 2862 546 2874 ,
566 2843 610 2868 58.
650 2842 672 2858 ³⁸
687 2842 751 2869 ibid.
775 2843 809 2870 59
822 2862 828 2873 ,
846 2842 890 2869 60.

1033 2810 1054 2825 ³¹
1072 2809 1133 2837 lsai.
1159 2818 1196 2842 Ix,
1215 2810 1240 2837 l.

1075 2256 1284 2278 mortumentum
1303 2251 1369 2278 illud
1386 2258 1487 2278 novum
1502 2250 1576 2285 quod
1591 2249 1680 2276 fuerat
1698 2248 1803 2275 excisum
1816 2256 1828 2266 νη

1075 2303 1162 2332 petra.
1179 2298 1212 2325 Et
1228 2306 1261 2324 ne
1276 2297 1417 2324 existimes
1437 2296 1503 2331 quia
1528 2295 1642 2322 fortuito
1658 2294 1783 2328 scriptum
1794 2297 1827 2316 ei.

1073 2348 1097 2371 ei
1124 2349 1220 2371 eventu
1246 2343 1349 2370 dictum
1368 2346 1426 2373 est,
1441 2342 1575 2376 quoniam
1592 2340 1706 2367 involvit
1724 2343 1828 2372 corpus!

1074 2391 1188 2419 sindone
1209 2389 1311 2418 munda
1321 2410 1329 2422 ,
1344 2395 1371 2416 et
1386 2389 1412 2416 in
1430 2392 1609 2415 monumento
1626 2386 1718 2421 posuit
1732 2389 1828 2412 not-0.71

1073 2437 1138 2472 quia
1154 2440 1360 2463 monumentum
1379 2435 1444 2461 illud
1456 2438 1518 2461 erat
1531 2433 1655 2460 excisum
1670 2433 1697 2458 in
1711 2436 1828 2466 petra.ru-r

1073 2488 1233 2510 nutnentum
1251 2481 1382 2508 mundum
1400 2481 1472 2515 quod
1496 2488 1511 2507 a
1527 2487 1644 2514 corpore
1660 2478 1722 2505 Jesu
1737 2476 1827 2503 muti-im-

1072 2534 1131 2556 erat
1144 2529 1244 2555 factum
1260 2535 1342 2562 quam
1356 2527 1444 2554 fuerat
1468 2527 1631 2562 priusquam
1646 2528 1777 2560 poneretur
1786 2519 1826 2546 Lit:

1074 2581 1175 2608 corpus
1190 2574 1216 2599 itt
1233 2580 1275 2600 c0.
1294 2572 1406 2605 Quaeres
1423 2577 1516 2599 autem
1534 2572 1557 2598 si
1574 2575 1641 2598 sunt
1656 2570 1769 2597 homines
1784 2566 1818 2591 uir

1074 2619 1192 2653 amplius
1211 2618 1340 2645 habentes
1362 2625 1445 2652 quant
1468 2624 1573 2652 corpus
1586 2615 1662 2646 Jesu.
1680 2615 1739 2641 novi
1750 2612 1823 2647 quaru

1075 2670 1102 2691 et
1114 2665 1198 2692 excisi
1213 2666 1239 2691 itt
1258 2669 1332 2699 petra
1343 2683 1351 2695 ,
1366 2667 1393 2690 et
1410 2669 1622 2690 monumentum
1638 2667 1701 2690 sunt
1711 2661 1761 2695 ejus
1771 2664 1823 2683 mii-

1074 2710 1154 2742 dttttt,
1170 2714 1196 2736 et
1211 2709 1271 2736 ideo
1284 2709 1351 2737 salvi
1367 2708 1536 2736 clliciuntur.
1559 2708 1755 2742 Consequentcr
1765 2707 1821 2729 at”

1297 2809 1319 2825 "
1336 2807 1431 2836 Matth.
1451 2815 1490 2840 tv,
1514 2808 1558 2835 ll.
1617 2808 1641 2824 ³⁸
1655 2808 1718 2834 Gen.
1734 2798 1813 2832 tu.“
