1839 3053
10 132 60 160 797

575 127 898 159 COMMENTARIORUM
915 127 1046 157 SERIES.

1555 135 1624 163 i198

10 196 16 218 ι
35 190 82 217 alii
100 195 169 217 sunt
186 194 262 217 extra
276 197 325 217 eos
340 190 386 224 qui
405 190 504 217 habent
521 188 614 217 Jesutn
634 190 766 216 viventem
781 197 787 216 :
804 191 826 217 Α
839 193 864 215 et
875 186 926 214 erit
939 187 1096 214 novissimus
1111 195 1185 215 error
1201 188 1275 223 pejor
1291 190 1389 223 priore.
1406 191 1448 218 Ait
1465 196 1552 219 autem
1567 193 1622 221 illis

10 244 14 264 ι
34 237 156 272 quidam
170 244 264 264 eorum
278 237 379 264 habent
395 237 499 269 Iesum,
514 243 541 263 et
556 241 619 263 ante
631 236 785 270 passionem

10 283 146 314 iventem,
169 282 278 317 quidam
295 287 385 310 autem
402 289 587 317 resurgentem
614 291 629 310 a
653 281 785 314 mortuis,

10 327 108 354 uidam
125 327 278 354 secundum
291 328 363 362 quod
379 328 470 354 mttltis
483 332 604 362 apparet.
618 336 671 354 non
687 328 787 354 haben-

10 381 45 399 :m
65 372 191 407 speciem
209 381 296 407 neque
313 374 448 400 decorem.
464 374 514 400 Alii
533 379 623 401 autem
642 374 740 400 habent
759 373 785 400 in

10 418 112 445 loriam
131 418 322 451 reformatum,
341 419 386 446 alii
402 424 492 446 autem
506 419 597 446 vident
612 427 673 446 eum
690 427 785 446 ascen-

10 469 118 496 entem,
135 468 164 490 et
178 468 287 496 sperant
303 471 363 491 etnn
382 472 414 491 eo
428 464 485 499 rapi
503 465 528 491 in
543 464 623 496 nube,
638 470 667 491 ut
680 472 786 498 semper

12 508 154 534 abeantur
169 516 230 535 Cllm
254 508 323 543 ipso.
340 507 412 542 Ergo
439 508 580 536 Matthzeus
601 515 701 535 novum
727 515 787 535 esse

11 559 210 580 ionumentnm
228 553 401 587 conscripsit,
420 557 446 580 et
463 553 489 580 in
505 557 581 588 petra
594 553 715 580 excisum
731 559 784 579 non

11 599 126 632 xposnit
152 598 305 626 manifeste.
321 599 355 627 Et
378 599 449 635 quod
468 607 566 626 novum
583 604 642 626 erat
662 598 696 625 ab
711 597 786 624 omni

10 651 111 678 orpore
133 649 243 671 mortuo
257 645 500 672 maniiestaverunt
513 645 600 672 Lucas
616 649 642 671 et
656 643 785 676 Joannes,

13 698 115 717 uorum
142 698 214 717 unus
236 691 345 725 quidem
362 690 449 717 dixit:
469 690 500 717 lu
515 698 565 725 quo
592 691 706 717 nondum
729 696 785 716 erat

11 734 93 767 liquis
110 735 216 768 positus
230 735 252 750 '°
266 744 273 761 :
290 733 408 762 Joannes
429 739 519 762 autem
534 743 540 761 :
556 734 588 761 In
603 742 653 768 quo
671 734 786 760 nondum

12 779 94 813 liquis
121 780 226 813 positus
249 784 305 806 erat
319 780 361 811 ’7;
379 780 459 814 plane
475 780 497 806 si
522 787 661 813 nunquam
687 779 786 813 aliquis

13 825 101 852 ositus
119 824 210 852 fuerat
230 824 284 857 ibi,
301 830 395 860 postea
412 829 501 852 autem
522 825 602 860 positi
619 830 702 858 sunt;
723 833 784 852 nam

14 871 67 897 uod
91 871 182 898 dicit:
201 870 233 897 In
247 879 298 905 quo
324 871 440 897 nondum
462 872 558 906 aliquis
586 873 686 906 positus
712 877 786 904 erat,

10 920 74 942 ante
94 915 337 942 considerantibus
354 915 466 942 verbum
482 915 532 942 hoc
546 916 722 950 significatur.
743 915 786 942 Di-

12 957 85 984 imus
100 965 168 992 ergo
187 965 219 985 ne
233 958 304 985 forte
320 959 479 993 simpliciter
497 959 644 994 intelligere
656 960 786 986 debemus

10 1010 68 1029 tunc
83 1002 189 1035 locum,
201 1003 330 1037 quoniam
341 1003 386 1037 qui
399 1003 468 1030 dixit
478 1003 515 1030 ’5:
529 1002 682 1038 Cousepulti
695 1012 785 1030 sumus

10 1048 103 1074 Ihristo
125 1056 172 1082 per
198 1047 373 1081 baptismum,
399 1053 423 1075 et
449 1050 659 1076 consurreximus
687 1050 731 1080 ei,
758 1049 785 1076 in

10 1099 182 1120 nonuinento
209 1101 280 1120 novo
304 1099 331 1121 et
356 1094 516 1129 intelligibili
541 1095 633 1121 exciso
658 1094 684 1121 in
712 1098 785 1128 petra

10 1139 180 1173 ‘onsepultus
193 1144 234 1166 est
256 1144 283 1166 et
303 1139 360 1174 ipse
382 1145 442 1174 post
464 1140 602 1167 Christum
618 1147 678 1167 cum
706 1139 785 1166 Chri-

10 1189 58 1215 ito,
71 1190 99 1211 et
116 1192 214 1212 omnes
230 1185 276 1219 qui
297 1185 449 1220 consepulti
467 1189 530 1212 sunt
551 1185 660 1212 Chrile
687 1185 712 1212 in
735 1185 785 1212 ba-

10 1230 101 1256 lliSIIIO
120 1234 150 1256 lli.
177 1235 319 1265 resurgant
342 1238 403 1258 eum
420 1238 452 1257 (Ξο
468 1237 499 1257 ex
521 1238 592 1257 novo
610 1234 786 1257 monumento

10 1275 178 1310 sritnogeniti
203 1283 235 1302 ex
264 1276 395 1307 mortuis,
423 1280 449 1302 et
484 1276 511 1303 in
541 1275 668 1303 omnibus
686 1276 786 1310 prima-

12 1328 55 1346 um
87 1321 216 1348 tenentis.
247 1320 337 1348 Volvit
366 1325 456 1348 autem
480 1320 580 1356 Joseph
605 1329 658 1348 non
682 1321 784 1356 lapides

12 1365 101 1392 nullos
118 1366 152 1392 ad
167 1365 267 1392 ostium
289 1366 473 1399 monumenti,
489 1366 535 1393 sed
553 1374 653 1398 unum,
678 1371 705 1394 et
728 1375 786 1393 ma-

10 1417 82 1441 {Itum
93 1431 100 1441 ,
119 1415 146 1436 et
161 1410 292 1445 majorem
305 1419 385 1445 quam
399 1415 503 1446 poterat
518 1419 579 1438 esse
598 1411 783 1438 insidiantium

10 1455 98 1487 rirtus,
114 1464 169 1482 non
183 1460 272 1483 tamen
286 1457 415 1491 majorem
429 1465 510 1491 quam
523 1457 610 1484 virtus
626 1462 683 1484 erat
698 1457 785 1492 angeli

10 1500 193 1528 lescendentis
206 1501 239 1529 de
251 1501 331 1533 caelo,
349 1506 376 1529 et
390 1502 551 1530 revolventis
565 1503 599 1530 ab
613 1511 646 1531 eo
657 1503 783 1538 lapidem,

11 1552 26 1572 tl
41 1547 161 1574 sedentis
175 1555 256 1581 super
278 1548 365 1582 ipsum
380 1557 386 1575 ε
402 1549 529 1583 quoniam
544 1549 633 1576 omnia
650 1557 709 1584 quae
722 1554 785 1576 sunt

11 1592 72 1619 :irca
91 1601 193 1627 corpus
210 1593 310 1621 Christi
327 1593 402 1627 Iesu,
416 1595 515 1622 munda
531 1600 606 1627 sunt,
624 1599 651 1622 et
666 1603 744 1628 nova,
760 1601 786 1622 ct

11 1646 53 1664 mn
68 1635 229 1674 simpliciter
244 1647 351 1674 magna,
371 1640 417 1667 sed
432 1640 508 1667 valde
525 1641 614 1667 omnia
633 1649 740 1676 magna.

37 1684 96 1710 ιιι.
118 1684 186 1710 Erat
203 1690 290 1711 autent
307 1685 343 1712 ibi
360 1685 447 1712 Maria
468 1685 642 1721 Magdaleua,
661 1691 686 1713 et
701 1686 785 1712 altera

11 1727 100 1760 ‘luriu,
112 1730 227 1757 sedentes
235 1735 325 1757 contra
332 1731 478 1765 sepulcrum
488 1731 520 1758 ".
527 1730 592 1758 Post
600 1732 657 1758 lucc
667 1731 785 1758 rharitas

12 1774 115 1801 luarum
132 1775 290 1808 Mariarutn,
311 1775 484 1811 Magdalenm,
499 1780 524 1803 et
543 1777 637 1804 matris
651 1776 743 1804 Jacobi
758 1781 785 1803 et

12 1817 118 1854 Ioseph,
147 1821 283 1856 colligavit
308 1829 354 1848 eas
378 1822 410 1848 ad
437 1827 642 1849 monumentum
668 1830 782 1853 novum,

12 1870 112 1900 ’it‘optcr
123 1874 224 1901 corpus
237 1866 300 1894 Jesu
314 1868 385 1901 quod
400 1866 488 1894 fuerat
501 1868 548 1895 ibi.
561 1867 593 1894 Et
606 1868 657 1895 hoc
671 1868 784 1896 observa

12 1912 130 1945 [ironiam
143 1914 269 1947 superius
280 1913 339 1940 dum
351 1913 408 1940 ista:
421 1913 522 1945 Marim,
535 1918 561 1941 et
572 1918 656 1940 mater
667 1914 783 1941 tlliorum

13 1956 133 1990 Lebedzei,
150 1966 232 1992 quam
248 1958 436 1986 existimamus
452 1958 537 1993 ipsam
554 1966 614 1986 esse
631 1958 784 1991 Saloinem,

13 2002 34 2029 Ie
59 2003 137 2039 longe
166 2004 326 2038 spectabant
349 2004 482 2031 mirabilia
511 2012 572 2039 qua:
602 2004 629 2031 in
657 2005 784 2038 passione

13 2045 100 2075 Ibristi
118 2049 229 2081 liehant,
245 2053 272 2076 et
291 2056 390 2083 corpus
405 2049 464 2083 ejus
479 2055 640 2083 suspensum
657 2049 683 2075 in
699 2049 782 2083 ligno.

17 2091 51 2120 lic
77 2099 168 2121 autem
185 2101 239 2122 non
266 2098 474 2129 permanserunt
500 2099 575 2122 tres:
599 2098 684 2121 mater
711 2094 782 2121 enim

13 2137 118 2165 iliorum
134 2139 256 2166 Zebedaei
272 2146 325 2166 non
346 2139 475 2166 scribitur
494 2146 556 2166 cum
576 2138 661 2167 Maria
676 2138 784 2173 Magda-

14 2191 60 2210 ena
77 2190 104 2212 et
121 2193 184 2213 cum
204 2184 300 2218 Maria,
315 2190 401 2212 matre
413 2184 505 2212 Jacobi
521 2189 549 2212 et
563 2184 678 2219 Ioseph,
701 2184 782 2212 simul

14 2228 79 2265 331
107 2231 202 2258 sedere
229 2234 324 2258 contra
360 2230 526 2265 sepulcrum.
555 2229 679 2256 Forsitan
710 2230 782 2257 enim

14 2284 86 2311 usque
102 2277 154 2305 hoc
182 2277 323 2312 pervenire
347 2277 435 2311 potuit
459 2280 546 2302 mater
565 2275 682 2302 ﬁliorum
699 2275 784 2303 Zebe-

14 2320 67 2353 laci;
81 2322 140 2350 ista:
166 2326 268 2353 autem,
282 2321 360 2356 quasi
384 2320 502 2355 majores
524 2320 551 2346 in
572 2320 715 2353 ebaritate,
734 2328 782 2348 ne-

15 2374 54 2400 |uc
68 2367 111 2395 his
126 2375 188 2403 qua:
203 2372 297 2402 postea
310 2372 384 2401 gesta
403 2371 468 2394 sunt
487 2365 642 2392 defuerunt.

37 2412 97 2440 “5.
116 2413 208 2440 Altera
224 2417 311 2439 autem
330 2411 383 2443 die,
402 2419 460 2446 qum
471 2416 510 2438 est
526 2414 584 2445 post
601 2409 781 2443 I’arascevem,

15 2464 171 2485 'onvenerunt
195 2458 323 2492 principes
350 2457 515 2483 sacerdotum
544 2461 568 2483 et
588 2455 720 2483 Phariswi
747 2458 781 2482 ad

15 2502 130 2536 Dilutum,
147 2503 261 2530 dicentes
276 2510 285 2529 :
301 2501 422 2532 Domine,
439 2500 604 2528 rememorati
615 2508 703 2527 sumus
714 2500 783 2535 quod

16 2549 46 2575 lle
62 2550 182 2577 seductor
196 2549 263 2576 dixit
283 2548 369 2575 adhuc
382 2548 467 2575 vivens
483 2555 493 2574 :
513 2546 578 2574 Post
593 2547 699 2573 tertium
713 2546 782 2572 diem

16 2602 143 2629 'csurgam.
172 2594 239 2621 lube
255 2601 316 2628 ergo
339 2593 468 2620 custodiri
488 2593 636 2627 sepulcrum
661 2599 741 2626 usque
756 2592 782 2618 in

16 2639 68 2665 liem
81 2642 197 2673 tertium,
212 2648 244 2666 ne
258 2639 325 2674 forte
346 2640 450 2666 veniant
466 2638 589 2674 discipuli
615 2638 682 2672 ejus,
699 2643 723 2664 et
740 2637 783 2672 fu-

16 2690 90 2712 eutur
100 2695 170 2719 eum,
181 2691 206 2713 et
224 2686 314 2712 dicunt
327 2685 421 2719 plebi:
446 2684 599 2712 Resurrexit
617 2692 633 2710 a
651 2684 781 2716 mortuis;

55 2745 75 2761 "
91 2746 155 2774 Luc.
172 2754 253 2779 xxnt,
274 2747 317 2774 55.

18 2779 110 2808 ‘loan.
125 2790 153 2813 ιι,
172 2782 214 2809 l9.
252 2782 275 2798 “
292 2780 386 2808 Matth.
411 2789 483 2812 xxw,
499 2781 544 2808 (il.

17 2820 34 2841 I.
51 2815 88 2842 ιθ.
127 2818 147 2832 ⁸⁷
163 2817 257 2844 Matth.
274 2823 359 2845 xxvn.
373 2816 417 2842 (35.

372 2746 393 2762 ³⁷
412 2745 490 2773 Joan.
515 2753 572 2778 xtx,
596 2745 640 2771 Μ.

840 233 970 260 Pilatus:
989 232 1097 259 Habetis
1119 235 1257 265 custodes;
1280 236 1324 268 ite,
1347 238 1476 265 custodite
1489 239 1554 265 sicut
1572 242 1625 267 Ici-

842 279 887 304 tis.
912 277 959 304 Illi
972 282 1060 304 autem
1075 283 1164 304 euntes
1181 280 1329 307 ntuuieruut
1346 282 1505 316 sepulcrum,
1518 285 1625 318 signan-

842 329 880 350 tes
900 323 1017 357 lapidem
1036 331 1095 349 cum
1111 325 1264 351 custodibus
1281 325 1314 351 ⁸⁸.
1333 325 1456 354 Rationis
1482 333 1523 355 est
1544 330 1627 356 inter-

838 376 933 404 rogare
943 369 1078 404 principes
1092 370 1262 398 sacerdotum
1285 372 1331 405 qui
1356 379 1485 401 venerunt
1506 375 1539 401 ad
1556 374 1626 401 Pila-

840 418 908 446 tum,
924 409 1085 442 utdicerent
1102 415 1159 442 bzee
1181 423 1242 449 qum
1267 416 1405 444 dixerunt.
1423 417 1517 452 Dicite,
1535 427 1626 447 sacer-

837 460 925 492 dotes,
940 468 1001 488 cum
1014 460 1129 488 dixisset
1147 460 1228 488 Jesus
1240 460 1261 477 δ’
1280 470 1286 488 :
1309 461 1408 489 Solvite
1419 464 1544 498 templum
1565 466 1624 497 hoc,

836 509 860 532 et
876 513 922 540 ego
935 505 961 531 in
971 505 1059 532 triduo
1073 505 1141 532 illud
1154 507 1298 538 suscitabo,
1317 507 1350 533 ad
1366 507 1438 541 quod
1455 510 1624 545 propositum

836 557 899 577 eum
915 551 1018 578 dixisse
1031 551 1166 585 putastis?
1194 559 1228 578 an
1247 551 1280 578 de
1303 552 1439 579 solutione
1453 558 1479 580 et
1504 561 1626 583 resurre-

837 595 931 622 ctione
942 596 1065 630 eorporis
1085 595 1145 623 sui?
1167 603 1200 623 an
1224 596 1256 623 de
1281 597 1372 631 templi
1400 598 1583 627 destructione
1598 606 1625 628 et

837 642 1008 675 reparatione
1019 642 1125 676 ipsius?
1141 640 1168 668 Si
1181 642 1254 669 enim
1269 641 1440 670 intellexistis
1453 645 1503 676 sic,
1514 646 1577 679 quia
1591 647 1625 673 de

837 687 1039 714 resurrectione
1060 695 1109 714 sua
1134 687 1185 714 ista
1199 687 1316 719 dicebat,
1338 689 1476 723 quomodo
1500 691 1624 718 testimo-

836 732 911 758 nium
924 732 1020 759 dantes
1031 732 1162 759 adversus
1177 740 1239 759 cum
1253 733 1370 766 dixistis,
1384 735 1512 769 quoniam
1526 735 1569 763 hic
1583 736 1623 763 di-

837 776 896 804 xit:
926 777 1038 803 Possum
1063 778 1197 804 destruere
1224 779 1348 813 templum
1376 780 1434 810 hac,
1452 786 1477 807 et
1498 781 1524 807 in
1536 781 1624 808 triduo

837 823 998 856 retudi/icore
1008 823 1075 850 illud
1086 824 1108 840 δ’
1119 825 1131 851 ?
1142 823 1170 851 Si
1181 829 1271 852 autem
1286 832 1349 852 vere
1363 825 1397 852 de
1413 827 1512 861 templo
1527 827 1574 854 illo
1584 827 1624 854 in-

804 874 824 902 Β
840 867 992 898 tellexistis,
1021 869 1170 895 secundum
1201 869 1273 903 quod
1299 874 1325 896 et
1352 871 1535 898 testimonium
1557 880 1624 907 prro-

798 1536 819 1565 ιζ

696 2744 718 2760 ³⁸
730 2743 808 2771 Rom.

591 2780 613 2795 δ’
630 2779 724 2806 Μλιιῐι.
738 2786 821 2812 xxvn,
835 2779 880 2805 (i3.

839 911 946 943 buistis,
963 913 1035 939 unde
1051 913 1133 940 modo
1159 914 1235 941 scitis
1249 915 1380 949 quoniam
1397 915 1464 943 dixit
1494 922 1554 951 post
1569 923 1624 945 tres

837 958 894 985 dies
907 965 922 984 a
938 958 1052 985 mortuis
1067 966 1096 985 se
1122 962 1361 988 resurrecturum?
1389 961 1456 989 Vide
1479 971 1544 998 ergo
1556 971 1624 998 quo-

837 1002 919 1030 modo
935 1003 1059 1038 impietas
1079 1003 1195 1038 seipsam
1224 1005 1282 1032 suis
1305 1006 1394 1033 verbis
1411 1012 1558 1042 expugnat.
1574 1008 1624 1035 Per

838 1048 895 1075 haec
906 1048 977 1075 enim
994 1049 1075 1075 verba
1092 1049 1142 1083 ipsi
1169 1049 1356 1078 testimonium
1383 1059 1464 1079 suum
1478 1053 1542 1080 illud
1558 1061 1624 1080 con-

837 1093 977 1124 demnant,
992 1095 1122 1128 quoniam
1140 1102 1203 1122 vere
1216 1092 1395 1131 intelligentes
1409 1105 1472 1125 eum
1485 1099 1519 1126 de
1535 1107 1624 1127 resur-

838 1138 956 1164 rectione
973 1139 1095 1173 corporis
1108 1139 1150 1165 sui
1163 1139 1208 1166 illa
1222 1139 1322 1171 dicere,
1338 1145 1364 1167 et
1381 1141 1497 1169 scientes
1509 1150 1618 1170 conver-

837 1187 927 1210 terunt
953 1191 1093 1211 sermones
1114 1184 1173 1219 ejus
1188 1185 1221 1211 ad
1244 1185 1456 1214 destructionem
1473 1192 1500 1214 et
1515 1195 1622 1223 repara-

837 1229 939 1256 tionem
957 1230 1030 1257 illius
1044 1230 1209 1258 insensibilis
1235 1232 1337 1266 templi.
1359 1233 1455 1260 Adhuc
1471 1240 1560 1261 autent
1582 1235 1623 1262 in-

838 1279 965 1310 terrogo:
983 1274 1054 1308 Quid
1070 1276 1171 1306 dicitis.
1187 1277 1359 1304 sacerdotes?
1379 1286 1474 1314 nempe
1500 1280 1564 1314 quia
1579 1280 1622 1307 di-

837 1321 915 1347 cebat
934 1321 1114 1348 hominibus:
1141 1321 1204 1348 l’osl
1237 1328 1287 1349 tres
1315 1323 1370 1350 dies
1396 1332 1530 1359 resurgunt
1546 1325 1579 1358 ⁸³,
1595 1331 1622 1353 et

837 1371 942 1393 secreto
965 1367 1111 1394 mandabat
1131 1367 1271 1402 discipulis
1292 1369 1350 1395 suis
1375 1373 1403 1396 ut
1420 1369 1545 1398 furentur
1558 1379 1620 1398 eum

838 1416 918 1439 nocttt
935 1416 962 1439 et
974 1412 1065 1439 dicant
1079 1417 1139 1448 post
1150 1417 1205 1440 tres
1220 1413 1279 1440 dies
1290 1415 1353 1448 quia
1369 1416 1488 1442 surrexit
1508 1425 1523 1443 a
1549 1425 1622 1443 mor-

838 1458 901 1485 tuis.
916 1457 968 1485 Sed
983 1459 1034 1485 hoc
1049 1467 1080 1485 ex
1097 1458 1149 1486 hoc
1169 1460 1227 1494 ipso
1242 1459 1400 1488 incredibile
1417 1465 1468 1492 est,
1485 1466 1546 1496 post
1560 1466 1619 1489 tan<

838 1508 879 1530 tos
893 1511 1034 1531 sermones
1050 1504 1167 1532 morales
1184 1512 1253 1539 quos
1280 1505 1305 1531 in
1330 1506 1430 1541 populo
1454 1507 1546 1534 docuit
1559 1508 1619 1534 uni-

838 1557 927 1582 verso,
942 1555 968 1577 et
986 1555 1046 1584 post
1063 1550 1130 1577 tales
1142 1554 1169 1577 et
1188 1554 1277 1578 tantas
1300 1551 1414 1578 virtutes
1431 1560 1499 1586 quas
1522 1553 1622 1588 ubique

838 1603 864 1621 In
882 1595 956 1621 omni
970 1593 1062 1621 Judaaa
1079 1595 1207 1627 ostendit,
1224 1600 1253 1622 ut
1269 1594 1373 1622 falleret
1389 1595 1537 1630 discipulos
1556 1605 1622 1625 suos

837 1640 937 1673 verbis,
954 1647 982 1667 ut
1002 1640 1082 1667 etiam
1099 1641 1149 1676 ipsi
1164 1641 1303 1675 culparent
1320 1641 1370 1668 ista
1395 1642 1581 1676 mandantem,
1595 1648 1622 1670 et

837 1685 896 1712 ideo
911 1693 1081 1720 nequaquam
1100 1685 1218 1713 facerent
1234 1687 1306 1721 quod
1320 1686 1476 1719 mandabat,
1501 1689 1620 1714 maxime

836 1735 945 1765 propter
958 1731 1107 1765 perieulum
1128 1731 1199 1765 quod
1216 1731 1376 1758 imminebat
1387 1732 1428 1759 eis
1446 1740 1460 1759 a
1473 1734 1582 1767 populo,
1597 1734 1619 1761 si

835 1776 1028 1802 confiterentur
1040 1783 1102 1802 eum
1120 1776 1166 1810 qui
1185 1781 1248 1803 ante
1273 1777 1411 1803 modicum
1427 1777 1516 1804 fuerat
1529 1779 1620 1806 cruel-

837 1822 915 1850 tixus.
931 1825 957 1847 et
970 1821 1108 1848 doctorem
1122 1827 1151 1848 se
1168 1821 1268 1848 habere
1281 1825 1308 1847 et
1321 1821 1473 1849 Christum.
1487 1821 1515 1849 Si
1529 1826 1619 1850 autem

837 1867 887 1893 hoc
901 1866 1004 1893 dixisse
1018 1873 1080 1893 eum
1103 1866 1261 1893 incredibile
1288 1871 1341 1899 est,
1358 1866 1422 1894 vide
1448 1867 1499 1894 nisi
1524 1875 1622 1895 conse-

835 1920 922 1947 quens
937 1917 977 1939 est
990 1916 1019 1939 ut
1043 1911 1113 1939 sicut
1134 1911 1256 1946 prodigia
1273 1911 1347 1943 fecit.
1368 1917 1397 1939 ut
1411 1912 1482 1940 sicut
1498 1912 1620 1948 Evange-

835 1959 900 1985 lium
913 1965 993 1985 suum
1017 1957 1218 1992 praedicandum
1247 1957 1275 1983 in
1297 1961 1354 1984 toto
1368 1958 1471 1985 mundo
1483 1959 1618 1993 praedixit,

834 2009 861 2031 et
873 2004 943 2031 sicut
956 2013 962 2030 :
977 2003 1044 2030 Aute
1060 2003 1182 2038 praesides
1198 2007 1222 2029 et
1240 2010 1310 2037 reges
1323 2003 1427 2029 stultitia
1439 2003 1473 2034 “,
1490 2008 1516 2031 et
1528 2005 1618 2032 sicut:

833 2049 983 2076 Jerusalem
1002 2049 1150 2076 destruetur
1175 2047 1208 2074 ab
1229 2048 1345 2074 exercitu
1359 2048 1401 2080 “;
1429 2048 1469 2075 sic
1488 2054 1514 2076 et
1528 2049 1561 2076 de
1576 2057 1619 2077 re-

835 2094 1003 2122 surrectione
1016 2100 1064 2120 sua
1080 2093 1203 2128 praedixit
1219 2092 1290 2127 quod
1305 2093 1342 2119 ait
1355 2101 1362 2120 :
1383 2092 1482 2120 Solvite
1494 2095 1618 2129 templum

835 2140 892 2172 hoc,
907 2145 931 2167 et
945 2147 990 2174 ego
1016 2140 1042 2166 iu
1062 2139 1149 2165 triduo
1167 2138 1300 2165 suscitabo
1316 2138 1402 2172 ipsum
1420 2138 1453 2166 “.
1472 2138 1619 2174 Propterea

836 2189 860 2212 et
879 2185 906 2211 in
921 2184 1106 2222 prmjndicium
1124 2191 1203 2211 suum
1226 2182 1308 2210 locuti
1332 2189 1397 2210 sunt
1426 2185 1580 2213 sacerdotes
1592 2190 1620 2213 et

837 2229 963 2257 Pharisazi
979 2229 1011 2256 ad
1036 2228 1150 2256 Pilatum
1166 2229 1296 2260 dicentes.
1324 2229 1453 2263 quoniam
1481 2230 1526 2257 ille
1542 2231 1620 2257 sedu-

835 2280 892 2302 ctor
903 2275 970 2302 dixit
989 2274 1076 2301 adhuc
1092 2274 1189 2306 vivens,
1203 2275 1328 2309 quoniam
1359 2280 1416 2309 post
1439 2279 1491 2301 tres
1509 2275 1564 2302 dies
1582 2284 1619 2303 re-

835 2330 942 2356 surgam
957 2321 991 2348 ".
1006 2320 1100 2347 Adhuc
1115 2325 1204 2347 autem
1225 2321 1286 2348 vide
1304 2320 1433 2355 quoniam
1450 2320 1560 2354 quidam
1572 2329 1619 2347 ve-

835 2367 940 2394 nientes
951 2366 984 2393 de
999 2365 1157 2393 custodibus
1183 2365 1210 2392 in
1239 2365 1386 2399 civitatem,
1414 2366 1617 2398 nuntiaverunt,

836 2421 888 2440 non
904 2412 975 2443 aliis.
993 2410 1039 2439 sed
1056 2411 1121 2446 ipsis
1136 2410 1304 2445 principibus
1325 2411 1506 2443 sacerdotum,
1526 2410 1618 2438 omnia

836 2464 1003 2492 quascunque
1018 2455 1125 2483 fuerant
1141 2455 1223 2488 facta,
1237 2460 1266 2482 ut
1280 2463 1313 2482 ex
1326 2457 1399 2482 omni
1416 2461 1493 2490 parte
1507 2456 1619 2483 inexcu-

836 2503 929 2530 sabilis
941 2509 1034 2529 eorum
1049 2501 1230 2528 constituatur
1245 2500 1389 2534 impietas:
1412 2501 1450 2528 illi
1462 2506 1551 2529 autem
1569 2509 1619 2529 nec

835 2547 874 2575 sic
901 2545 1045 2574 miserrimi
1071 2545 1263 2580 acquievcrunt
1285 2544 1456 2572 documentis
1482 2547 1574 2579 tantis,
1590 2552 1620 2574 ut

835 2593 1005 2627 susciperent
1018 2591 1083 2627 quia
1104 2590 1184 2618 Jesns
1198 2594 1257 2617 erat
1268 2589 1410 2622 Christus;
1438 2590 1484 2617 sed
1510 2596 1537 2618 et
1559 2597 1618 2626 post

836 2638 927 2665 omnia
943 2638 1000 2665 haec
1010 2636 1230 2671 malignabantur
1251 2639 1361 2669 propter
1384 2635 1512 2662 duritiam
1529 2638 1620 2664 cordis

835 2683 889 2711 sui.
908 2682 983 2710 Sient
1010 2683 1166 2710 induratum
1187 2680 1274 2708 fuerat
1296 2687 1345 2708 eor
1364 2679 1515 2707 Pharaonis
1539 2690 1621 2716 super

963 2743 985 2760 ³⁸
1006 2742 1099 2770 Multi).
1128 2751 1212 2775 XXVII,
1243 2743 1288 2770 6|.
1325 2742 1349 2758 ⁸ο
1367 2741 1432 2768 ibid.
1456 2740 1490 2767 62
1504 2745 1619 2776 t‘lsoqq.

834 2752 872 2775 vr,
897 2744 923 2770 ι.
963 2744 985 2760 ³⁸
1006 2744 1099 2770 Matth.
1128 2751 1212 2775 xxvn,
1243 2744 1288 2770 6|.
1325 2744 1349 2758 “
1367 2744 1432 2768 ibid.
1456 2744 1490 2767 62
1504 2745 1619 2776 clsoqq.

835 2779 880 2805 (ὶὸ.
932 2781 955 2798 ’δ
973 2779 1054 2807 Marc.
1074 2787 1121 2805 xtII
1135 2799 1143 2809 ,
1157 2780 1183 2805 9.
1223 2778 1245 2794 "
1263 2777 1327 2806 Luc.
1342 2785 1402 2809 xxI,
1417 2776 1462 2803 ιιι.
1502 2776 1525 2791 ⁸⁸
1539 2775 1619 2804 .Ioan.
