1879 3046
36 165 73 194 157

36 224 63 251 itu
89 221 181 256 eripiat
194 228 226 248 ac
238 218 359 247 retrahat
372 217 405 246 ad
420 217 547 250 salutem,
570 222 651 252 atque
674 224 706 244 ex
730 215 796 250 ipsis
811 218 833 246 Α

36 269 137 298 faucibus
151 272 259 294 aeternae
280 265 379 292 mortis
400 265 516 299 eripiat,
541 271 594 290 non
621 263 668 290 tibi
690 262 798 289 videtur

36 314 90 350 quod
105 312 145 340 illa
158 312 226 346 ipsa,
246 311 269 338 si
283 310 341 337 lleri
357 314 456 344 potest,
471 309 639 344 plenitudine
655 307 799 335 alacritatis

36 367 75 394 qua
95 357 172 385 Deum
185 355 324 391 diligimus
338 354 493 389 diligendus
512 354 548 381 sit
564 358 626 388 post
641 353 747 380 Deum?
765 352 800 380 Et

36 413 59 431 ne
69 408 136 438 putes
148 402 220 437 quod
233 409 284 428 nos
297 401 333 427 ita
344 407 553 435 praesumamus,
566 399 629 426 audi
644 398 797 433 apostolum

36 449 126 476 Paulum
138 448 171 475 de
183 447 226 475 bis
241 446 288 482 qui
301 446 328 473 in
339 446 423 473 verbo
435 445 482 472 Dei
497 445 632 478 laborant,
645 444 778 472 dicentem
790 453 797 471 :

38 495 62 522 Εἰ
82 493 314 529 superabundanter
333 492 452 519 habeatis
475 492 503 518 in
527 491 659 518 maritate
685 498 730 517 eos
753 491 800 525 qui

36 539 161 573 huiusmodi
173 543 233 565 sunt
250 543 355 573 propter
370 545 434 572 opus
455 537 573 571 ipsorum
593 536 625 562 ³⁸.
650 534 799 562 Videamus

36 586 136 613 etalium
162 584 250 611 adhuc
265 583 387 610 ordinem
404 581 558 614 charitatis,
583 581 643 616 ejus
665 581 799 608 duntaxat

37 637 82 665 quae
93 636 149 664 erga
165 628 304 663 proximos
325 627 418 654 haberi
435 626 550 654 videtur.
572 625 601 652 Si
616 625 652 652 sit
675 633 729 652 non
750 625 800 651 ba-

38 674 88 700 bens
102 673 202 707 quidem
212 672 326 699 docendi
341 671 383 698 vel
401 670 552 698 instruendi
565 670 692 705 gratiam,
712 674 800 704 neque

37 720 127 748 verbum
140 718 241 745 Domini
257 716 433 752 praedicandi,
445 717 493 744 sed
510 722 601 743 tamen
618 719 719 743 sanctae
737 715 800 742 vita

39 766 77 797 vir,
89 767 218 796 innocens,
234 763 438 795 inmaculatus,
455 766 482 790 et
494 762 541 797 qui
556 762 584 788 in
596 760 800 796 iustiﬁcationi-

38 810 75 838 bus
85 814 108 837 et
121 809 249 836 mandatis
265 807 312 836 Dei
329 807 498 843 ingrediatur
510 807 570 834 sine
587 806 708 841 querela,
725 805 800 833 vide-

38 861 99 882 turne
111 854 154 881 tibi
177 853 238 881 talis
263 853 308 880 blc
326 853 370 880 vir
393 852 422 879 in
438 853 534 880 eodem
548 851 690 880 charitatis
704 850 800 878 ordine

678 157 778 185 LIBER
797 156 958 185 TERTIUS.

1582 152 1635 180 158

848 214 993 242 delt-renda
1016 218 1059 241 est
1082 211 1206 244 dilectio,
1230 210 1355 245 sequenti
1374 217 1438 236 vero
1462 209 1558 244 gradu.
1571 217 1634 237 cum

850 259 968 294 quadam
991 257 1168 286 nihilominus
1193 255 1365 287 reverentia,
1380 254 1461 281 etiam
1483 253 1634 281 sororibus.

850 305 965 340 Proprio
990 312 1054 331 vero
1075 303 1194 338 quodam
1215 305 1243 329 et
1263 304 1434 336 sequestrata
1453 299 1488 326 ab
1501 299 1544 326 bis
1562 306 1636 326 more

849 349 970 376 citat-itas
983 348 1146 383 coniugibus
1162 345 1324 374 exhibenda.
1341 343 1405 371 Post
1424 343 1473 372 has
1496 350 1560 370 vero
1573 349 1636 377 pcr-

849 402 942 426 sonas,
955 401 1004 429 pro
1030 393 1134 421 meritis
1160 392 1242 419 etiam
1264 395 1292 418 et
1311 389 1414 421 causis,
1432 387 1580 422 unicuique
1608 388 1635 415 in

849 439 936 471 omni,
955 443 986 466 ut
1001 438 1131 471 diximus,
1152 437 1278 465 castitate
1299 434 1444 462 deferenda
1457 433 1566 460 dilectio
1583 437 1635 460 est.

850 483 1005 512 Secundum
1028 484 1086 512 luet:
1100 484 1182 511 etiam
1205 482 1239 510 de
1261 485 1355 516 patre.
1375 480 1417 507 vel
1439 478 1538 510 fratre,
1557 483 1638 512 atque

850 530 910 557 aliis
926 529 1086 564 propinquis
1109 527 1324 556 observavimus.
1347 525 1416 559 Erga
1441 529 1550 552 sanctos
1574 530 1638 550 vero

849 576 896 611 qui
913 583 966 603 nos
981 575 1008 603 in
1022 575 1134 603 Christo
1143 578 1306 610 genuerunt,
1322 571 1369 599 sed
1381 577 1408 599 et
1421 575 1543 605 pastores
1556 574 1638 604 atque

849 622 1013 657 episcopos,
1028 621 1070 648 vel
1095 621 1143 656 qui
1164 620 1248 648 verbo
1265 619 1312 646 Dei
1334 621 1454 653 pnesunt
1474 614 1637 651 presbyteri,

849 671 897 694 aut
912 666 962 701 qui
983 666 1052 693 bene
1066 665 1224 693 ministrant
1237 665 1264 691 in
1278 663 1410 696 Ecclesia,
1427 663 1467 689 vel
1485 662 1530 696 qui
1545 661 1572 687 in
1586 659 1639 687 ﬁde

849 713 1010 748 prtecellunt
1022 716 1149 744 caeteros,
1168 711 1307 746 quomodo
1324 718 1378 738 non
1396 717 1446 744 pro
1461 708 1639 742 uniuscujus-

849 766 903 794 que
928 758 1034 786 meritis
1062 757 1172 786 all'ectio
1203 757 1361 792 pensabitur
1393 755 1536 784 cbaritatis
1560 755 1642 790 longe

849 803 1014 832 eminentior
1030 810 1113 838 quam
1131 810 1195 837 erga
1215 810 1266 830 eos
1283 801 1376 829 haberi
1399 805 1488 835 potest
1499 820 1507 832 ,
1530 800 1577 834 qui
1593 802 1642 827 aut

851 850 919 878 nihil
933 850 1042 882 horum,
1057 852 1105 876 aut
1117 856 1171 875 non
1189 848 1292 882 integre
1304 846 1437 882 egerunt?
1456 846 1509 873 Sed
1529 850 1557 872 et
1571 845 1641 872 inter

39 899 168 932 habendus,
188 906 241 933 quo
254 898 299 925 ille
320 897 367 933 qui
381 897 449 924 nihil
466 897 564 924 horum
578 896 652 932 agit?
677 895 800 931 quando-
815 891 837 918 Β
852 899 978 931 parentes
1000 894 1094 921 ﬁdeles
1115 898 1141 921 et
1162 893 1294 924 inlidcles.
1317 897 1345 920 et
1359 891 1457 919 fratres
1479 891 1588 923 lidclcs,
1608 898 1643 918 ae

41 944 127 977 quidem
148 947 258 977 uterque
281 942 424 977 proximus
447 941 560 969 dicitur.
590 939 686 968 Nonne
706 944 734 967 et
756 940 800 967 hic

40 993 124 1023 propter
146 996 211 1023 opus
234 995 315 1016 suum
339 991 367 1015 et
388 987 450 1014 vita:
474 986 625 1019 meritum,
648 985 800 1013 secundum

42 1034 136 1069 Apostoli
147 1034 255 1066 dictum,
274 1033 401 1061 similiter
413 1036 442 1059 ut
453 1032 498 1059 ille
513 1032 559 1067 qui
571 1032 598 1058 in
607 1032 690 1059 verbo
702 1031 747 1058 Dei
761 1031 801 1057 la-

42 1080 108 1111 borat,
122 1078 385 1114 superabundantius
399 1077 540 1105 habendus
554 1081 597 1105 est
619 1077 646 1104 in
665 1076 801 1104 cbaritate

42 1124 82 1159 ’14
93 1129 189 1158 propter
202 1131 271 1158 opus
291 1124 353 1151 vita:
374 1123 451 1151 suat?
474 1123 523 1150 Est
540 1123 631 1150 adhuc
647 1123 719 1150 alius
732 1121 800 1149 ordo

43 1169 166 1195 cbaritalis.
191 1168 322 1196 lubeer
341 1168 412 1195 enim
429 1173 456 1196 et
473 1168 599 1196 inimicos
614 1172 724 1195 nostros
739 1167 801 1195 dili-

43 1222 96 1248 gere.
116 1214 162 1241 Sed
180 1213 320 1241 videamus
343 1213 367 1241 si
386 1213 468 1240 etiarn
488 1213 515 1240 in
536 1213 605 1248 ipsis
628 1220 700 1240 unus
725 1213 800 1241 solus

43 1259 117 1286 modus
131 1260 179 1287 erit
193 1259 358 1292 dilectionis,
371 1267 405 1285 an
421 1258 458 1286 ibi
476 1259 587 1286 habebit
602 1258 693 1286 locum
709 1265 800 1286 sermo

43 1304 80 1330 iste
98 1303 138 1338 qui
156 1304 219 1331 dicit
240 1313 248 1332 :
272 1303 401 1332 Ordinum
421 1303 449 1330 in
473 1311 512 1330 me
536 1303 703 1331 clraritatem.
729 1302 801 1330 Puto

43 1356 89 1383 ergo
103 1349 165 1383 quod
186 1350 210 1376 in
231 1349 274 1377 bis
287 1349 322 1377 sit
338 1349 405 1377 ordo
422 1349 578 1382 charitatis,
600 1349 676 1376 verbi
698 1349 800 1384 gratia,

43 1398 71 1420 est
79 1393 164 1429 aliquis
174 1395 238 1422 mibi
253 1395 394 1426 inimicus,
407 1395 434 1421 in
446 1395 509 1422 aliis
522 1399 612 1422 tamen
623 1395 692 1422 bene
704 1402 801 1430 agens,

43 1439 142 1472 pudicus,
159 1441 281 1475 sobrius,
300 1442 430 1469 mandata
454 1441 501 1469 Dei
525 1441 643 1477 plurima
665 1449 699 1469 ex
725 1445 801 1477 parte

43 1484 183 1518 custodiens,
208 1486 235 1513 in
260 1486 398 1520 aliquibus
423 1491 513 1514 tamen
533 1494 641 1519 errans,
659 1491 689 1514 ut
705 1487 799 1514 bomo.

44 1528 77 1556 Est
89 1530 147 1558 alius
157 1531 202 1566 qui
217 1532 348 1559 inimicus
359 1532 469 1566 quidem
485 1532 522 1559 sit
536 1536 563 1560 et
580 1532 638 1567 ipse
653 1532 742 1564 nobis,
758 1536 800 1559 ta-

44 1582 88 1602 men
99 1576 129 1604 sit
140 1584 192 1604 sua:
203 1577 263 1604 vita:
275 1581 357 1611 atque
369 1577 467 1604 anima:
483 1563 621 1609 inimicus,
639 1563 750 1612 paratus
765 1577 799 1604 ad
812 1563 835 1592 θ

44 1623 131 1654 scelera,
144 1630 257 1658 prazceps
272 1622 308 1650 ad
323 1621 435 1657 ﬂagitia,
450 1622 517 1650 nihil
533 1622 631 1654 sancti,
653 1622 721 1649 nillil
735 1621 800 1649 reli-

45 1667 94 1702 giosi
113 1668 225 1701 ducens,
250 1676 306 1695 non
331 1668 379 1695 tibi
402 1668 510 1695 videtur
530 1668 612 1695 etiam
636 1668 706 1695 inter
726 1667 801 1702 ipsos

46 1712 143 1741 inimicos
152 1714 269 1748 quaedam
286 1713 432 1741 diversitas
447 1714 570 1741 habenda
585 1713 747 1741 charilatis?

69 1756 124 1785 Puto
136 1758 238 1793 quidem
253 1759 327 1794 quod
341 1766 373 1786 ex
388 1759 430 1786 his
444 1759 511 1787 satis
524 1760 643 1794 patuerit
673 1767 735 1787 esse
745 1759 800 1788 vim

44 1803 128 1836 quidem
142 1805 276 1834 cbaritatis
294 1813 387 1838 unam,
402 1806 501 1834 multas
515 1811 604 1833 tamen
619 1806 718 1834 habere
736 1813 802 1834 cau-

45 1855 91 1879 sas,
110 1854 133 1876 et
158 1851 253 1878 multos
274 1851 385 1879 ordines
404 1851 553 1888 diligendi,
568 1856 595 1880 et
618 1856 728 1887 propter
749 1852 801 1879 hoc

46 1900 100 1920 nunc
112 1895 191 1923 dicere
204 1904 331 1931 sponsam
351 1906 358 1924 :
377 1897 506 1925 Ordinate
525 1898 553 1925 iu
573 1906 613 1925 me
631 1898 801 1931 alacritatem,

47 1937 84 1965 hoc
103 1945 138 1967 est
163 1941 254 1969 docete
286 1949 331 1970 me
361 1943 482 1970 diversos
509 1943 619 1970 ordines
647 1943 801 1970 charitatis.

46 1982 104 2015 Quod
115 1986 134 2013 si
151 1987 233 2015 adhuc
252 1987 407 2015 addendum
427 1989 468 2016 bis
485 1989 587 2024 aliquid
601 1989 717 2023 videtur,
735 1997 800 2024 pos-

46 2036 117 2057 tumus
127 2036 151 2058 et
164 2032 226 2060 illud
241 2033 266 2060 in
281 2033 402 2060 medium
419 2033 564 2067 adducere,
586 2034 659 2069 quod
673 2034 711 2061 ait
728 2034 801 2069 Apo-

47 2075 132 2104 stolus:
152 2077 213 2112 Viri,
232 2079 337 2114 diligite
352 2087 447 2106 uxores
468 2085 566 2107 vestras
593 2081 665 2108 sicut
685 2087 800 2115 corpora

47 2124 132 2153 vestra,
155 2122 219 2149 sicut
238 2122 362 2151 Christus
388 2123 483 2150 dilexit
502 2123 650 2150 Ecclesium
671 2123 704 2151 ".
730 2123 801 2155 Quid

47 2171 94 2199 ergo
106 2167 194 2196 debent
208 2169 318 2204 quidem
334 2169 384 2196 viri
397 2178 497 2198 uxores
509 2178 574 2198 Suas
591 2170 713 2206 diligere,
733 2170 801 2198 alias

47 2216 94 2259 vero
106 2213 220 2242 mulieres
237 2223 291 2242 non
304 2215 402 2243 debent
413 2216 527 2243 omnino
547 2216 659 2251 diligere
677 2215 703 2243 in
723 2215 798 2243 omni
816 2231 836 2259 Β

46 2257 142 2285 tastitate
163 2264 188 2286 et
209 2261 375 2288 sanctitate?
401 2264 500 2289 Annon
529 2262 694 2289 videbuntur
715 2262 798 2289 etiam

47 2299 95 2334 illse
112 2311 164 2331 esse
185 2306 216 2333 de
236 2307 388 2341 proximis?
407 2307 460 2334 Sed
489 2308 668 2343 impendenda
689 2307 798 2342 quidem

47 2351 76 2373 est
91 2348 192 2383 dilectio,
212 2352 254 2379 vel
272 2352 300 2379 in
326 2353 481 2388 conjugem,
498 2353 540 2380 vel
565 2354 592 2380 in
609 2358 735 2386 matrem,
757 2353 800 2380 vel

48 2391 66 2416 in
81 2400 194 2429 sororem,
208 2398 230 2424 si
251 2402 341 2426 tamen
359 2398 451 2426 ﬁdeles
467 2399 532 2432 sint,
551 2403 577 2426 et
591 2399 645 2427 Deo
660 2400 800 2427 adhaeren-

48 2440 86 2486 tes.
99 2443 184 2475 etetga
199 2442 278 2470 aliam
297 2443 439 2472 mulierem
456 2444 542 2477 nulla,
563 2444 712 2472 secundum
727 2445 800 2479 quod

47 2490 89 2515 ιρειι
102 2488 208 2519 proxima
225 2489 341 2523 dicitur,
363 2495 406 2518 est
426 2491 506 2518 nobis
528 2491 707 2526 impendenda
729 2490 800 2519 dile-

48 2529 99 2557 ctio?
114 2531 180 2565 Quod
197 2534 219 2561 si
238 2535 288 2562 hoc
307 2535 458 2565 absurdum
475 2537 589 2569 videtur,
616 2537 696 2564 debet
710 2542 799 2565 autent

49 2577 166 2607 secundum
185 2582 303 2611 mandati
327 2582 451 2611 ordinem
474 2583 555 2610 etiam
577 2590 641 2618 erga
660 2590 707 2610 eas
724 2589 800 2611 casta

49 2620 142 2651 adhiberi
161 2627 274 2663 dilectio,
299 2636 414 2665 prorsus
436 2628 506 2656 inter
521 2629 595 2663 ipsas
612 2637 743 2664 personas
760 2629 799 2657 l'e-

49 2666 154 2697 "linarum
169 2674 264 2706 quibus
278 2675 457 2710 impendenda
471 2675 580 2703 dilectio
591 2680 642 2706 est,
657 2675 798 2703 habendus

48 2712 140 2760 »τρῐθειο
151 2722 189 2744 est
203 2720 268 2747 ordo
281 2721 307 2747 in
320 2721 454 2749 cbaritate
464 2721 684 2755 conveniensque
700 2721 797 2748 distin-

49 2760 94 2786 ευιί
116 2760 143 2787 El
163 2764 253 2799 majori
279 2767 387 2801 quidem
405 2775 466 2795 cum
492 2767 696 2795 honoriﬁcentia
719 2767 796 2794 matri

852 939 992 972 inﬁdeles,
1019 946 1183 974 sororesque
1195 959 1202 971 ,
1225 942 1349 973 potestne
1372 937 1432 965 lteri
1452 941 1480 964 ut
1501 943 1557 964 non
1576 942 1641 970 erga

850 987 904 1015 bos
929 987 1054 1022 singulos
1080 986 1206 1014 diversus
1232 985 1301 1012 ordo
1326 984 1457 1012 habeatur
1481 982 1643 1010 charitatisl

851 1031 927 1065 Quas
942 1032 1113 1059 diversitates
1129 1032 1239 1059 intuens
1253 1037 1363 1065 sponsa,
1387 1033 1414 1056 et
1430 1028 1526 1056 videns
1547 1028 1582 1056 de
1599 1028 1643 1055 bis

851 1078 981 1106 omnibus
1002 1077 1100 1105 anima:
1113 1077 1147 1104 ad
1163 1076 1355 1112 perfectionem
1377 1074 1496 1102 tendenti
1516 1082 1643 1102 necessa-

851 1124 921 1151 riam
939 1123 1024 1150 videri
1042 1123 1185 1150 scientiam
1200 1129 1294 1149 earum
1311 1128 1412 1152 rerum,
1429 1124 1459 1148 ut
1469 1119 1643 1154 uniuscujus-

851 1177 904 1204 quc
919 1169 972 1196 loci
987 1173 1015 1196 et
1034 1168 1139 1196 ordinis
1152 1175 1294 1195 mensuras
1311 1167 1397 1202 possit
1414 1170 1506 1193 tenere
1523 1165 1643 1193 ebarita~

852 1215 897 1248 tis,
911 1214 978 1242 dicit
989 1214 1025 1241 ad
1036 1214 1139 1241 amicos
1152 1213 1257 1249 sponsi,
1269 1220 1317 1240 eos
1329 1211 1454 1239 videlicet
1466 1211 1513 1246 qui
1530 1211 1644 1238 verbum

852 1259 900 1287 Dei
913 1259 1069 1287 ministrant
1088 1269 1095 1286 :
1114 1259 1242 1287 Ordinate
1259 1259 1285 1285 in
1299 1266 1338 1285 me
1349 1257 1515 1289 alacritatem,
1532 1256 1585 1284 hoc
1600 1260 1644 1284 est

851 1305 948 1333 docete
962 1313 1016 1338 me,
1037 1310 1062 1333 et
1077 1305 1177 1332 tradite
1194 1304 1261 1331 mihi
1284 1303 1424 1338 quomodo
1441 1310 1489 1337 per
1510 1303 1568 1329 hac
1585 1301 1643 1339 sin:

851 1350 914 1385 gula
938 1350 1060 1378 ordinem
1089 1357 1198 1378 servare
1221 1349 1334 1377 debeam
1358 1347 1511 1376 cbaritatis.
1540 1347 1643 1374 Omnes

850 1396 922 1423 enim
940 1396 1082 1427 homines,
1101 1396 1171 1423 sicut
1191 1395 1248 1430 jam
1262 1395 1398 1426 diximus,
1421 1393 1574 1421 secundum
1589 1393 1645 1421 hoc

851 1440 924 1475 quod
949 1440 1053 1469 similes
1077 1440 1157 1468 nobis
1172 1444 1246 1472 sunt,
1270 1439 1396 1467 similiter
1409 1438 1539 1474 diligendi
1553 1442 1642 1466 sunt:

852 1486 908 1513 imo
931 1486 1022 1513 omnis
1044 1485 1216 1513 rationabilis
1244 1490 1368 1512 creatura
1391 1492 1407 1512 a
1429 1484 1527 1517 nobis,
1550 1488 1644 1519 utpote

852 1531 1069 1564 rationabilibus,
1085 1531 1226 1566 aequaliter
1236 1531 1371 1566 diligenda
1385 1535 1437 1559 est.
1452 1530 1642 1565 Adjiciendum

851 1583 941 1605 tamen
957 1577 984 1604 iu
1000 1577 1134 1606 cbaritate
1155 1582 1198 1605 est
1222 1578 1369 1612 unicuique
1389 1577 1423 1604 ad
1440 1577 1492 1604 hoc
1504 1577 1644 1611 quomodo

851 1629 903 1656 est,
920 1628 947 1652 et
966 1623 999 1651 ad
1013 1624 1065 1651 hoc
1087 1623 1158 1658 quod
1172 1623 1341 1651 rationabilis
1356 1627 1415 1656 est;
1431 1622 1470 1655 si,
1493 1622 1568 1650 verbi
1582 1630 1644 1657 gra-

851 1669 900 1701 tia,
917 1672 964 1696 aut
980 1669 1006 1696 in
1020 1669 1153 1702 moribus,
1169 1673 1216 1696 aut
1234 1669 1261 1696 in
1276 1676 1368 1704 opere,
1384 1673 1431 1696 aut
1447 1668 1474 1695 in
1492 1668 1643 1703 proposito.

851 1717 898 1741 aut
911 1713 939 1740 in
957 1713 1082 1744 scientia,
1099 1717 1147 1741 aut
1163 1714 1190 1740 in
1210 1713 1308 1741 studiis
1321 1719 1435 1741 caeteros
1448 1713 1597 1747 praecellit;
1615 1717 1643 1740 et

852 1766 900 1793 pro
911 1758 953 1785 bis
963 1757 1079 1793 singulis
1090 1758 1240 1785 secundum
1252 1765 1332 1785 suum
1350 1757 1450 1790 cuique
1467 1756 1595 1784 meritum
1607 1756 1643 1783 ad

852 1806 1005 1842 generalem
1021 1805 1193 1833 dilectionem
1208 1805 1363 1833 addendum
1381 1809 1425 1832 est
1438 1803 1520 1832 etiam
1538 1803 1642 1838 specia-

852 1852 886 1880 lis
902 1852 1003 1887 aliquid
1021 1851 1174 1879 charitatis.

888 1897 988 1926 Verum
1014 1902 1044 1925 ut
1065 1897 1154 1934 major
1169 1898 1204 1925 de
1216 1897 1259 1925 bis
1282 1897 1414 1925 habeatur
1433 1896 1592 1928 auctoritas,
1607 1895 1644 1924 ab

852 1943 912 1978 ipso
927 1943 982 1970 Deo
997 1944 1139 1978 capiamus
1154 1942 1320 1977 exemplum.
1335 1943 1394 1978 Ipse
1406 1944 1479 1970 enim
1494 1948 1569 1970 autat
1583 1950 1644 1969 om.

852 1990 896 2016 nia
911 1997 972 2024 quae
993 1994 1058 2016 sunt
1073 1989 1225 2024 aequaliter,
1246 1993 1276 2016 ut
1288 1989 1356 2016 nihil
1370 1989 1457 2016 oderit
1473 1995 1567 2015 eorum
1582 1995 1643 2022 quau

852 2035 916 2063 fecit
934 2045 940 2062 ε
958 2043 1046 2070 neque
1058 2036 1131 2062 enim
1144 2034 1209 2062 fecit
1224 2035 1325 2070 aliquid
1342 2035 1414 2070 quod
1426 2035 1490 2062 odio
1506 2034 1617 2061 haberet
1634 2043 1641 2061 :

852 2089 906 2108 non
932 2086 1022 2108 tamen
1048 2081 1083 2108 ob
1106 2081 1159 2109 hoc
1183 2081 1309 2109 similiter
1334 2080 1432 2108 dilexit
1455 2079 1597 2116 Egyptios
1614 2084 1644 2107 ut

852 2126 988 2158 llebrrcos,
1011 2129 1038 2154 et
1053 2125 1224 2154 Pharaonem
1245 2130 1275 2153 ut
1289 2125 1400 2160 Moysen
1417 2129 1445 2152 et
1464 2125 1566 2164 Aaron.
1588 2125 1645 2153 Nec

851 2180 948 2200 rursus
962 2173 1082 2208 reliquos
1095 2172 1165 2200 ﬁlios
1179 2173 1263 2200 Israel
1278 2172 1404 2200 similiter
1419 2171 1513 2199 dilexit
1527 2176 1558 2198 ut
1568 2170 1643 2206 Moy—

851 2224 945 2252 sen,et
958 2219 1061 2251 Aaron,
1078 2223 1105 2246 ct
1117 2218 1245 2252 Mariam;
1266 2225 1315 2245 nec
1329 2218 1426 2245 iterum
1442 2217 1533 2244 Aaron
1547 2221 1575 2244 et
1587 2216 1644 2244 lla-

853 2265 920 2292 riam
940 2265 1064 2292 similiter
1082 2265 1177 2292 dilexit
1200 2269 1231 2292 ut
1253 2264 1374 2296 Moysen,
1397 2263 1522 2298 quamvis
1549 2271 1642 2290 verum

851 2310 887 2337 sit
901 2314 930 2336 ut
947 2310 1049 2337 dicitur
1063 2310 1097 2337 ad
1110 2317 1173 2336 eum
1191 2319 1197 2336 :
1216 2308 1312 2336 Parcis
1328 2313 1416 2336 autem
1436 2307 1567 2337 erunibus,
1579 2307 1643 2342 quia

853 2355 939 2381 omnia
958 2359 1003 2381 tua
1021 2360 1093 2388 sunt,
1107 2354 1218 2381 Domine
1229 2358 1333 2380 amator
1347 2353 1506 2380 animarum.
1525 2351 1641 2387 Spiritus

852 2401 921 2427 enim
944 2401 1150 2436 incorruptiom‘s
1172 2405 1211 2427 est
1237 2400 1264 2426 in
1285 2400 1405 2426 omnibus
1424 2399 1465 2432 ‘°;
1485 2405 1575 2426 tamen
1597 2398 1642 2424 ille

852 2447 898 2481 qui
919 2454 1057 2479 mensura,
1074 2451 1100 2474 et
1112 2453 1240 2478 numero,
1253 2449 1280 2472 et
1295 2445 1414 2480 pondere
1426 2444 1563 2479 disposuit
1582 2451 1642 2471 om-

852 2492 910 2525 nia,
927 2491 1077 2519 secundurn
1101 2498 1259 2518 mensuram
1283 2491 1343 2518 sine
1357 2490 1441 2517 dubio
1465 2489 1642 2524 uniuscujuss

851 2546 905 2572 que
920 2538 1079 2565 meritorum
1097 2541 1124 2565 et
1140 2536 1295 2565 dilectionis
1315 2544 1371 2564 suae
1385 2539 1517 2570 temperat
1531 2535 1639 2573 libram.

853 2583 980 2618 Nunquid
1006 2590 1060 2611 non
1083 2583 1242 2619 putabimus
1253 2575 1325 2618 quia
1344 2590 1396 2610 non
1419 2581 1544 2608 similiter
1559 2581 1593 2611 ab
1606 2589 1640 2608 eo

852 2630 967 2657 dilectus
991 2634 1033 2657 est
1053 2629 1166 2664 Paulus,
1183 2637 1244 2658 cum
1263 2632 1470 2664 persequeretur
1490 2627 1640 2654 Ecclesiam

853 2674 899 2703 Dei
918 2675 954 2708 “,
976 2676 1046 2703 sicut
1065 2675 1244 2710 diligebatur,
1268 2675 1332 2702 dum
1358 2675 1415 2709 ipse
1432 2681 1482 2709 pro
1497 2681 1528 2700 ea
1546 2680 1639 2707 persc-

852 2723 976 2751 cutiones
1005 2724 1200 2758 cruciatusque
1222 2723 1375 2755 tolerabat,
1399 2727 1426 2757 et
1455 2722 1565 2750 diccbat
1587 2721 1639 2749 sibi

853 2769 940 2797 inesse
952 2770 1161 2798 sollicitudinem
1175 2769 1296 2797 omnium
1312 2769 1513 2804 Ecclesiarum?
1526 2767 1639 2804 Multum

74 2858 106 2890 μί
119 2861 189 2896 Tllt's-
206 2874 230 2896 γ,
248 2867 288 2895 l5.
317 2868 338 2885 ³³
353 2869 450 2911 Ephcs.
471 2878 495 2903 γ,
512 2870 555 2896 ‘25.
597 2871 616 2885 λε’
639 2871 702 2906 διῳ.
720 2879 756 2903 rx,
775 2870 799 2897 2³

890 2891 896 2902 ,
916 2870 938 2896 l.
978 2870 997 2884 "
1017 2869 1038 2896 ll
1058 2869 1120 2897 Cor.
1138 2877 1175 2896 rx.
